4296 6266
548 386 643 442 671

1768 394 1873 449 ΑΝ.
1917 390 2125 449 MANL.
2166 390 2318 450 SEV.
2359 395 2576 452 BGE‘I‘II

3707 408 3815 464 672

543 504 655 557 dia.
686 503 741 562 Si
772 514 949 560 autem
979 504 1138 559 alicui
1170 518 1277 560 non
1308 506 1516 575 inesse,
1551 508 1637 563 cui
1668 509 1883 579 quidem
1917 514 2128 579 oportet
2234 508 2464 578 gendum
2511 524 2846 581 qumcunquc
2896 510 3147 567 omnibus
3193 520 3509 584 sequuntur,
3559 530 3624 572 eo
3669 522 3809 589 quod

545 611 653 651 non
682 597 885 663 inesse,
911 611 1029 665 quae
1055 599 1401 669 consequitur
1422 617 1436 654 :
1459 600 1600 672 quod
1630 618 1759 658 vero
1787 620 1891 658 non
1920 606 2119 675 inesse,

541 705 660 760 qua:
684 704 786 744 non
817 691 1072 759 possibile
1099 701 1183 747 est
1208 693 1284 747 illi
1316 695 1509 751 inesse.
1543 698 1600 755 Si
1628 698 1770 754 enim
1797 700 1997 771 aliquid
2026 701 2125 757 bo-

541 797 657 836 rum
685 782 752 836 sit
782 782 961 851 idem,
996 798 1223 840 necesse
1253 797 1338 843 est
1366 788 1526 843 alicui
1569 806 1672 845 non
1716 790 1917 847 inesse.
1955 792 2119 863 Magis

539 885 717 930 autem
750 875 983 933 fortasse
1021 879 1124 934 erit
1161 882 1270 951 sic,
1313 884 1730 954 unumquodque
1769 901 1956 941 eorum
1998 903 2121 955 quae

539 969 683 1024 dicta
712 979 837 1026 sunt
864 972 1228 1029 manifestum.
1278 976 1397 1031 Sint
1423 978 1564 1032 enim
1596 981 1867 1049 sequentia
1899 981 2118 1051 quidem

536 1077 604 1125 a,
634 1062 686 1116 in
717 1063 909 1132 quibus
936 1063 998 1133 ὁ,
1030 1080 1147 1135 quae
1180 1074 1358 1121 autem
1400 1067 1572 1137 ipsum
1609 1072 1870 1139 sequitur,
1914 1073 1965 1125 in
2001 1072 2121 1142 qui-

538 1152 639 1207 bus
667 1170 727 1219 c,
758 1170 879 1225 quas
907 1164 1085 1212 autem
1117 1173 1221 1213 non
1252 1160 1569 1230 contingunt
1597 1163 1647 1218 ei
1679 1164 1882 1228 inesse,
1920 1166 1971 1218 in
2003 1165 2122 1235 qui-

538 1246 636 1302 bus
667 1250 733 1315 d,
764 1266 977 1307 rursum
1007 1262 1185 1309 autem
1218 1257 1317 1325 ipsi
1349 1274 1378 1311 ε
1407 1274 1527 1327 qua:
1555 1260 1768 1329 quidem
1817 1261 2029 1328 insunt,
2064 1264 2117 1318 in

536 1338 729 1408 quibus
768 1345 808 1412 f,
852 1359 969 1412 quae
1010 1333 1189 1402 autem
1230 1348 1405 1417 ipsum
1447 1351 1712 1420 sequitur,
1754 1354 1808 1407 in
1835 1354 2029 1424 quibus
2054 1373 2116 1427 9,

535 1445 659 1499 qua:
688 1444 863 1490 autem
894 1452 999 1493 non
1030 1439 1348 1510 contingunt
1375 1441 1551 1497 eidem
1584 1430 1792 1512 inesse,
1836 1447 1889 1500 in
1922 1447 2116 1517 quibus

536 1520 592 1576 It.
624 1523 680 1578 Si
708 1540 837 1594 ergo
865 1528 1041 1599 eidem
1070 1532 1271 1601 aliquid
1300 1548 1487 1589 eorum
1528 1551 1648 1605 qua:
1688 1544 1815 1591 sunt
1852 1555 1908 1603 c,
1956 1539 2114 1595 alicui

536 1628 721 1671 eorum
749 1634 867 1688 qum
893 1632 1018 1677 sunt
1045 1625 1096 1694 f,
1123 1639 1345 1682 necesse
1370 1637 1453 1683 est
1480 1645 1510 1681 a
1537 1632 1681 1684 omni
1710 1647 1736 1684 e
1761 1631 1957 1698 inesse,
1990 1648 2137 1689 nam"

536 1705 799 1773 [quidem
830 1713 974 1765 omni
1003 1728 1060 1777 e,
1108 1730 1135 1766 c
1176 1723 1353 1771 autem
1395 1719 1539 1773 omni
1578 1736 1640 1781 a.
1688 1734 1854 1789 quare
1896 1723 2041 1777 omni
2088 1741 2116 1779 ε

535 1794 693 1852 inest.
742 1799 797 1855 Si
842 1812 1019 1857 autem
1060 1822 1087 1857 ε
1116 1815 1172 1860 et
1200 1825 1231 1877 9
1276 1808 1452 1875 idem,
1503 1824 1723 1867 necesse
1762 1822 1843 1868 est
1887 1814 2045 1869 alicui
2088 1832 2117 1870 ε

2232 600 2410 655 nullus
2439 601 2529 654 ﬁat
2555 602 2903 673 syllogismus
2934 618 2998 657 ex
3030 603 3182 672 ipsis,
3212 620 3333 659 nam
3361 614 3674 665 construere
3697 612 3811 679 qui-

2228 690 2349 747 dem
2380 707 2486 749 non
2516 696 2737 749 omnino
2762 704 2879 749 erat
2904 710 2970 750 ex
3000 697 3368 767 sequentibus,
3397 700 3607 769 privare
3633 711 3809 759 autem

2227 801 2334 841 non
2367 787 2627 858 contingit
2661 802 2753 856 per
2784 804 2848 843 ea
2876 804 2998 858 quae
3028 790 3280 847 omnibus
3307 802 3624 862 sequuntur,
3652 810 3812 865 opor-

2228 886 2303 931 tet
2335 877 2459 933 huic
2485 879 2702 948 quidem
2733 880 2919 936 inesse
2939 924 2955 950 ,
2990 882 3065 937 illi
3097 899 3227 939 vero
3258 900 3360 939 non
3394 887 3592 945 inesse.
3638 889 3809 943 Mani-

2226 968 2419 1023 l‘estum
2455 980 2633 1026 autem
2666 972 2918 1041 quoniam
2945 982 2999 1030 et
3028 975 3656 1036 alim.considerationes
3685 998 3807 1052 quae

2182 1112 2190 1121 ,
2227 1061 2524 1116 secundum
2558 1064 2887 1133 electiones,
2934 1065 3149 1121 inutiles
3191 1068 3256 1121 ad
3298 1070 3591 1125 faciendum
3633 1074 3802 1142 syllo-

2228 1154 2481 1224 gismum.
2514 1156 2582 1212 Ut
2608 1160 2652 1210 si
2683 1159 2962 1228 sequentia
2987 1168 3271 1230 utrumque
3295 1161 3480 1216 eadem
3521 1162 3661 1231 sint,
3707 1173 3801 1220 aut

2223 1263 2341 1317 qua:
2371 1249 2612 1319 sequitur
2637 1267 2704 1318 α,
2739 1259 2790 1305 et
2822 1267 2942 1319 qua:
2973 1267 3076 1306 non
3116 1253 3380 1325 contingit
3406 1271 3433 1308 e
3463 1256 3671 1321 inesse,
3704 1265 3798 1312 aut

2222 1353 2437 1393 rursum
2468 1336 2809 1412 quaecunque
2840 1356 2945 1396 non
2972 1344 3227 1411 possibile
3251 1355 3334 1400 est
3360 1346 3570 1417 utrique
3596 1346 3792 1412 inesse,

2222 1444 2327 1484 non
2359 1430 2502 1485 enim
2531 1433 2590 1485 tit
2618 1431 2964 1506 syllogismus
2998 1449 3094 1502 per
3123 1434 3256 1489 haec.
3292 1435 3420 1489 Nam
3447 1437 3493 1491 si
3524 1438 3794 1506 sequentia

2220 1530 2346 1575 sunt
2379 1522 2563 1577 eadem
2589 1564 2603 1586 ,
2635 1504 2744 1578 ut.b
2770 1532 2823 1578 et
2855 1528 2911 1594 ι’,
2940 1524 3119 1580 media
3151 1527 3209 1580 ﬁt
3237 1526 3405 1595 ﬁgura
3436 1504 3799 1596 praedicativas

2226 1614 2432 1669 habens
2458 1624 2715 1685 utrasque
2747 1616 3162 1687 propositiones.
3193 1619 3248 1674 Si
3279 1629 3456 1676 autem
3483 1636 3543 1676 ea
3570 1638 3686 1692 quae
3714 1636 3796 1678 se-

2223 1708 2403 1777 quitur
2432 1724 2464 1761 a
2487 1748 2501 1773 ,
2534 1718 2588 1763 et
2617 1725 2735 1780 quas
2765 1725 2872 1765 non
2901 1713 3161 1782 contingit
3186 1729 3240 1780 e,
3273 1724 3331 1768 ut
3358 1731 3420 1783 c,
3452 1715 3596 1778 eth,
3629 1718 3799 1784 prima

2221 1802 2324 1856 erit
2352 1802 2519 1872 ﬁgura
2552 1803 2870 1871 privativam
2898 1804 3101 1860 habens
3132 1806 3553 1874 propositionem
3585 1809 3652 1861 ad
3697 1810 3798 1862 mia

535 1888 714 1945 inesse
740 1908 771 1945 a
789 1934 802 1957 ,
834 1910 954 1950 nam
985 1896 1035 1950 id
1064 1899 1206 1965 quod
1234 1908 1317 1954 est
1340 1917 1367 1955 ε
1392 1918 1452 1967 a,
1485 1902 1535 1957 id
1564 1919 1695 1959 vero
1720 1906 1860 1974 quod
1890 1916 1972 1962 εει
1999 1928 2032 1981 g
2061 1927 2106 1977 ε,
2144 1882 2193 1944 Β
2220 1912 2409 1954 norem
2439 1898 2853 1954 extremitatem.
2882 1898 2938 1954 Si
2968 1909 3144 1954 autem
3174 1913 3506 1969 quaecunque
3532 1913 3636 1953 non
3665 1902 3796 1954 con-

535 1997 694 2039 omne
721 1985 769 2038 ei
801 1986 1058 2054 sequitur.
1090 1988 1148 2043 Si
1177 1999 1354 2046 autem
1387 1993 1487 2060 fet
1518 1994 1553 2047 d
1584 1994 1692 2049 sint
1722 1995 1895 2064 idem,
1927 2000 2058 2054 nulli
2087 2016 2114 2054 e

534 2074 695 2130 inerit
740 2092 805 2130 ex
860 2081 1075 2148 proprio
1118 2081 1461 2152 syllogismo,
1506 2089 1755 2158 quoniam
1794 2090 1935 2144 enim
1983 2107 2114 2147 con-

534 2166 761 2223 vertitur
788 2171 1084 2240 privativa,
1127 2181 1183 2228 et
1216 2175 1244 2243 Γ
1277 2175 1325 2230 ei
1362 2178 1503 2245 quod
1534 2188 1617 2234 est
1652 2180 1687 2232 ά
1720 2179 1892 2247 idem,
1926 2182 2059 2238 nulli
2089 2185 2120 2253 f

533 2258 696 2315 luerit
730 2279 793 2331 a,
838 2266 1066 2333 [autem
1106 2266 1253 2321 omni
1290 2284 1336 2323 ε.
1381 2267 1586 2325 Rursus
1624 2272 1669 2326 si
1706 2272 1734 2324 ὁ
1773 2282 1827 2329 et
1863 2274 1895 2326 Ιι
1934 2262 2133 2341 ἰιιεω,’

533 2354 663 2408 nulli
693 2372 720 2409 ε
752 2356 911 2411 inerit
936 2375 998 2424 a,
1034 2373 1154 2414 nam
1185 2359 1214 2412 b
1242 2376 1274 2412 a
1302 2360 1515 2431 quidem
1544 2362 1720 2431 omni,
1760 2366 1809 2420 ei
1849 2375 2028 2422 autem
2056 2369 2109 2423 in

533 2459 639 2513 quo
668 2462 696 2500 e
727 2447 855 2501 nulli
886 2448 1063 2504 inerit.
1095 2449 1240 2506 Idem
1271 2452 1415 2507 enim
1446 2462 1563 2509 erat
1588 2455 1637 2510 ei
1668 2457 1809 2524 quod
1837 2468 1919 2514 est
1949 2461 2010 2525 Ιι,
2043 2460 2111 2526 b;

534 2535 565 2587 lt
597 2544 777 2592 autem
807 2540 934 2594 nulli
964 2558 992 2594 e
1019 2542 1212 2598 inerat.
1247 2543 1303 2599 Si
1332 2554 1507 2600 autem
1537 2564 1569 2617 9
1598 2555 1652 2601 et
1680 2550 1714 2601 ά
1742 2548 1912 2617 idem,
1946 2568 1977 2603 a
2005 2552 2108 2605 ali-

537 2628 622 2681 cui
654 2646 681 2680 e
708 2632 815 2684 non
849 2632 1038 2699 inerit,
1074 2648 1195 2687 nam
1226 2636 1275 2689 ei
1306 2636 1446 2705 quod
1488 2646 1571 2692 est
1613 2656 1645 2709 9
1688 2655 1791 2695 non
1835 2643 1997 2697 inerit
2039 2660 2107 2710 a,

534 2722 783 2792 quoniam
817 2738 987 2793 neque
1015 2727 1049 2778 (Ι
1070 2767 1084 2790 ,
1117 2743 1149 2797 9
1171 2736 1347 2783 autem
1377 2730 1476 2785 sub
1503 2749 1530 2786 e
1557 2741 1671 2799 est,
1708 2749 1873 2804 quare
1901 2738 2057 2792 alicui
2084 2755 2111 2792 ε

534 2830 640 2869 ηοη
668 2816 848 2873 inerit.
880 2818 937 2873 Si
963 2826 1137 2875 autem
1164 2839 1197 2892 9
1222 2831 1277 2877 et
1303 2824 1331 2875 b
1356 2823 1495 2879 idem
1517 2865 1531 2890 ,
1557 2840 1848 2883 conversus
1874 2832 1979 2885 erit
2003 2832 2112 2902 syl-

534 2904 825 2975 logismus,
858 2922 978 2963 nam
1007 2929 1037 2981 9
1065 2912 1225 2967 inerit
1252 2913 1395 2968 omni
1424 2931 1489 2980 α,
1522 2931 1644 2971 nam
1686 2919 1714 2971 ὁ
1762 2921 1810 2974 ei
1854 2922 1995 2991 quod
2028 2931 2111 2987 est

535 3013 596 3060 α,
630 3012 657 3050 e
686 3008 862 3054 autem
894 3000 943 3056 ci
975 3002 1114 3073 quod
1144 3012 1229 3059 est
1268 3005 1331 3073 li,
1376 3006 1517 3062 idem
1561 3010 1705 3064 enim
1749 3019 1864 3065 erat
1891 3012 1940 3066 ei
1968 3012 2109 3082 quod

534 3098 617 3145 est
644 3108 707 3160 g,
740 3108 771 3145 α
796 3101 973 3150 autem
1005 3096 1054 3149 ei
1082 3096 1224 3166 quod
1255 3106 1335 3153 est
1366 3114 1426 3166 e,
1459 3100 1602 3155 omni
1634 3101 1851 3171 quidem
1884 3118 1988 3158 non
2017 3119 2108 3159 ue-

534 3189 825 3244 cessarium
858 3198 943 3247 est
972 3191 1148 3249 inesse
1168 3233 1183 3261 ,
1217 3194 1372 3250 alicui
1402 3205 1580 3252 autem
1615 3196 2012 3267 necessarium,
2045 3215 2111 3256 eo

535 3285 674 3354 quod
705 3296 1051 3344 convertatur
1078 3291 1381 3348 universale
1412 3292 1814 3361 prmdicativum
1855 3298 1905 3347 in
1939 3295 2107 3364 parti-

536 3377 735 3430 eulare.
761 3377 1094 3435 Manifestum
1118 3396 1246 3452 ergo
1272 3384 1520 3454 quoniam
1542 3384 1609 3440 ad
1632 3385 1883 3454 praedicta
1907 3387 2115 3456 perspi-

537 3469 784 3523 ciendum
814 3473 1065 3542 utrinque
1093 3475 1146 3528 in
1173 3490 1489 3547 unaquaque
1519 3479 1845 3548 quaaStione,
1879 3495 1972 3548 per
2000 3480 2112 3536 bazc

442 3583 447 3587 ί
538 3562 679 3619 enim
725 3578 911 3620 omnes
951 3556 1265 3636 syllogiSmi.
1309 3569 1531 3638 Oportet
1570 3582 1748 3627 autem
1793 3582 1847 3627 et
1885 3588 2113 3643 sequen-

539 3654 672 3707 tium
690 3694 705 3719 ,
735 3663 790 3709 et
815 3654 1007 3725 quibus
1033 3657 1273 3739 sequitur
1297 3660 1562 3731 singulum
1584 3703 1597 3727 ,
1628 3665 1692 3717 ad
1726 3666 1892 3733 prima
1919 3676 1972 3720 et
1997 3665 2115 3718 uni-

538 3748 766 3802 versalia
798 3749 1030 3804 maxime
1063 3750 1333 3819 inspicere
1355 3794 1368 3819 ,
1402 3763 1459 3809 ut
1488 3771 1514 3808 e
1543 3756 1758 3825 quidem
1795 3760 1960 3829 magis
1989 3758 2055 3813 ad
2083 3758 2113 3811 k

539 3838 741 3909 {quam
773 3839 838 3894 ad
871 3840 1091 3910 {solum
1114 3883 1129 3909 ,
1161 3860 1193 3896 a
1224 3852 1400 3900 autem
1443 3847 1507 3900 ad
1536 3848 1566 3901 k
1593 3864 1620 3900 c
1661 3850 1829 3918 magis
1857 3865 2014 3921 quam
2047 3849 2113 3905 ad

538 3944 565 3980 ο
594 3927 785 3984 solum.
817 3929 872 3986 Si
906 3932 1047 3987 enim
1078 3935 1126 3989 ei
1158 3935 1299 4005 quod
1326 3945 1407 3993 est
1432 3938 1463 3992 lt
1490 3941 1518 4010 f
1542 3941 1680 3997 inest
1708 3934 1773 4006 ά,
1805 3953 1857 3997 et
1882 3943 1931 3998 ei
1970 3941 2112 4013 quod

537 4027 619 4074 est
642 4019 669 4089 Ῑ
691 4020 826 4078 inest
856 4034 910 4080 et
936 4024 1035 4094 ipsi
1060 4043 1087 4080 e
1107 4066 1123 4094 ,
1151 4027 1195 4083 si
1224 4044 1351 4086 vero
1378 4030 1479 4087 hoc
1506 4047 1611 4087 non
1638 4036 1879 4102 sequitur
1904 4053 1968 4102 α,
1996 4050 2117 4105 pos-

535 4113 693 4169 sibile
723 4126 805 4172 est
843 4118 896 4174 id
926 4121 1067 4189 quod
1098 4131 1181 4178 est
1208 4126 1427 4194 fsequi.
1472 4127 1729 4183 Similiter
1759 4140 1934 4185 autem
1966 4140 2020 4186 et
2058 4132 2112 4186 in

534 4206 724 4276 quibus
755 4208 892 4266 idem
922 4215 1181 4283 sequitur,
1214 4216 1664 4273 considerandum
1687 4259 1701 4284 ,
1748 4237 1867 4276 nam
1912 4223 1957 4276 si
1998 4223 2113 4293 pri-

535 4300 664 4364 mis,
695 4306 748 4354 cl
776 4301 840 4357 iis
868 4317 990 4372 qua:
1018 4304 1120 4358 sub
1150 4304 1280 4373 ipsis
1322 4315 1477 4373 sunt,
1524 4310 1802 4379 sequitur;
1848 4315 1892 4367 si
1933 4326 2110 4370 autem

535 4406 637 4445 non
669 4392 780 4459 liis,
813 4402 867 4449 et
894 4393 958 4449 iis
985 4409 1105 4463 qua:
1135 4394 1236 4449 sub
1268 4396 1400 4466 ipsis
1431 4409 1586 4463 sunt,
1621 4402 1889 4469 possibile.
1928 4403 2108 4461 Palam

533 4494 709 4542 autem
743 4485 993 4557 quoniam
1025 4502 1122 4558 per
1152 4494 1265 4543 tres
1296 4489 1557 4544 terminos
1600 4500 1669 4547 et-
1694 4493 1826 4548 duas
1866 4499 2111 4566 proposi-

536 4579 706 4632 tiones
732 4580 1121 4650 consideratio,
1155 4593 1208 4639 et
1245 4597 1343 4651 per
1385 4584 1669 4653 praedictas
1710 4586 1906 4658 ﬁguras
1946 4591 2112 4663 syllo-

531 4668 683 4739 gismi
712 4686 918 4739 omnes,
947 4682 1278 4730 monstratur
1304 4677 1445 4732 enim
1474 4678 1618 4733 omni
1648 4677 1860 4749 quidem
1880 4700 1907 4737 e
1934 4682 2111 4741 inesse

531 4778 562 4813 a
583 4802 596 4826 ,
628 4762 842 4830 quando
870 4779 1053 4820 eorum
1086 4784 1205 4836 qua:
1233 4779 1359 4824 sunt
1389 4785 1414 4822 c
1445 4771 1475 4840 f
1498 4770 1673 4838 idem,
1719 4772 1971 4842 quiddam
2021 4790 2113 4831 su-

530 4850 710 4921 mitur,
743 4855 842 4909 hoc
870 4866 1045 4911 autem
1079 4859 1179 4914 erit
1210 4860 1476 4928 medium,
1521 4864 1893 4921 extremitates
1930 4876 2110 4924 autem

531 4962 562 4999 a
591 4957 645 5001 et
673 4962 730 5013 e,
762 4947 818 5001 ﬁt
844 4950 983 5003 enim
1012 4951 1182 5020 prima
1214 4951 1400 5021 ﬁgura.
1450 4952 1623 5008 Alicui
1666 4965 1845 5010 autem
1894 4959 2111 5027 quando

448 5034 451 5035 ⁷
530 5053 557 5095 c
583 5048 637 5092 et
665 5056 697 5109 9
723 5040 952 5095 sumitur
992 5039 1130 5094 idem
1155 5082 1169 5108 ,
1217 5041 1317 5096 hoc
1365 5052 1542 5098 autem
1588 5056 1860 5114 postrema
1904 5048 2105 5117 ﬁgura,

530 5131 764 5187 medium
794 5134 936 5188 enim
970 5132 1030 5188 ﬁt
1059 5154 1110 5203 9.
1145 5134 1285 5189 Nulli
1318 5150 1442 5191 vero
1485 5119 1698 5207 quando
1730 5140 1765 5193 d
1792 5149 1847 5195 et
1874 5140 2107 5210 fidem;

528 5221 605 5277 sic
631 5234 806 5280 autem
836 5235 889 5281 et
914 5228 1089 5296 prima
1118 5226 1317 5298 ﬁgura,
1344 5237 1397 5283 et
1425 5230 1628 5285 media:
1660 5232 1830 5302 prima
1861 5233 2107 5304 quidem,

531 5319 781 5384 quoniam
812 5320 947 5379 nulli
983 5322 1010 5391 ί
1033 5322 1170 5376 inest
1207 5337 1273 5389 a,
1319 5321 1584 5391 siquidem
1630 5326 1959 5382 convertitur
2001 5329 2109 5397 pri-

530 5412 702 5466 vativa
722 5455 737 5479 ,
770 5415 998 5485 [autem
1027 5416 1173 5470 omni
1204 5432 1247 5470 e.
1294 5416 1464 5472 Media
1511 5428 1688 5473 autem
1734 5421 1983 5489 quoniam
2014 5423 2049 5475 ά
2075 5441 2106 5477 a

529 5504 742 5570 quidem
775 5506 943 5572 nulli,
969 5523 996 5561 ε
1023 5518 1199 5564 autem
1231 5509 1373 5564 omni
1408 5508 1563 5566 inest.
1595 5511 1767 5567 Alicui
1794 5523 1970 5569 autem
1998 5531 2104 5572 non

530 5593 706 5648 inesse
726 5637 740 5662 ,
773 5596 991 5666 quando
1017 5598 1051 5651 ά
1081 5608 1134 5654 et
1161 5618 1193 5669 9
1220 5599 1361 5655 idem
1394 5600 1554 5657 fuerit
1575 5644 1591 5669 ,
1623 5601 1737 5657 bace
1763 5614 1940 5662 autem
1976 5622 2101 5676 pos-

532 5695 704 5741 trema
734 5688 897 5758 ﬁgura
920 5731 936 5757 ,
970 5707 1093 5746 nam
1122 5709 1153 5746 a
1184 5694 1399 5765 quidem
1427 5697 1557 5750 nuf-li
1588 5714 1620 5767 9
1665 5698 1859 5764 inerit,
1907 5717 1933 5755 ε
1980 5715 2107 5755 vero

529 5784 675 5837 omni
706 5801 771 5852 9;
806 5789 1142 5845 manifestum
1172 5793 1331 5862 igitur
1354 5804 1437 5850 est
1474 5797 1724 5865 quoniam
1771 5813 1864 5866 per
1912 5799 2106 5869 praedi-

510 5898 646 5961 νεωι
672 5886 875 5959 ﬁguras
902 5903 1090 5951 clunes
1116 5894 1433 5964 syllogismi.
1464 5898 1533 5955 Et
1559 5901 1808 5969 quoniam
1852 5916 1958 5965 non
2002 5905 2105 5963 eli-

2137 4617 2190 4679 D

2224 1990 2433 2059 tingunt
2463 1990 2711 2059 utrique,
2745 2002 2801 2044 ut
2830 1994 2864 2043 ά
2893 1999 2949 2045 et
2973 1991 3005 2042 Ιι
3026 2030 3042 2056 ,
3075 1990 3349 2059 privativa:
3390 1998 3630 2059 utraque
3673 2006 3793 2061 pro-

2218 2084 2513 2151 positiones
2546 2094 2708 2139 erunt
2739 2085 2820 2137 vel
2852 2084 2905 2138 in
2938 2084 3106 2153 prima
3139 2084 3303 2153 ﬁgura
3325 2124 3340 2150 ,
3367 2082 3541 2138 vel'in
3583 2083 3792 2150 media,
3858 2108 3861 2109 ν

2215 2176 2293 2230 sic
2322 2184 2500 2232 autem
2529 2178 2675 2231 nullo
2702 2175 2861 2230 modo
2883 2176 2987 2230 erit
3017 2176 3376 2246 syllogismus.
3407 2174 3586 2228 Palam
3617 2183 3794 2229 autem

2214 2278 2267 2323 et
2299 2283 2419 2338 quae
2447 2267 2635 2323 eadem
2660 2307 2673 2331 ,
2704 2266 3021 2322 sumendum
3064 2267 3356 2321 secundum
3397 2266 3794 2321 consideratio-

2214 2372 2370 2422 nem,
2406 2366 2459 2413 et
2514 2370 2621 2411 non
2654 2372 2771 2425 quae
2815 2356 3028 2411 diversa
3089 2356 3171 2411 vel
3213 2357 3519 2424 contraria,
3560 2356 3787 2425 primum

2212 2448 2425 2515 quidem
2459 2447 2714 2517 quoniam
2760 2446 2929 2501 medii
2972 2448 3177 2516 gratia,
3219 2447 3509 2516 inspectio,
3550 2447 3787 2503 medium

2212 2550 2389 2594 autem
2442 2555 2548 2594 non
2598 2540 2907 2607 diversum,
2958 2540 3053 2595 sed
3104 2540 3246 2595 idem
3286 2548 3503 2610 oportet
3543 2554 3782 2597 sumere.

2217 2633 2421 2688 Deinde
2451 2644 2505 2687 et
2536 2634 2590 2687 in
2622 2633 2816 2704 quibus
2847 2634 3044 2689 accidit
3086 2636 3202 2690 ﬁeri
3243 2635 3607 2705 syllogismum
3649 2634 3791 2705 quod

2214 2734 2495 2780 sumantur
2521 2727 2789 2781 contraria
2812 2766 2828 2794 ,
2856 2736 2949 2782 aut
2977 2742 3083 2782 non
3112 2728 3476 2798 contingentia
3506 2728 3679 2784 eidem
3714 2730 3791 2784 in-

2216 2833 2372 2887 esse,
2408 2821 2459 2873 in
2494 2819 2779 2888 praedictos
2808 2821 2987 2874 omnia
3027 2819 3356 2875 reducuntur
3395 2821 3605 2877 modos.
3654 2820 3721 2877 Ut
3747 2821 3792 2876 si

2216 2910 2244 2962 b
2274 2920 2327 2965 et
2356 2911 2384 2980 f
2406 2911 2512 2963 siut
2539 2912 2808 2966 contraria
2830 2952 2844 2977 ,
2870 2919 2964 2965 aut
2991 2926 3097 2966 non
3145 2912 3457 2982 contingant
3496 2912 3671 2968 eidem
3712 2914 3792 2968 in-

2215 3015 2366 3068 esse,
2401 3002 2505 3055 erit
2534 3003 2674 3056 enim
2709 3004 2791 3056 ltis
2841 3004 3073 3073 sumptis
3120 3003 3496 3074 syllogismus,
3544 3004 3791 3075 quoniam

2216 3092 2345 3147 nulli
2373 3110 2399 3148 e
2428 3094 2566 3148 inest
2595 3110 2625 3147 a
2648 3136 2663 3160 ,
2692 3093 2785 3149 sed
2818 3108 2923 3149 non
2968 3110 3033 3149 ex
3076 3094 3243 3165 ipsis,
3288 3096 3381 3152 sed
3428 3112 3494 3151 ex
3539 3098 3794 3165 praedicto

2216 3182 2375 3238 modo
2398 3224 2411 3248 ,
2446 3198 2568 3238 nam
2598 3185 2627 3236 b
2656 3194 2692 3239 a'
2718 3184 2933 3254 quidem
2966 3186 3111 3239 omni
3135 3227 3151 3252 ,
3183 3202 3210 3239 e
3236 3195 3415 3241 autem
3443 3187 3573 3242 nulli
3599 3188 3789 3256 inerit,

2214 3291 2384 3346 quare
2417 3292 2640 3333 necesse
2686 3286 2767 3333 est
2813 3278 2840 3330 b
2882 3278 3023 3333 idem
3072 3292 3194 3333 esse
3238 3279 3394 3341 alicui
3445 3295 3629 3335 eorum
3674 3296 3793 3350 quae

2214 3379 2340 3423 sunt
2367 3368 2423 3422 h.
2459 3368 2691 3424 Rursum
2723 3366 2768 3421 si
2797 3369 2825 3420 b
2853 3379 2907 3424 et
2935 3386 2967 3439 9
2997 3383 3103 3424 non
3136 3371 3349 3439 possint
3376 3370 3548 3425 eidem
3579 3370 3785 3435 adesse,

2217 3462 2319 3516 erit
2374 3460 2626 3530 quoniam
2685 3460 2847 3515 alicui
2889 3478 2916 3515 e
2959 3477 3066 3516 non
3116 3464 3274 3518 inerit
3321 3478 3393 3530 α,
3441 3474 3564 3516 nam
3609 3471 3663 3518 et
3710 3461 3788 3517 sic

2218 3552 2392 3608 media
2420 3552 2523 3606 erit
2553 3551 2754 3627 ﬁgura,
2802 3567 2927 3607 nam
2971 3554 3000 3606 ὁ
3040 3572 3071 3608 a
3114 3554 3323 3624 quidem
3367 3555 3547 3619 omni,
3589 3574 3621 3626 9
3658 3560 3789 3611 vero

2216 3644 2346 3698 nulli
2380 3644 2575 3711 inerit,
2609 3660 2778 3714 quare
2825 3660 3050 3701 necesse
3088 3654 3171 3701 est
3212 3666 3243 3718 9
3288 3646 3426 3702 idem
3467 3662 3589 3703 esse
3629 3647 3789 3702 alicui

2216 3750 2402 3791 eorum
2429 3752 2547 3806 qua:
2570 3746 2693 3793 sunt
2718 3738 2773 3805 ά,
2804 3753 2927 3793 nam
2954 3754 3056 3794 nou
3087 3739 3393 3811 contingere
3422 3760 3453 3813 9
3478 3751 3531 3796 et
3562 3744 3589 3796 b
3614 3742 3786 3798 eidem

2218 3828 2396 3884 inesse
2429 3827 2560 3883 nihil
2589 3829 2803 3893 diﬁ‘ert,
2832 3839 2924 3885 aut
2954 3849 2984 3901 9
3014 3830 3172 3886 alicui
3202 3833 3234 3885 ά
3264 3831 3590 3902 idem‘esse,
3611 3835 3787 3889 omnia

2222 3920 2368 3974 enim
2401 3932 2609 3992 sumpta
2642 3934 2766 3978 sunt
2798 3924 2848 3978 in
2878 3924 2912 3975 ά
2935 3966 2951 3991 ,
2983 3940 3101 3995 quas
3143 3940 3249 3981 non
3287 3927 3606 3997 contingunt
3644 3946 3673 3981 a
3712 3930 3791 3983 in-

2216 4026 2358 4068 esse.
2392 4012 2726 4068 Manifestum
2757 4029 2886 4086 ergo
2912 4017 3165 4085 quoniam
3201 4032 3265 4072 ex
3301 4018 3418 4073 istis
3457 4018 3671 4088 quidem
3716 4020 3795 4073 in-

2216 4105 2577 4175 spectionibus
2602 4107 2778 4162 nullus
2806 4106 2865 4162 ﬁt
2893 4108 3353 4180 syllogismus,“
3392 4112 3436 4164 si
3467 4112 3495 4164 ὁ
3526 4120 3583 4166 et
3622 4112 3651 4181 f
3686 4113 3793 4191 sint

2218 4200 2482 4254 contraria
2502 4240 2517 4266 ,
2546 4201 2687 4255 idem
2708 4216 2829 4258 esse
2856 4204 2883 4257 b
2908 4203 3061 4259 alicui
3087 4204 3120 4257 h
3139 4247 3153 4272 ,
3183 4213 3237 4261 et
3261 4205 3623 4275 syllogismum
3651 4218 3788 4258 sem-

2221 4305 2317 4356 per
2362 4290 2477 4343 ﬁeri
2529 4305 2625 4359 per
2670 4290 2807 4347 hare.
2854 4294 3057 4371 Accidit
3097 4309 3224 4363 ergo
3270 4293 3346 4349 sic
3388 4293 3787 4362 inspicientibus

2216 4381 2562 4437 considerare
2590 4384 2731 4439 viam
2758 4386 2914 4441 aliam
2941 4387 3295 4443 necessariam
3316 4432 3330 4457 ,
3363 4402 3428 4443 eo
3453 4388 3597 4458 quod
3622 4403 3787 4459 quan-

2215 4472 2389 4543 doque
2420 4473 2551 4529 latet
2579 4475 2832 4532 identitas
2865 4478 3051 4534 borum
3079 4495 3196 4549 quze
3226 4488 3351 4535 sunt
3381 4481 3409 4533 b
3436 4489 3493 4536 et
3521 4481 3575 4533 It.

2777 4608 3003 4666 CAPUT
3051 4610 3219 4667 XXX.

2216 4695 2295 4753 De
2332 4698 2639 4770 syllogismis
2691 4704 2974 4775 asset-trariis
3004 4704 3091 4775 fad
3129 4704 3473 4773 impossibile,
3504 4715 3550 4760 et
3588 4705 3792 4775 reliquis

2772 4774 2857 4841 qui
2892 4789 2954 4827 ea:
2989 4774 3280 4845 hypothesi.

2286 4884 2489 4941 Eodem
2518 4896 2695 4943 autem
2723 4887 2883 4943 modo
2910 4890 3199 4946 sebabeut
3226 4900 3282 4946 et
3309 4893 3399 4963 qui
3439 4890 3504 4947 ad
3546 4892 3790 4963 impossi-

2214 4976 2319 5033 bile
2362 4979 2639 5036 deducunt
2680 4980 3007 5053 syllogismi,
3055 4984 3380 5051 ostensivis,
3428 5000 3550 5040 nam
3594 4993 3649 5039 et
3690 4984 3791 5049 ipsi

2219 5070 2353 5125 ﬁunt
2407 5086 2503 5139 per
2548 5087 2610 5127 ea
2664 5088 2783 5142 quae
2838 5081 3158 5144 sequuntur,
3206 5085 3261 5130 et
3307 5076 3499 5146 quibus
3551 5076 3793 5147 sequitur

2220 5170 2521 5231 utrumque.
2558 5162 2623 5216 Et
2650 5166 2837 5220 eadem
2867 5164 3226 5221 consideratio
3265 5165 3318 5219 in
3356 5166 3624 5236 utrisque,
3668 5181 3791 5221 nam

2215 5255 2357 5325 quod
2404 5262 2730 5321 monstratur
2768 5257 3075 5325 ostensive,
3109 5268 3164 5312 et
3204 5270 3297 5325 per
3338 5257 3669 5326 impossibile
3709 5266 3791 5311 est

2214 5348 2569 5421 syllogizare,
2603 5357 2654 5405 et
2687 5364 2778 5417 per
2820 5349 3037 5405 eosdem
3084 5349 3339 5404 terminos
3362 5388 3377 5414 ,
3421 5357 3476 5403 et
3514 5347 3655 5418 quod
3696 5360 3793 5417 per

2217 5442 2550 5511 impossibile
2578 5450 2633 5496 et
2660 5441 2954 5498 oslensive.
2988 5441 3056 5498 Ut
3084 5442 3333 5512 quoniam
3360 5457 3393 5494 α
3421 5439 3549 5494 nulli
3578 5456 3604 5493 ε
3627 5440 3791 5508 inest,

2215 5545 2445 5607 ponatur
2472 5537 2615 5591 enim
2646 5534 2803 5590 alicui
2830 5536 3042 5603 inesse,
3073 5534 3476 5605 ergoquoniam
3503 5534 3531 5585 b
3558 5532 3701 5587 omni
3728 5548 3789 5598 a,

2214 5646 2244 5683 a
2272 5636 2448 5684 autem
2478 5628 2639 5684 alicui
2668 5645 2694 5682 e
2718 5672 2731 5696 ,
2765 5638 2819 5684 et
2851 5629 2879 5681 b
2909 5628 3071 5683 alicui
3102 5645 3129 5682 ε
3158 5627 3353 5696 inerit,
3385 5627 3479 5683 sed
3510 5626 3637 5681 nulli
3680 5624 3793 5679 ine-

2214 5732 2315 5778 rat.
2350 5723 2582 5777 Rursum
2614 5723 2866 5792 quoniam
2896 5719 3056 5776 alicui
3088 5738 3115 5774 c
3145 5722 3283 5777 inest
3311 5737 3378 5786 α,
3409 5720 3451 5775 si
3484 5723 3626 5775 enim
3659 5717 3799 5781 nulli

2213 5834 2240 5871 e
2262 5817 2398 5871 inest
2420 5834 2485 5882 a,
2511 5832 2538 5869 ε
2565 5825 2738 5870 autem
2766 5817 2910 5871 omni
2940 5833 2971 5887 9
2992 5858 3007 5882 ,
3035 5814 3161 5870 nulli
3189 5834 3221 5887 9
3250 5816 3410 5871 inerit
3433 5832 3494 5879 a,
3524 5813 3617 5868 sed
3646 5809 3789 5865 omni

2214 5909 2407 5967 inerat.
2437 5908 2700 5965 Similiter
2728 5915 2907 5967 autem
2935 5915 3023 5969 est
3051 5907 3107 5967 in
3134 5906 3254 5966 aliis
3282 5906 3569 5985 propositis
3590 5947 3605 5977 ,
3646 5916 3788 5962 scm-
