4296 6266
428 312 534 367 675
1061 296 1363 358 PRIORUM
1401 289 1939 354 ANALYTICORUM
1977 285 2431 344 ARISTOTELIS
2470 276 3045 351 INTERPRETXTIO.
3586 294 3691 353 674

429 443 527 501 per
556 429 700 485 enim
730 425 836 484 erit
864 425 919 481 in
949 422 1198 479 omnibus
1228 435 1322 491 per
1364 415 1700 486 impossibile
1728 410 2001 475 ostensio.
2030 410 2089 483 Δ
2213 405 2357 501 circa
2386 406 2807 501 philosophiam,
2868 417 2924 464 et
2975 408 3116 465 circa
3167 416 3348 466 autem
3404 412 3698 480 quamlibet

429 498 497 581 ex
527 520 881 592 sequentibus
904 560 919 584 ,
951 528 1003 572 et
1032 516 1225 586 quibus
1252 511 1492 583 sequitur
1524 520 1827 578 utrumque.
1859 507 1927 559 Et
1956 506 2009 559 in
2117 498 2477 569 disciplinam.
2512 500 2737 570 Oportet
2762 502 2906 557 enim
2938 518 3055 572 qua:
3086 504 3287 568 insunt,
3313 513 3366 559 et
3386 505 3578 575 quibus
3617 508 3696 559 in~

434 632 541 671 uno
571 628 785 685 quoque
815 611 1119 682 praposito,
1150 606 1336 664 eadem
1364 602 1720 661 consideratio
1749 610 1805 657 et
1832 609 2013 656 osten-
2115 604 2239 685 sunt
2274 594 2418 685 circa
2448 594 2882 685 unumquodque
2907 596 3183 668 colligere,
3211 607 3266 652 et
3293 597 3375 651 his
3418 599 3701 668 quamplu-

435 709 552 765 sive
582 681 785 761 volenti
816 681 1133 774 syllogizare
1155 741 1170 766 ,
1214 710 1269 755 et
1306 698 1371 753 ad
1414 695 1741 767 impossibile
1781 694 2007 760 ducere,
2115 682 2267 740 rimis
2287 681 2655 749 abundare,et
2677 682 2778 739 hoc
2800 698 2897 753 per
2921 694 3028 741 tres
3050 686 3307 741 terminos
3329 686 3698 755 considerare,

436 815 561 858 nam
592 783 657 854 ‘ex
689 796 888 851 eisdem
932 792 1176 849 ιετηιίηίε
1217 801 1460 860 una,tu
1500 787 2010 844 demonstrationes,
2118 775 2488 831 destruentem
2519 775 2736 846 quidem
2782 777 2882 841 sic,
2914 788 3313 836 construentetu
3345 796 3470 836 vero
3507 786 3605 848 sic,
3648 789 3703 837 et

438 892 511 949 Ut
536 891 579 946 si
621 898 893 945 ostensum
929 894 1013 941 est
1044 884 1177 939 nulli
1221 899 1248 937 e
1287 883 1465 938 inesse
1492 900 1551 947 a,
1580 881 1831 951 quoniam
1875 880 2017 934 acci-

439 984 518 1040 dit
558 992 611 1038 et
652 982 680 1033 b
722 979 878 1034 alicui
917 995 944 1032 e
991 978 1204 1043 inesse,
1252 974 1393 1046 quod
1440 982 1523 1030 est
1564 972 1913 1043 impossibile.
1959 972 2017 1027 Si

440 1083 706 1144 sumptum
737 1072 805 1125 sit
832 1086 859 1124 e
886 1068 1099 1139 quidem
1132 1067 1265 1122 nulli
1314 1069 1377 1131 b,
1419 1083 1451 1119 a
1487 1074 1664 1120 autem
1695 1065 1839 1119 omni
1875 1065 1904 1117 b
1933 1064 2018 1119 in-

439 1183 584 1234 esse,
618 1164 962 1220 manifestum
994 1172 1083 1218 est
1128 1162 1272 1217 enim
1314 1160 1565 1229 quoniam
1618 1159 1749 1213 nulli
1792 1173 1819 1211 ε
1863 1156 2021 1212 inerit

438 1276 488 1314 α.
539 1259 773 1313 Rursum
825 1257 871 1311 si
920 1258 1191 1310 ostensive
1238 1254 1612 1323 syllogizatum
1659 1254 1799 1307 sita
1845 1252 2021 1307 inesse

439 1357 572 1413 nulli
598 1373 660 1425 e,
689 1354 983 1425 suppositis
1010 1353 1187 1408 inesse
1230 1367 1325 1419 per
1370 1350 1699 1419 impossibile
1746 1356 2018 1403 monstra-

443 1450 588 1505 bitur
618 1447 748 1502 nulli
779 1446 989 1515 ipesse,
1020 1444 1270 1498 similiter
1295 1450 1473 1496 autem
1500 1441 1627 1495 etin
1657 1440 1794 1495 aliis.
1828 1440 1884 1493 In
1909 1453 2023 1493 om-

445 1541 602 1596 nibus
632 1540 777 1594 enim
806 1550 1029 1591 necesse
1058 1545 1141 1590 est
1169 1535 1233 1589 iis
1255 1535 1343 1604 qui
1376 1549 1470 1603 per
1510 1531 1837 1602 impossibile
1876 1546 2023 1587 com-

445 1647 660 1689 munem
687 1632 921 1701 aliquem
947 1644 1162 1685 sumere
1188 1629 1471 1683 terminum
1498 1629 1659 1683 alium
1688 1643 1716 1682 a
1746 1628 2023 1697 subjectis,

448 1726 515 1781 ad
544 1740 702 1794 quem
734 1723 839 1778 erit
870 1721 1138 1778 mendacii
1170 1721 1507 1792 syllogismus
1528 1761 1541 1783 ,
1574 1734 1739 1789 quare
1768 1732 2025 1775 conversa

2120 870 2416 925 secundum
2449 870 2729 927 veritatem
2760 871 2997 941 quidem,
3030 888 3100 927 ex
3148 874 3213 929 iis
3241 891 3357 944 quae
3408 878 3703 934 secundum

2122 961 2403 1018 veritatem
2433 962 2633 1032 scripta
2664 972 2789 1018 sunt
2824 964 3031 1031 inesse,
3079 964 3146 1019 ad
3185 966 3493 1025 dialecticos
3525 981 3702 1026 autem

2122 1056 2491 1126 syllogismos,
2522 1072 2585 1114 ex
2623 1056 3075 1125 prapositionibus
3106 1073 3226 1128 quae
3256 1072 3381 1115 sunt
3411 1066 3704 1121 secundum

2122 1147 2451 1217 opinionem.
2471 1148 2734 1217 Principia
2757 1157 2933 1203 autem
2955 1149 3384 1220 syllogismorum
3403 1154 3707 1211 universali-

2126 1250 2207 1295 ter
2228 1240 2439 1309 quidem
2458 1240 2595 1295 dicta
2614 1251 2756 1307 sunt,
2782 1251 2837 1297 et
2857 1242 3127 1311 quomodo
3150 1258 3208 1299 se
3226 1243 3478 1312 habeant,
3510 1255 3565 1301 et
3582 1263 3707 1318 quo-

2126 1332 2289 1388 modo
2314 1342 2525 1401 oportet
2556 1334 2826 1403 inquirere
2845 1349 2907 1390 ea
2926 1377 2941 1402 ,
2967 1344 3231 1405 quatenus
3254 1352 3359 1394 non
3386 1338 3710 1406 aspiciamus

2127 1424 2193 1479 ad
2216 1423 2393 1479 omnia
2408 1440 2525 1495 quze
2564 1425 2835 1492 dicuntur,
2860 1442 3033 1497 neque
3048 1429 3238 1484 eadem
3259 1439 3633 1487 construentes
3659 1439 3710 1491 et

2128 1516 2487 1583 destruentes,
2524 1532 2698 1587 neque
2726 1526 3105 1575 construentes
3129 1520 3196 1576 de
3226 1521 3371 1577 omni
3400 1532 3494 1578 aut
3520 1522 3587 1579 de
3614 1523 3712 1578 ali-

2130 1624 2257 1679 quo,
2287 1608 2629 1665 destruentes
2659 1611 2726 1665 ab
2752 1610 3003 1666 omnibus
3045 1620 3136 1667 aut
3176 1612 3244 1667 ab
3289 1613 3575 1684 aliquibus,
3619 1614 3714 1675 sed

2132 1702 2201 1758 ad
2251 1704 2500 1773 pauciora
2557 1712 2610 1758 et
2658 1702 3035 1759 determinata.
3085 1686 3391 1760 Secundum
3446 1706 3713 1775 singultim

446 1834 509 1874 ea
542 1817 936 1887 propositione,
970 1817 1136 1869 altera
1168 1824 1345 1869 autem
1378 1815 1633 1870 similiter
1663 1831 1722 1870 se
1754 1815 1986 1870 habente
2011 1854 2026 1879 ,
2058 1787 2142 1851 B‘

2017 1854 2026 1878 '
2058 1787 2110 1851 Β
2136 1805 2315 1853 autem
2341 1812 2529 1852 eorum
2570 1812 2689 1867 quae
2717 1806 2842 1852 sunt
2869 1797 3099 1868 eligere,
3134 1807 3192 1854 ut
3232 1798 3300 1853 de
3320 1798 3463 1855 bono
3489 1811 3579 1855 aut
3608 1800 3713 1856 diss

444 1910 747 1964 ostensivus
792 1908 898 1962 erit
944 1907 1291 1977 syllogismus
1337 1922 1433 1975 per
1481 1907 1698 1963 eosdem
1746 1907 2028 1962 terminos.

451 2000 640 2057 Dili‘ert
682 2008 857 2055 autem
896 1999 1198 2054 ostensivus
1232 1999 1300 2052 ab
1343 2014 1408 2054 eo
1439 1999 1528 2069 qui
1559 1998 1623 2053 ad
1656 1998 1986 2069 impossibile
2011 2037 2028 2065 ,

447 2093 702 2164 quoniam
750 2091 805 2145 in
861 2091 1135 2145 ostensivo
1184 2088 1481 2145 secundum
1529 2091 1807 2145 veritatem
1857 2088 2032 2144 amba

449 2187 849 2257 propositiones
876 2194 1168 2255 ponuntur,
1200 2185 1251 2238 in
1286 2200 1351 2239 eo
1378 2194 1556 2239 autem
1588 2186 1679 2255 qui
1721 2185 1786 2239 ad
1832 2185 2033 2255 impos-

448 2278 633 2342 sibile,
665 2277 798 2331 falsa
826 2291 951 2332 una.
990 2277 1113 2332 Haec
1158 2290 1288 2331 vero
1331 2285 1489 2332 erunt
1533 2278 1703 2348 magis
1749 2278 2031 2332 manifesta

448 2384 545 2440 per
570 2368 850 2439 sequentia
879 2366 1097 2438 quando
1126 2366 1195 2423 de
1222 2367 1816 2436 impossibili-dicemus
1842 2385 1856 2433 ;
1892 2384 2033 2425 nunc

448 2468 624 2515 autem
653 2468 857 2513 tantum
885 2458 1043 2513 nobis
1070 2457 1139 2513 sit
1166 2457 1479 2513 manifestus
1498 2501 1511 2520 ,
1542 2458 1796 2528 quoniam
1819 2459 1886 2513 ad
1916 2457 2033 2515 hate

453 2550 876 2621 perspiciendum
896 2588 912 2616 ,
940 2558 995 2605 et
1032 2551 1308 2605 ostensive
1334 2549 1646 2605 volentibus
1678 2550 1995 2620 syllogizare
2013 2590 2030 2618 ,

453 2652 505 2699 et
534 2643 601 2698 ad
631 2642 960 2713 impossibile
991 2642 1279 2698 deducere.

522 2744 580 2799 In
608 2744 728 2799 aliis
755 2752 934 2799 autem
974 2743 1297 2814 syllogismis
1328 2743 1632 2814 quicunque
1677 2752 1805 2799 sunt
1831 2759 1896 2800 ex
1928 2747 2030 2815 hy-

454 2835 692 2906 pothesi,
726 2842 785 2889 ut
819 2834 1123 2904 quicunque
1163 2835 1457 2891 secundum
1500 2837 2031 2906 transsumptionem,

453 2934 544 2981 aut
569 2925 860 2982 secundum
893 2924 1207 2995 qualitatem
1239 2926 1293 2981 in
1312 2926 1592 2998 subjectis,
1625 2943 1730 2982 non
1758 2928 1812 2982 in
1844 2928 2037 2998 priori-

418 3018 575 3087 bus,
619 3020 713 3077 sed
744 3021 799 3075 in
847 3020 1225 3091 traussumptis
1273 3021 1377 3076 erit
1417 3021 1796 3089 consideratio,
1846 3022 2039 3077 modus

456 3122 631 3169 autem
660 3114 1006 3183 inspectionis
1028 3114 1168 3170 idem
1190 3130 1203 3168 :
1228 3114 1577 3172 considerare
1596 3125 1774 3171 autem
1802 3126 2035 3186 oportet,
2066 3151 2115 3217 ο

460 3211 514 3259 et
538 3203 777 3260 dividere
804 3213 935 3274 quot
963 3205 1136 3261 modis
1166 3217 1290 3261 sunt
1318 3220 1383 3261 ex
1433 3205 1741 3276 hypothesi,
1775 3216 2042 3261 monstra-

463 3300 545 3347 tur
569 3308 698 3363 ergo
728 3296 1141 3364 unumquodque
1170 3296 1564 3365 propositorum
1594 3296 1693 3350 sic.
1724 3295 1819 3349 Est
1861 3306 2040 3352 autem

458 3394 507 3441 et
538 3385 647 3441 alio
675 3387 834 3444 modo
862 3388 1101 3457 quaedam
1124 3389 1444 3460 syllogizare
1479 3388 1693 3453 horum,
1725 3398 1785 3443 ut
1829 3389 2041 3445 univerv

457 3478 585 3533 salia
618 3494 712 3548 per
738 3479 1113 3547 particularem
1139 3481 1527 3549 inspectionem
1556 3494 1622 3534 ex
1657 3480 1959 3549 liypothesi.
1984 3480 2042 3537 Si

457 3572 597 3629 enim
629 3588 657 3628 ο
692 3582 745 3629 et
774 3592 805 3644 g
835 3574 1023 3629 eadem
1066 3575 1194 3641 sint,
1245 3574 1417 3629 solum
1448 3590 1482 3645 g
1532 3583 1711 3629 autem
1753 3583 1995 3628 sumatur
2017 3589 2044 3628 e

458 3666 656 3733 inesse,
685 3667 831 3723 omni
856 3684 885 3721 ε
912 3667 1073 3723 inerit
1096 3685 1148 3735 α,
1182 3676 1237 3722 et
1266 3682 1477 3722 rursum
1512 3670 1557 3723 si
1598 3686 1630 3740 g
1670 3678 1723 3725 et
1768 3669 1802 3721 ιι
1829 3669 2040 3735 eadem,

457 3758 632 3813 solum
682 3766 859 3814 autem
910 3758 977 3813 de
1038 3759 1429 3829 gprtcdicetur
1457 3775 1503 3825 ε,
1554 3761 1803 3830 quoniam
1846 3762 1977 3816 nulli
2017 3779 2045 3816 e

459 3855 621 3910 inerit
641 3872 695 3921 a,
725 3854 1066 3910 manifestum
1089 3869 1217 3925 ergo
1245 3856 1497 3925 quoniam
1525 3854 1603 3911 sic
1629 3856 2041 3927 inspiciendum.

465 3950 669 4005 Eodem
698 3958 877 4004 autem
910 3948 1069 4003 modo
1097 3957 1149 4002 et
1177 3950 1231 4003 in
1278 3948 1620 4014 necessariis,
1654 3958 1708 4003 et
1743 3950 1795 4003 iit
1837 3951 2045 4005 contin-

466 4042 752 4114 gentibus,
788 4057 909 4095 nam
943 4042 1128 4097 eadem
1175 4041 1553 4112 consideratio,
1603 4054 1658 4098 et
1688 4058 1781 4112 per
1828 4048 2043 4099 eosdem

464 4138 727 4193 terminos
768 4137 889 4200 erit,
921 4136 1218 4204 eodemque
1259 4136 1445 4192 ordine
1497 4147 1551 4192 et
1580 4136 1964 4205 contingentis,
1994 4144 2048 4190 et

463 4229 643 4283 inesse
684 4227 1043 4298 syllogismus.
1072 4227 1399 4282 Sumendum
1450 4237 1628 4282 autem
1658 4236 1713 4282 et
1740 4227 1792 4281 in
1839 4228 2048 4281 contin-

462 4317 707 4388 gentibus
733 4326 788 4372 et
814 4332 932 4386 qua:
964 4333 1068 4371 non
1113 4318 1312 4383 insunt,
1347 4317 1620 4386 possibilia
1644 4326 1822 4372 autem
1847 4315 2043 4371 inesse.

464 4416 746 4470 Ostensum
776 4423 860 4469 est
905 4415 1048 4469 enim
1077 4413 1329 4484 quoniam
1361 4422 1416 4468 et
1446 4427 1539 4483 per
1580 4413 1693 4468 haec
1737 4414 1796 4467 lit
1837 4412 2048 4467 contin-

2138 1888 2357 1957 ciplina.
2386 1888 2609 1957 Propria
2634 1898 2810 1943 autem
2845 1889 2899 1943 in
2927 1903 3248 1960 unaquaque
3294 1898 3419 1945 sunt
3467 1892 3715 1961 plurima,

2137 1995 2304 2050 quare
2345 1980 2603 2050 principia
2635 1980 2847 2050 quidem
2878 1996 2999 2051 quae
3038 1989 3163 2036 sunt
3190 1982 3336 2037 circa
3382 1984 3717 2053 unumquod-

2137 2084 2262 2141 que,
2296 2072 2667 2141 experimento
2692 2080 2775 2127 est
2802 2086 3066 2140 crescere,
3099 2073 3221 2129 dico
3244 2082 3423 2129 autem
3450 2085 3508 2129 ut
3544 2084 3716 2132 astro-

2138 2165 2361 2233 logicam
2380 2165 2594 2234 quidem
2627 2166 3013 2233 experientiam
3045 2166 3378 2235 astrologiae
3396 2165 3715 2236 disciplina,

2136 2255 2365 2325 sumptis
2388 2258 2530 2311 enim
2570 2256 2900 2311 sufﬁcienter
2927 2257 3345 2327 apparentibus,
3388 2256 3466 2312 sic
3488 2256 3719 2319 inventa

2138 2357 2262 2403 sunt
2313 2348 2649 2417 astrologica:
2691 2348 3195 2406 demonstrationes.
3229 2350 3489 2406 Similiter
3539 2362 3718 2408 autem

2138 2450 2194 2497 et
2216 2442 2358 2496 circa
2386 2442 2677 2511 quamlibet
2702 2440 2858 2495 aliam
2899 2457 2957 2496 se
2980 2442 3140 2498 habet
3168 2452 3223 2499 et
3265 2453 3433 2499 artem
3478 2450 3534 2499 et
3554 2444 3717 2500 disci-

2138 2534 2357 2604 pliuam.
2390 2534 2566 2600 Quare
2596 2533 2641 2587 si
2677 2542 2955 2588 sumantur
2985 2549 3108 2603 quas
3148 2534 3329 2590 insunt
3356 2536 3498 2591 circa
3526 2551 3719 2591 unum.

2138 2626 2408 2695 quodque,
2433 2634 2670 2681 nostrum
2698 2628 2802 2682 erit
2824 2627 2934 2696 jam
2956 2628 3448 2684 demonstrationes
3470 2638 3719 2700 prompte

2139 2718 2417 2775 declarare
2447 2739 2459 2771 :
2491 2720 2537 2774 si
2565 2720 2709 2775 enim
2738 2721 2871 2775 nihil
2915 2722 3211 2778 secundum
3240 2722 3523 2779 historiam
3564 2726 3722 2780 omit-

2140 2819 2283 2865 tatur
2308 2826 2494 2869 eorum
2524 2827 2643 2880 quae
2671 2812 2938 2867 subtiliter
2964 2822 3019 2868 et
3044 2829 3168 2869 vere
3214 2814 3393 2870 insunt
3415 2816 3597 2883 rebus,
3631 2818 3724 2873 ba~

2142 2903 2389 2958 bebimus
2420 2903 2488 2959 de
2517 2906 2661 2959 omni
2693 2904 2871 2974 (cujus
2898 2904 3112 2973 quidem
3137 2920 3245 2960 non
3275 2918 3357 2961 est
3382 2906 3722 2962 demonstra-

2145 2978 2239 3064 ιὶὂ)
2274 2996 2413 3050 hanc
2440 2996 2682 3053 invenire
2714 3006 2769 3051 et
2798 2996 3191 3062 demonstrare,
3223 2996 3377 3066 cujus
3405 3007 3585 3053 autem
3616 3014 3722 3057 non

2143 3094 2267 3140 nata
2302 3094 2387 3141 est
2413 3086 2829 3153 demonstratio,
2871 3086 2972 3141 hoc
3002 3088 3180 3143 facere
3205 3087 3569 3144 manifestum.
3598 3088 3723 3144 Uni-

2144 3177 2428 3233 versaliter
2459 3192 2589 3247 ergo
2624 3192 2732 3247 quo
2767 3187 2979 3248 oportet
3008 3178 3168 3234 modo
3206 3179 3599 3249 propositiones
3630 3181 3743 3236 eli--

2144 3284 2273 3340 gere
2347 3284 2482 3340 pene
2557 3269 2756 3325 dictum
2822 3278 2931 3338 est,
2998 3285 3095 3340 per
3157 3270 3487 3341 diligentiam
3547 3279 3725 3331 autetl

2146 3360 2593 3432 pertransivimus
2642 3363 2694 3415 in
2748 3376 2814 3417 eo
2861 3361 3077 3432 negotio
3126 3362 3272 3432 quod
3319 3363 3463 3419 circa
3495 3361 3726 3419 dialectb

2144 3467 2264 3509 eam
2294 3462 2397 3509 εει.

2668 3598 2673 3601 ,
2689 3541 2918 3599 CAPUT
2959 3542 3174 3599 XXXII.

2484 3654 2566 3715 De
2589 3660 2834 3715 divisione
2863 3668 2910 3714 et
2933 3662 3045 3730 ejus
3074 3660 3394 3731 syllogismo.

2220 3772 2483 3841 Quoniam
2529 3783 2708 3827 autem
2757 3772 2953 3828 divisio
3004 3788 3099 3842 per
3128 3789 3327 3843 genera
3374 3788 3535 3845 parva
3580 3790 3728 3846 qure-

2151 3865 2273 3919 dam
2304 3864 2564 3941 particula
2594 3874 2677 3918 est
2709 3863 2864 3917 dicta:
2918 3864 3154 3919 methodi
3205 3866 3363 3922 facile
3402 3869 3620 3925 videre:
3652 3876 3732 3930 est

2151 3957 2292 4011 enim
2323 3956 2513 4011 divisio
2542 3955 2699 4027 velut
2738 3954 2980 4007 infirmus
3009 3955 3373 4024 syllogismus,
3425 3974 3546 4012 nam
3589 3958 3732 4027 quod

2152 4057 2395 4118 oporteat
2421 4047 2638 4116 quidem
2664 4043 2951 4099 ostendere
2980 4045 3196 4112 petitur,
3228 4047 3577 4115 syllogizatur
3606 4060 3732 4104 vero

2155 4155 2369 4209 semper
2421 4138 2620 4206 aliquid
2673 4137 3033 4205 superiorum.
3076 4136 3316 4194 Primum
3363 4148 3540 4195 autem
3591 4142 3732 4198 idem

2154 4233 2256 4288 hoc
2282 4231 2435 4287 latuit
2464 4245 2654 4287 omnes
2678 4239 2891 4285 utentes
2918 4245 2999 4296 ea,
3035 4238 3089 4286 et
3118 4230 3347 4287 suadere
3377 4232 3558 4286 conati
3606 4243 3732 4291 sunt

2152 4326 2403 4395 quoniam
2451 4331 2597 4378 esset
2636 4321 2897 4392 possibile
2945 4320 3013 4378 de
3042 4321 3344 4377 substantia
3389 4321 3733 4379 demonstra-

2155 4421 2352 4475 tionem
2384 4418 2521 4485 lieri,
2547 4426 2601 4472 et
2625 4417 2694 4473 de
2716 4431 2782 4473 eo
2800 4416 2941 4487 quod
2962 4426 3044 4471 est
3065 4416 3214 4486 quid;
3234 4430 3400 4485 quare
3418 4428 3591 4484 neque
3607 4430 3737 4481 quo-

467 4509 641 4580 gentis
666 4510 1023 4580 syllogismus,
1072 4508 1321 4563 similiter
1348 4515 1526 4562 autem
1560 4520 1619 4562 se
1648 4506 1867 4562 habebit
1910 4516 1965 4561 et
1992 4505 2046 4561 in
2075 4532 2131 4595 ι)
2156 4512 2297 4566 niam
2324 4509 3003 4581 contingebatsyllogizare
3023 4522 3117 4563 eos
3140 4508 3228 4577 qui
3251 4507 3516 4575 dividunt,
3534 4507 3738 4563 intelle-

466 4601 585 4655 aliis
616 4600 1102 4670 praedicationibus.

1030 4763 1258 4820 CAPUT
1298 4762 1491 4820 XXXI.

524 4889 673 4955 Quod
704 4888 931 4943 omnium
972 4890 1303 4943 scientiarum
1334 4888 1619 4960 syllogismi
1645 4887 1997 4958 superioribus

960 4963 1228 5032 prwceptis
1260 4961 1565 5030 efﬁciantur.

535 5073 865 5128 Manifestum
899 5088 1027 5145 ergo
1053 5090 1119 5130 ex
1152 5073 1421 5144 praedictis
1456 5073 1707 5143 quoniam
1745 5088 1849 5128 non
1880 5072 2054 5128 solum

468 5165 724 5234 possibile
746 5176 827 5221 est
857 5182 952 5236 per
984 5166 1122 5222 hanc
1159 5168 1298 5221 viam
1332 5166 1447 5223 lieri
1476 5182 1661 5223 omnes
1693 5168 2054 5239 syllogismos,

466 5255 562 5312 sed
580 5257 740 5312 etiam
769 5258 1019 5327 quoniam
1042 5272 1135 5327 per
1162 5258 1320 5312 aliam
1340 5258 1690 5327 impossibile.
1710 5258 1895 5314 Omnis
1914 5257 2054 5313 enim

465 5346 810 5417 syllogismus
852 5357 1103 5402 ostensus
1142 5357 1228 5403 est
1267 5348 1521 5419 quoniam
1550 5363 1644 5419 per
1665 5349 1891 5419 aliquam
1924 5365 2059 5418 prae-

465 5442 726 5497 dictarum
766 5442 1057 5509 ﬁgurarum
1083 5442 1160 5510 lit,
1195 5443 1293 5496 ltas
1317 5450 1494 5497 autem
1535 5458 1640 5496 non
1672 5443 1934 5511 contingit
1971 5458 2065 5511 per

468 5534 573 5587 alia
618 5533 869 5589 constitui
896 5550 1057 5603 quam
1103 5551 1199 5606 per
1230 5536 1513 5605 sequentia
1562 5544 1618 5591 et
1655 5549 1776 5604 quas
1822 5528 2064 5604 sequitur

468 5624 911 5695 unumquodque,
943 5640 1011 5681 ex
1044 5627 1129 5683 his
1161 5627 1305 5682 enim
1350 5625 1765 5695 propositiones,
1801 5633 1857 5681 et
1905 5625 2065 5682 medii

468 5719 725 5788 sumptio,
748 5734 916 5788 quare
936 5735 1037 5776 nec
1055 5721 1423 5794 syllogismum
1455 5720 1709 5789 possibile
1731 5728 1813 5777 est
1833 5720 1945 5775 ﬁeri
1971 5734 2067 5791 per

470 5812 595 5870 alia.
628 5813 772 5884 Ergo
795 5812 1086 5883 methodus
1125 5814 1343 5886 quidem
1373 5814 1441 5875 de
1468 5813 1716 5877 omnibus
1746 5813 1933 5873 eadem
1955 5820 2058 5881 est,

2156 4612 2369 4665 xerunt,
2386 4618 2560 4670 neque
2576 4602 2827 4671 quoniam
2843 4600 3184 4669 contingebat
3198 4600 3275 4655 sic
3289 4601 3740 4671 quemadmodum

2155 4697 2410 4752 diximus.
2426 4696 2567 4765 Ergo
2585 4695 2641 4749 in
2656 4692 3207 4749 demonstrationibus
3223 4688 3436 4763 quide'm
3452 4709 3572 4749 cum
3585 4709 3741 4764 opor.

2157 4789 2406 4860 teatquid
2424 4788 2761 4859 syllogizare,
2777 4795 2990 4856 oportet
3008 4786 3239 4842 medium
3269 4803 3365 4857 per
3378 4787 3520 4858 quod
3550 4787 3611 4841 ﬁt
3632 4786 3744 4857 syl-

2156 4882 2415 4954 IOgismus
2440 4880 2617 4934 minus
2646 4894 2857 4950 semper
2885 4893 3031 4946 esse,
3057 4887 3111 4933 et
3139 4892 3247 4933 non
3277 4878 3651 4933 universaliter
3677 4877 3744 4933 de

2164 4976 2335 5046 prima
2369 4973 2738 5029 extremitate.
2773 4970 2977 5027 Divisio
3021 4979 3200 5027 autem
3248 4972 3580 5026 contrarium
3613 4969 3744 5036 vult,

2166 5083 2288 5123 nam
2342 5066 2699 5121 universalius
2755 5064 2917 5121 sumit
2964 5064 3221 5120 medium.
3251 5064 3331 5119 Sit
3358 5064 3503 5119 enim
3551 5061 3747 5120 animal

2167 5164 2383 5233 quidem
2407 5162 2458 5217 in
2485 5176 2593 5230 quo
2614 5177 2667 5227 a,
2695 5158 2922 5213 mortale
2944 5167 3123 5213 autem
3156 5159 3209 5212 in
3236 5173 3342 5229 quo
3374 5158 3423 5223 b,
3447 5166 3503 5212 et
3531 5156 3747 5212 immor-

2169 5256 2275 5310 tale
2317 5254 2368 5308 in
2417 5270 2523 5323 quo
2550 5270 2599 5321 c,
2632 5253 2792 5308 homo
2822 5266 2954 5306 vero
3006 5250 3160 5319 cujus
3204 5250 3494 5305 terminum
3539 5256 3748 5318 oportet

2168 5361 2379 5402 sumere
2429 5347 2482 5401 in
2533 5361 2638 5416 quo
2676 5346 2728 5411 d,
2780 5358 2937 5399 omne
2997 5358 3126 5414 ergo
3175 5342 3373 5398 animal
3423 5344 3619 5413 accipit
3656 5350 3749 5399 aut

2171 5440 2415 5505 mortale,
2467 5446 2557 5493 aut
2601 5437 2903 5493 immortale
2938 5454 2949 5490 :
2984 5436 3085 5491 hoc
3138 5444 3313 5491 autem
3364 5444 3447 5493 est
3492 5437 3749 5508 quidquid

2169 5539 2304 5599 erat,
2332 5547 2491 5587 omne
2517 5546 2635 5586 esse
2674 5540 2763 5585 aut
2788 5529 2837 5593 b,
2862 5535 2953 5582 aut
2981 5544 3027 5581 ε.
3062 5528 3267 5583 Rursus
3297 5527 3569 5585 hominem
3600 5544 3749 5585 sem-

2169 5642 2266 5697 per
2296 5627 2383 5696 qui
2415 5625 2625 5689 dividit,
2659 5625 2809 5693 ponit
2835 5622 3031 5677 animal
3060 5636 3211 5688 esse,
3241 5638 3406 5692 quare
3433 5623 3501 5679 de
3527 5624 3560 5679 d
3586 5624 3750 5681 sumit

2170 5736 2202 5773 α
2227 5732 2344 5774 esse
2366 5758 2379 5781 ,
2410 5731 2538 5787 ergo
2564 5715 2910 5785 syllogismus
2932 5713 3145 5785 quidem
3173 5722 3278 5781 est,
3303 5716 3549 5783 quoniam
3572 5716 3624 5782 tl,
3655 5723 3749 5772 aut

2171 5811 2219 5879 b,
2250 5818 2342 5865 aut
2368 5826 2395 5861 c
2425 5822 2585 5865 omne
2612 5805 2737 5873 erit,
2786 5821 2953 5877 quare
3002 5803 3271 5863 hominem
3319 5815 3406 5863 aut
3440 5807 3743 5877 mortalem.
