4296 6266
572 265 676 319 στδ

1784 265 1878 324 AN
1903 307 1918 325 .
1963 267 2167 327 MANL.
2206 270 2364 329 ξεν.
2406 272 2629 334 ROB?"

3730 293 3849 359 ,676

570 386 663 436 aut
690 379 1049 440 immortalem
1094 386 1309 452 oportet
1334 394 1567 449 sumere,
1606 396 1728 439 nam
1759 386 1987 440 mortale
2035 386 2159 457 qni-
2188 386 2239 450 Α
2269 399 2371 460 tes,
2406 399 2495 446 aut
2524 391 2621 448 has
2650 393 2867 466 quidem
2892 398 3237 468 protendunt,
3269 414 3369 472 per
3395 418 3527 475 quas
3558 416 3735 466 autem
3760 409 3846 467 itm

573 473 727 540 dem,
758 483 850 529 aut
901 472 1202 527 immortale
1242 487 1363 526 esse
1403 474 1769 529 necessarium
1814 484 1893 531 est
1934 477 2155 544 animal,

572 570 795 621 mortale
820 574 996 617 autem
1028 579 1135 617 non
1162 566 1527 619 necessarium
1557 577 1657 629 est,
1686 566 1778 620 sed
1806 567 2017 633 petitur.
2046 569 2158 624 Hoc

570 669 745 710 autem
779 665 891 709 erat
922 654 1061 723 quod
1089 656 1371 723 Oportebat
1394 657 1733 727 syllogizare.
1767 658 1832 712 Et
1855 673 2041 714 rursus
2063 659 2156 729 qui

570 750 721 817 pmtit
742 766 773 800 a
801 749 1016 816 quidem
1036 750 1233 803 animal
1257 751 1480 805 mortale
1510 752 1561 805 in
1591 767 1698 822 quo
1728 762 1906 807 autem
1931 753 1959 805 lt
1990 754 2153 823 pedes

568 838 791 901 habens,
821 838 871 891 iu
898 854 1004 907 quo
1021 849 1201 893 autem
1225 857 1272 906 ο,
1306 856 1413 895 non
1436 839 1644 896 habens
1666 842 1852 912 pedes,
1876 842 2149 901 hominem

568 945 693 986 vero
724 930 779 995 ά,
806 930 1056 986 similiter
1084 933 1247 986 sumit
1276 950 1307 986 a
1350 934 1564 1002 quidem
1584 974 1599 999 ,
1642 944 1734 991 aut
1764 936 1814 989 in
1844 936 1891 1000 ὁ,
1924 945 2013 991 aut
2044 939 2094 993 in
2124 955 2151 992 c

566 1035 708 1079 esse.
740 1020 911 1083 Omne
939 1021 1084 1078 enim
1116 1023 1312 1077 animal
1340 1024 1565 1080 mortale
1588 1035 1679 1079 aut
1724 1025 1889 1095 pedes
1920 1026 2146 1094 habens,

566 1121 659 1167 aut
705 1113 869 1180 pedes
910 1130 1015 1169 nou
1048 1113 1253 1169 habens
1281 1123 1385 1179 est,
1416 1116 1484 1171 de
1514 1117 1548 1168 d
1595 1126 1773 1173 autem
1808 1136 1861 1185 α,
1894 1134 2015 1173 nam
2052 1121 2150 1176 lie-

567 1204 765 1263 minem
798 1204 994 1261 animal
1028 1204 1255 1259 mortale
1298 1206 1527 1274 sumpsit
1554 1222 1695 1274 esse,
1730 1224 1897 1278 quare
1941 1209 2148 1268 habens

567 1294 763 1365 pedes,
793 1296 878 1355 uel
922 1311 1028 1355 non
1060 1296 1265 1352 habens
1318 1297 1484 1366 pedes
1512 1314 1634 1353 esse
1675 1302 1896 1364 animal,
1929 1318 2152 1359 necesse

566 1398 649 1451 est
677 1388 972 1453 hominem,
1004 1388 1169 1457 pedes
1193 1397 1374 1445 autem
1428 1391 1631 1446 habens
1660 1408 1764 1447 non
1794 1410 2018 1451 necesse
2046 1405 2149 1461 est,

565 1479 659 1535 sed
706 1480 891 1547 sumit,
925 1479 1027 1538 hoc
1056 1490 1234 1537 autem
1277 1491 1394 1536 erat
1421 1484 1564 1554 quod
1612 1486 1891 1552 oportebat
1938 1502 2152 1542 rursum

565 1571 869 1629 ostendere.
899 1571 964 1628 Et
988 1572 1057 1625 ad
1089 1570 1232 1627 hunc
1261 1573 1483 1627 modum
1524 1590 1741 1642 semper
1768 1578 2150 1643 insidentibus,

565 1664 872 1721 universale
901 1662 1119 1733 quidem
1164 1665 1363 1719 accidit
1404 1666 1482 1720 eis
1535 1667 1766 1720 medium
1798 1683 2037 1730 sumere,
2082 1671 2152 1725 de

2265 483 2682 551 concluduntur,
2717 486 3007 571 omittunt,
3042 490 3143 545 alia
3171 507 3300 547 vero
3327 509 3465 551 vane
3494 498 3843 571 interrogant.

2264 572 2725 630 Considerandum
2758 586 2937 632 autem
2967 564 3012 634 si
3044 581 3168 650 quid
3220 586 3548 653 superﬂuum
3580 564 3845 660 sumptum

2262 664 2350 730 sit,
2384 673 2440 720 et
2467 667 2514 720 si
2542 669 2667 736 quid
2698 673 3130 728 necessariorum
3174 678 3456 744 omissum,
3505 692 3559 735 et
3592 683 3695 737 hoc
3725 686 3845 752 qui»

2262 755 2384 809 dem
2420 760 2746 827 ponendum,
2793 762 2921 816 illud
2952 779 3081 819 vero
3124 769 3500 836 auferendum,
3532 773 3706 829 donec
3752 792 3846 831 ve-

2262 848 2373 901 niat
2405 849 2525 916 quis
2555 850 2620 904 ad
2653 850 2787 905 duas
2816 857 3229 923 propositiones,
3264 860 3382 914 sine
3432 862 3516 918 his
3545 866 3691 921 enim
3743 884 3847 925 non

2260 946 2344 993 est
2370 941 2632 998 reducere
2660 944 2738 997 sic
2769 942 3125 1016 interrogatas
3155 952 3449 1007 orationes.
3484 954 3540 1009 ln
3575 957 3847 1027 aliquibus

2259 1043 2390 1100 ergo
2419 1028 2575 1085 facile
2604 1043 2683 1086 est
2727 1034 2909 1091 videre
2938 1037 3080 1105 quod
3128 1040 3305 1094 minus
3344 1052 3448 1109 est,
3494 1045 3658 1114 aliqui
3714 1058 3844 1104 veto

2258 1117 2443 1186 latent,
2470 1132 2526 1175 et
2552 1122 2800 1178 videntur
2822 1128 3039 1194 quidem
3088 1130 3429 1199 syllogizare,
3462 1149 3529 1189 eo
3572 1138 3714 1204 quod
3747 1153 3841 1193 ne-

2257 1210 2550 1263 cessariqu
2578 1211 2705 1279 quid
2748 1215 2938 1269 accidit
2969 1232 3034 1270 ex
3069 1217 3133 1271 iis
3157 1233 3277 1288 qua:
3304 1224 3473 1290 posita
3507 1238 3649 1279 sunt.
3681 1224 3747 1281 lit
3792 1232 3836 1283 si

2257 1310 2521 1367 sumatur,
2549 1318 2654 1359 non
2675 1304 2970 1359 substantia
2996 1307 3316 1379 interempta
3346 1312 3702 1374 substantiam
3735 1333 3839 1374 non

2260 1392 2524 1458 inurimi,
2556 1409 2621 1449 ex
2653 1396 2849 1464 quibus
2876 1407 3057 1453 autem
3087 1410 3188 1463 est,
3218 1404 3572 1474 interemptis,
3605 1424 3651 1463 et
3698 1411 3841 1478 quod

2257 1500 2320 1538 ex
2350 1487 2431 1539 eis
2461 1495 2545 1541 est
2572 1489 2865 1556 corrumpi.
2920 1490 3011 1546 llis
3039 1492 3181 1546 enim
3226 1495 3445 1561 positis,
3482 1502 3841 1554 necessarium

2258 1584 2342 1639 est
2370 1576 2686 1635 substantiae
2712 1590 2916 1646 partem
2947 1596 3069 1636 esse
3098 1584 3476 1650 substantiam,
3521 1604 3627 1644 non
3669 1601 3843 1648 tanton

2259 1668 2635 1738 syllogizatum
2669 1680 2752 1723 est
2781 1673 2923 1740 quod
2969 1687 3034 1726 ea
3063 1691 3181 1743 qua:
3208 1688 3421 1744 sumpta
3451 1690 3599 1746 sunt,
3627 1683 3720 1739 sed
3753 1683 3843 1737 du-

564 1773 672 1828 quo
712 1764 960 1827 oporteat
990 1756 1277 1819 ostendere
1304 1765 1357 1813 et
1386 1756 1714 1812 dili‘erentias
1749 1768 1801 1813 et
1838 1761 2150 1814 eatremita-
2182 1767 2233 1829 Β
2261 1768 2407 1825 sunt,
2440 1761 2856 1828 propositiones.
2892 1763 3121 1820 Rursum
3148 1769 3195 1820 si
3247 1783 3367 1824 cum
3411 1783 3493 1826 est
3524 1774 3704 1838 homo,
3750 1796 3842 1834 nec

567 1860 667 1915 tes.
699 1852 753 1905 In
786 1850 892 1904 line
914 1856 1095 1904 autem
1126 1849 1381 1916 quoniam
1411 1849 1510 1902 hoc
1552 1859 1636 1904 est
1663 1853 1847 1913 homo,
1876 1860 1968 1903 aut
1992 1853 2148 1920 quid-

566 1942 690 2013 quid
721 1951 840 1998 erat
880 1940 1023 2010 quod
1051 1942 1332 2010 qumritur,
1386 1940 1519 1995 nihil
1549 1942 1733 1995 dicunt
1784 1943 2146 2006 manil’esttnn,

485 2088 491 2093 .
563 2050 726 2106 quare
752 2035 1113 2090 necessarium
1138 2042 1372 2097 estesse,
1397 2036 1594 2089 etenim
1616 2036 1773 2089 aliam
1794 2036 1930 2091 viam
1951 2037 2150 2091 faciunt

564 2141 802 2193 omnem,
837 2141 943 2181 non
985 2126 1204 2197 quidem
1235 2126 1606 2197 contingentes
1635 2127 1991 2192 idoneitates,
2026 2129 2146 2196 opi-

564 2228 755 2287 nantes
778 2233 918 2275 esse.
956 2217 1297 2275 Manifestum
1342 2229 1427 2273 est
1456 2229 1635 2274 autem
1677 2220 1930 2287 quoniam
1972 2234 2147 2288 neque

562 2312 842 2368 destruere
869 2310 969 2366 hae
994 2311 1077 2365 via
1130 2321 1231 2374 est,
1282 2324 1458 2380 neque
1506 2310 1574 2365 de
1616 2310 1893 2365 acridente
1923 2327 1953 2364 a
1979 2312 2144 2379 iquid,

561 2412 655 2459 aut
682 2403 752 2460 de
776 2402 991 2473 proprio
1019 2402 1360 2473 syllogizare,
1412 2418 1583 2471 neque
1613 2403 1680 2458 de
1705 2418 1924 2471 genere,
1972 2416 2147 2469 neque

561 2497 631 2554 de
649 2497 842 2567 quibus
869 2495 1142 2565 ignoretur
1184 2505 1363 2551 utrum
1394 2496 1493 2551 hoc
1533 2497 1694 2550 modo
1722 2506 1812 2549 aut
1841 2498 1932 2551 illo
1962 2512 2019 2551 se
2054 2497 2148 2555 ha-

561 2589 674 2655 bet,
704 2594 757 2643 ιιι
790 2595 1012 2657 putasne
1032 2587 1292 2643 diameter
1317 2596 1401 2642 est
1428 2598 1688 2657 symeter,
1724 2588 1808 2643 vel
1838 2578 2164 2659 asymeter?‘

560 2683 605 2741 si
638 2681 783 2739 enim
825 2688 1001 2739 sumat
1027 2678 1278 2750 quoniam
1313 2680 1490 2734 omnis
1523 2679 1802 2749 longitudo
1854 2690 1938 2735 est
1969 2697 2148 2752 synto-

563 2783 675 2833 tros
711 2772 797 2828 vel
835 2780 1164 2842 asymetros,
1207 2770 1468 2827 diameter
1495 2781 1674 2825 autem
1709 2772 2003 2841 lnngiludo,
2040 2774 2148 2843 sy!-

561 2863 847 2936 logizatum
875 2871 959 2919 est
976 2864 1231 2934 quoniam
1252 2870 1488 2933 symeter
1518 2863 1601 2916 vel
1631 2872 1901 2933 asymeter
1925 2872 2009 2919 est
2032 2865 2149 2953 dia.

562 2964 753 3019 Ineter.
787 2955 844 3013 Si
876 2964 1055 3015 autem
1099 2964 1340 3010 sumetur
1385 2954 1954 3017 incommensurahile,
2005 2956 2145 3024 quod

562 3046 841 3115 oportebat
866 3045 1187 3115 syllogizare
1223 3054 1487 3108 sumetur,
1538 3061 1641 3100 non
1674 3059 1803 3113 ergo
1835 3055 1919 3101 est
1963 3057 2146 3101 osten-

2261 1862 2413 1903 cesse
2442 1858 2526 1903 est
2554 1866 2675 1905 esse
2697 1851 2917 1917 animal,
2953 1864 3007 1906 et
3056 1870 3175 1911 cum
3208 1867 3292 1914 est
3341 1862 3565 1927 anitual,
3590 1867 3838 1921 sultstatt-

2257 1944 2402 2007 tiam,
2429 1953 2621 2001 etcum
2645 1957 2725 2000 est
2753 1946 2931 2013 homo,
2960 1966 3181 2007 necesse
3207 1965 3291 2009 est
3315 1970 3434 2011 esse
3462 1960 3835 2031 substantiam,

2253 2034 2346 2087 sed
2397 2034 2633 2091 nondum
2674 2037 3048 2106 syllogizalum
3080 2054 3180 2109 est,
3216 2060 3325 2101 tum
3368 2049 3511 2102 enim
3549 2066 3608 2105 se
3648 2053 3841 2113 habent

2253 2124 2651 2193 prepositiones
2685 2138 2741 2185 ut
2766 2128 3024 2185 diximus.
3062 2132 3321 2191 Fallimur
3349 2149 3529 2193 autem
3567 2144 3617 2195 in
3652 2148 3842 2205 talibus

2252 2228 2317 2268 eo
2347 2215 2489 2283 quod
2537 2219 2898 2272 necessarium
2952 2222 3202 2286 quiddam
3254 2228 3456 2284 accidat
3514 2247 3577 2283 es
3610 2234 3692 2287 his
3718 2252 3839 2304 qua

2252 2310 2427 2378 posita
2459 2321 2612 2377 sunt,
2664 2327 2823 2380 quam
2852 2322 2906 2367 et
2932 2316 3292 2385 syllogismus,
3338 2326 3699 2379 tteeessaritun
3729 2338 3832 2398 est,

2251 2399 2303 2453 in
2336 2400 2454 2468 plus
2498 2411 2676 2463 autem
2730 2414 2815 2459 est
2844 2409 3205 2465 necessarium
3255 2428 3411 2479 quam
3464 2416 3834 2485 syllogismus.

2252 2504 2372 2547 nam
2406 2492 2584 2551 omnis
2634 2494 2994 2564 syllogismus,
3032 2500 3423 2567 necessarium,
3473 2508 3837 2571 necessarium

2250 2588 2429 2632 autem
2477 2596 2581 2635 non
2613 2597 2775 2638 omne
2824 2586 3188 2656 syllogismus.
3232 2591 3413 2656 Quare
3464 2609 3570 2655 non
3602 2595 3669 2667 (si
3710 2599 3837 2667 quid

2249 2670 2459 2724 accidat
2487 2673 2681 2741 positis
2711 2674 3056 2749 quihusdam)
3088 2681 3270 2743 Statim
3298 2684 3614 2747 tentandum
3641 2696 3724 2742 est
3750 2703 3836 2745 re-

2252 2758 2482 2829 ducere,
2532 2763 2628 2818 sed
2686 2764 2915 2837 primum
2959 2768 3256 2839 secundum
3303 2782 3386 2837 est
3422 2775 3559 2839 duas
3594 2780 3838 2850 proposi-

2252 2853 2447 2913 tiones.
3526 2864 3527 2867 “

2796 2951 3021 3019 CAPUT
3063 2954 3303 3019 XXXW.

2648 3039 2723 3105 De
2757 3044 3073 3111 resolutione
3102 3047 3157 3101 in
3183 3052 3448 3109 terminos.

562 3136 710 3203 dere.
737 3151 859 3195 nam
887 3137 969 3195 via
1003 3136 1215 3207 quidem
1246 3135 1393 3199 haec.
1425 3151 1521 3205 aer
1552 3136 1687 3191 hanc
1718 3145 1898 3192 autem
1927 3152 2031 3192 ιιοη
2061 3147 2142 3191 εει
2170 3133 2221 3200 6
2322 3152 2524 3216 Deinde
2547 3156 2624 3209 sic
2647 3156 2990 3221 dividendum
3016 3160 3068 3214 in
3093 3166 3377 3220 terminos.
3404 3166 3635 3225 uentum
3659 3178 3835 3230 autem

563 3228 850 3289 ostendere
881 3237 1175 3299 symetrttm
1217 3227 1299 3282 uel
1340 3236 1700 3297 asymctrum,
1736 3231 1785 3281 in
1837 3243 1943 3296 quo
1968 3245 1999 3280 a
2030 3230 2145 3284 leno

561 3319 765 3388 gitudo',
796 3319 824 3370 ὁ
855 3329 1032 3379 autem
1062 3325 1303 3388 sytneter
1331 3327 1424 3379 aut
1460 3327 1754 3386 asytoeter,
1789 3320 2053 3373 diumetcr
2093 3338 2141 3373 ο.

562 3410 895 3465 Manifestum
942 3419 1026 3464 est
1074 3410 1236 3478 igitur
1286 3409 1535 3475 quoniam
1590 3424 1764 3476 neque
1807 3412 1872 3462 ad
1925 3426 2143 3466 omnem

562 3500 1051 3556 considerationem
1087 3499 1335 3567 congruit
1378 3499 1744 3565 inquisitionis
1788 3500 1999 3567 modus,
2051 3518 2146 3557 ne-

563 3604 668 3661 que
700 3590 750 3643 in
781 3590 972 3659 quibus
1004 3589 1237 3655 maxime
1269 3589 1482 3649 videtur
1512 3592 1825 3657 convenire,
1861 3595 1912 3647 in
1952 3592 2033 3647 his
2063 3603 2145 3649 est

562 3681 726 3736 utilis.
779 3681 857 3735 Ex
907 3680 1098 3749 quibus
1154 3693 1285 3749 ergo
1335 3680 1825 3739 demonstrationes
1879 3686 2039 3751 ﬁunt,
2087 3698 2142 3740 et

561 3771 867 3843 quomodo,
932 3779 987 3826 et
1035 3771 1099 3825 ad
1171 3786 1290 3840 quae
1357 3774 1787 3849 perspiciendum
1840 3782 2137 3833 secundum

558 3861 975 3933 unumquodque
1004 3863 1334 3932 propositum
1372 3865 1712 3919 manifestum
1744 3882 1814 3922 ex
1849 3869 2030 3925 dictis.

1092 3976 1322 4034 CAPUT
1361 3977 1605 4037 XXXIII.

664 4069 740 4126 De
766 4069 1072 4141 resolutione
1094 4071 1504 4146 syllogismorum
1534 4074 1587 4133 in
1610 4077 2012 4145 prepositiones.

628 4183 907 4253 Quomodo
928 4194 1104 4246 autem
1136 4185 1451 4241 reducemus
1480 4186 1820 4255 syllogismos
1856 4189 1907 4243 in
1942 4189 2136 4258 praedio

556 4287 669 4337 clas
701 4279 916 4346 ligurss,
962 4274 1248 4335 dicendum
1307 4278 1411 4330 erit
1436 4285 1556 4340 post
1604 4277 1741 4342 hmo,
1777 4287 1941 4331 restat
1994 4282 2136 4333 enim

554 4370 915 4429 consideratio
937 4366 1073 4432 huic,
1106 4365 1158 4423 si
1189 4365 1331 4423 enim
1371 4375 1423 4420 et
1450 4367 1853 4437 generationem
1884 4368 2138 4438 syllogis.

554 4477 765 4525 morum
817 4460 1185 4532 inspiciamus,
1211 4468 1265 4515 et
1312 4458 1619 4521 inveniendi
1652 4459 1946 4517 habeamus
1989 4472 2138 4529 pom-

2252 3246 2559 3312 ponendum
2586 3249 2959 3314 terminatum,
2989 3253 3079 3320 qui
3112 3256 3356 3325 utrisque
3384 3262 3834 3327 prepositionibus

2250 3335 2464 3403 dicitur,
2502 3352 2728 3395 necesse
2759 3349 2842 3395 est
2863 3340 3008 3397 enim
3036 3344 3267 3399 medium
3291 3346 3344 3399 in
3372 3349 3609 3418 utrisque
3636 3344 3753 3407 esse
3777 3356 3830 3412 in

2254 3428 2503 3483 omnibus
2551 3428 2755 3498 ﬁguris.
2800 3431 2856 3487 Si
2902 3448 3030 3501 ergo
3065 3435 3379 3503 subjiciatur
3422 3447 3479 3492 et
3518 3441 3830 3508 pradicetur

2251 3517 2482 3577 medium
2508 3559 2525 3583 .
2572 3529 2663 3579 aut
2690 3521 2861 3589 ipsum
2887 3524 3105 3590 quidem
3152 3516 3490 3595 nuntientur,
3526 3530 3671 3586 aliud
3701 3549 3832 3598 vero

2251 3610 2343 3665 illo
2371 3612 2684 3681 abnegetur,
2717 3614 2891 3683 prima
2920 3618 3027 3673 erit
3051 3617 3242 3686 ligula.
3266 3617 3323 3673 Si
3343 3628 3612 3677 autemet
3640 3625 3833 3693 pndis

2253 3712 2437 3769 cetur,
2487 3712 2539 3759 et
2591 3715 2814 3774 negetur
2839 3706 2909 3763 ab
2954 3708 3165 3777 aliqua,
3200 3709 3369 3763 media
3398 3711 3507 3766 erit
3534 3712 3739 3783 ﬁgura:
3786 3716 3834 3773 sl

2253 3805 2380 3851 vero
2408 3793 2509 3846 alia
2540 3795 2607 3853 de
2635 3795 2728 3848 illo
2744 3796 3122 3864 praedicantur,
3141 3809 3233 3855 aut
3264 3800 3366 3857 hoe
3394 3801 3611 3871 quidem
3645 3805 3832 3873 pradi-

2249 3888 2421 3948 cetur,
2436 3880 2562 3939 illud
2590 3898 2718 3939 vero
2746 3885 2815 3943 ab
2839 3886 2934 3941 illo
2963 3898 3186 3958 negetur
3212 3934 3229 3961 ,
3263 3902 3553 3964 postrema,
3587 3896 3665 3950 sie
3693 3899 3832 3954 enim

2247 3984 2307 4026 se
2337 3970 2519 4025 habuit
2550 3974 2601 4026 iu
2645 3984 2917 4043 postrema
2950 3977 3116 4049 ﬁgura
3168 3983 3436 4048 medium,
3469 3986 3717 4051 similiter
3741 4004 3825 4047 au-

2250 4067 2356 4115 tem
2403 4060 2503 4116 etsi
2554 4077 2666 4119 non
2722 4067 3058 4141 universales
3098 4070 3207 4127 sint
3238 4075 3657 4141 propositiones,
3709 4093 3831 4139 nam

2248 4161 2332 4207 est
2375 4155 2558 4209 eadem
2612 4157 2985 4215 detorminatio
3030 4162 3214 4217 medii.
3270 4164 3606 4223 Manifestum
3666 4169 3826 4236 igitur

2248 4251 2496 4316 quoniam
2539 4251 2588 4315 in
2616 4266 2716 4320 qua
2742 4252 2986 4313 oratione
3010 4269 3117 4311 non
3148 4255 3346 4310 dicitur
3378 4258 3531 4319 idem
3564 4260 3821 4332 frequens

2248 4346 2358 4404 ter,
2394 4355 2497 4393 non
2529 4343 2584 4393 lit
2610 4342 2972 4411 syll0gismus,
2999 4358 3105 4405 non
3134 4346 3276 4409 enim
3301 4356 3573 4418 sumptum
3605 4362 3688 4410 est
3714 4369 3827 4411 mes-

2248 4426 2412 4481 ditnn.
2450 4431 2719 4499 Quoniam
2750 4443 2927 4488 autem
2963 4433 3223 4493 habemus
3252 4439 3396 4508 quod
3433 4445 3830 4512 propositorum

553 4506 769 4619 ῖίξὶἐιξζ
801 4506 2135 4622 έζέζέιέἷζζιῖἱὲαἰ’τειέὶᾴἷὲὲὲιῖοξιᾞὶῖζ’ἑξεῗυαῖξὶξς
2164 4506 2218 4570 ³
2244 4517 2297 4571 ίη
2327 4536 2642 4618 musque
2674 4523 2835 4622 list!”
2868 4524 3156 4622 ειίιιιιιίιιιῖ,
3188 4537 3243 4583 ει
3282 4530 3339 4586 in
3370 4547 3475 4604 qua.
3503 4535 3831 4606 universale.

555 4648 774 4719 ﬁguras,
807 4646 968 4707 linem
995 4644 1211 4707 habebit
1238 4643 1379 4714 quod
1407 4658 1471 4700 ex
1505 4644 1767 4713 principio
1796 4647 2134 4714 propositum

554 4748 658 4809 est,
705 4738 913 4803 accidet
933 4737 1097 4793 etiam
1126 4737 1283 4803 simpl
1317 4751 1437 4807 quas
1483 4737 1736 4804 praedicta
1769 4749 1894 4792 sunt
1938 4739 2137 4795 conﬁr-

554 4829 690 4887 ntari
731 4840 785 4891 et
824 4828 1186 4893 manifestiora
1229 4843 1386 4893 esse,
1418 4831 1669 4898 quoniam
1710 4832 1789 4893 sic
1840 4847 1897 4885 sc
1931 4833 2134 4897 habent

554 4938 650 4995 per
676 4938 738 4979 ea
763 4938 883 4994 qua».
911 4935 1051 4985 nunc
1079 4919 1303 4981 dicenda
1352 4929 1497 4977 sunt.
1528 4922 1755 4989 Oportet
1793 4924 1938 4977 enim
1969 4940 2132 4980 omne

550 5015 692 5085 quod
725 5028 907 5075 verum
953 5020 1057 5076 est,
1108 5011 1278 5079 ipsum
1322 5010 1423 5063 sibi
1462 5011 1561 5078 ipsi
1616 5011 1960 5067 manifestum
2015 5029 2137 5073 esse

552 5107 789 5165 omnino.
826 5105 1058 5169 Primum
1089 5116 1217 5169 ergo
1246 5108 1457 5167 oportet
1494 5110 1702 5156 tentare
1730 5100 1862 5157 duas
1886 5104 2130 5172 proposi-

552 5198 724 5255 tiones
755 5198 997 5267 accipere
1034 5191 1350 5265 syllogismi,
1385 5191 1588 5246 facilius
1634 5193 1776 5249 enim
1824 5194 1875 5249 in
1926 5198 2129 5263 maiora

551 5289 793 5355 dividere
822 5303 979 5361 quam
1031 5286 1081 5347 in
1111 5285 1317 5345 minora
1350 5302 1360 5335 :
1398 5284 1597 5356 majora
1650 5294 1829 5343 autem
1859 5290 2130 5359 composi-

552 5383 685 5441 tiora
718 5389 841 5441 sunt
869 5393 1027 5451 quam
1058 5390 1121 5433 ea
1152 5391 1219 5430 ex
1249 5376 1441 5446 quibus
1472 5387 1890 5449 ctttnponuntur.
1928 5379 2132 5436 Deinde

550 5471 895 5526 considerare
925 5479 1040 5539 utra
1064 5466 1119 5523 in
1162 5478 1295 5535 toto,
1333 5478 1387 5524 et
1410 5478 1526 5525 utra
1560 5471 1611 5537 in
1654 5480 1821 5537 parte.
1857 5471 1921 5527 Et
1951 5473 1994 5526 si
2024 5490 2130 5530 non

549 5566 720 5619 ambae
742 5574 967 5633 sumpta:
993 5565 1124 5629 sint,
1169 5578 1290 5620 eum
1322 5565 1412 5637 qui
1444 5566 1591 5636 ponit
1620 5565 1864 5621 alteram.
1909 5568 2133 5638 Aliquo-

504 5668 509 5673 '
550 5652 648 5706 ties
671 5652 811 5713 ettitu
840 5653 1197 5710 universalem
1232 5657 1631 5724 protendentes,
1663 5672 1781 5711 eam
1812 5673 1930 5728 quae
1954 5659 2129 5715 inhac

549 5750 633 5801 est
663 5757 766 5803 non
788 5753 1027 5817 sumunt,
1051 5759 1225 5819 neque
1245 5746 1563 5809 scribentes.
1593 5765 1766 5815 neque
1795 5751 2128 5821 interrogan-

2244 4620 2297 4661 et
2326 4610 2377 4662 in
2414 4627 2516 4679 qua
2553 4614 2911 4681 particulare,
2951 4618 3292 4675 manifestum
3330 4633 3413 4677 est
3442 4631 3690 4694 quon‘am
3723 4646 3829 4685 non

2242 4698 2306 4750 ad
2338 4713 2524 4754 omnes
2551 4702 2748 4772 ﬁguras
2778 4707 3208 4775 perspiciendum
3232 4753 3247 4773 ,
3282 4714 3372 4767 sed
3406 4714 3457 4768 in
3511 4731 3831 4790 unoquoque

2242 4791 2517 4858 proposito
2545 4793 2609 4847 ad
2647 4798 2943 4863 propriam.
2972 4799 3317 4874 Quaecunque
3344 4820 3471 4861 vero
3509 4807 3561 4861 in
3593 4809 3831 4876 pluribus

2240 4881 2651 4949 concluduntur,
2684 4886 2846 4942 medii
2880 4889 3142 4958 positione
3170 4896 3546 4963 cognoscimus
3577 4898 3829 4969 ligurem.

2798 4999 3021 5065 CAPUT
3062 5003 3278 5065 XXXV.

2545 5087 2622 5140 De
2641 5095 2926 5147 necessario
2954 5103 3000 5147 et
3025 5093 3153 5149 tltest’
3172 5097 3521 5154 terminorttm.

2312 5195 2641 5267 Frequenter
2696 5218 2825 5273 ergo
2880 5206 2987 5262 falli
3044 5209 3239 5264 accidit
3293 5213 3436 5267 circa
3495 5214 3833 5286 syllogismos

2243 5298 2460 5357 propter
2514 5296 2919 5363 necessarium,
2980 5300 3447 5369 quemadmodum
3487 5306 3688 5363 dictum
3752 5320 3833 5368 est

2245 5381 2419 5449 prius:
2462 5397 2489 5437 a
2516 5384 2642 5454 iquo
2671 5386 2748 5441 ies
2774 5396 2951 5445 autem
2991 5398 3213 5459 propter
3248 5393 3653 5453 similitudinem
3685 5403 3861 5477 posis

2243 5474 2406 5529 tionis
2445 5479 2827 5544 terminorum,
2860 5483 3002 5551 quod
3032 5500 3140 5541 non
3189 5496 3403 5554 Opertet
3431 5489 3600 5547 latere
3638 5494 3833 5551 nestit

2241 5570 2286 5624 si
2309 5587 2340 5623 a
2368 5571 2433 5626 dc
2456 5573 2486 5626 b
2514 5572 2731 5639 dicitur,
2764 5584 2818 5630 et
2845 5576 2873 5629 ὁ
2900 5574 2967 5639 de
2992 5594 3040 5641 ε.
3066 5580 3336 5636 videbitur
3362 5584 3505 5639 enim
3535 5586 3613 5641 sic
3652 5602 3713 5643 se
3741 5589 3831 5643 ha-

2240 5660 2487 5718 bentibus
2546 5666 2789 5722 terminis
2826 5682 2945 5725 esse
2991 5670 3367 5740 syllogismus,
3403 5690 3509 5731 non
3544 5676 3601 5730 ﬁt
3653 5688 3829 5736 autem

2186 5834 2189 5835 ν
2240 5770 2416 5833 neque
2446 5762 2814 5819 necessarium
2845 5762 3180 5841 quidquam,
3232 5781 3411 5839 neque
3457 5769 3828 5843 syllogismus.
