4296 6266
407 322 512 380 677

1045 319 1355 379 PRIORUM
1397 319 1930 383 ΑΝΑιντιοοιιυω

2088 324 2420 384 ετῡτειιε
2457 328 3037 390 lNTERPRETATlO.

3566 338 3668 395 678

408 434 489 490 Sit
517 433 662 491 enim
703 433 757 489 in
801 446 907 503 quo
936 450 971 505 ᾳ
1012 448 1227 503 semper
1270 450 1391 495 esse
1413 475 1427 501 ,
1480 436 1531 489 in
1577 450 1684 506 quo
1732 447 1908 493 autem
1957 440 1987 492 ι
2017 440 2069 500 Α
2097 440 2241 495 mine
2268 441 2483 509 exponi,
2510 457 2651 513 saepe
2673 446 2812 500 enim
2846 456 3004 503 erunt
3034 451 3310 513 orationes
3342 428 3532 537 quibus
3566 472 3671 513 non

408 527 756 595 intelligibilis
789 528 1198 592 Aristomenes,
1244 528 1295 580 itt
1350 544 1454 598 quo
1486 538 1662 582 autem
1713 546 1738 581 c
1781 530 1988 584 Aristo-

410 631 616 678 menes,
648 631 832 671 verum
864 627 945 670 est
968 626 1143 672 autem
1166 634 1196 669 α
1225 616 1401 671 inesse
1432 617 1478 683 b,
1510 631 1723 686 semper
1742 620 1883 673 enim
1906 629 1991 674 est

412 708 759 777 intelligibilis
786 707 1156 762 Aristomenes
1176 750 1189 777 ,
1224 708 1315 762 sed
1340 716 1391 763 et
1418 707 1445 761 b
1470 707 1537 771 de
1558 724 1607 773 ε,
1639 723 1759 763 nam
1781 711 1987 767 Aristo-

408 812 594 853 menes
635 806 718 853 est
765 798 1117 867 intelligibilis
1164 797 1562 864 Aristomenes,
1608 816 1641 857 a
1668 809 1844 859 autem
1884 816 1987 855 non

409 888 549 943 inest
570 904 617 952 c,
643 887 1007 955 corruptibilis
1036 878 1117 943 est
1147 889 1288 942 enim
1318 888 1720 953 Aristomenes;
1752 905 1861 947 non
1890 890 1991 963 igi-

410 987 497 1033 tur
520 979 679 1033 ilebat
698 978 1038 1048 syllogismus
1067 978 1143 1033 sic
1167 992 1225 1033 se
1247 978 1563 1035 habentibus
1590 980 1836 1036 terminis
1854 1022 1869 1049 ,
1894 981 1987 1036 sed

409 1069 688 1138 oportebat
718 1068 1094 1125 universaliter
1123 1084 1154 1120 a
1179 1068 1206 1118 b
1233 1068 1369 1122 sumi
1401 1070 1823 1139 propositionem
1848 1087 1861 1123 :
1889 1071 1992 1126 hoc

408 1176 537 1217 vero
559 1160 749 1223 falsum
781 1162 923 1231 quod
958 1148 1180 1232 putabat
1199 1146 1415 1214 omnem
1456 1161 1846 1232 iutelligibilem
1873 1162 1990 1223 Ari-

405 1263 700 1308 stomenem
729 1268 943 1322 semper
964 1267 1104 1316 esse,
1135 1267 1254 1306 cum
1288 1251 1656 1313 Aristomenes
1680 1254 1748 1309 sit
1768 1268 1989 1322 corrup-

405 1341 588 1397 tibilis.
630 1343 863 1396 Rursum
902 1342 971 1395 sit
1008 1341 1061 1394 in
1092 1356 1198 1415 quo
1228 1340 1439 1409 quidem
1467 1358 1493 1393 c
1522 1340 1739 1396 Micalus
1764 1382 1777 1407 ,
1810 1343 1861 1395 in
1886 1356 1992 1412 quo

407 1446 582 1491 autem
608 1437 635 1489 b
660 1437 894 1491 musicus
936 1436 1177 1499 Micalus,
1207 1435 1258 1488 in
1296 1450 1401 1503 quo
1425 1444 1601 1497 autem
1646 1452 1676 1489 a
1723 1436 1989 1504 corrumpi

409 1541 546 1581 cras.
581 1526 778 1580 Verum
807 1535 890 1579 est
921 1540 1046 1587 ergo
1068 1524 1094 1575 b
1120 1524 1186 1577 de
1216 1540 1241 1575 c
1266 1523 1571 1599 prtcdicari,
1607 1539 1729 1577 nam
1775 1524 1994 1577 Micalus

410 1628 496 1673 est
544 1619 777 1674 musicus
809 1617 1052 1680 Micalus,
1088 1615 1181 1670 sed
1236 1626 1291 1670 et
1338 1632 1368 1668 α
1417 1616 1484 1671 de
1513 1616 1571 1680 b,
1620 1627 1995 1686 corrumpetur

411 1711 555 1761 enim
575 1722 694 1762 cras
723 1706 954 1760 musicus
978 1705 1216 1770 Micalus,
1248 1722 1279 1758 a
1307 1704 1483 1758 autem
1507 1704 1573 1759 de
1594 1722 1618 1757 c
1646 1704 1830 1761 falsum
1856 1723 1869 1758 :
1893 1706 1991 1760 hoc

2092 535 2633 602 ponuntur-nomint,
2685 554 2848 605 quare
2893 552 2946 595 et
2996 542 3211 599 difﬁcile
3263 535 3369 599 erit
3409 548 3669 606 reduci-re

2094 620 2394 692 huiusmodi
2418 626 2779 694 syllogismos,
2806 629 3087 700 aliquot'es
3109 644 3284 688 autem
3316 644 3369 689 et
3398 634 3507 691 falli
3533 640 3671 692 acci-

2092 713 2183 769 det
2208 728 2424 785 propter
2446 717 2743 783 huiusmodi
2770 722 3189 793 inquisitionem,
3214 740 3267 783 ut
3298 733 3549 801 quoniam
3572 735 3669 795 im-

2091 806 2442 861 mediatorum
2472 809 2574 860 erit
2605 805 2978 879 syllogismus,
3013 815 3079 867 sit
3105 817 3243 870 enim
3268 836 3297 871 a
3324 820 3430 872 duo
3460 826 3610 895 recti,
3646 826 3675 878 lt

2093 906 2271 950 autem
2317 900 2633 965 triangulus,
2675 916 2702 950 ε
2729 914 2855 953 vero
2884 904 3245 971 :equierttrus;
3280 925 3404 979 ergo
3436 914 3481 966 ei
3520 898 3660 987 quod

2092 994 2174 1040 est
2197 1003 2224 1040 c
2250 987 2385 1040 inest
2425 1004 2457 1040 α
2486 1000 2708 1057 propter
2734 990 2797 1054 b;
2826 991 2874 1044 ei
2907 1008 3033 1046 vero
3062 996 3204 1063 quod
3251 1010 3331 1051 est
3360 1002 3408 1066 b,
3441 1018 3472 1056 ιι
3513 1022 3543 1056 n
3581 1010 3676 1059 ite-

2093 1092 2211 1131 rum
2248 1089 2467 1146 propter
2503 1079 2676 1143 aliud,
2731 1096 2823 1150 per
2868 1097 2925 1136 se
2975 1085 3116 1137 enim
3175 1087 3468 1159 triangulus
3518 1094 3676 1149 habet

2093 1171 2226 1224 duos
2272 1178 2471 1236 rectos,
2503 1187 2667 1240 quare
2713 1189 2819 1227 non
2849 1176 2947 1229 erit
2980 1176 3215 1231 medium
3267 1182 3383 1247 ejus
3426 1186 3564 1265 quod
3596 1195 3677 1243 est

2093 1278 2123 1313 α
2148 1262 2178 1314 b
2198 1303 2213 1327 ,
2243 1278 2360 1315 cum
2390 1263 2459 1317 sit
2484 1264 2985 1320 demonstrativum.
3018 1266 3353 1325 Manifestum
3377 1262 3518 1327 enim
3545 1268 3674 1350 quo-

2093 1353 2235 1407 niam
2276 1355 2505 1409 medium
2536 1370 2642 1410 non
2674 1358 2751 1410 sic
2780 1372 2994 1431 semper
3033 1371 3113 1415 est
3145 1362 3460 1419 sumendum
3492 1377 3545 1421 ut
3580 1367 3677 1423 hoc

2093 1444 2314 1511 aliquid,
2347 1445 2439 1498 sed
2468 1444 2756 1515 aliquando
2783 1450 3103 1519 orationem,
3137 1453 3277 1523 quod
3307 1456 3504 1523 accidit
3535 1468 3588 1513 et
3618 1457 3671 1515 in

2094 1534 2368 1604 praedicto.
2405 1535 2583 1591 inesse
2611 1546 2785 1593 autem
2818 1541 3048 1621 primum
3085 1544 3261 1600 medio
3288 1587 3302 1610 ,
3334 1557 3388 1602 et
3438 1548 3539 1605 hoc
3586 1567 3677 1621 po-

2094 1634 2296 1680 stremo
2336 1641 2442 1679 non
2484 1638 2697 1695 oportet
2723 1645 2953 1695 sumere,
2996 1641 3053 1688 ut
3084 1634 3439 1701 przedicentur
3465 1654 3679 1709 semper

2095 1719 2161 1773 ad
2191 1733 2250 1772 se
2278 1717 2503 1774 invicem
2532 1720 2801 1789 similiter,
2835 1733 2890 1779 et
2918 1726 3148 1793 primum
3178 1728 3243 1782 de
3275 1731 3470 1796 medio,
3498 1743 3550 1787 et
3578 1735 3679 1799 hoc

411 1806 589 1851 autem
614 1795 754 1849 idem
786 1805 870 1850 εει
899 1795 1084 1891 ρι’ῘοξῙν
1120 1808 1222 1848 ηοη
1277 1794 1420 1891 θξιίη]
1448 1810 1630 1849 verum
1667 1804 1746 1849 εει
1774 1800 1992 1861 univere
2020 1809 2067 1869 Β
2099 1808 2167 1862 de
2195 1818 2503 1878 postremo,
2533 1819 2587 1865 et
2615 1811 2664 1863 in
2706 1828 2810 1866 non
2843 1813 3015 1868 inesse
3046 1816 3315 1883 similiter,
3347 1794 3679 1890 Sedquoties

412 1886 633 1952 saliter,
660 1883 876 1938 Micalus
908 1883 1138 1937 lllllriCUS
1169 1883 1417 1953 quoniam
1451 1892 1818 1954 corrumpetur
1847 1901 1987 1940 cras.

410 1978 523 2034 Hoc
552 1988 730 2034 autem
761 1992 865 2031 non
895 1986 1106 2049 sumpto
1157 1990 1262 2031 non
1293 1984 1415 2042 erat,
1454 1977 1819 2047 syllogismus.
1869 1980 1992 2041 licet:

412 2083 541 2139 ergo
572 2070 773 2124 fallacia
801 2068 933 2125 litin
964 2084 1029 2122 eo
1054 2066 1197 2138 quod
1224 2083 1379 2137 pene,
1413 2076 1470 2122 ut
1498 2070 1641 2133 enim
1671 2071 1802 2125 nihil
1832 2070 1991 2139 dilic-

411 2162 729 2218 rensdieere
751 2161 853 2223 hoc
872 2163 995 2215 huic
1013 2160 1316 2227 inesse,aut
1339 2159 1441 2217 hoc
1466 2160 1589 2225 huic
1617 2162 1760 2217 omni
1792 2162 1988 2230 inesse,

414 2253 776 2308 concedimus.

949 2340 1174 2397 CAPUT
1213 2340 1455 2403 XXXVI.

874 2432 949 2488 De
975 2434 1161 2489 ectltest'
1192 2435 1539 2488 terminorum.

489 2546 812 2615 Frequenter
854 2554 1032 2603 autem
1081 2547 1293 2617 mentiri
1341 2548 1558 2615 evenit,
1592 2562 1658 2603 eo
1702 2546 1848 2618 quod
1884 2562 1995 2605 non

416 2642 553 2697 bene
590 2650 928 2711 exponuntur
971 2640 1262 2699 secundum
1304 2642 1723 2710 propositionem
1756 2642 1992 2706 termini,

418 2741 474 2786 ut
495 2731 541 2785 si
565 2748 596 2784 a
623 2731 836 2801 quidem
867 2732 938 2787 sit
966 2732 1189 2797 sanitas,
1228 2731 1258 2795 ῤ
1300 2739 1477 2787 autem
1511 2732 1790 2800 aegritudo,
1819 2749 1847 2787 c
1870 2749 1997 2791 vero

420 2824 601 2890 homo,
652 2838 834 2878 verum
882 2834 965 2879 est
1006 2822 1149 2878 enim
1198 2822 1381 2881 dicere
1424 2823 1678 2893 quoniam
1734 2840 1767 2877 α
1809 2824 1937 2879 nulli
1968 2823 1997 2877 ὁ

418 2915 681 2984 contingit
708 2913 907 2981 inesse,
942 2912 1070 2978 nulli
1102 2912 1243 2967 enim
1273 2912 1572 2982 aegritudini
1603 2913 1805 2971 sanitas
1828 2915 1993 2978 inest;

417 3014 470 3060 et
487 3020 695 3071 rursum
718 3006 969 3083 quoniam
1002 3006 1029 3059 b
1054 3004 1190 3065 inest
1220 3004 1365 3077 omni
1393 3021 1442 3070 ς,
1471 3006 1647 3063 omnis
1668 3005 1811 3065 enim
1837 3004 1998 3065 homo

376 3094 380 3098 “
422 3096 781 3165 susceptibilis
812 3106 893 3150 est
923 3095 1275 3165 aegritudinis,
1300 3095 1563 3159 videbitur
1594 3111 1721 3167 ergo
1751 3098 1999 3155 accidere

2095 1899 2289 1953 dcitur
2317 1914 2439 1955 esse
2485 1908 2538 1955 et
2566 1916 2753 1954 verum
2807 1903 3019 1971 dicere,
3073 1905 3175 1960 hoc
3220 1908 3381 1963 toties
3428 1911 3679 1967 arbitrari

2096 2000 2308 2058 Oportet
2338 1990 2638 2059 signiﬁcare
2668 2004 2719 2046 et
2748 1994 2949 2049 inesse.
2979 1993 3050 2048 Ut
3090 1998 3340 2065 quoniam
3385 2001 3680 2056 contrario-

2097 2096 2213 2134 rum
2239 2096 2341 2153 nna
2384 2093 2467 2145 est
2499 2082 2780 2154 disciplina
2809 2102 2824 2142 :
2857 2087 2923 2149 sit
2953 2088 3097 2159 enim
3126 2106 3158 2161 ᾳ
3187 2105 3345 2151 unam
3376 2106 3496 2157 esse
3519 2093 3680 2157 disci-

2098 2172 2319 2242 plinam,
2350 2174 2377 2227 b
2404 2184 2586 2231 autem
2610 2182 2880 2237 contraria
2911 2180 3015 2236 sibi
3053 2183 3307 2250 invicem,
3337 2202 3369 2237 a
3392 2201 3519 2256 ergo
3540 2187 3681 2244 inest

2099 2266 2150 2332 b,
2182 2281 2289 2320 non
2315 2269 2566 2336 quoniam
2596 2273 2863 2326 contraria
2894 2289 3049 2328 unam
3079 2290 3217 2345 esse,
3231 2293 3418 2332 eorum
3445 2279 3681 2350 discipli-

2099 2373 2244 2424 nam,
2270 2360 2367 2417 sed
2392 2360 2643 2429 quoniam
2687 2378 2873 2419 rerum
2901 2376 2986 2421 est
3021 2367 3202 2424 dicere
3228 2370 3307 2425 de
3351 2370 3480 2441 ipsis
3520 2387 3679 2428 unam

2097 2461 2219 2511 esse
2262 2464 2449 2507 eorum
2491 2451 2849 2521 disciplinam.
2901 2458 3112 2519 Accidit
3154 2464 3680 2535 mtemtquandoqle

2099 2542 2326 2609 primum
2359 2543 2426 2597 de
2456 2544 2633 2605 medio
2660 2545 2789 2611 dici.
2814 2549 3053 2611 mtuum
3074 2561 3256 2607 ιιιιειιι
3286 2555 3357 2609 de
3383 2556 3541 2610 tertio
3562 2548 3691 2612 non'

2068 2692 2071 2693 γ
2100 2632 2225 2697 dici,
2267 2644 2324 2689 ut
2365 2636 2409 2688 si
2441 2636 2633 2704 sophia
2662 2649 2744 2697 est
2781 2641 3096 2709 disciplina,
3126 2644 3252 2699 boni
3276 2656 3459 2707 autem
3481 2656 3567 2705 est
3593 2662 3683 2703 so.

2102 2723 2259 2791 pbia:
2291 2726 2588 2793 conclusio,
2618 2729 2869 2796 quoniam
2901 2732 3024 2793 boni
3051 2743 3133 2788 est
3171 2734 3480 2805 disciplina,
3503 2746 3685 2794 etnon

2101 2814 2301 2887 bonum
2356 2819 2566 2887 quidem
2622 2834 2701 2885 est
2752 2822 3073 2891 disciplina,
3127 2827 3317 2896 sophia
3364 2839 3546 2889 autem
3593 2837 3679 2885 est

2101 2908 2396 2979 disciplina.
2446 2911 2777 2981 Quandoque
2829 2923 3007 2973 auten
3052 2918 3287 2975 modium
3334 2919 3551 2986 quidet]:
3604 2921 3680 2975 de

2102 3002 2259 3065 tertio
2285 3001 2482 3061 dicitur
2502 3040 2517 3069 ,
2551 2998 2779 3069 primum
2809 3014 2991 3065 autem
3013 3005 3082 3060 de
3110 3007 3289 3065 taedio
3311 3022 3421 3064 non
3447 3008 3644 3065 dicitur
3664 3049 3683 3076 ,

2102 3092 2221 3147 utsi
2243 3093 2414 3160 qualis
2434 3093 2610 3161 omnis
2632 3103 2714 3151 est
2734 3094 3034 3164 disciplina,
3065 3105 3160 3155 aut
3179 3097 3459 3159 contrarii.
3484 3097 3685 3161 80m
3776 3144 3781 3149 ,

420 3184 551 3239 nulli
583 3184 787 3239 homini
818 3184 1128 3257 contingere
1168 3186 1450 3245 sanitatem
1483 3188 1681 3251 inesse.
1716 3186 1878 3256 llujus
1906 3203 1996 3245 an.~
2018 3174 2071 3259 Ω
2101 3195 2281 3241 autem
2308 3194 2424 3247 est,
2469 3198 2523 3247 et
2554 3188 2917 3253 contrarium,
2947 3197 3001 3251 et
3028 3189 3221 3267 quale:
3267 3190 3547 3255 conclurio
3568 3193 3687 3259 qui-

421 3284 530 3332 tem
561 3292 718 3331 causa
763 3289 845 3332 est
884 3280 1026 3350 quod
1068 3294 1197 3336 non.
1228 3281 1363 3335 bene
1407 3286 1752 3348 exponuntur
1784 3282 1998 3335 termini

419 3366 709 3421 secundum
756 3367 1112 3437 locutionem,
1172 3370 1419 3441 quoniam
1476 3371 1850 3438 transsumptis
1883 3386 2002 3441 qua:

417 3458 479 3513 iis
508 3470 629 3514 sunt
652 3461 941 3516 secundum
974 3461 1335 3531 habitudines,
1371 3476 1475 3527 non
1507 3461 1609 3525 erit
1636 3460 1997 3533 syllogismus.

414 3549 484 3606 Ut
512 3551 555 3606 si
580 3567 674 3621 pro
695 3553 923 3606 sanitate
950 3551 1167 3623 quidem
1201 3562 1428 3619 ponatur
1449 3564 1639 3603 sanum
1662 3590 1675 3613 ,
1711 3565 1809 3620 pro
1839 3551 2001 3623 aegri-

355 3676 372 3713 _.
416 3643 597 3709 tudine
634 3654 812 3698 autem
845 3659 1046 3714 :egrum
1075 3683 1089 3708 ,
1132 3656 1235 3695 non
1278 3642 1418 3695 enim
1462 3656 1645 3697 verum
1685 3652 1769 3696 est
1817 3642 1998 3699 dicere

415 3740 659 3804 quoniam
686 3753 790 3790 non
829 3738 1086 3809 contingit
1116 3735 1396 3806 aegrotanti
1432 3738 1607 3791 inesse
1638 3751 1826 3792 sanum
1856 3753 1996 3805 esse,

415 3828 517 3881 hoc
539 3838 714 3881 autem
742 3843 845 3879 non
875 3836 1110 3895 sumpto,
1145 3844 1246 3881 non
1273 3827 1330 3880 iit
1359 3827 1728 3897 syllogismus,
1754 3829 1850 3885 nisi
1875 3843 2000 3883 con-

416 3917 691 3985 tiugentis.
716 3916 825 3969 Hoc
848 3926 1025 3970 autem
1055 3930 1159 3971 non
1188 3915 1539 3985 impossibile,
1573 3919 1837 3988 contingit
1860 3920 2001 3973 enim

418 4008 547 4060 nulli
579 4006 778 4058 homini
810 4004 987 4059 inesse
1018 4007 1322 4058 sanitatem.
1373 4010 1601 4061 ltursum
1636 4008 1685 4060 in
1732 4009 1903 4063 media
1942 4010 2001 4062 ii-

418 4114 544 4168 gura
582 4097 829 4152 similiter
854 4099 955 4151 erit
981 4098 1188 4150 falsum.
1223 4097 1352 4151 Nam
1382 4098 1665 4153 sanitatem
1700 4099 1999 4169 a~gritudini

418 4194 631 4259 quidem
685 4193 843 4258 nulli,
889 4192 1088 4246 homini
1138 4208 1264 4247 vero
1301 4193 1441 4245 onmi
1490 4193 1749 4261 contingit
1795 4193 1998 4260 inesse,

413 4298 577 4351 quare
609 4283 734 4335 nulli
792 4281 995 4335 homini
1030 4281 1309 4349 aegritudo.
1346 4281 1398 4335 ln
1437 4284 1588 4339 tertia
1623 4292 1801 4337 autem
1836 4283 1999 4350 ﬁgura

413 4371 704 4435 secundum
735 4373 1045 4440 contingere
1094 4388 1153 4425 ne
1190 4372 1283 4425 illit
1317 4372 1531 4435 falsum,
1563 4374 1761 4427 etenim
1796 4376 1999 4428 sanita-

415 4470 542 4527 tem,
573 4472 625 4516 et
655 4463 1037 4531 aegritudinem,
1061 4474 1107 4516 ct
1142 4464 1506 4531 disciplinam,
1541 4475 1595 4519 et
1621 4467 1994 4539 ignorantiam,

2103 3279 2249 3345 dem,
2297 3279 2551 3349 quoniam
2582 3279 2709 3337 boni
2757 3289 2842 3335 est
2867 3279 3172 3350 disciplina.
3206 3280 3323 3341 Non
3374 3291 3461 3343 est
3508 3292 3686 3357 autem

2102 3370 2301 3429 bonum
2333 3370 2612 3441 disciplina
2633 3413 2648 3437 ,
2697 3385 2872 3442 neque
2900 3371 3079 3441 quale,
3111 3385 3287 3441 neque
3325 3373 3685 3438 contrarium,

2103 3461 2198 3517 sed
2220 3461 2460 3521 omnium
2494 3459 2794 3533 disciplina.
2824 3460 2943 3529 Non
2982 3471 3064 3525 est
3088 3471 3269 3523 autem
3299 3462 3495 3527 bonum
3524 3462 3689 3524 diacic

2104 3553 2273 3626 plina,
2327 3567 2501 3623 neque
2555 3552 2834 3611 conclusio
2886 3552 3185 3615 secundum
3221 3564 3468 3622 rectum,
3517 3569 3690 3623 neque

2103 3648 2279 3714 quale,
2300 3660 2476 3716 neque
2501 3648 2831 3702 contrarium
2849 3684 2865 3709 .
2893 3646 2988 3701 sed
3009 3646 3205 3709 bonum
3234 3647 3368 3707 haec.
3395 3648 3487 3707 Est
3510 3657 3688 3707 autem

2103 3738 2422 3808 quandoque
2452 3744 2629 3809 neque
2673 3740 2904 3807 primum
2931 3738 3000 3794 de
3026 3739 3224 3804 medio,
3272 3753 3447 3809 neque
3491 3738 3592 3797 hoc
3622 3740 3692 3796 de

2072 3832 2295 3898 ,tcrtio,
2350 3832 2521 3899 primo
2550 3830 2620 3885 de
2671 3832 2828 3885 tertio
2878 3832 3202 3901 quandoque
3249 3832 3463 3900 quidem
3512 3834 3690 3901 dicto,

2104 3923 2427 3992 quandoque
2451 3932 2629 3977 autem
2651 3936 2757 3977 non
2771 3921 2938 3981 dicto.
2966 3923 3093 3985 ι]ιεί
3110 3923 3265 3991 cuius
3284 3934 3368 3987 est
3382 3926 3691 3994 disciplina,

2109 4011 2270 4078 hujus
2295 4022 2374 4064 est
2401 4026 2590 4080 genus,
2612 4011 2736 4077 boni
2764 4019 2938 4065 autem
2958 4020 3042 4069 est
3065 4011 3345 4080 disciplina
3363 4030 3377 4064 :
3396 4015 3692 4084 conclusio,

2105 4102 2354 4169 quoniam
2404 4100 2529 4154 boui
2559 4107 2644 4153 est
2685 4114 2873 4169 genus.
2905 4097 3236 4171 Praedicator
3260 4110 3439 4165 autem
3480 4104 3682 4165 nullum

2111 4192 2179 4245 de
2211 4191 2386 4254 nullo.
2435 4191 2481 4246 si
2512 4199 2686 4244 autent
2720 4191 2873 4260 cujus
2917 4199 2999 4253 est
3034 4190 3347 4262 disciplina,
3395 4208 3562 4264 genus
3601 4206 3684 4251 est
3752 4182 3764 4193 ’

2111 4285 2233 4346 hoc,
2268 4282 2392 4336 boni
2438 4291 2614 4335 autem
2654 4289 2738 4335 est
2764 4280 3082 4350 disciplina:
3110 4282 3409 4350 Conclusio,
3434 4283 3689 4353 quoniam

2105 4376 2299 4431 boiiuin
2333 4384 2415 4429 est
2440 4390 2637 4446 genus:
2665 4389 2796 4445 ergo
2825 4375 2893 4432 de
2918 4384 3165 4443 extremo
3189 4377 3406 4446 quidem
3436 4377 3694 4447 pradica-

2107 4480 2191 4523 ιω·
2243 4469 2502 4538 primum,
2545 4468 2615 4524 de
2667 4484 2724 4524 se
2774 4476 2954 4532 autem
3008 4470 3238 4527 invicem
3272 4486 3373 4533 non
3423 4469 3691 4533 dicuntur.

415 4563 469 4608 et
511 4554 726 4607 omnino
774 4551 1038 4607 contraria
1090 4556 1234 4607 omni
1268 4556 1443 4605 eidem
1490 4556 1752 4625 contingit
1783 4558 1995 4619 inesse,
2024 4548 2076 4607 Β
2104 4560 2307 4627 Eodem
2350 4571 2527 4625 autem
2574 4559 2733 4614 modo
2762 4570 2816 4615 et
2849 4576 2952 4616 non
3001 4560 3184 4617 inesse
3214 4561 3556 4631 sumendum,
3592 4576 3697 4625 non

412 4642 512 4697 sibi
544 4659 665 4697 vero
695 4644 917 4699 invicem
952 4644 1285 4713 impossibile
1306 4686 1319 4707 ,
1356 4647 1459 4700 hoc
1482 4656 1659 4701 autem
1693 4650 2000 4703 confessum

410 4734 463 4788 in
508 4738 797 4803 pra-dictis.
856 4735 987 4791 Cum
1037 4737 1178 4791 enim
1236 4736 1411 4792 eidem
1474 4741 1625 4807 plura
1686 4743 2003 4813 contingere

412 4826 617 4889 inesse,
659 4812 1060 4896 eontingebant’
1084 4837 1139 4881 et
1194 4828 1295 4881 sibi
1358 4828 1612 4886 invicem.
1664 4812 1999 4886 Manifestum

411 4918 570 4987 igitur
591 4919 842 4987 quoniam
865 4920 914 4971 in
937 4918 1185 4973 omnibus
1213 4919 1296 4973 his
1328 4919 1541 4975 fallacia
1570 4922 1625 4974 lit
1655 4932 1873 4990 propter
1898 4934 2002 4977 ter-

409 5016 672 5069 minorum
703 5016 1119 5084 expositionem,
1159 5018 1540 5085 transsumptis
1579 5019 1723 5073 enim
1767 5019 1849 5072 his
1882 5034 2001 5086 quae

407 5113 532 5159 sunt
575 5108 866 5161 secundum
901 5106 1272 5170 habitudines,
1304 5107 1436 5161 nihil
1469 5108 1525 5162 iit
1558 5109 1772 5164 falsum.
1815 5108 1997 5163 Palam

412 5212 536 5263 rrgo
585 5198 835 5266 quoniam
891 5196 1186 5252 secundum
1239 5197 1541 5265 hujusmodi
1594 5201 1992 5268 propositiones

407 5303 619 5358 semper
659 5289 799 5359 quod
824 5299 913 5344 est
968 5289 1264 5344 secundum
1319 5291 1599 5358 habitum,
1656 5309 1748 5358 pro
1804 5295 1991 5348 habitu

406 5381 725 5437 sumendum
752 5389 805 5435 et
842 5381 1145 5449 ponendmn
1177 5363 1490 5436 terminum.

937 5491 1169 5547 CAPUT
1208 5491 1471 5546 XXXVII.

626 5582 704 5638 De
732 5583 915 5639 εσυιωί
955 5585 1281 5638 terminorttm
1308 5586 1699 5653 compositorum
1733 5596 1782 5639 et

873 5654 1187 5721 obliquorum
1236 5655 1538 5725 syllogismi.

480 5768 597 5829 Non
624 5777 836 5843 oportet
862 5780 1041 5826 autem
1074 5772 1333 5828 terminos
1376 5785 1589 5843 semper
1617 5786 1858 5845 quaerere
1898 5786 1995 5829 no.
2028 5846 2061 5853 ν

2107 4652 2249 4705 enim
2304 4665 2516 4715 semper
2570 4649 2833 4725 signiﬁcat
2886 4665 2991 4703 non
3028 4650 3207 4715 inesse
3257 4650 3359 4707 hoc
3412 4652 3553 4721 huic,
3586 4667 3691 4714 non

2104 4758 2222 4799 esse
2268 4742 2368 4796 hoc
2391 4782 2405 4807 ,
2453 4742 2582 4805 hoc;
2615 4740 2708 4797 sed
2736 4739 3023 4809 aliquando
3054 4755 3177 4809 .tton
3222 4757 3341 4807 esse
3370 4743 3471 4797 hoc
3502 4742 3693 4811 hujus,

2104 4854 2194 4900 aut
2226 4844 2324 4897 hoc
2354 4843 2475 4911 huic
2502 4858 2515 4893 :
2557 4850 2615 4896 ut
2652 4839 2903 4909 quoniam
2946 4854 3053 4913 non
3083 4849 3165 4905 est
3194 4842 3446 4905 motionis
3474 4849 3652 4903 motus
3677 4880 3693 4904 ,

2104 4952 2193 4997 aut
2215 4940 2578 5012 generationis
2603 4941 2878 5011 generatio
2899 4979 2913 5003 ,
2948 4938 3230 5015 uoluptatis
3252 4948 3428 5001 autem
3459 4951 3565 5004 est,
3589 4954 3697 4995 non

2107 5051 2234 5106 ergo
2286 5034 2533 5103 voluptas
2574 5032 2875 5103 generatio.
2908 5032 3017 5093 Aut
3063 5047 3246 5089 tursus
3273 5037 3528 5102 quoniam
3558 5033 3699 5087 risus

2108 5137 2191 5191 est
2219 5129 2451 5198 signum,
2487 5126 2621 5194 signi
2653 5132 2832 5187 autem
2869 5138 2972 5178 non
3007 5134 3089 5185 est
3120 5125 3365 5192 signum.
3395 5138 3560 5190 quare
3591 5137 3697 5177 non

2090 5230 2183 5279 est
2220 5224 2437 5291 signum,
2462 5220 2630 5282 risus;
2661 5218 2908 5273 similiter
2931 5228 3110 5277 autem
3142 5228 3195 5275 ut
3226 5218 3274 5271 in
3304 5219 3453 5278 aliis.
3490 5218 3541 5271 in
3573 5219 3694 5287 qui-

2104 5315 2203 5373 bus
2252 5314 2571 5373 interimitur
2623 5311 2992 5379 propositum,
3025 5325 3092 5364 eo
3122 5310 3264 5379 quod
3294 5311 3491 5377 dicitur
3519 5311 3697 5380 aliquo

2107 5404 2269 5461 modo
2291 5402 2356 5457 ad
2388 5404 2437 5458 id
2470 5417 2657 5470 genus.
2704 5402 2908 5471 Rursus
2936 5401 3189 5469 quoniam
3232 5403 3447 5463 occasio
3475 5419 3580 5458 non
3613 5410 3696 5459 est

2110 5505 2319 5564 tempus
2347 5502 2729 5563 Opportunum,
2768 5492 2876 5551 Deo
2908 5492 3052 5549 enim
3083 5494 3295 5553 occasio
3324 5494 3540 5562 quidem
3572 5504 3657 5552 est
3680 5535 3696 5561 ,

2111 5582 2319 5658 tempus
2347 5571 2524 5643 autem
2556 5594 2911 5655 opportunum
2936 5600 3043 5641 non
3070 5595 3172 5651 est,
3203 5601 3269 5641 eo
3289 5588 3430 5656 quod
3463 5588 3592 5643 nihil
3624 5589 3699 5644 sit

2110 5679 2221 5733 Deo
2260 5679 2564 5733 conferens.
2600 5674 2882 5730 Terminus
2908 5674 3052 5729 enim
3082 5676 3388 5744 ponendum
3419 5687 3501 5735 est
3530 5693 3692 5734 occa-

2106 5772 2309 5828 sionem
2327 5810 2342 5840 ,
2369 5783 2419 5826 et
2443 5778 2651 5841 tempus
2674 5776 3033 5839 opportunum
3056 5810 3070 5836 ,
3102 5777 3156 5824 et
3180 5768 3701 5844 Deum..P-ropositio
