4296 6266
645 279 747 336 679

644 480 787 534 enim
835 478 936 533 hoc
979 474 1205 529 dicimus
1230 472 1297 528 de
1326 472 1578 527 omnibus
1604 512 1619 539 ,
1670 476 1922 543 quoniam
1974 477 2231 530 terminos

642 571 856 640 quidem
903 579 1118 635 semper
1163 563 1465 635 ponendum
1508 564 1801 620 secundum
1845 564 2230 623 declinationes

642 661 937 723 nominum,
969 664 1027 711 ut
1058 658 1247 723 homo,
1282 664 1373 709 aut
1410 654 1611 712 bonum
1639 695 1655 721 ,
1690 666 1781 712 aut
1801 657 2069 713 contraria
2092 700 2107 725 ,
2139 665 2231 713 aut

643 749 896 815 hominis,
926 756 1018 803 aut
1044 747 1171 803 boni
1198 787 1213 813 ,
1256 754 1347 802 aut
1380 747 1793 803 contrariorum.
1827 747 2229 819 l’ropositiones

645 850 819 897 autem
866 839 1184 894 sumendum
1235 838 1526 894 secundum
1584 824 2082 910 cujusque'casus,
2139 850 2230 897 aut

642 934 785 991 enim
809 931 1061 1003 quoniam
1093 930 1214 986 huic
1241 940 1297 986 ut
1326 932 1552 1001 aequale,
1584 943 1675 986 aut
1703 934 1955 1002 quoniam
1984 933 2142 1003 hujus
2172 943 2230 990 ut

643 1027 893 1096 duplum,
926 1033 1016 1080 aut
1039 1024 1292 1096 quoniam
1323 1023 1425 1079 hoc
1452 1033 1511 1079 ut
1536 1024 1757 1095 feriens,
1784 1027 1868 1083 vel
1900 1028 2108 1095 videns,
2137 1036 2232 1083 aut

639 1121 889 1191 quoniam
926 1119 1012 1174 hic
1042 1127 1099 1173 ut
1120 1117 1300 1186 homo,
1336 1117 1533 1173 animal
1553 1158 1569 1184 ,
1595 1127 1686 1173 aut
1716 1118 1760 1174 si
1791 1121 2031 1189 quolibet
2068 1120 2231 1176 modo

641 1199 797 1269 aliter
816 1212 958 1267 cadit
984 1225 1184 1266 nomen
1216 1211 1513 1267 secundum
1556 1211 1979 1279 propositionem
2004 1252 2020 1279 ,
2051 1212 2229 1269 inesse

643 1315 820 1361 autem
870 1304 969 1359 hoc
1024 1304 1168 1368 huic,
1202 1312 1256 1359 et
1278 1316 1468 1359 verum
1517 1318 1639 1359 esse
1671 1304 1773 1360 hoc
1802 1303 1871 1359 de
1897 1305 1999 1361 hoc
2021 1347 2035 1372 ,
2068 1306 2226 1361 toties

648 1396 986 1460 sumendum,
1005 1395 1213 1464 quoties
1236 1394 1649 1463 prcedicamenta
1672 1394 1844 1451 divisa
1864 1405 2010 1463 sunt,
2033 1405 2087 1453 et
2114 1395 2230 1452 hate

644 1496 737 1542 aut
763 1487 940 1556 aliquo
968 1486 1160 1551 modo,
1196 1494 1290 1539 aut
1314 1486 1657 1556 simpliciter,
1710 1489 1941 1558 amplius
1964 1497 2055 1544 aut
2094 1489 2227 1543 sim-

645 1580 833 1651 plicia,
864 1587 957 1633 aut
975 1579 1272 1648 complexa.
1304 1579 1562 1636 Similiter
1586 1590 1763 1637 autem
1795 1591 1849 1637 et
1878 1596 1984 1636 non
2027 1582 2224 1637 inesse.

646 1668 1103 1726 Considerandum
1133 1664 1248 1726 haec
1276 1679 1487 1738 autem,
1535 1679 1590 1727 et
1629 1671 2090 1729 determinandum
2132 1686 2229 1741 op-

646 1764 850 1818 timum.

1162 1936 1387 1995 CAPUT
1420 1937 1706 1997 XXXVIII.

651 2094 729 2151 De
757 2093 1049 2164 anadiplosi
1078 2102 1125 2149 et
1144 2092 1273 2175 thesi
1301 2092 1733 2175 syllogismorum,
1768 2092 1862 2147 hoc
1885 2093 2047 2148 estde
2076 2092 2232 2165 gemi-

1154 2172 1360 2219 natione
1386 2173 1433 2218 et
1462 2172 1732 2233 positione.

725 2317 1137 2414 Reduplicatum
1179 2353 1358 2399 autem
1404 2342 1460 2398 in
1506 2341 1961 2412 propositionibus
2008 2341 2077 2396 ad
2118 2342 2229 2413 pri-

652 2451 796 2492 mam
825 2430 1230 2493 extremitatem
1242 2433 1575 2506 ponendum,
1598 2450 1705 2492 non
1726 2435 1794 2489 ad
1822 2434 2081 2501 medium,
2113 2434 2235 2491 dico

600 2537 613 2543 “
653 2542 831 2588 autem
879 2541 936 2587 ut
982 2532 1028 2586 si
1059 2530 1153 2587 ﬁat
1194 2532 1561 2602 syllogismus,
1613 2532 1863 2602 quoniam
1893 2532 2114 2601 iustitiae
2151 2540 2235 2587 est

652 2626 938 2697 disciplina
967 2626 1220 2696 quoniam
1263 2626 1487 2691 bonum,
1535 2626 1601 2681 ad
1649 2625 1875 2695 primam
1920 2626 2236 2681 extremita-

656 2729 762 2777 tem
797 2716 1125 2789 ponendum.
1159 2717 1239 2774 Sit
1272 2720 1414 2774 enim
1464 2734 1496 2770 a
1539 2716 1822 2788 disciplina
1854 2716 2103 2788 quoniam
2134 2717 2236 2773 bo-

652 2829 802 2880 num,
832 2814 886 2869 in
921 2826 1029 2882 quo
1054 2821 1238 2867 autem
1273 2810 1302 2863 b
1335 2811 1556 2879 bonum,
1592 2809 1647 2865 in
1684 2824 1792 2881 quo
1820 2820 2000 2865 autem
2031 2827 2056 2863 c
2082 2809 2241 2879 justi-

659 2907 753 2972 tia,
785 2920 919 2976 ergo
940 2919 1130 2961 verum
1168 2911 1250 2959 est
1279 2919 1311 2957 a
1349 2903 1418 2958 de
1450 2904 1478 2957 b
1506 2901 1804 2973 praedicari.
1834 2902 1966 2958 Nam
2007 2902 2132 2957 boni
2154 2910 2241 2958 est

653 3000 935 3071 disciplina
964 2999 1215 3070 quoniam
1244 2998 1466 3054 bonum.
1501 2996 1608 3053 Sed
1630 3006 1683 3052 et
1703 2997 1732 3050 b
1763 2998 1830 3053 de
1857 3014 1904 3063 c,
1938 3012 2061 3051 nam
2081 2995 2240 3066 justi-

659 3100 732 3155 tia
759 3097 1013 3169 quiddam
1043 3096 1239 3152 bonum
1265 3101 1380 3161 est;
1406 3095 1483 3149 sic
1515 3108 1642 3164 ergo
1667 3092 1726 3148 ﬁt
1752 3092 2029 3149 resolutio.
2060 3092 2116 3147 Si
2144 3106 2239 3146 au-

1880 273 1995 331 AN.
2032 274 2239 333 MANL.
2280 274 2435 335 BEV.
2479 275 2700 337 BOETII

641 394 821 442 autem
842 384 1098 442 sumenda
1124 379 1419 437 secundum
1436 380 1668 437 nominis
1685 394 1892 448 casum,
1916 383 2230 453 simpliciter
2254 391 2311 453 Α

2248 1952 2251 1953 ν
2333 1898 2481 1949 num,
2507 1884 2757 1939 similiter
2779 1895 2957 1942 autem
2986 1895 3041 1942 et
3069 1886 3120 1941 in
3143 1886 3283 1942 aliis.
3316 1886 3429 1942 Non
3460 1896 3544 1942 est
3571 1897 3747 1943 autem
3771 1887 3916 1943 idem

3817 282 3923 336 680

2873 411 3100 470 CAPUT
3139 412 3384 471 XXXIX.

2646 543 2755 600 Pro
2783 545 2953 601 debita
2991 547 3303 604 resolutione
3332 558 3606 621 praecepta.

2402 698 2627 768 Oportet
2653 710 2831 757 autem
2854 704 3101 774 accipere
3133 721 3254 777 qua:
3284 707 3423 763 idem
3452 718 3676 779 possunt
3702 712 3918 767 nomina

2335 804 2432 858 pro
2461 791 2789 857 nominibus,
2821 801 2877 847 et
2904 794 3177 851 orationes
3206 811 3305 867 pro
3333 799 3692 867 orationibus,
3736 809 3790 856 et
3816 814 3915 855 no-

2335 897 2456 937 men
2496 892 2552 937 et
2595 884 2893 939 orationem
2930 893 2985 940 et
3032 899 3250 956 semper
3278 902 3377 956 pro
3426 889 3673 945 oratione
3720 904 3917 945 nomen
3974 892 3981 899 ”

2333 977 2629 1043 suscipere,
2679 976 2888 1032 fat-ilior
2930 987 3015 1033 est
3063 980 3204 1034 enim
3238 981 3589 1036 torminorum
3628 983 3916 1051 expositio,

2334 1074 2389 1119 ut
2419 1066 2464 1119 si
2494 1066 2567 1119 nil
2598 1066 2777 1121 diﬁert
2800 1068 2977 1123 dicere
3003 1071 3324 1139 suspicabile
3351 1072 3638 1140 cpinabilis
3660 1088 3768 1127 non
3795 1088 3921 1129 esse

2332 1169 2518 1224 genus,
2546 1165 2636 1210 aut
2664 1172 2768 1210 non
2798 1172 2918 1215 esse
2949 1158 3087 1213 idem
3117 1160 3367 1228 quiddam
3397 1161 3742 1231 suspicabile,
3767 1162 3917 1233 quod

2332 1247 2619 1316 opinabile,
2677 1262 2801 1301 nam
2849 1248 2894 1302 si
2932 1248 3073 1302 idem
3116 1259 3198 1304 est
3232 1250 3372 1317 quod
3422 1250 3774 1320 signiﬁcatur,
3810 1267 3912 1321 pro

2335 1338 2582 1395 oratione
2630 1339 2794 1405 dicta,
2845 1340 3169 1411 suspicabile
3217 1350 3270 1396 et
3321 1342 3589 1413 opinabile
3649 1342 3918 1398 terminos

2335 1431 2660 1499 ponendum.
2688 1431 2950 1498 Quoniam
2981 1448 3109 1488 vero
3140 1448 3248 1489 non
3289 1444 3372 1488 est
3402 1434 3543 1489 idem
3583 1434 3915 1504 voluptatem
3966 1472 3975 1480 -

2333 1536 2455 1577 esse
2484 1522 2701 1589 bonum,
2749 1533 2802 1578 et
2845 1538 2966 1579 esse
2999 1525 3324 1594 voluptatem
3372 1525 3514 1595 quod
3545 1525 3766 1594 bonum,
3809 1530 3917 1581 non

2333 1613 2582 1669 similiter
2611 1615 2915 1684 ponendum
2948 1616 3240 1682 terminos;
3274 1616 3368 1672 sed
3397 1616 3443 1672 si
3470 1625 3551 1672 est
3579 1616 3917 1688 syllogismus

2334 1704 2584 1773 quoniam
2629 1706 2875 1776 voluptas
2918 1706 3061 1777 quod
3108 1708 3330 1771 bonum,
3382 1709 3669 1763 terminum
3712 1723 3917 1779 ponen-

2336 1792 2461 1846 dum
2500 1794 2641 1862 quod
2688 1794 2919 1860 bonum;
2963 1797 3011 1849 si
3063 1804 3239 1852 autem
3269 1796 3522 1867 quoniam
3552 1797 3773 1864 bonum,
3822 1799 3920 1853 bo-

2335 1988 2511 2043 ueque
2539 1988 2681 2041 esse,
2717 1976 3098 2046 neque’dicere
3124 1978 3376 2048 quoniam
3425 1978 3512 2033 cui
3539 1978 3566 2032 b
3600 1978 3759 2046 inest,
3791 1978 3919 2035 huic

2338 2082 2555 2138 quoque
2582 2069 2727 2122 omni
2754 2085 2786 2121 a
2813 2069 2973 2135 inest,
3007 2078 3061 2124 et
3088 2068 3290 2139 dicere,
3320 2070 3406 2125 cui
3436 2070 3582 2124 omni
3617 2072 3644 2125 b
3682 2072 3841 2136 inest,
3868 2080 3922 2126 et

2336 2178 2369 2215 α
2417 2162 2560 2217 inest
2588 2160 2753 2227 omni,
2803 2160 2937 2216 nihil
2979 2164 3121 2218 enim
3172 2163 3419 2231 prohibet
3448 2162 3477 2215 ὁ
3507 2163 3683 2219 inesse
3726 2179 3774 2228 c,
3810 2176 3917 2218 non

2337 2262 2516 2308 autem
2562 2251 2727 2305 omni.
2767 2250 2835 2305 Ut
2874 2254 2944 2306 sit
2971 2252 3000 2304 b
3047 2251 3333 2321 pulchrum
3383 2252 3532 2322 quid,
3566 2268 3594 2304 c
3631 2261 3808 2305 autem
3844 2251 3924 2306 al-

2337 2343 2486 2411 bum,
2507 2343 2555 2398 si
2579 2342 2739 2413 igitur
2761 2341 2918 2396 alicui
2948 2342 3072 2397 albo
3094 2344 3232 2397 inest
3252 2342 3532 2413 pulchrum
3558 2342 3707 2410 quid,
3730 2356 3923 2398 verum

2337 2442 2422 2490 est
2459 2434 2638 2489 dicere
2666 2437 2921 2504 quoniam
2962 2434 3088 2489 albo
3130 2435 3270 2489 inest
3314 2433 3622 2504 pulchrum,
3671 2434 3766 2489 sed
3814 2448 3924 2490 non

2342 2529 2491 2584 omni
2522 2528 2773 2584 fortasse.
2820 2528 2879 2583 Si
2907 2544 3037 2598 ergo
3068 2546 3100 2583 a
3146 2530 3287 2584 inest
3316 2530 3365 2595 b,
3417 2544 3524 2583 non
3555 2531 3703 2585 omni
3745 2540 3926 2588 autem

2339 2623 2407 2678 de
2435 2637 2541 2692 quo
2568 2622 2596 2676 b
2625 2620 2821 2692 (neque
2858 2620 2904 2674 si
2933 2620 3080 2675 omni
3111 2637 3156 2687 c,
3178 2658 3183 2661 -
3205 2621 3346 2676 inest
3395 2621 3448 2691 b,
3478 2636 3648 2691 neque
3676 2624 3720 2676 si
3751 2622 3925 2680 solum

2341 2714 2549 2778 alicui),
2580 2727 2690 2768 non
2730 2726 2950 2768 necesse
2991 2720 3074 2766 est
3102 2712 3152 2766 ei
3182 2712 3323 2782 quod
3351 2723 3433 2767 est
3469 2729 3496 2766 c
3521 2714 3699 2769 inesse
3724 2731 3777 2779 a,
3818 2728 3929 2771 non

2342 2808 2468 2876 quia
2499 2819 2603 2860 non
2633 2804 2797 2869 omni,
2840 2804 2937 2859 sed
2965 2818 3065 2859 nec
3088 2803 3266 2859 inesse
3302 2805 3351 2859 ei
3380 2803 3525 2874 quod
3557 2813 3639 2859 est
3665 2822 3712 2859 c.
3744 2805 3802 2861 Si
3835 2820 3929 2860 au-

2344 2903 2451 2953 tem
2483 2896 2550 2952 de
2572 2909 2890 2966 quocunque
2917 2895 2945 2947 b
2975 2895 3185 2951 dicatur
3211 2910 3360 2962 vere,
3392 2897 3518 2951 huic
3543 2898 3688 2952 omni
3716 2899 3855 2954 inest
3873 2916 3926 2965 a,

2343 2990 2551 3047 accidet
2578 3006 2609 3043 a
2643 2989 2709 3044 de
2746 3004 2851 3058 quo
2872 2989 3022 3044 omni
3043 2990 3072 3043 b
3104 2988 3320 3055 dicitur,
3353 2990 3421 3045 de
3450 3005 3518 3046 eo
3547 2991 3695 3047 omni
3721 2992 3843 3046 dici.
3868 2992 3928 3049 Si

2344 3093 2523 3137 autem
2553 3099 2585 3134 a
2615 3080 2810 3136 dicitur
2838 3080 2906 3135 de
2933 3081 3079 3135 omni
3105 3080 3173 3136 de
3201 3096 3309 3151 quo
3337 3081 3366 3135 b
3391 3080 3624 3151 dicatur,
3656 3082 3782 3138 nihil
3806 3098 3928 3153 pro-

658 3158 861 3248 lem-ad
883 3190 914 3242 b
943 3196 1193 3259 ponatur,
1224 3158 1475 3257 quoniam
1510 3158 1727 3250 bonum,
1762 3198 1867 3237 non
1899 3183 2022 3247 erit,
2057 3197 2177 3236 nam
2206 3198 2240 3236 α
2267 3158 2315 3222 C
2346 3176 2494 3231 hibet
2522 3176 2573 3230 ei
2597 3174 2740 3255 quod
2767 3183 2852 3229 est
2878 3190 2905 3227 ο
2937 3174 3115 3230 inesse
3149 3175 3201 3241 b,
3236 3190 3341 3230 non
3372 3177 3521 3231 omni
3556 3180 3731 3231 autem
3760 3194 3809 3243 a,
3840 3186 3929 3233 aut

657 3284 874 3355 quidem
905 3281 973 3337 de
1004 3283 1033 3335 ὁ
1054 3294 1236 3336 verum
1270 3280 1373 3335 erit
1405 3319 1419 3345 ,
1456 3278 1484 3332 ὁ
1510 3286 1691 3332 autem
1728 3275 1795 3331 de
1827 3290 1855 3328 ο
1884 3289 1990 3329 non
2021 3274 2126 3330 erit
2154 3287 2243 3329 ve-

656 3390 800 3436 rum,
840 3385 963 3426 nam
993 3371 1191 3425 bonum
1220 3370 1471 3439 quoniam
1499 3370 1700 3425 bonum
1733 3366 2015 3437 praedicari
2061 3366 2129 3420 de
2153 3365 2242 3435 ju-

658 3463 805 3517 stitia
835 3461 1025 3515 falsum
1050 3469 1152 3525 est,
1175 3468 1230 3514 et
1262 3476 1365 3515 non
1395 3460 1749 3530 intelligibile.
1776 3458 2033 3514 Similiter
2057 3465 2236 3512 autem

658 3560 715 3608 et
746 3553 788 3606 si
818 3549 1035 3604 salubre
1075 3548 1410 3613 ostendatur,
1437 3549 1688 3617 quoniam
1730 3547 2127 3617 disciplinatum
2158 3554 2243 3601 est

660 3648 712 3702 in
740 3659 807 3700 eo
834 3640 977 3714 quod
1005 3640 1229 3705 bonum,
1254 3648 1346 3694 aut
1377 3639 1738 3705 hircocervus,
1766 3637 2052 3709 opinabilis
2081 3637 2137 3692 in
2177 3651 2243 3692 eo

661 3737 807 3809 quod
857 3734 1116 3807 existens,
1164 3742 1257 3785 aut
1299 3732 1461 3786 homo
1504 3730 1868 3800 corruptibilis
1914 3731 1967 3785 in
2008 3744 2073 3784 eo
2104 3728 2245 3799 quod

566 3822 571 3831 ’
661 3826 941 3891 sensibile,
969 3824 1022 3879 in
1051 3823 1299 3881 omnibus
1334 3823 1478 3879 enim
1512 3823 1814 3894 prscdicatis
1842 3823 1908 3877 ad
1940 3832 2243 3878 extremum

664 3920 1144 3992 reduplicationem
1184 3917 1513 3988 ponendum.
1551 3917 1667 3973 Non
1698 3902 1781 3974 e'st
1824 3925 2002 3971 autem
2050 3914 2244 3971 eadem

663 4014 858 4087 positio
888 4012 1262 4079 terminorum,
1285 4011 1501 4084 quando
1524 4010 1843 4082 simpliciter
1876 4007 2095 4079 quidem
2128 4006 2244 4078 syl-

550 4177 561 4187 .
660 4108 945 4179 logizatum
976 4106 1158 4173 fuerit,
1187 4114 1243 4161 et
1263 4105 1475 4175 quando
1506 4106 1608 4160 hoc
1629 4102 1849 4174 aliquid,
1884 4108 1977 4155 aut
2002 4114 2129 4171 quo,
2155 4106 2248 4154 aut

662 4200 950 4273 quomodo.
986 4200 1115 4253 Dico
1150 4206 1327 4253 autem
1359 4207 1417 4251 ut
1445 4196 1658 4265 quando
1704 4195 1907 4248 bonum
1937 4189 2251 4259 diScipliua-

665 4302 776 4346 tum
828 4299 1103 4347 ostensum
1139 4288 1264 4354 erit,
1315 4296 1369 4341 et
1407 4285 1621 4354 quando
1664 4284 2063 4352 disciplinatum
2112 4294 2247 4349 quo-

662 4383 805 4438 niam
849 4382 1069 4436 bonum.
1102 4376 1207 4433 Sed
1238 4376 1555 4445 simpliciter
1590 4375 1805 4444 quidem
1840 4371 2241 4439 disciplinatum

663 4487 935 4532 ostensum
962 4482 1045 4529 est
1073 4470 1306 4527 medium
1341 4467 1645 4539 ponendum
1678 4480 1797 4532 ens,
1833 4465 1877 4519 si
1906 4473 2085 4519 autem
2109 4479 2245 4535 quo-

2346 3284 2453 3327 non
2484 3270 2663 3326 inesse
2694 3270 2934 3325 omnino.
2968 3269 3023 3324 in
3051 3270 3227 3326 tribus
3249 3271 3412 3343 igitur
3440 3272 3682 3328 terminis
3711 3272 3928 3328 manife-

2344 3362 2501 3416 stum'
2528 3370 2611 3413 est
2638 3360 2891 3429 quoniam
2934 3359 3003 3414 de
3026 3374 3135 3429 quo
3166 3361 3195 3413 b
3222 3362 3437 3430 quidem
3467 3364 3633 3427 omni,
3665 3372 3717 3417 et
3740 3380 3771 3415 a
3799 3362 3927 3417 dici-

2345 3462 2451 3517 tur,
2484 3452 2588 3507 boc
2616 3464 2701 3509 est
2740 3455 2810 3510 de
2847 3457 3255 3529 quibuscunque
3280 3461 3309 3514 b
3337 3460 3551 3528 dicitur,
3582 3460 3649 3514 de
3681 3459 3929 3515 omnibus

2344 3546 2543 3602 dicitur
2586 3558 2640 3603 et
2666 3564 2716 3615 a,
2747 3557 2802 3604 et
2843 3552 2889 3605 si
2919 3550 2947 3604 b
2971 3552 3186 3621 quidem
3216 3553 3284 3609 de
3312 3555 3477 3620 omni,
3511 3564 3564 3610 et
3593 3572 3625 3607 a
3661 3553 3931 3620 similiter.

2348 3636 2392 3692 si
2442 3646 2621 3693 autem
2666 3653 2773 3694 non
2806 3640 2872 3695 de
2920 3644 3091 3711 omni,
3136 3659 3243 3699 non
3285 3659 3504 3699 necesse
3552 3654 3634 3700 est
3674 3662 3706 3698 a
3752 3645 3931 3709 inesse

2347 3734 2513 3788 omni.
2546 3733 2662 3789 Non
2691 3743 2906 3805 oportet
2952 3744 3131 3791 autem
3173 3736 3421 3792 arbitrari
3472 3748 3692 3807 pr0pter
3718 3740 3933 3808 exposi-

2350 3825 2548 3881 tionem
2580 3826 2822 3881 accidere
2851 3827 3063 3897 aliquod
3108 3826 3511 3895 inconveniens,
3543 3844 3651 3884 non
3680 3829 3819 3885 enim
3850 3829 3932 3885 la-

2348 3917 2603 3972 boramus
2628 3918 2681 3972 in
2710 3932 2775 3972 eo
2800 3918 2940 3987 quod
2972 3917 3172 3988 aliquid
3212 3918 3280 3973 sit
3311 3919 3435 3984 hoc,
3467 3920 3563 3975 sed
3589 3920 3929 3991 quemadmo-

2351 4009 2477 4065 dum
2509 4018 2787 4081 geometer
2812 4010 3077 4080 pedalem,
3109 4019 3162 4064 et
3189 4019 3393 4065 rectam
3427 4011 3566 4066 hanc
3595 4026 3715 4067 esse
3737 4022 3789 4066 et
3817 4011 3933 4067 sine

2353 4103 2632 4159 latitudine
2662 4104 2792 4159 dicit
2818 4118 2938 4173 quas
2986 4118 3090 4158 non
3120 4111 3224 4168 est,
3270 4102 3365 4159 sed
3415 4119 3522 4159 non
3553 4107 3631 4159 sic
3662 4107 3844 4170 utitur,
3875 4114 3933 4160 ut

2352 4195 2430 4251 eis
2460 4196 2805 4265 syllogizans.
2836 4195 3066 4250 Omnino
3088 4196 3227 4249 enim
3259 4194 3400 4264 quod
3427 4208 3534 4249 non
3563 4204 3645 4249 est
3676 4205 3730 4247 ut
3760 4203 3930 4248 totum

2354 4288 2678 4357 adgpartem,
2728 4298 2784 4345 et
2831 4289 2974 4343 aliud
3021 4289 3084 4342 ad
3126 4288 3227 4342 hoc
3276 4296 3333 4342 ut
3382 4302 3506 4357 pars
3542 4286 3607 4340 ad
3642 4295 3830 4351 totum,
3862 4301 3931 4342 ex

2354 4380 2503 4435 nullo
2533 4382 2717 4436 talium
2770 4382 3003 4436 ostendit
3031 4381 3441 4442 demonstrator,
3489 4394 3663 4449 neque
3691 4380 3834 4434 enim
3874 4379 3934 4434 ﬁt

2358 4473 2720 4543 syllogismus,
2777 4474 3110 4544 expositione
3156 4480 3334 4526 autem
3382 4472 3460 4526 sic
3504 4471 3726 4537 utimur,
3779 4479 3837 4524 ut
3878 4478 3937 4525 et

668 4569 811 4621 niam
847 4569 1067 4635 bonum,
1108 4565 1235 4637 quid
1266 4578 1384 4619 ens.
1427 4562 1508 4618 Sit
1552 4561 1694 4617 enim
1735 4576 1768 4613 a
1811 4558 2097 4630 disciplina
2126 4574 2255 4632 quo-
2278 4532 2332 4593 Ῑ)
2358 4532 2555 4619 sentiat
2584 4565 2672 4634 qui
2710 4532 2869 4619 discii
2897 4567 3160 4633 dicentes,
3202 4578 3309 4620 non
3338 4564 3484 4619 enim
3515 4562 3596 4619 sic
3628 4572 3683 4617 ut
3706 4563 3824 4621 sine
3853 4562 3936 4618 his

667 4660 807 4714 niam
835 4658 960 4729 quid
998 4672 1115 4727 ens,
1140 4657 1193 4711 in
1223 4671 1327 4726 quo
1356 4663 1535 4709 autem
1567 4655 1594 4707 b
1633 4667 1730 4709 ens
1751 4651 1898 4723 quid,
1932 4652 1984 4707 in
2020 4667 2127 4723 quo
2156 4667 2252 4708 au-

668 4761 774 4807 tem
803 4767 828 4803 c
854 4751 1074 4816 bonum,
1110 4763 1294 4803 verum
1325 4757 1407 4803 est
1435 4761 1562 4817 ergo
1587 4763 1618 4800 a
1641 4746 1709 4800 de
1732 4745 1760 4798 b
1807 4744 2110 4814 praedicari,
2138 4754 2252 4801 erat

668 4844 811 4897 enim
842 4840 1119 4909 disciplina
1142 4840 1367 4909 alicujus
1391 4840 1550 4904 entis,
1577 4838 1830 4909 quoniam
1858 4838 1986 4906 quid
2010 4852 2129 4903 ens,
2156 4836 2250 4893 sed

669 4944 724 4990 et
749 4935 777 4988 b
806 4934 874 4990 de
900 4951 951 5000 ο,
993 4948 1115 4988 nam
1152 4934 1208 4987 in
1246 4946 1351 5000 quo
1388 4947 1415 4984 c
1443 4946 1540 4987 ens
1571 4931 1722 5001 quid,
1752 4945 1922 5001 quare
1951 4940 2005 4985 et
2043 4947 2075 4984 a
2105 4930 2175 4986 de
2197 4946 2248 4997 ε,

673 5029 777 5083 erit
800 5041 928 5099 ergo
960 5023 1239 5093 disciplina
1271 5023 1397 5078 boni
1420 5023 1676 5093 quoniam
1712 5023 1934 5089 bonum,
1965 5031 2083 5078 erat
2107 5024 2251 5079 enim

669 5121 797 5190 quid
827 5135 945 5187 ens,
979 5118 1194 5189 proprie
1222 5114 1534 5170 substantiae
1581 5115 1814 5183 signum.
1858 5114 1914 5170 Si
1946 5122 2123 5169 autem
2152 5130 2251 5172 ens

673 5214 905 5269 medium
938 5210 1169 5281 positum
1208 5207 1297 5274 sit,
1330 5215 1385 5262 et
1421 5210 1489 5260 ad
1519 5214 1818 5261 extremum
1858 5220 1956 5261 ens
1997 5203 2251 5276 simplici-

674 5319 776 5373 ter,
799 5317 853 5361 et
874 5286 984 5363 non
1005 5304 1133 5376 quid
1158 5316 1256 5360 ens
1276 5301 1476 5357 dictum
1504 5303 1595 5367 sit,
1624 5314 1730 5355 non
1752 5301 1856 5356 erit
1881 5302 2249 5373 syllogismus,

674 5401 925 5472 quoniam
966 5408 1050 5453 est
1086 5396 1367 5467 disciplina
1415 5395 1541 5452 boni
1585 5394 1835 5465 quoniam
1891 5396 2112 5459 bonum,
2155 5395 2251 5452 sed

678 5490 931 5558 quoniam
965 5503 1079 5554 ens,
1122 5497 1180 5543 ut
1208 5487 1255 5542 si
1286 5490 1355 5558 sit
1385 5486 1438 5542 in
1484 5501 1589 5556 quo
1618 5502 1649 5539 a
1679 5485 1958 5555 disciplina
1998 5488 2255 5559 quoniam

677 5595 795 5643 ens,
821 5581 873 5633 in
896 5594 1001 5649 quo
1025 5580 1053 5633 ὸ
1084 5594 1204 5647 ens,
1232 5579 1286 5632 in
1312 5595 1416 5649 quo
1440 5596 1466 5633 c
1488 5581 1707 5635 bonum.
1733 5579 2066 5637 Manifestum
2094 5582 2254 5651 igitur

679 5672 926 5738 quoniam
960 5672 1011 5728 in
1044 5672 1450 5743 particularibus
1477 5674 1800 5752 syllogismis
1828 5677 1907 5733 sic
1937 5677 2253 5733 sumendum

680 5763 959 5824 terminos.

2357 4675 2463 4716 non
2513 4660 2768 4731 possibile
2808 4662 2880 4715 sit
2927 4662 3322 4727 demonstrare,
3369 4659 3821 4732 quemadmodum
3865 4673 3940 4712 ex.

2355 4753 2549 4823 quibus
2575 4760 2658 4808 est
2694 4751 3055 4822 syllogismus.
3087 4753 3203 4808 Non
3242 4754 3405 4821 lateat
3441 4763 3620 4807 autem
3650 4766 3771 4821 nos,
3803 4767 3938 4821 quo-

2357 4846 2503 4901 niam
2543 4844 2595 4899 in
2625 4843 2813 4900 eodem
2838 4843 3175 4915 syllogismo,
3208 4860 3313 4900 non
3340 4859 3528 4900 omnes
3564 4843 3937 4899 conclusiones

2360 4954 2455 5010 per
2502 4952 2659 4994 unam
2698 4938 2941 4993 eamdem
2985 4937 3204 5006 ﬁguram
3248 4947 3394 5001 sunt,
3443 4936 3538 4991 sed
3576 4936 3692 4993 haec
3719 4937 3935 5007 quidem

2358 5037 2455 5101 per
2492 5030 2649 5093 hanc,
2692 5029 2781 5083 illa
2813 5044 2941 5083 vero
2974 5043 3070 5098 per
3095 5029 3272 5084 aliam.
3318 5029 3501 5083 Palam
3529 5043 3657 5097 ergo
3682 5026 3934 5097 quoniam

2359 5131 2413 5177 et
2441 5122 2799 5176 resolutiones
2843 5122 2923 5176 sic
2964 5121 3282 5177 iaciendum.
3310 5121 3574 5187 Quoniam
3611 5128 3790 5174 autem
3831 5133 3937 5173 non

2358 5229 2517 5268 omne
2549 5215 2875 5283 propositum
2919 5215 2969 5269 in
3011 5215 3155 5269 omni
3182 5214 3369 5283 ﬁgura,
3407 5213 3503 5268 sed
3531 5213 3582 5267 in
3623 5225 3939 5280 unaquaque

2358 5308 2613 5376 diSposita
2637 5316 2780 5374 sunt,
2818 5307 3160 5363 manifestum
3189 5315 3271 5361 est
3290 5320 3355 5361 ex
3386 5304 3732 5361 conclusione
3755 5305 3808 5359 in
3836 5317 3939 5372 qua

2361 5400 2526 5471 ﬁgura
2561 5400 2630 5454 sit
2660 5399 3027 5470 qumreudum.
3063 5400 3128 5455 Et
3158 5397 3225 5453 ad
3266 5396 3605 5453 deﬁnitiones
3635 5395 3939 5450 orationum

2360 5508 2689 5562 qumounque
2727 5494 2792 5547 ad
2845 5490 3006 5547 unum
3036 5490 3286 5563 quiddam
3315 5498 3443 5544 sunt
3469 5498 3852 5559 argumentata:
3885 5488 3938 5543 in

2360 5601 2547 5639 eorum
2579 5601 2697 5654 qua:
2722 5586 2903 5639 insunt
2935 5584 3187 5649 termino,
3232 5582 3300 5637 ad
3330 5579 3472 5651 quod
3511 5588 3939 5651 argumentatum

2362 5684 2442 5731 est
2471 5677 2773 5744 ponendum
2821 5678 3124 5739 terminum,
3172 5688 3225 5731 et
3276 5688 3381 5728 nou
3409 5681 3574 5728 totam
3618 5672 3935 5738 orationem,

2367 5768 2545 5823 minus
2578 5767 2721 5824 enim
2760 5768 3027 5838 contingit
3066 5769 3369 5839 perturbari
3415 5775 3635 5839 propter
3657 5760 3937 5835 longitudi-
