4296 6266
411 347 508 402 ὓ81

998 318 1320 401 putentur
1361 343 1897 398 ANAIJTICORUM
1938 343 2381 399 Antsro'naus
2421 346 2982 398 l.\Tt;ltt*l’.LTA't‘:tt.

3558 340 3662 399 68!

413 478 559 527 netu,
602 471 661 516 ut
690 462 877 531 siquis
906 476 1098 531 aquam
1134 461 1376 514 ostendit
1404 459 1653 529 quoniam
1699 468 1780 511 est
1810 458 1981 510 butui-
2012 464 2056 517 Α
2089 457 2188 511 hoc
2232 458 2371 511 enim
2424 459 2552 509 nulli
2597 474 2663 521 α,
2709 476 2738 510 a
2785 474 2960 512 au'em
2989 459 3129 511 outui
3160 457 3215 519 b,
3255 470 3419 524 quare
3465 456 3595 509 nulli
3638 462 3665 507 Ι)
3716 464 3719 467 ‘

412 556 514 608 dus
555 563 735 622 potus,
800 563 979 622 potum
1028 563 1080 606 ct
1120 568 1306 620 aquam
1351 552 1611 605 terminos.
1659 548 1983 617 ponendum.

1024 659 1250 716 CAPUT
1286 660 1398 714 XL.

460 752 536 805 De
572 770 611 806 rt
628 752 880 806 solutione
912 752 1325 822 syllogismorum
1363 751 1432 803 ad
1470 749 1782 820 impossibile
1818 761 1861 802 et
1892 760 1983 801 e.t'

1067 820 1353 891 Ityp'othesi.

494 914 736 982 Amplius
765 923 938 967 autem
972 927 1033 965 ex
1085 911 1367 980 bypothesi
1398 909 1739 981 syllogismos
1769 924 1873 963 non
1912 917 1995 962 est

422 1004 731 1059 tentandum
763 1002 1036 1067 reducere,
1066 1016 1193 1056 nam
1238 1016 1345 1055 non
1378 1012 1460 1054 est
1494 1015 1559 1054 ex
1588 998 1652 1055 iis
1680 1014 1799 1069 quae
1824 999 1995 1067 posita

422 1106 545 1148 sunt
574 1075 870 1159 reducere';
924 1110 1028 1146 non
1060 1094 1211 1148 enim
1259 1108 1354 1162 per
1385 1093 1754 1164 syllogismum
1797 1093 1995 1145 ostensi

421 1196 577 1253 sunt,
624 1187 719 1241 sed
765 1187 831 1239 ad
866 1185 1120 1255 placitum
1164 1184 1412 1239 concessi
1444 1193 1564 1239 sunt
1602 1197 1811 1238 omnes.
1844 1182 1911 1235 Ut
1953 1180 1998 1233 si

420 1280 538 1347 quis
572 1288 754 1348 ponat,
791 1279 835 1333 si
868 1293 971 1332 una
1003 1278 1248 1346 qumdam
1281 1284 1513 1345 petestas
1551 1292 1655 1330 non
1698 1275 1768 1329 sit
1798 1283 2001 1329 contra-

423 1371 647 1433 riorum,
681 1385 854 1439 neque
903 1369 1237 1438 disciplinam
1270 1384 1391 1423 esse
1433 1383 1623 1431 unam;
1673 1367 1864 1420 deinde
1894 1366 2000 1419 dis-

425 1469 573 1527 putet
616 1459 869 1528 quoniam
926 1474 1031 1511 non
1059 1466 1141 1515 est
1187 1472 1290 1511 una
1316 1465 1552 1526 potestas
1586 1457 2000 1523 contrariorum,

428 1561 484 1604 ut
518 1551 748 1604 sattativi
777 1559 832 1603 et
857 1549 1178 1619 aegrotativi,
1206 1549 1364 1603 simul
1393 1548 1696 1601 enimidem
1722 1547 1819 1601 erit
1851 1561 2005 1599 sana-

430 1642 601 1694 tivum
652 1650 706 1694 et
758 1639 1155 1710 gcgrotativum.
1211 1639 1473 1705 Quoniam
1528 1646 1703 1690 autem
1764 1652 1868 1689 non
1924 1644 2007 1689 est

429 1730 666 1784 omniunt
714 1731 1100 1785 contrariorum
1144 1743 1246 1783 una
1287 1736 1544 1797 potestas,
1584 1738 1853 1781 ostensum
1900 1734 2002 1790 est,

2091 549 2249 603 inerit
2275 564 2319 611 ε,
2356 564 2484 616 ergo
2511 557 2565 601 et
2587 547 2614 598 ὁ
2644 549 2772 601 [ιιιιτί
2802 565 2847 613 c,
2880 549 3204 601 conVertitur
3225 549 3363 600 enim
3390 547 3665 615 privativa.

2091 643 2145 696 Si
2178 652 2355 693 autem
2392 640 2728 705 tiartit-ularis
2763 642 2831 693 sit
2857 642 3222 708 syllogismus,
3246 641 3457 708 quando
3490 639 3669 707 privin-

2093 733 2257 784 tivum.
2282 730 2495 798 quidem
2526 732 2630 781 erit
2669 728 2734 781 ad
2767 730 3021 796 majorem
3051 731 3472 793 extremitatem,
3502 732 3673 782 resul-

2096 831 2247 876 vetur
2294 822 2346 874 in
2394 820 2617 889 primam
2666 819 2888 886 ﬁgmam
2913 860 2926 879 ,
2964 830 3019 871 ut
3057 821 3099 871 si
3140 837 3171 870 a
3200 820 3327 873 nulli
3358 820 3413 882 b,
3440 820 3467 870 b
3493 828 3669 872 autem

2095 912 2254 967 alicui
2298 929 2354 975 c,
2386 924 2643 965 conversa
2675 909 2817 962 enim
2851 909 3103 977 privativa
3141 912 3304 978 prima
3336 912 3435 963 erit
3470 910 3632 979 ﬁgura
3658 953 3672 972 ,

2098 1020 2219 1059 nam
2248 1004 2274 1056 b
2300 1002 2515 1072 quidem
2547 1001 2675 1054 nulli
2702 1017 2753 1061 α,
2782 1018 2815 1051 a
2843 1000 3017 1052 autem
3046 999 3198 1052 alicui
3228 1017 3271 1051 ε.
3299 1000 3517 1064 Quando
3546 1016 3676 1054 veru

2099 1100 2533 1171 pradicativum,
2562 1115 2666 1153 non
2706 1099 3002 1152 resolvetur
3023 1138 3037 1159 ,
3060 1107 3117 1151 ut
3143 1096 3189 1149 si
3228 1114 3258 1147 α
3288 1098 3499 1164 qudem
3532 1100 3675 1151 omni

2102 1193 2152 1257 b,
2174 1208 2201 1245 ο
2227 1207 2356 1246 vero
2380 1206 2497 1249 non,
2515 1191 2685 1255 omni,
2718 1205 2821 1244 non
2847 1189 2988 1244 enim
3016 1188 3236 1257 suseipit
3271 1189 3676 1243 conversionem

2100 1300 2132 1335 a
2164 1282 2222 1346 b,
2257 1297 2429 1351 neque
2478 1296 2596 1335 cum
2628 1282 2717 1344 ﬁt,
2750 1282 2851 1333 erit
2884 1280 3240 1350 syllogismus.
3273 1278 3475 1331 Rursus
3505 1278 3593 1345 qui
3630 1278 3681 1331 in

2102 1372 2259 1426 tertia
2286 1370 2507 1440 quidem
2528 1381 2653 1425 sunt
2680 1370 2841 1438 ﬁgura
2862 1412 2875 1433 ,
2911 1386 3013 1421 nou
3044 1369 3380 1423 resolvuntur
3410 1382 3598 1422 omnes
3630 1368 3681 1421 iu

2106 1462 2355 1527 primam,
2381 1462 2468 1528 qui
2496 1468 2669 1513 autem
2690 1470 2819 1512 sunt
2846 1460 2897 1513 in
2927 1460 3125 1527 prima,
3156 1476 3344 1514 omnes
3370 1460 3419 1513 in
3451 1462 3680 1513 tertiam.

2106 1553 2236 1606 lnsit
2263 1551 2401 1604 enim
2428 1569 2457 1601 a
2478 1551 2690 1618 quidem
2717 1551 2857 1603 ouuti
2888 1550 2916 1601 b
2938 1591 2951 1609 ,
2978 1550 3005 1601 b
3034 1560 3208 1603 autem
3250 1552 3405 1604 alicui
3449 1568 3475 1604 ο
3496 1592 3509 1615 ,
3553 1566 3682 1620 ergo

2105 1642 2226 1710 quia
2249 1641 2582 1694 convertitur
2608 1640 2941 1708 particularis
2968 1641 3304 1708 pnedicativa
3324 1684 3336 1704 ,
3379 1642 3538 1696 inerit
3576 1655 3625 1696 et
3658 1658 3683 1693 c

2106 1732 2261 1785 alicui
2290 1731 2338 1789 b.
2358 1748 2388 1781 a
2420 1746 2544 1784 vero
2562 1736 2703 1784 omni
2728 1735 2754 1783 b
2774 1731 2963 1795 inerat,
2983 1747 3145 1799 quare
3161 1732 3220 1783 ﬁt
3238 1734 3385 1784 :ertia
3417 1732 3598 1797 ﬁgura.
3624 1734 3685 1785 Et

429 1821 522 1876 sed
547 1820 797 1889 quoniam
829 1819 1106 1885 disciplina
1139 1833 1243 1873 non
1271 1833 1400 1882 una,
1443 1833 1549 1871 non
1578 1824 1660 1870 est
1685 1826 1955 1870 ostensum
1982 1832 1996 1881 ;
2032 1831 2076 1888 Β
2105 1823 2149 1877 si
2180 1822 2468 1891 privativus
2505 1823 2573 1874 sit
2619 1822 2990 1889 syllogismus,
3024 1822 3271 1875 similiter
3308 1840 3321 1873 :
3361 1825 3684 1876 touvertitur

426 1910 671 1977 quamvis
708 1909 953 1972 conﬁteri
980 1910 1049 1963 sit
1076 1923 1317 1971 necesse,
1345 1917 1399 1962 at
1431 1923 1534 1962 non
1564 1923 1628 1961 ex
1664 1908 1995 1977 syllogismo,

430 2016 616 2057 verum
644 2015 715 2055 ex
766 1999 1084 2069 ltypotltesi;
1137 1999 1236 2053 hoc
1267 2000 1424 2068 igitur
1453 2014 1556 2053 non
1594 2007 1679 2051 est
1723 1996 1999 2062 reducere,

435 2094 689 2163 quoniam
736 2108 843 2145 non
881 2107 982 2145 una
1028 2100 1263 2161 potestas
1308 2100 1390 2144 cst
1418 2108 1431 2141 :
1462 2090 1549 2144 hic
1594 2090 1735 2143 enim
1779 2088 2003 2142 fortasse

432 2194 551 2239 erat
596 2184 956 2255 syllogismus,
998 2182 1123 2236 illud
1164 2191 1339 2235 autem
1379 2181 1706 2251 hypotltesis.
1748 2180 2005 2234 Similiter

430 2286 611 2329 autem
644 2275 697 2329 in
728 2276 808 2328 his
836 2275 924 2343 qui
956 2289 1051 2343 per
1073 2272 1403 2341 impossibile
1434 2272 1847 2336 concluduntur,
1880 2285 2002 2324 nam

432 2380 607 2435 neque
634 2368 735 2420 hoc
761 2373 843 2420 est
869 2365 1159 2429 resolvere,
1193 2364 1284 2418 sed
1317 2364 1382 2416 ad
1423 2362 1753 2431 impossibile
1783 2360 1996 2431 quidem

433 2454 672 2510 reductio
729 2462 853 2519 est;
903 2454 1213 2525 syllogismo
1263 2454 1406 2508 enim
1453 2460 1813 2513 monstratur;
1873 2451 2009 2504 alte-

438 2561 552 2598 rum
584 2554 760 2598 autem
791 2558 895 2597 non
934 2553 1043 2608 est,
1079 2559 1197 2597 nam
1225 2558 1290 2598 ex
1339 2543 1621 2612 ltypothesi
1651 2541 2004 2597 caucluditur.

440 2634 701 2688 Diﬁeruut
745 2643 924 2687 autem
968 2650 997 2687 a
1032 2634 1311 2701 praedictis
1370 2634 1620 2702 quoniam
1652 2633 1707 2686 iu
1757 2632 1863 2685 illis
1893 2630 2010 2700 qui-

436 2726 557 2781 dem
587 2733 797 2792 oportet
841 2725 985 2793 prius
1028 2724 1291 2789 conﬁteri,
1337 2725 1380 2778 si
1422 2725 1582 2779 debet
1605 2724 1919 2786 concedere,
1955 2732 2011 2777 ut

437 2818 483 2870 si
508 2816 817 2870 ostendatur
842 2831 949 2870 una
978 2825 1211 2884 potestas
1242 2817 1656 2879 contrariorum,
1686 2825 1740 2869 et
1770 2815 2009 2882 discipli-

440 2922 559 2960 nam
585 2922 645 2961 es
676 2922 706 2961 e
733 2906 975 2961 eamdem
1002 2922 1016 2970 ;
1061 2906 1145 2960 hic
1176 2916 1353 2961 autem
1384 2914 1437 2960 et
1464 2921 1571 2959 non
1602 2907 1750 2975 prius
1782 2906 2010 2959 confessi

441 2999 766 3063 concedunt,
804 3015 871 3053 eo
908 2999 1049 3068 quod
1081 2998 1418 3053 manifestum
1470 3000 1537 3052 sit
1567 2999 1778 3063 falsum,
1827 3008 1886 3051 ut
1920 3014 2011 3067 po-

438 3092 539 3143 sita
564 3092 684 3143 dim
710 3104 827 3145 etro
858 3103 1115 3160 symetro,
1149 3107 1213 3145 eo
1248 3092 1388 3161 quod
1421 3091 1644 3160 imparia
1687 3106 1807 3145 esse
1836 3105 2011 3168 aequa-

2107 1912 2247 1965 enim
2275 1910 2607 1979 particularis
2656 1911 2969 1963 alﬁrmativa
2992 1952 3006 1971 ,
3036 1926 3199 1978 quare
3236 1929 3265 1965 a
3303 1914 3515 1981 quidem
3557 1914 3685 1966 nulli

2109 2004 2395 2068 b,cautetn
2420 2001 2575 2054 alicui
2613 2002 2788 2054 inerit.
2820 2002 3015 2054 Eorum
3052 2013 3227 2055 autent
3258 2018 3315 2072 sy
3344 2004 3685 2072 Iogismorum

2108 2093 2196 2161 qui
2241 2100 2363 2144 sunt
2394 2092 2444 2144 in
2472 2099 2739 2158 postrema
2772 2077 2933 2158 figura
2984 2106 3115 2143 unus
3157 2102 3355 2144 tantum
3390 2109 3491 2145 non
3524 2096 3686 2147 resol-

2109 2183 2250 2233 vitur
2291 2179 2341 2231 in
2389 2180 2650 2248 primam,
2701 2179 2913 2247 quando
2962 2195 3064 2232 non
3112 2184 3425 2234 universalis
3478 2184 3688 2250 ponitur

2114 2269 2389 2338 privativa,
2420 2270 2507 2322 alii
2532 2280 2707 2323 autem
2732 2285 2918 2324 euu.es
2943 2271 3301 2325 resolvuntur.
3329 2272 3367 2325 P
3400 2274 3689 2328 :edicentttr

2110 2359 2255 2413 enim
2300 2361 2365 2413 de
2408 2360 2551 2412 omni
2602 2377 2655 2423 c,
2702 2372 2752 2414 ct
2807 2371 2909 2414 att
2956 2363 3015 2426 ὁ,
3046 2378 3171 2431 ergo
3199 2374 3537 2417 convcrtetur
3566 2384 3591 2417 ε
3623 2366 3687 2419 ad

2112 2458 2396 2516 utrumque
2418 2448 2847 2517 particttlariter;
2877 2452 3034 2504 inerit
3055 2458 3181 2521 ergo
3206 2470 3231 2504 (ι
3266 2455 3422 2508 alicui
3451 2456 3500 2518 ὁ,
3525 2473 3691 2524 quare

2111 2539 2211 2592 erit
2236 2539 2400 2606 prima
2430 2538 2616 2606 ﬁgura,
2650 2540 2910 2609 siquidem
2941 2560 2969 2593 α
2998 2543 3141 2596 οιιιιιί
3173 2560 3217 2610 c,
3242 2562 3268 2596 c
3298 2561 3422 2599 vero
3444 2549 3599 2601 alicui
3629 2551 3690 2612 b;

2112 2638 2166 2681 ct
2195 2629 2236 2680 si
2267 2646 2297 2680 a
2322 2629 2532 2696 quidem
2564 2632 2705 2682 omni
2733 2647 2777 2693 ε,
2805 2631 2831 2682 b
2857 2642 3032 2685 autem
3064 2649 3091 2685 a
3118 2634 3217 2687 icui
3244 2652 3289 2699 ε,
3324 2636 3509 2691 eadem
3535 2638 3691 2705 ratio,

2112 2720 2440 2771 convertitur
2461 2720 2601 2772 enim
2635 2720 2700 2774 ad
2731 2722 2758 2773 b
2788 2738 2833 2773 c.
2861 2721 2915 2775 Si
2939 2736 3112 2777 autem
3138 2724 3167 2776 b
3189 2726 3399 2793 quidem
3424 2726 3567 2783 omni
3590 2747 3635 2794 c,
3660 2747 3694 2783 a

2113 2817 2287 2860 autem
2314 2807 2466 2860 alirui
2498 2827 2521 2857 ‹·
2543 2851 2556 2873 ,
2594 2810 2792 2878 primus
2817 2814 3091 2877 pouenlus
3118 2815 3148 2865 ὁ
3170 2856 3183 2878 ,
3217 2831 3336 2868 nam
3362 2819 3391 2869 b
3416 2820 3559 2872 utuui
3590 2836 3635 2885 c,
3668 2836 3694 2872 ε

2112 2908 2287 2951 autem
2316 2898 2469 2951 alicui
2498 2916 2550 2963 a,
2578 2915 2741 2967 quate
2764 2902 2791 2953 b
2818 2902 2972 2954 alicui
2997 2919 3051 2967 a,
3078 2908 3328 2971 quoniam
3360 2918 3535 2962 autem
3565 2925 3691 2964 con-

2116 2989 2348 3040 vertitur
2377 2989 2732 3055 particularis,
2758 3000 2812 3043 et
2838 3007 2868 3041 a
2898 2992 3052 3044 alicui
3084 2994 3108 3043 b
3134 2995 3310 3047 inerit.
3348 2996 3410 3048 Et
3439 2999 3482 3051 si
3516 3000 3694 3067 priva-

2116 3082 2253 3132 tivus
2280 3082 2349 3133 sit
2376 3082 2715 3149 syllogismus
2744 3075 3131 3139 universaﬁbu's
3166 3088 3426 3151 terminis,
3452 3091 3695 3146 similiter

443 3181 511 3232 lia
540 3182 772 3247 paribus.
817 3182 999 3236 Plures
1029 3192 1205 3236 autem
1234 3191 1289 3236 et
1331 3182 1527 3237 diversi
1558 3184 1907 3237 terminantur
1948 3198 2009 3235 ex
2041 3205 2083 3263 ρ
2118 3184 2139 3223 ε

1996 3199 2009 3235 ι
2041 3205 2083 3263 C
2118 3170 2453 3224 sumendum.
2482 3172 2613 3225 Insit
2655 3174 2795 3227 enim
2825 3174 2853 3226 b
2884 3175 3027 3228 omni
3054 3191 3119 3240 c,
3168 3184 3199 3227 ὰ
3246 3190 3421 3231 auten
3463 3180 3594 3261 nulli
3632 3198 3692 3249 c,

443 3270 771 3333 conditione,
804 3287 933 3341 quos
964 3275 1274 3340 prospicere
1296 3281 1529 3341 oportet,
1562 3282 1615 3326 et
1644 3283 1828 3326 notare
1866 3282 2009 3341 apte.

440 3364 577 3429 Qua:
621 3378 749 3431 ergo
782 3366 966 3417 horum
1020 3364 1357 3429 differentia},
1405 3374 1459 3417 et
1487 3365 1693 3433 quoties
1731 3365 1883 3428 ﬁunt,
1925 3365 2014 3433 qui

444 3463 568 3507 sunt
592 3468 655 3507 ex
685 3454 993 3523 bypothesi,
1030 3467 1209 3524 postea
1233 3455 1492 3510 dicemus.
1521 3456 1672 3510 Nunc
1702 3466 1875 3510 autem
1901 3466 2016 3510 tan-

380 3591 383 3594 .
445 3555 557 3599 tum
589 3548 656 3599 sit
689 3547 840 3600 nobis
891 3546 1230 3602 manifestum
1280 3549 1529 3616 quoniam
1573 3562 1676 3600 non
1722 3558 1803 3602 est
1843 3547 2015 3602 resol-

446 3652 570 3691 vere
608 3638 657 3690 in
682 3638 878 3707 ﬁguras
909 3638 1210 3707 huiusmodi
1263 3637 1628 3708 syllogismos,
1658 3648 1713 3692 et
1761 3637 1830 3691 ob
1858 3653 2016 3707 quam

444 3741 660 3780 causam
682 3728 933 3782 diximus.

1036 3835 1258 3893 CAPUT
1298 3836 1433 3891 XLI.

458 3926 537 3979 De
576 3928 834 3995 reciproca
873 3930 1162 4010 reductiona
1203 3930 1611 4049 algllogismorum
1651 3933 1805 3985 unius
1842 3933 2020 4001 ﬁgura:

1104 4016 1155 4049 an
1183 4016 1214 4049 α
1239 4017 1357 4049 lam.
1634 4014 1641 4021 ·

1104 4016 1155 4051 tn
1183 4014 1357 4050 altam.
1634 4014 1641 4021 ’

530 4128 866 4199 Qumcuuque
889 4141 1065 4185 autem
1096 4133 1147 4185 iu
1184 4134 1415 4200 pluribus
1447 4135 1628 4203 ﬁguris
1658 4146 2020 4190 monstrantur

456 4220 750 4287 proposita,
806 4224 849 4275 si
905 4224 954 4274 in
1002 4222 1167 4276 altera
1219 4225 1581 4294 syllogizetur,
1633 4238 1715 4280 est
1764 4226 2020 4281 reducere

453 4314 818 4383 syllogismum
865 4314 918 4367 in
966 4315 1210 4382 alteram,
1254 4326 1309 4370 ut
1348 4333 1467 4372 eum
1509 4321 1595 4386 qui
1645 4320 1697 4373 in
1745 4320 1907 4387 prima
1940 4329 2023 4374 est

455 4403 771 4470 privativum
818 4404 869 4456 in
916 4405 1203 4459 secundum
1254 4408 1498 4476 ﬁguram,
1548 4419 1603 4463 et
1648 4425 1770 4464 eum
1816 4411 1908 4479 qui
1966 4412 2018 4464 in

459 4491 632 4544 media
657 4500 736 4544 est
769 4493 817 4545 in
846 4494 1093 4561 primam.
1126 4495 1241 4549 Non
1271 4511 1459 4550 omnes
1503 4505 1704 4563 autem,
1732 4500 1824 4553 sed
1854 4515 2019 4568 quos-

457 4582 601 4644 dam,
633 4581 735 4634 erit
762 4593 934 4636 autem
967 4584 1018 4636 in
1041 4585 1385 4653 sequentibus
1409 4584 1765 4640 manifestum.
1797 4586 1853 4642 Si
1873 4565 2017 4641 enim
2051 4565 2104 4624 D

452 4685 486 4723 α
517 4672 643 4725 nulli
671 4673 719 4737 ὁ,
754 4673 781 4725 b
810 4683 985 4729 autem
1017 4676 1159 4729 omni
1192 4693 1238 4741 ε,
1267 4693 1299 4729 a
1332 4676 1462 4730 nulli
1495 4693 1540 4740 ο,
1571 4678 1654 4731 sic
1680 4692 1808 4749 ergo
1853 4679 2021 4747 prima

454 4760 655 4831 ﬁgura;
686 4762 731 4817 si
763 4775 939 4819 autem
984 4776 1329 4820 convertatur
1365 4768 1641 4836 privativa,
1678 4770 1849 4822 media
1898 4770 2019 4825 erit.

452 4850 581 4905 Nam
615 4853 642 4905 b
671 4870 702 4906 a
732 4856 943 4923 quidem
973 4856 1126 4921 nulli,
1157 4873 1184 4909 c
1216 4868 1392 4912 autem
1424 4860 1568 4913 omni
1595 4858 1772 4912 inerit.
1814 4858 2023 4913 Simili-

456 4954 537 4998 ter
564 4954 741 4999 autem
785 4955 838 5000 et
867 4948 912 5001 si
943 4934 1049 5002 non
1094 4949 1434 5017 universalis,
1465 4951 1557 5005 sed
1601 4951 1937 5020 particularis
1965 4952 2025 5007 ﬁt

451 5034 812 5105 syllogismus,
843 5046 899 5091 ut
919 5038 963 5091 si
993 5055 1025 5090 a
1048 5040 1263 5107 quidem
1292 5042 1423 5095 nulli
1452 5042 1503 5108 ὁ,
1536 5046 1564 5094 b
1592 5054 1768 5097 autem
1792 5043 1947 5097 alicui
1971 5060 2017 5113 c,

450 5140 707 5180 conversa
728 5128 867 5182 enim
904 5130 1165 5197 privativa
1192 5132 1362 5185 media
1383 5134 1483 5186 erit
1503 5132 1688 5202 ﬁgura.
1710 5136 1905 5190 Eorum
1930 5151 2023 5190 au-

452 5228 553 5270 tem
578 5219 1003 5289 syllogismorum
1024 5262 1039 5287 ,
1062 5224 1152 5291 qui
1184 5233 1309 5277 sunt
1338 5226 1391 5277 in
1422 5227 1652 5281 secunda
1682 5230 1843 5297 ﬁgura
1866 5276 1879 5297 ,
1910 5232 2025 5285 uni-

450 5310 685 5365 νει-8³183
730 5311 942 5377 quidem
999 5314 1323 5367 reducentur
1374 5316 1423 5368 in
1484 5317 1703 5383 primum
1758 5322 2019 5389 ﬁguram,

450 5401 850 5465 particularium
915 5412 1093 5457 autem
1142 5404 1281 5458 alter
1318 5406 1510 5459 solum.
1558 5407 1685 5461 lusit
1728 5412 1868 5463 enim
1912 5429 1942 5463 a
1997 5414 2024 5466 b

446 5491 663 5554 quidem
696 5492 848 5556 nulli,
876 5509 902 5543 c
929 5509 1057 5547 vero
1102 5497 1268 5559 omni,
1298 5512 1555 5552 conversa
1580 5500 1829 5567 privativa
1856 5503 2024 5570 prima

450 5577 555 5629 erit
582 5578 740 5645 ﬁgura
770 5620 783 5644 ,
818 5595 937 5633 nam
971 5584 999 5634 ὁ
1031 5584 1245 5649 quidem
1278 5587 1409 5640 nulli
1438 5605 1469 5639 a
1491 5628 1503 5649 ,
1536 5605 1567 5640 α
1596 5600 1769 5643 autern
1816 5594 1960 5647 omni
2001 5613 2026 5648 c

451 5672 631 5725 inerit.
659 5674 712 5727 Si
742 5679 1338 5743 autemprmdicativum
1361 5682 1570 5749 quidem
1602 5685 1669 5737 sit
1692 5685 1755 5739 ad
1779 5688 1827 5748 ὁ,
1852 5689 2029 5755 priva-

452 5764 617 5818 tivum
646 5774 824 5818 autem
856 5768 919 5818 ad
951 5783 977 5817 c
997 5812 1010 5835 ,
1042 5770 1244 5836 primus
1271 5774 1528 5829 terminus
1553 5772 1826 5845 ponendus
1848 5791 1928 5836 est
1958 5800 1983 5834 c
2009 5827 2023 5852 ,

714 5860 987 5921 Ρηιιοι.
1028 5863 1252 5925 LXIV.

2112 3276 2242 3331 ergo
2269 3263 2425 3315 alicui
2456 3263 2483 3314 b
2515 3264 2674 3317 inerit
2694 3282 2738 3331 ε,
2763 3281 2795 3317 a
2817 3274 2992 3319 autem
3024 3267 3150 3319 nulli
3183 3284 3230 3331 c,
3262 3283 3424 3336 quare
3452 3270 3554 3324 erit
3584 3286 3696 3324 me-

2116 3351 2262 3405 dium
2310 3369 2356 3406 ε.
2404 3352 2659 3408 Similiter
2706 3366 2880 3409 autem
2928 3364 2980 3408 et
3028 3358 3069 3409 si
3121 3358 3372 3425 privativa
3408 3360 3620 3428 quidem
3652 3365 3695 3417 si

2117 3444 2463 3512 universalis,
2510 3445 2847 3513 przedicatira
2890 3455 3066 3509 autem
3114 3447 3447 3515 particularis
3470 3489 3482 3513 ,
3515 3466 3634 3503 nam
3666 3470 3697 3504 a

2118 3532 2330 3600 quidem
2378 3533 2505 3586 nulli
2534 3550 2592 3599 c,
2628 3543 2855 3588 cautem
2905 3536 3061 3590 alicui
3109 3536 3137 3589 li
3188 3538 3366 3592 inerit.
3420 3539 3474 3593 Si
3521 3552 3696 3596 autem

2122 3622 2456 3689 particularis
2483 3634 2720 3677 sumatur
2750 3628 3038 3694 privativa,
3073 3643 3174 3682 neu
3205 3630 3305 3682 erit
3335 3633 3609 3699 resu'utio,
3647 3644 3698 3687 ut

2120 3715 2163 3766 si
2196 3714 2224 3766 b
2252 3715 2462 3782 quidem
2494 3717 2638 3769 omni
2669 3732 2716 3780 c,
2742 3733 2773 3768 a
2798 3728 2976 3772 autem
3010 3719 3161 3773 alieni
3193 3736 3218 3770 ε
3246 3736 3350 3774 non
3382 3723 3536 3787 inest,
3566 3739 3695 3795 cop-

2122 3819 2272 3858 versa
2298 3806 2439 3858 enim
2471 3808 2498 3857 b
2530 3823 2574 3871 ι’,
2611 3818 2846 3876 utrmque
2879 3811 3267 3879 propositiones
3291 3826 3446 3868 erunt
3470 3818 3698 3884 particu-

2125 3897 2284 3949 larts.
2322 3897 2656 3949 Manifestum
2688 3906 2865 3951 autem
2914 3901 3164 3965 quoniam
3212 3901 3277 3953 ad
3328 3906 3697 3959 rost-lveudum

2123 3988 2186 4041 ad
2218 4002 2274 4041 se
2302 3989 2524 4040 invicem
2560 3989 2785 4054 ﬁguras,
2829 4004 2947 4056 qua:
2978 3989 3042 4040 ad
3091 3991 3349 4044 minorem
3392 3998 3696 4050 extre-mita-

2124 4086 2229 4130 teru
2260 4088 2341 4130 est
2374 4077 2665 4144 propositio
2688 4118 2699 4137 ,
2731 4077 3086 4129 eunvrrteuda
3121 4079 3170 4130 in
3212 4092 3297 4131 utr
3320 4098 3449 4150 sque
3491 4083 3696 4152 ﬁguris,

2126 4165 2221 4218 hac
2262 4180 2540 4228 conversa,
2572 4166 2812 4218 transitio
2844 4165 2926 4227 ﬁt;
2957 4182 3141 4221 corum
3172 4179 3346 4224 autem
3381 4176 3467 4241 qui
3499 4175 3550 4227 in
3584 4192 3698 4232 me-

2125 4256 2209 4309 dia
2234 4266 2356 4309 sunt
2387 4255 2583 4324 ﬁgura,
2615 4256 2750 4309 alter
2783 4257 2996 4326 quidem
3038 4261 3325 4315 resolvitur
3346 4304 3361 4327 ,
3402 4266 3537 4320 alter
3574 4283 3700 4327 vero

2129 4361 2231 4400 non
2274 4344 2554 4401 resolvitur
2593 4346 2645 4398 in
2692 4348 2933 4413 tertiam,
2964 4365 3082 4403 nam
3118 4365 3234 4405 cum
3267 4353 3335 4406 sit
3382 4370 3413 4407 u
3455 4354 3698 4413 iversalis

2127 4437 2405 4503 privativa,
2441 4436 2744 4491 resolvitur.
2764 4438 2821 4492 Si
2849 4439 2988 4492 enim
3016 4457 3047 4493 a
3075 4442 3201 4495 nulli
3227 4445 3438 4511 quidem
3466 4446 3512 4512 b,
3539 4447 3697 4501 alicui

2128 4536 2305 4578 autem
2333 4539 2378 4585 ο,
2415 4535 2636 4593 utraque
2663 4527 2907 4579 similiter
2937 4530 3266 4583 convertitur
3292 4533 3355 4583 ad
3388 4550 3446 4597 a,
3477 4551 3641 4603 quare
3672 4542 3700 4591 b

2128 4615 2340 4683 quidem
2367 4615 2495 4667 nulli
2517 4630 2570 4681 a,
2600 4631 2627 4666 c
2652 4632 2777 4669 vero
2797 4618 2973 4679 alicui,
3008 4621 3238 4674 medium
3261 4639 3384 4694 ergo
3405 4645 3455 4681 α.
3481 4630 3701 4693 Quando

2127 4711 2303 4756 autem
2354 4720 2384 4754 a
2436 4704 2579 4756 omni
2621 4703 2683 4767 b,
2740 4721 2767 4758 ο
2812 4716 2988 4760 autem
3038 4709 3194 4764 alicui
3244 4728 3345 4768 non
3385 4718 3542 4783 insit,
3595 4737 3699 4776 nou

2131 4792 2186 4847 ﬁt
2218 4794 2502 4859 resolutio,
2538 4806 2722 4849 neutra
2753 4798 2892 4850 enim
2926 4805 3350 4870 prepositiounm
3383 4827 3446 4864 ex
3477 4827 3701 4868 conver-

2127 4881 2277 4935 sione
2307 4884 2639 4938 universalis.
2664 4886 2765 4951 Qui
2794 4898 2970 4943 autem
3016 4907 3079 4946 ex
3125 4903 3275 4951 tertia
3326 4911 3445 4953 sltltl
3493 4903 3654 4972 ﬁgura
3687 4947 3699 4966 ,

2130 4973 2464 5026 resolventur
2510 4973 2562 5027 in
2601 4976 2830 5030 mediam
2858 5019 2872 5044 ,
2914 4983 3127 5050 quando
3181 4986 3339 5043 fuerit
3388 4993 3703 5049 universalis

2134 5064 2409 5133 privativa.
2442 5075 2501 5120 ut
2520 5068 2563 5123 si
2586 5085 2615 5120 a
2648 5070 2777 5124 nulli
2804 5087 2851 5137 c,
2886 5072 2914 5124 b
2944 5084 3117 5130 autem
3142 5079 3325 5145 alicui,
3356 5093 3445 5136 aut
3471 5087 3616 5139 omni
3642 5103 3700 5150 ε,

2133 5171 2253 5210 nam
2277 5173 2322 5225 c,
2353 5175 2385 5211 a
2406 5161 2614 5227 quidem
2640 5162 2788 5229 nulli,
2812 5164 2840 5215 ὁ
2865 5176 3037 5220 autem
3064 5169 3221 5225 alicui
3250 5175 3422 5227 inerit.
3445 5175 3499 5229 Si
3522 5190 3699 5231 autem

2135 5248 2469 5315 particularis
2498 5252 2563 5303 sit
2594 5251 2877 5317 privativa,
2909 5271 3012 5307 non
3043 5262 3368 5325 resolvetur,
3414 5280 3518 5318 non
3561 5268 3700 5320 enim

2134 5338 2354 5405 suscipit
2401 5341 2805 5395 conversionem
2851 5347 3183 5411 particularis
3237 5355 3496 5420 negativa.
3538 5358 3705 5411 illuni-

2134 5427 2325 5482 festum
2353 5445 2481 5499 ergo
2504 5432 2751 5500 quoniam
2785 5435 2940 5486 iidem
2971 5437 3263 5506 syllogismi
3293 5460 3396 5497 non
3429 5450 3705 5502 resolvun-

2131 5529 2217 5573 tur
2244 5520 2293 5573 in
2330 5521 2411 5574 Itis
2447 5522 2657 5591 ﬁguris,
2687 5522 2775 5590 qui
2806 5538 2903 5576 nec
2933 5525 2982 5578 in
3014 5526 3234 5594 primani
3272 5536 3702 5604 resolvebantur,

2130 5619 2184 5664 et
2222 5614 2469 5679 quoniam
2496 5614 2546 5665 in
2578 5614 2798 5679 primam
2825 5614 3042 5683 ﬁguram
3078 5622 3306 5678 reductis
3335 5628 3659 5698 syllogismis
3685 5676 3698 5695 ,

2131 5704 2215 5757 isti
2254 5705 2351 5757 soli
2384 5706 2672 5775 syllogismi
2708 5723 2797 5775 per
2842 5708 3171 5779 impossibile
3201 5717 3537 5775 clauduntur.
3565 5726 3707 5789 Quo.

2131 5793 2288 5847 tnudo
2316 5808 2442 5861 ergo
2470 5806 2675 5862 oportet
2708 5798 3047 5868 syllogismos
3075 5806 3349 5867 reducere.
3369 5824 3417 5864 ot
3447 5818 3698 5885 quoniam

3274 5900 3349 5958 2'2
