4296 6266
625 333 729 390 685

1852 320 1959 375 AN.
2006 318 2209 373 MANL.
2251 318 2402 373 SEV.
2444 319 2662 374 BOETI]

624 444 960 500 resolvuntur
1008 442 1185 507 ﬁgura:
1237 451 1287 489 ,ιι
1332 448 1389 489 se
1439 434 1699 495 antcem,
1750 430 2086 483 manifestum
2137 445 2198 481 ex
2236 433 2262 487 Α

2308 443 2469 496 quare
2499 430 2531 479 (ι
2563 445 2743 480 verum
2769 438 2870 488 est,
2896 438 2948 480 et
2977 448 3007 481 a
3038 445 3140 483 non
3167 447 3351 484 verum
3376 474 3388 493 ,
3420 434 3668 501 quoniam
3702 444 3784 491 est
3821 438 3881 492 li-

625 536 802 588 dictis.

1198 672 1421 728 CAPUT
1465 672 1619 725 XL”.

628 796 700 847 De
727 789 1035 863 syllogismis
1076 787 1326 857 inﬁnitis,
1379 795 1423 838 et
1469 786 1655 853 regulis
1698 782 2193 836 consenuentiarum.

695 943 882 996 Diﬁ'ert
910 948 1086 994 autem
1115 940 1167 991 in
1200 937 1563 991 construendo
1607 934 1687 988 vel
1734 932 2057 987 destruendo
2088 932 2201 999 opi-

619 1037 736 1087 nari
759 1075 773 1098 ,
805 1040 895 1085 aut
926 1032 1094 1095 idem,
1127 1038 1218 1082 aut
1248 1028 1514 1082 diversum
1562 1024 1889 1095 signiﬁcare,
1931 1039 2035 1076 non
2082 1038 2201 1076 esse

622 1126 742 1188 hoc,
767 1136 820 1178 et
851 1138 968 1177 esse
999 1138 1101 1175 non
1131 1122 1253 1187 huc,
1284 1128 1342 1173 ut
1370 1135 1474 1172 non
1506 1133 1626 1171 esse
1650 1116 1844 1177 album,
1876 1115 1925 1167 ei
1954 1113 2094 1182 quod
2120 1123 2201 1165 est

623 1231 742 1270 esse
770 1230 874 1268 non
898 1214 1106 1275 album;
1139 1227 1242 1265 non
1280 1211 1419 1263 enim
1454 1210 1591 1261 idem
1623 1207 1959 1275 signiﬁcant,
1995 1218 2091 1255 nec
2120 1211 2201 1255 εμι

624 1308 834 1375 negatio
885 1306 998 1373 ejus
1026 1320 1142 1373 quae
1168 1314 1249 1356 εει
1279 1316 1398 1354 εεεε
1420 1300 1597 1353 album
1624 1314 1684 1352 ea
1710 1312 1825 1365 qua:
1846 1304 1925 1349 est
1955 1308 2073 1347 esse
2097 1308 2198 1345 non

622 1398 831 1459 album,
865 1395 959 1450 sed
989 1410 1092 1447 non
1124 1407 1245 1447 esse
1276 1391 1476 1443 album.
1513 1390 1665 1441 llatio
1695 1396 1870 1439 autem
1901 1384 2055 1451 hujus
2090 1384 2202 1434 hac

622 1502 732 1552 εει;
765 1487 1012 1540 similiter
1050 1485 1192 1539 enim
1224 1497 1281 1537 se
1331 1482 1488 1535 habet
1533 1478 1785 1548 possibile
1816 1486 1895 1529 est
1928 1474 2201 1527 ambulare

623 1582 687 1634 ad
715 1578 966 1649 possibile
994 1594 1097 1630 non
1125 1575 1422 1637 ambulare,
1456 1574 1505 1625 id
1535 1586 1651 1640 qua:
1676 1580 1756 1624 est
1781 1584 1901 1622 esse
1931 1568 2107 1619 album
2133 1565 2197 1617 ad

612 1685 741 1724 esse
771 1686 876 1723 non
907 1669 1081 1723 album
1108 1707 1123 1732 ,
1152 1676 1205 1720 et
1227 1667 1329 1719 scit
1360 1666 1554 1717 bonum
1585 1662 1649 1714 ad
1678 1661 1778 1714 scit
1816 1676 1917 1712 non
1952 1658 2146 1711 bonum
2184 1672 2197 1707 :

621 1776 744 1813 nam
771 1763 870 1814 scit
896 1761 1091 1813 bonum
1115 1760 1196 1812 vel
1226 1758 1402 1812 sciens
1431 1756 1624 1809 bonmn
1652 1753 1782 1807 nihil
1808 1752 2001 1813 dilfert,
2028 1765 2199 1818 neque

616 1861 796 1921 potest
825 1852 1096 1904 ambulare
1129 1848 1210 1902 vel
1242 1858 1321 1901 est
1370 1853 1556 1913 potens
1600 1841 1905 1900 ambulare;
1935 1854 2100 1903 quare
2146 1849 2200 1891 et

615 1943 807 2011 opposi
836 1957 889 2003 a,
926 1954 1030 1993 non
1101 1948 1273 2007 potest
1319 1934 1591 1989 ambulare
1633 1940 1689 1985 et
1734 1944 1839 1982 non
1889 1937 1969 1980 est
2014 1936 2199 1995 potens

616 2035 916 2088 ambulare.
946 2035 998 2087 Si
1032 2034 1189 2102 igitur
1226 2047 1331 2083 non
1369 2040 1450 2083 est
1494 2038 1681 2101 potens
1732 2022 2006 2076 ambulare
2057 2021 2196 2075 idem

620 2124 886 2192 signiﬁcat
932 2132 985 2175 et
1029 2133 1110 2176 est
1156 2128 1344 2190 potens
1392 2133 1493 2171 non
1547 2116 1849 2176 ambulare,
1889 2111 2001 2180 ipsa
2039 2112 2197 2164 simul

622 2214 833 2267 inerunt
856 2212 1052 2276 eidem,
1085 2227 1204 2263 nam
1235 2210 1374 2263 idem
1402 2216 1572 2274 potest
1595 2205 1866 2258 ambulare
1887 2210 1941 2255 et
1968 2216 2070 2254 non
2093 2216 2198 2254 am-

619 2304 843 2368 bulare,
874 2314 924 2357 et
971 2303 1109 2356 idem
1141 2302 1319 2355 sciens
1369 2299 1564 2353 bonum
1610 2307 1664 2350 et
1711 2310 1815 2348 non
1862 2293 2053 2345 bonum
2094 2299 2193 2345 est.

620 2394 921 2449 Afﬁrmatio
972 2403 1146 2447 autem
1190 2403 1242 2446 et
1273 2391 1482 2459 negatio
1522 2404 1625 2442 non
1663 2395 1788 2440 sunt
1824 2382 2085 2451 oppositae
2125 2384 2197 2435 si-

619 2486 726 2543 mul
776 2486 826 2538 in
878 2484 1087 2537 eodem.
1118 2482 1574 2548 Quemadmodum
1603 2494 1731 2547 ergo
1764 2492 1868 2531 non
1907 2480 2047 2534 idem
2092 2488 2194 2541 εει,

620 2592 722 2628 non
754 2576 893 2641 scjre
926 2575 1122 2626 bonum
1154 2582 1205 2625 et
1235 2573 1374 2626 scite
1403 2588 1505 2625 non
1531 2572 1728 2625 bonum
1751 2613 1765 2638 ,
1806 2586 1902 2626 nec
1940 2586 2061 2625 esse
2091 2586 2193 2624 non

620 2668 814 2719 bonum
843 2674 895 2716 et
926 2678 1029 2716 non
1070 2677 1188 2717 esse
1232 2665 1426 2715 bonum
1457 2662 1593 2717 idem
1613 2703 1627 2727 ,
1674 2678 1795 2717 nam
1826 2664 2196 2733 proportiuna-

618 2754 668 2807 li:
695 2768 770 2816 ιη,
806 2753 849 2806 si
878 2752 1103 2806 alterum
1130 2752 1220 2813 sit,
1249 2759 1303 2804 et
1325 2751 1575 2815 alterum,
1600 2766 1698 2805 nec
1720 2766 1838 2805 esse
1866 2767 1968 2805 non
1993 2752 2198 2820 aequale

615 2854 668 2900 et
706 2859 809 2899 ιιοιι
853 2858 971 2897 esse
1017 2843 1222 2912 :rquale
1256 2842 1392 2896 idem
1421 2882 1436 2907 ,
1469 2842 1592 2895 huic
1628 2858 1691 2895 en
1718 2858 1768 2895 m
1799 2844 1938 2910 quod
1970 2852 2049 2895 est
2094 2858 2195 2895 non

616 2935 819 3006 mqnale
842 2936 1077 3003 subjacet
1105 2932 1325 3003 aliquid,
1354 2940 1408 2986 et
1433 2932 1533 2987 hoc
1554 2942 1635 2986 est
1666 2933 1946 3001 inaequale,
1971 2932 2040 2985 illi
2074 2947 2198 2985 vero

615 3028 767 3090 nihil,
797 3044 861 3083 eo
888 3026 1025 3098 quod
1057 3026 1259 3095 aequale
1280 3024 1494 3094 quidem
1517 3024 1598 3077 vel
1625 3024 1885 3091 inrequale
1910 3037 2012 3075 non
2036 3037 2197 3075 omne

2300 534 2460 586 gnum
2490 519 2688 572 album.

2377 609 2552 661 Palam
2586 618 2760 661 autent
2786 608 3033 677 quoniam
3061 619 3115 664 et
3140 627 3170 663 α
3196 621 3253 666 ει
3281 630 3304 663 c
3334 615 3459 666 nulli
3483 616 3655 669 eidem
3680 617 3861 671 insunt

2304 702 2393 753 sed
2423 700 2451 751 ὑ
2478 709 2532 754 ει
2560 702 2593 753 d
2623 700 2882 768 contingit
2904 701 3075 754 eidem
3105 702 3297 755 alicuii
3340 719 3479 760 esse.
3511 708 3770 762 Similiter
3793 724 3858 761 au
3919 766 3922 770 ,

2308 802 2408 845 ιειιι
2433 808 2488 844 se
2521 792 2715 845 habent
2744 802 2796 845 et
2828 794 3150 861 privationes
3175 796 3239 847 ad
3264 797 3665 861 prmdicatimies
3696 800 3880 852 eadem

2305 882 2600 950 positione:
2634 883 2702 935 sit
2732 900 2873 935 enim
2905 883 3106 948 :rquale
3147 886 3197 936 in
3231 901 3333 952 quo
3361 905 3422 949 (ι,
3460 905 3506 939 ιι·
3534 907 3563 939 ιι
3596 889 3799 957 :cquaie
3832 892 3881 943 in

2304 987 2407 1040 quo
2435 973 2495 1037 ὁ,
2526 972 2785 1041 inmquale
2810 975 2858 1024 in
2890 988 2994 1041 quo
3024 991 3081 1037 ε,
3109 989 3211 1027 ιιοιι
3242 977 3499 1044 inmquale
3528 978 3578 1029 in
3608 994 3714 1046 qua
3741 984 3792 1030 ά.
3826 980 3881 1033 ln

2306 1065 2545 1131 pluribus
2575 1077 2746 1117 autem
2776 1081 2997 1132 quorum
3033 1066 3111 1118 his
3150 1067 3361 1134 quidem
3396 1069 3528 1122 inest
3552 1108 3566 1131 ,
3612 1070 3721 1122 illis
3755 1087 3881 1125 vero

2306 1169 2408 1207 non
2439 1156 2577 1207 inest
2604 1154 2649 1208 zd
2691 1172 2761 1217 ιιι,
2796 1156 3004 1223 negatio
3035 1156 3243 1223 quidem
3279 1157 3526 1210 similiter
3560 1174 3679 1212 vera
3714 1161 3799 1223 ﬁt,
3827 1172 3880 1213 ut

2303 1248 2553 1312 quoniam
2588 1261 2688 1298 nol
2724 1257 2850 1317 sunt
2881 1247 2997 1299 alba
3034 1248 3232 1310 omnia,
3265 1259 3354 1302 aut
3379 1251 3627 1317 quoniam
3662 1268 3764 1304 non
3798 1262 3878 1306 est

2304 1337 2481 1388 album
2526 1338 2971 1406 unumquodque,
3015 1350 3103 1391 aut
3133 1341 3378 1407 quoniam
3422 1350 3506 1393 est
3553 1358 3653 1395 non
3701 1344 3877 1396 albam

2305 1428 2753 1497 unumquodque,
2794 1443 2880 1481 aut
2924 1432 3170 1497 quoniam
3216 1432 3394 1483 omnia
3433 1442 3558 1486 sunt
3604 1450 3705 1486 non
3737 1436 3877 1499 alba,

2304 1520 2491 1573 falsum
2539 1532 2641 1573 est.
2684 1521 2943 1575 Similiter
2986 1532 3159 1575 autem
3208 1532 3260 1575 et
3306 1523 3567 1591 ejusque:
3606 1534 3687 1578 εει
3725 1542 3880 1582 omne

2302 1609 2496 1663 animal
2533 1610 2751 1674 album,
2784 1627 2886 1663 Itntt
2922 1615 3034 1664 haec
3061 1612 3174 1681 (est
3211 1628 3314 1664 non
3352 1613 3529 1666 album
3567 1629 3724 1668 omne
3768 1618 3880 1670 atti-

2306 1698 2440 1767 mal)
2472 1699 2718 1766 negatio,
2750 1700 2921 1752 amba:
2952 1702 3091 1753 enim
3120 1700 3298 1765 falsae,
3331 1702 3423 1755 sed
3456 1718 3513 1755 es
3543 1743 3557 1767 ,
3592 1720 3692 1758 non
3722 1722 3880 1760 omne

2234 1786 2500 1843 Banimal
2549 1790 2749 1842 album.
2798 1790 3057 1857 Quoniam
3108 1804 3283 1846 autem
3333 1793 3500 1861 palam
3543 1796 3682 1863 quod
3737 1797 3878 1851 aliud

2304 1881 2566 1948 signiﬁcat
2592 1891 2673 1934 est
2700 1898 2803 1934 non
2831 1883 2915 1936 alb
2942 1899 3039 1945 ιιιι,
3087 1891 3140 1936 ει
3187 1900 3290 1937 non
3321 1893 3403 1938 est
3449 1886 3657 1952 albtnn,
3693 1899 3745 1942 et
3788 1891 3875 1944 illa

2302 1971 2515 2038 quidem
2565 1973 2879 2035 allirmatio,
2927 1976 3038 2027 Ιιςιιε
3087 1991 3213 2028 veru
3262 1978 3509 2044 negatio,
3543 1980 3875 2035 manifestum

2304 2064 2553 2128 quon‘am
2588 2073 2797 2115 nonest
2826 2064 2960 2115 idem
2986 2064 3173 2117 modus
3203 2067 3532 2121 monstrandi
3565 2078 3875 2139 utrumque,

2304 2163 2359 2204 ut
2389 2155 2639 2222 quoniam
2669 2155 2919 2223 quidquid
2953 2167 3035 2209 est
3064 2157 3286 2221 animal,
3316 2173 3416 2217 Iron
3444 2168 3525 2213 est
3550 2160 3725 2213 album
3746 2201 3762 2226 ,
3791 2174 3878 2217 aut

2302 2249 2560 2313 contingit
2585 2262 2687 2301 non
2721 2264 2838 2301 esse
2864 2249 3038 2302 album
3064 2288 3081 2314 ,
3111 2261 3163 2303 et
3209 2252 3458 2317 quoniam
3489 2268 3670 2306 verum
3702 2254 3878 2310 dicere

2302 2352 2404 2388 non
2430 2338 2627 2399 album,
2659 2338 2756 2390 hoc
2786 2341 2926 2391 enim
2946 2349 3026 2393 est
3055 2354 3303 2394 essenon
3332 2341 3529 2394 album.
3558 2342 3661 2396 Sed
3690 2360 3873 2400 verum

2298 2425 2509 2493 quidem
2559 2428 2768 2492 dicere,
2816 2438 2895 2479 est
2937 2428 3150 2492 album,
3181 2430 3295 2483 sive
3336 2447 3439 2483 non
3472 2431 3682 2495 album,
3731 2433 3871 2488 idern

2299 2514 2507 2567 niudus.
2539 2518 2905 2571 Constructive
2933 2519 3073 2573 enim
3102 2520 3273 2583 amba:
3300 2536 3392 2588 per
3431 2524 3652 2587 primam
3691 2533 3873 2578 osten-

2296 2605 2493 2661 duntur
2535 2606 2791 2674 ﬁguram,
2832 2624 2951 2661 nam
2991 2625 3177 2664 verum
3214 2610 3264 2664 ei
3314 2612 3454 2679 quod
3501 2624 3582 2667 est
3628 2615 3876 2671 similiter

2298 2697 2572 2751 ordinatur
2591 2737 2607 2761 ,
2634 2697 2748 2766 ejus
2779 2699 2917 2752 enim
2941 2716 3056 2768 quzc
3082 2710 3194 2765 est,
3229 2718 3408 2756 verum
3451 2704 3631 2769 dicere
3659 2707 3835 2761 album
3855 2748 3873 2774 ,

2300 2802 2330 2836 ιι
2374 2801 2403 2838 ιι
2435 2785 2568 2852 lirec,
2599 2802 2783 2840 verum
2803 2788 2980 2842 direre
3010 2805 3113 2843 non
3133 2791 3334 2855 album,
3361 2794 3591 2861 negatio,
3619 2798 3710 2849 sed
3739 2796 3875 2863 huic,

2301 2892 2405 2930 non
2438 2888 2519 2932 est
2549 2895 2732 2932 verum
2765 2881 2943 2934 dicere
2966 2881 3169 2940 album.
3201 2882 3255 2938 Si
3287 2885 3429 2937 enim
3462 2901 3646 2940 verum
3678 2898 3759 2943 est
3797 2889 3877 2942 di-

2298 2984 2422 3024 cere
2448 2971 2700 3039 quidquid
2726 2984 2801 3025 est
2829 2972 2986 3026 homo
3013 2974 3274 3027 musicum
3304 2989 3445 3041 esse,
3472 2987 3558 3031 aut
3581 2993 3686 3031 non
3710 2981 3874 3033 musi-

2297 3075 2417 3114 cum
2447 3076 2589 3126 esse,
2616 3063 2867 3130 quidquid
2926 3073 3007 3117 est
3033 3065 3224 3116 animal
3254 3068 3513 3119 sumcndu
3539 3089 3566 3117 ιι
3616 3070 3871 3123 musicum

612 3132 715 3227 θεξο
748 3124 950 3227 “"lual'le
992 3117 1275 3227 θυξξωῗξι
1305 3116 2191 3227 ξιξηᾷξθίξΫΫΙξιῗξῪθΙξ-ὛἚΙ[ξιξ-ξ
2222 3153 2265 3211 C
2299 3167 2419 3207 esse
2441 3194 2455 3216 ,
2486 3164 2576 3206 aut
2606 3169 2709 3207 non
2752 3154 3009 3207 musicum
3044 3170 3164 3208 esse
3188 3197 3199 3216 ,
3236 3166 3287 3209 et
3320 3167 3589 3227 ostensum
3627 3170 3727 3212 est.
3760 3160 3870 3215 Non

614 3222 695 3267 est
727 3228 830 3266 non
863 3212 1039 3265 album
1071 3209 1268 3270 li,num
1299 3218 1352 3261 et
1381 3222 1484 3260 non
1516 3215 1598 3260 est
1634 3205 1811 3259 album
1859 3205 2056 3273 lignum
2087 3218 2191 3256 non

612 3304 769 3359 simul
798 3314 953 3365 sunt,
985 3302 1027 3354 si
1069 3300 1211 3354 enim
1258 3307 1339 3352 est
1375 3298 1573 3368 lignum
1621 3312 1725 3349 non
1762 3296 1969 3357 album,
1999 3296 2102 3347 erit
2132 3294 2195 3346 li-

613 3410 806 3462 gnum,
844 3394 982 3461 quod
1015 3404 1191 3446 autem
1235 3408 1339 3445 non
1373 3402 1455 3445 est
1482 3390 1655 3444 album
1692 3389 1923 3455 lignum,
1968 3402 2070 3439 non
2102 3404 2193 3439 ne-

612 3497 762 3538 cesse
805 3494 885 3536 est
931 3498 1049 3535 esse
1081 3482 1316 3548 lignum:
1350 3494 1514 3548 quare
1557 3477 1897 3531 manifestum
1945 3486 2027 3531 est
2064 3493 2194 3545 quo-

614 3572 752 3625 niam
777 3586 879 3622 non
912 3580 993 3623 est
1020 3569 1135 3636 ejus
1165 3567 1306 3636 quod
1331 3576 1412 3620 est
1443 3568 1637 3619 bonum
1657 3608 1671 3629 ,
1711 3574 1793 3619 est
1818 3580 1924 3619 non
1958 3566 2152 3620 bonum
2176 3606 2190 3631 ,

612 3661 852 3730 negatio;
885 3660 927 3711 si
956 3673 1084 3726 ergo
1109 3657 1177 3710 de
1207 3657 1348 3708 omni
1384 3670 1487 3708 uno
1516 3656 1601 3709 vel
1632 3654 1947 3722 afﬁrmatio,
1985 3656 2065 3710 vel
2095 3673 2188 3711 ne-

611 3752 751 3821 gatio
784 3756 939 3810 vera,
969 3748 1015 3801 si
1044 3761 1148 3800 non
1181 3755 1261 3799 est
1284 3745 1494 3814 negatio
1518 3786 1532 3810 ,
1566 3744 1739 3813 palam
1769 3746 2017 3814 quoniam
2041 3747 2190 3802 afﬁr-

612 3841 775 3894 matio
802 3840 979 3907 aliquo
1012 3837 1171 3891 modo
1195 3836 1331 3901 erit;
1364 3836 1746 3891 afﬁrmationis.
1777 3847 1953 3892 autem
1991 3840 2187 3909 omnis,

612 3933 824 4002 negatio
846 3943 965 3995 est,
994 3938 1049 3985 et
1075 3929 1231 3999 hujus
1261 3943 1411 3998 ergo.
1443 3943 1502 3981 ea
1541 3943 1658 3997 qua:
1692 3937 1773 3982 est
1815 3943 1919 3983 non
1948 3940 2049 3995 est,
2084 3946 2188 3985 non

611 4024 829 4076 bonum.
858 4021 1067 4076 Habent
1093 4029 1269 4074 autem
1303 4019 1546 4074 ordinem
1579 4019 1720 4073 hunc
1746 4017 1811 4072 ad
1845 4020 2091 4086 invicem,
2121 4022 2191 4075 sit

602 4096 725 4167 esse
751 4111 965 4182 quidem
993 4110 1191 4164 bonum
1222 4111 1273 4163 in
1301 4124 1404 4179 quo
1426 4126 1477 4175 a,
1502 4124 1605 4164 non
1635 4123 1756 4163 esse
1781 4118 1959 4165 autem
1990 4111 2186 4165 bonum

607 4204 660 4257 in
684 4218 791 4273 quo
819 4202 868 4265 ὁ,
891 4216 1011 4257 εεεε
1037 4212 1214 4257 autem
1246 4215 1351 4255 non
1378 4202 1572 4254 bonum
1603 4194 1657 4254 in
1684 4216 1787 4270 quo
1814 4218 1841 4253 c
1869 4202 1970 4255 sub
1998 4204 2025 4254 b
2045 4241 2060 4266 ,
2084 4217 2186 4256 non

607 4310 726 4349 esse
757 4305 933 4349 autem
965 4309 1069 4347 non
1104 4293 1305 4346 bonum
1347 4293 1396 4343 in
1448 4306 1553 4359 quo
1580 4293 1614 4342 ιι
1642 4292 1741 4344 sub
1781 4309 1812 4344 a
1834 4330 1848 4353 ,
1874 4294 2016 4344 omni
2061 4306 2189 4361 ergo

610 4388 771 4441 inerit
806 4396 896 4439 aut
936 4402 1000 4449 a,
1028 4393 1118 4437 aut
1143 4382 1171 4435 b
1193 4424 1208 4449 ,
1246 4390 1301 4435 et
1336 4379 1469 4433 nulli
1496 4379 1699 4444 eidem,
1734 4390 1788 4433 et
1832 4382 1974 4433 omni
2006 4378 2097 4432 aut
2128 4396 2184 4444 c,

606 4489 697 4532 aut
723 4480 792 4543 ά,
818 4486 872 4531 ει
897 4475 1025 4530 nulli
1067 4474 1273 4537 eidem,
1304 4478 1360 4525 et
1387 4471 1475 4524 cui
1520 4486 1547 4522 c
1572 4470 1741 4534 inest,
1780 4484 2003 4524 necesse
2044 4479 2128 4524 est
2155 4470 2184 4523 ὁ
2216 4509 2262 4567 D

608 4568 755 4623 omni
783 4570 981 4624 inesse.
1011 4568 1067 4624 Si
1096 4569 1238 4622 enim
1266 4580 1451 4621 verum
1486 4573 1570 4618 est
1608 4562 1789 4618 dicere
1824 4564 2076 4635 quoniam
2105 4575 2187 4619 est

609 4678 713 4716 non
745 4660 945 4727 album,
984 4672 1037 4717 et
1060 4662 1307 4730 quoniam
1347 4673 1453 4713 non
1483 4666 1565 4713 est
1596 4659 1795 4723 album,
1830 4674 2049 4724 verum;
2083 4658 2187 4713 im-

609 4754 862 4822 possibile
885 4761 967 4807 est
995 4753 1139 4806 enim
1170 4752 1327 4805 simul
1364 4764 1484 4805 esse
1512 4750 1688 4805 album
1730 4760 1785 4806 et
1824 4766 1943 4807 esse
1974 4766 2077 4805 non
2105 4753 2185 4804 al-

612 4842 759 4904 bum,
793 4849 884 4893 aut
913 4854 1031 4894 esse
1064 4840 1262 4908 lignum
1296 4839 1471 4891 album
1505 4848 1556 4891 et
1595 4854 1713 4893 esse
1746 4841 1943 4908 lignum
1975 4856 2078 4893 non
2107 4838 2187 4892 al-

612 4934 735 4985 bum
760 4942 957 4999 :quare
977 4930 1021 4983 si
1048 4943 1153 4981 non
1180 4928 1483 4992 afﬁrmatio,
1507 4938 1559 4982 et
1582 4931 1789 4997 negatio
1811 4932 1987 4986 inerit.
2018 4930 2076 4983 Ei
2096 4946 2188 4983 au-

607 5032 712 5076 tem
742 5022 882 5091 quod
925 5029 1007 5074 est
1044 5019 1106 5085 b,
1134 5034 1238 5072 non
1275 5033 1487 5086 semper
1512 5036 1571 5082 c,
1604 5021 1743 5086 quod
1782 5023 1925 5074 enim
1968 5024 2185 5075 omnino

606 5131 711 5167 non
742 5122 824 5168 εει
849 5114 1047 5182 lignum
1076 5155 1089 5179 ,
1125 5126 1295 5179 neque
1325 5112 1525 5178 lignum
1573 5115 1676 5166 erit
1715 5114 1891 5167 album
1914 5155 1927 5179 ,
1953 5130 2051 5168 nec
2079 5131 2184 5181 non

604 5207 803 5258 album.
854 5204 894 5257 E
937 5216 1198 5257 converso
1246 5211 1419 5254 autem
1465 5203 1548 5255 cui
1594 5204 1733 5257 inest
1770 5196 1837 5268 α,
1869 5213 1924 5258 ει
1961 5205 1994 5256 d
2038 5206 2182 5260 omni

607 5296 776 5359 inest,
807 5307 897 5349 aut
935 5295 1077 5349 enim
1108 5310 1161 5355 c,
1194 5303 1282 5346 aut
1314 5293 1346 5343 d
1383 5310 1399 5346 :
1431 5293 1889 5363 quoniam-autem
1922 5310 2025 5348 non
2066 5307 2187 5361 pos-

605 5398 728 5440 sunt
756 5386 912 5439 simul
942 5400 1063 5440 esse
1093 5400 1193 5438 non
1235 5386 1411 5438 a'bum
1457 5396 1509 5439 et
1539 5399 1657 5438 esse
1691 5385 1863 5437 albu'n
1884 5426 1897 5447 ,
1933 5386 1965 5437 ά
1996 5386 2181 5449 inerit,

605 5494 724 5531 nam
755 5479 820 5532 de
852 5493 920 5532 eo
947 5478 1087 5546 quod
1122 5486 1202 5529 est
1243 5477 1418 5528 album
1468 5490 1649 5529 verum
1710 5484 1793 5527 est
1831 5476 2006 5529 direre
2055 5490 2186 5544 quo-

604 5568 745 5618 niam
783 5582 887 5621 non
917 5578 999 5621 est
1032 5582 1133 5620 non
1163 5567 1367 5618 album.
1401 5567 1473 5618 De
1505 5565 1537 5614 d
1569 5575 1743 5617 autem
1778 5579 1880 5617 n0n
1912 5565 2129 5617 omnino
2155 5579 2185 5615 α

604 5657 739 5716 erit,
774 5672 893 5709 nam
926 5658 993 5710 de
1031 5671 1094 5709 eo
1121 5658 1259 5724 quod
1296 5656 1512 5709 omnino
1553 5670 1657 5708 non
1698 5667 1776 5708 est
1821 5657 2045 5722 lignum,
2076 5668 2183 5707 non

606 5759 786 5800 verum
847 5760 931 5803 est
975 5750 1154 5803 dicere
1203 5765 1231 5799 a
1279 5750 1530 5815 quoniam
1577 5758 1658 5802 est
1706 5749 1903 5817 lignum
1963 5748 2181 5812 album;

2295 3258 2414 3298 esse
2435 3254 2615 3297 autem
2652 3247 2910 3298 musicum
2943 3247 3197 3315 quidquid
3223 3256 3305 3301 est
3334 3248 3524 3312 homo,
3553 3251 3873 3304 deStruetive

2296 3345 2623 3387 monstratur
2655 3335 2945 3387 secundum
2977 3336 3149 3388 d.ClOS
3183 3346 3289 3390 tres
3319 3338 3520 3390 modos.
3554 3338 3872 3406 Simpliciter

2293 3436 2467 3478 autem
2497 3426 2709 3493 quando
2737 3426 2813 3478 sic
2842 3440 2900 3479 se
2930 3427 3124 3479 habent
3152 3444 3183 3478 a
3212 3436 3267 3482 et
3296 3428 3324 3481 [ι
3344 3470 3357 3491 ,
3390 3437 3447 3482 υι
3472 3429 3627 3481 simul
3657 3429 3870 3497 quidem

2298 3522 2471 3577 eidem
2521 3538 2624 3576 non
2665 3524 3004 3591 centingant,
3047 3526 3192 3578 omni
3221 3537 3399 3582 autem
3449 3528 3514 3581 ile
3560 3532 3873 3584 necessitate

2293 3621 2552 3685 alterum,
2590 3632 2643 3675 et
2672 3637 2880 3676 rursum
2914 3641 2939 3674 ε
2967 3634 3017 3677 ει
3049 3625 3083 3677 d
3113 3626 3375 3682 similiter.
3411 3605 3661 3699 Sequitur
3698 3640 3872 3684 autem

2292 3716 2344 3771 id
2373 3719 2510 3786 quod
2534 3727 2615 3772 est
2643 3736 2697 3784 c,
2726 3736 2787 3782 a,
2819 3729 2873 3774 et
2901 3736 3005 3773 non
3038 3737 3222 3777 convei
3241 3727 3387 3790 titur,
3411 3737 3460 3780 et
3488 3728 3539 3780 id
3569 3731 3707 3797 quod
3734 3741 3815 3784 est
3843 3732 3873 3783 ὑ

2292 3817 2546 3876 sequetur
2576 3810 2640 3873 d,
2671 3817 2725 3862 et
2764 3826 2867 3864 non
2915 3814 3280 3880 convertitur,
3329 3827 3382 3868 et
3418 3834 3450 3869 a
3488 3818 3699 3885 quidem
3739 3830 3793 3872 et
3838 3821 3872 3871 ά

2290 3908 2601 3977 contingunt
2622 3910 2820 3977 eidem,
2852 3912 2880 3964 b
2906 3922 3083 3967 autem
3114 3925 3167 3968 et
3195 3932 3222 3968 ε
3245 3932 3349 3970 n0n
3381 3920 3715 3989 comingunt.
3751 3921 3869 3977 Pri-

2292 4016 2435 4054 mum
2475 4017 2602 4071 ergo
2646 4004 2897 4072 quoniam
2946 4006 2996 4059 id
3037 4009 3177 4076 quod
3209 4019 3291 4062 est
3329 4011 3357 4062 ὸ
3383 4013 3625 4080 sequitur
3652 4008 3872 4079 d,ltitic

2291 4104 2628 4158 manifestum
2661 4106 2909 4174 quoniam
2934 4123 3117 4160 eorum
3148 4124 3263 4174 quae
3290 4120 3412 4165 sunt
3435 4126 3463 4163 ο
3487 4111 3522 4161 d
3548 4112 3771 4165 alterum
3799 4128 3866 4166 ex
3938 4130 3947 4141 ‘

2294 4196 2615 4250 necessitate
2640 4197 2783 4250 omni
2810 4196 2974 4262 inest,
3006 4197 3090 4250 cui
3123 4208 3298 4251 autem
3328 4201 3355 4250 ὁ
3383 4214 3487 4251 non
3515 4201 3772 4267 contingit
3803 4216 3863 4265 ο,

2292 4300 2357 4338 eo
2383 4286 2525 4353 quod
2555 4285 2716 4339 simul
2740 4286 2902 4355 infert
2929 4304 2959 4338 a
2980 4326 2997 4351 ,
3026 4302 3057 4338 a
3086 4297 3261 4339 autem
3290 4300 3336 4339 et
3368 4286 3395 4338 b
3421 4302 3522 4340 non
3551 4289 3866 4355 contingunt

2290 4377 2491 4441 eidem,
2529 4378 2866 4433 manifestum
2911 4379 3157 4448 quoniam
3200 4379 3234 4429 α
3260 4388 3510 4446 sequetur
3552 4378 3602 4431 b.
3637 4378 3864 4433 Rursum

2290 4467 2540 4536 quoniam
2568 4468 2615 4520 ei
2644 4468 2785 4536 quod
2816 4480 2898 4523 est
2925 4485 2957 4521 a
3001 4482 3102 4521 non
3133 4467 3462 4521 convertitur
3492 4484 3547 4529 c,
3581 4468 3730 4521 omni
3774 4484 3870 4522 au-

2296 4569 2401 4613 tem
2437 4560 2519 4613 vel
2552 4576 2607 4623 c,
2639 4561 2718 4614 vel
2747 4562 2809 4625 ιι,
2838 4562 3097 4630 contingit
3131 4578 3192 4625 a,
3232 4571 3284 4614 et
3314 4560 3349 4611 ά
3388 4560 3560 4615 eidem
3604 4561 3806 4625 inesse;
3840 4562 3868 4613 b

2295 4661 2471 4705 autem
2504 4663 2555 4705 et
2586 4669 2613 4715 ε
2642 4668 2744 4706 non
2776 4653 3064 4721 contingit,
3106 4668 3171 4706 eo
3198 4652 3339 4722 quod
3370 4653 3715 4721 consequitur
3742 4670 3774 4705 α
3819 4652 3868 4704 id

2294 4744 2435 4814 quod
2460 4755 2540 4797 est
2569 4761 2595 4796 c
2615 4785 2628 4801 .
2652 4744 2841 4797 accidit
2872 4746 3012 4797 enim
3041 4744 3292 4812 quiddam
3326 4743 3672 4811 impossibile.
3702 4742 3867 4795 Matti-

2298 4836 2489 4890 festnm
2521 4844 2603 4889 est
2631 4850 2758 4903 ergo
2784 4834 3031 4902 quoniam
3064 4850 3161 4887 nec
3190 4838 3216 4885 b
3248 4835 3294 4887 ei
3326 4834 3463 4901 quod
3494 4844 3574 4887 est
3598 4834 3630 4885 d
3655 4846 3870 4885 conver-

2300 4928 2457 4989 titur,
2489 4943 2553 4981 eo
2574 4928 2711 4995 quod
2742 4927 3002 4994 contingit
3045 4925 3202 4978 simul
3245 4942 3312 4990 a,
3362 4926 3395 4977 ά
3440 4927 3631 4979 inesse.
3669 4922 3871 4977 Accidit

2294 5027 2469 5071 autem
2501 5018 2780 5085 aliquoties
2828 5017 2880 5070 in
2930 5014 3235 5084 ltujusmodi
3285 5017 3634 5069 tcrminorum
3685 5016 3870 5067 ordine

2292 5108 2433 5175 falli,
2464 5123 2529 5162 eo
2557 5108 2697 5176 quod
2721 5110 2965 5177 opposita
3000 5124 3103 5162 non
3133 5117 3411 5160 sumantur
3436 5115 3579 5161 recte
3599 5150 3613 5172 ,
3642 5121 3867 5174 quorum

2293 5215 2511 5256 necesse
2556 5210 2638 5253 est
2684 5201 2829 5253 omni
2874 5202 3099 5254 alterum
3147 5200 3361 5253 inesse:
3390 5208 3444 5252 ιιι
3489 5199 3589 5251 sia
3625 5206 3679 5251 et
3708 5197 3736 5249 b
3764 5212 3868 5249 non

2291 5294 2603 5360 contingunt
2632 5291 2790 5345 simul
2815 5292 3009 5356 eidem,
3036 5306 3255 5345 necesse
3281 5301 3360 5344 est
3381 5302 3557 5344 autem
3590 5291 3766 5343 inesse
3786 5290 3868 5341 cui

2294 5399 2396 5437 non
2427 5383 2676 5448 alterum,
2706 5381 2954 5446 alterum,
2987 5395 3038 5435 et
3071 5396 3259 5435 rursus
3289 5398 3314 5433 c
3338 5391 3390 5435 et
3422 5383 3454 5431 ά
3486 5382 3759 5446 similiter,
3786 5381 3869 5434 cui

2292 5489 2467 5528 autem
2501 5491 2526 5525 c
2554 5474 2697 5526 omni
2726 5474 2965 5542 sequitur
2986 5491 3037 5537 α,
3063 5474 3268 5527 accidet
3297 5476 3436 5526 enim
3459 5475 3541 5526 cui
3563 5474 3616 5530 ιι,
3644 5475 3671 5525 b
3697 5474 3870 5527 inesse

2293 5579 2356 5619 ex
2391 5565 2735 5627 necessitate,
2765 5564 2901 5631 quod
2955 5564 3144 5617 falsum
3188 5573 3299 5627 est;
3350 5563 3394 5616 si
3440 5572 3681 5616 sumatur
3725 5565 3865 5615 enim

2294 5655 2502 5723 negatio
2529 5670 2713 5707 eorum
2742 5670 2858 5724 qua:
2879 5667 3003 5708 sunt
3028 5672 3058 5706 a
3087 5655 3135 5719 b,
3168 5670 3229 5709 ea
3260 5670 3379 5723 qua:
3411 5665 3491 5707 est
3514 5654 3564 5707 iu
3597 5655 3790 5722 quibus
3813 5654 3864 5720 Ῑ,

2294 5754 2348 5800 ει
2374 5760 2555 5799 rursus
2585 5760 2768 5799 eorum
2800 5761 2916 5813 qua:
2940 5756 3060 5800 sunt
3086 5763 3111 5797 ε
3142 5750 3196 5811 d,
3243 5762 3301 5801 ea
3332 5764 3446 5816 quae
3483 5756 3564 5802 est
3597 5762 3642 5799 in
3674 5745 3864 5815 quibus

3781 329 3881 382 G35
3932 376 3939 383 ν.
