4296 6266
479 256 579 310 1283

1107 267 1413 322 PlllOIlUM
1456 268 1983 324 ANALYTICORU.“
2030 274 2466 333 ARISTOTELIS
2509 283 2801 340 INTERPH

1369 270 1413 322 Μ
1456 268 1983 324 ΑΝΑΙΧΤΙΕυΠυλΙ
2030 274 2466 333 ARISTOTELIS
2509 283 3065 351 INTERPHETATIQ

3624 300 3724 355 ως

474 391 527 441 g.
576 372 807 430 Necesse
838 388 915 431 est
947 379 1103 448 igitur
1127 383 1271 435 omni
1322 383 1495 437 inesse
1546 382 1625 436 vel
1668 399 1729 446 ιι,
1764 384 1844 437 vel
1881 384 1932 452 f,
1966 394 2053 437 aut
2082 389 2123 445 Α
2158 399 2333 441 autem
2365 391 2581 453 falsum;
2617 411 2646 448 c
2672 402 2940 451 con'rario
2968 404 3108 456 enim
3144 414 3254 457 eral
3288 405 3337 459 in
3372 405 3452 460 his
3479 407 3627 479 (quae
3652 412 3727 465 sic

477 465 618 517 enim
641 464 1051 523 afﬁrmationem
1076 515 1083 524 .
1110 482 1201 524 aut
1224 474 1585 541 negationem,
1612 485 1662 525 et
1691 489 1931 536 rursum,
1960 486 2047 525 aut

479 566 539 617 c,
569 564 658 606 aut
686 572 751 625 g;
780 556 1063 613 affirmatio
1094 563 1234 613 cuitu
1256 575 1306 615 et
1341 564 1548 631 negatio
1568 604 1583 625 ,
1611 573 1664 617 et
1690 564 1770 615 cui
1797 581 1821 615 c
1847 581 1986 616 mnm
2021 582 2051 615 (ι

482 646 749 714 suhjacet,
781 665 944 718 quare
973 654 1055 704 cui
1086 655 1279 721 [omni
1325 656 1422 708 hoc
1449 655 1699 723 quod,est
1736 674 1789 723 g.
1824 655 2048 709 llur~um

478 739 724 804 quoniam
752 755 938 795 eorum
963 759 1078 809 qua:
1105 745 1317 812 sunth
1344 747 1485 798 omni
1509 745 1759 809 alterum,
1785 756 1835 801 et
1860 762 2045 799 eorum

476 844 595 894 qua:
625 840 744 881 situt
769 848 802 899 g
825 832 859 884 ά
884 834 1144 887 similiter.
1179 837 1430 903 Sequitur
1457 846 1631 891 autem
1658 856 1688 907 g
1717 839 1765 892 id
1796 839 1933 906 quod
1965 850 2047 893 est

475 923 524 985 Ῑ,
559 927 612 973 et
638 921 685 972 id
714 924 853 988 quod
883 931 966 980 est
992 924 1027 976 ά
1065 926 1305 994 sequitur
1327 928 1387 987 b,
1416 927 1518 982 hoc
1555 929 1696 981 enim
1744 929 1962 982 scimus.
1988 929 2045 981 Si

438 1021 445 1117 ἑ
472 1023 597 1077 ergo
621 1026 653 1062 α
682 1012 730 1064 id
756 1013 896 1082 quod
922 1025 1003 1068 εει
1030 1032 1076 1080 c,
1105 1026 1156 1081 et
1178 1016 1230 1070 id
1258 1019 1395 1086 quod
1427 1028 1506 1071 est
1530 1020 1563 1071 ιι
1589 1030 1842 1087 sequetur
1867 1020 1915 1082 ὸ,
1946 1017 2045 1072 hoc

1695 1141 2015 1153 ...ρ-

2153 495 2211 532 se
2251 482 2466 551 habent)
2494 494 2893 555 consequentia.
2923 494 3034 547 Non
3060 496 3201 549 enim
3231 498 3454 553 fortasse
3483 515 3729 557 necessa-

2154 571 2232 622 rio
2261 593 2283 618 ι
2312 577 2455 626 omni
2488 575 2686 641 inesse,
2718 593 2799 631 sint
2828 600 2855 631 (ι
2887 594 2977 635 aut
3002 586 3043 653 f,
3078 602 3174 640 nec
3198 589 3224 655 f
3247 599 3334 642 aut
3364 591 3425 641 b:
3454 608 3557 645 non
3585 595 3726 646 enim

2154 671 2236 715 est
2260 665 2472 732 negatio
2503 669 2617 734 ejus
2647 672 2782 735 quod
2816 684 2893 725 est
2925 692 2955 725 α
2988 677 3089 729 hoc
3121 680 3257 743 quod
3282 694 3359 732 est
3384 687 3423 752 ι’,
3458 699 3577 736 nam
3606 685 3726 737 boni

2156 766 2260 804 non
2295 752 2491 807 bonum
2527 760 2765 825 negatio;
2800 776 2902 814 non
2934 773 3108 816 autem
3142 777 3221 818 cst
3267 770 3404 822 idem
3445 770 3545 826 hoc
3586 775 3725 842 quod

2150 851 2233 895 est
2263 859 2364 894 non
2399 845 2592 897 honum
2625 848 2671 900 ci
2703 852 2842 916 quod
2873 862 2957 905 est
2986 869 3157 921 neque
3188 857 3380 911 bonum
3414 876 3586 929 neque
3621 879 3724 915 tio-t

2153 930 2379 993 bonum;
2416 934 2661 989 similiter
2688 947 2864 993 autem
2902 950 2953 993 et
2996 941 3049 994 in
3083 960 3108 993 c
3135 944 3201 1009 (ἰ,
3247 948 3365 998 naut
3414 952 3727 1019 negationes

2151 1036 2269 1087 qua:
2299 1035 2523 1091 sumpta:
2551 1036 2696 1088 Sunt,
2726 1029 2842 1082 dum
2874 1039 3017 1087 sunt.

2020 1142 3662 1178 NW

1639 1213 1925 1291 LIBER
2003 1213 2559 1295 SECUNDUS.

1937 1351 2244 1363 ————_—

973 1432 1201 1487 CAPUT
1243 1432 1527 1488 PRIMUM.

539 1544 592 1597 ln
622 1552 751 1615 quot
796 1557 924 1613 ergo
964 1544 1147 1610 ﬁguris
1168 1584 1182 1607 ,
1211 1554 1265 1598 et
1297 1558 1390 1611 per
1415 1545 1597 1613 quales
1617 1586 1631 1609 ,
1666 1553 1719 1598 et
1748 1555 1875 1613 quot
1916 1560 2035 1613 pro-

467 1634 779 1702 positiones,
823 1642 875 1687 et
914 1631 1149 1702 quando,
1179 1639 1234 1686 et
1260 1633 1526 1701 quomodo
1571 1635 1626 1686 tit
1653 1634 1992 1703 syllogismus
2016 1675 2030 1698 ,

2143 1436 2286 1503 quod
2319 1435 2419 1488 sub
2446 1437 2791 1491 conclusione
2814 1448 2895 1493 est
2924 1454 3027 1495 non
3050 1443 3169 1505 erit,
3196 1448 3415 1502 alterius
3446 1467 3570 1507 vero
3593 1455 3668 1509 eri
3680 1470 3715 1516 t,

2143 1541 2327 1579 verum
2362 1543 2465 1581 non
2486 1544 2581 1596 per
2602 1529 2993 1597 syllogismum,
3019 1549 3083 1586 eo
3110 1538 3248 1602 quod
3276 1549 3328 1591 et
3360 1539 3412 1593 in
3440 1544 3718 1599 universa-

2142 1613 2282 1668 libus
2312 1631 2373 1669 ex
2405 1615 2823 1672 indemonstrata
2871 1624 3234 1687 propositione
3279 1643 3397 1695 qua:
3441 1643 3563 1688 sunt
3613 1636 3715 1690 sub

464 1725 692 1794 amplius
712 1736 886 1777 autem
913 1723 977 1775 ad
1009 1738 1128 1791 qua:
1160 1724 1581 1791 perspiciendum
1625 1725 1953 1778 construenti
1983 1734 2036 1778 et
2073 1732 2112 1789 Β
2143 1706 2320 1759 π’θάίο
2360 1707 2813 1772 οθιθηδθιδθηιυτῖ
2847 1725 3010 1779 quam
3041 1727 3213 1781 ηετιιιε
3243 1715 3325 1768 hic
3375 1720 3509 1779 erit.
3542 1724 3619 1777 "el
3664 1736 3716 1777 et

462 1812 779 1878 destruenti,
814 1819 867 1865 et
912 1810 1179 1879 quomodo
1206 1822 1451 1879 oporteat
1478 1828 1719 1882 quaerere
1748 1813 1814 1867 de
1845 1828 2039 1884 prepo-

462 1904 567 1957 sito
597 1901 889 1956 secundum
921 1916 1349 1971 unamquamque
1377 1912 1573 1970 artem,
1601 1905 1826 1973 amplius
1855 1914 2035 1959 autem

463 2007 559 2062 per
590 2007 747 2060 quain
777 1990 917 2045 viam
940 2006 1236 2054 sumemus,
1268 2007 1386 2061 qua:
1416 1992 1469 2045 in
1496 1994 1720 2063 singulis
1741 2003 1863 2049 sunt
1890 1993 2038 2063 prin-

460 2083 597 2151 cipia
623 2082 735 2151 jam
779 2083 1237 2151 pertransivimus.
1264 2084 1527 2150 Quoniam
1565 2096 1742 2139 autem
1790 2087 1881 2140 alii
1912 2088 2034 2157 qui-

459 2170 581 2224 dem
605 2171 1037 2241 syllogismorum
1060 2181 1183 2225 sunt
1204 2171 1558 2239 universales,
1588 2175 1679 2228 alii
1713 2191 1841 2230 vero
1873 2177 2036 2245 parti-

454 2261 699 2314 culares:
732 2261 1065 2321 universales
1111 2262 1325 2331 quidem
1376 2279 1563 2317 omnes
1618 2279 1834 2334 semper
1882 2267 2031 2335 plura

455 2351 792 2421 syllogizaut,
827 2352 1226 2427 particulatium
1255 2363 1429 2407 autem
1464 2355 1788 2424 prtedicativi
1816 2358 2030 2427 quidem

456 2444 630 2513 plura,
661 2443 888 2512 negatiri
925 2458 1054 2497 vero
1090 2444 1485 2500 conclusionem
1516 2446 1706 2499 solam.
1744 2447 1873 2500 Nam
1907 2448 2066 2510 alite,

456 2534 668 2603 quidem
717 2534 1106 2603 propositiones
1150 2542 1569 2597 convertuntur,
1602 2536 1855 2603 privativa
1902 2552 2029 2592 vero

456 2637 562 2676 non
620 2626 969 2677 convertitur.
1021 2623 1305 2677 Conclusio
1347 2641 1474 2679 vero
1514 2626 1712 2696 aliquid
1743 2628 1811 2682 de
1854 2628 2030 2698 aliquo

454 2722 559 2779 est,
602 2728 764 2782 quare
791 2714 878 2766 alii
910 2714 1125 2782 quidem
1157 2715 1453 2785 syllogismi
1494 2718 1641 2786 plura
1673 2719 1983 2790 syllogizant
2011 2739 2025 2775 :

453 2811 510 2856 ut
556 2802 599 2856 si
640 2818 671 2854 α
700 2811 974 2856 ostensum
1026 2803 1095 2857 sit
1120 2805 1260 2857 omni
1292 2814 1383 2858 aut
1411 2807 1566 2861 alicui
1602 2807 1634 2860 ὁ
1679 2810 1883 2877 inesse,
1911 2825 1970 2868 et
1998 2815 2027 2868 lt

450 2890 605 2944 alicui
636 2907 667 2943 a
697 2892 1054 2945 neressarium
1084 2901 1167 2946 est
1193 2894 1389 2957 inesse,
1415 2899 1533 2950 etsi
1558 2898 1685 2950 nttlli
1715 2901 1742 2951 ὁ
1772 2900 1948 2956 inesse
1967 2919 2020 2970 tt,

448 2988 503 3032 et
530 2979 557 3031 b
591 2980 720 3032 nulli
744 2996 795 3042 a,
822 2979 923 3033 hoc
952 2989 1126 3034 autem
1154 2982 1299 3036 aliud
1329 2992 1410 3037 est
1432 3000 1458 3036 a
1484 2986 1680 3052 priore.
1707 2988 1763 3042 Si
1785 2998 1959 3045 autem
1989 3008 2023 3044 α

449 3068 606 3121 alicui
635 3071 663 3121 b
703 3084 809 3122 non
838 3069 983 3136 insit,
1018 3085 1141 3124 non.
1171 3087 1391 3128 necesse
1418 3086 1499 3127 est
1524 3084 1578 3128 et
1609 3078 1636 3127 ὁ
1666 3076 1822 3130 alicui
1848 3095 1879 3130 a
1912 3094 2014 3134 non

451 3160 943 3228 inesse;contiugit
992 3162 1135 3215 enim
1192 3163 1334 3215 omni
1385 3179 1418 3214 a
1465 3162 1661 3219 inesse.
1717 3165 1840 3220 Haec
1885 3181 2014 3237 ergo

446 3249 743 3301 communis
788 3250 1023 3303 omnium
1064 3264 1228 3305 causa
1275 3251 1660 3307 ‘universalium
1701 3264 1753 3308 et
1786 3260 2013 3325 particu-

444 3336 653 3392 larium.
679 3338 767 3394 Est
798 3351 971 3394 autem
1003 3341 1068 3395 de
1100 3342 1507 3408 univcrsalibus,
1536 3354 1589 3397 et
1624 3345 1781 3399 aliter
1808 3347 2007 3416 dicere,

442 3443 771 3498 quaecunque
801 3431 943 3485 enim
975 3442 1065 3483 aut
1094 3431 1195 3485 sub
1226 3432 1401 3486 medio
1430 3441 1518 3485 aut
1542 3434 1641 3487 sub
1664 3436 2011 3493 conclusione

439 3526 592 3584 sunt,
620 3519 857 3572 omnimn
888 3520 990 3573 erit
1020 3520 1158 3573 idem
1194 3520 1563 3589 syllogismus,
1591 3525 1634 3575 si
1662 3523 1749 3576 illa
1790 3526 2007 3593 quidem

439 3607 493 3684 in
533 3610 739 3676 medio,
772 3610 889 3663 hare
938 3625 1065 3664 vero
1092 3610 1147 3663 in
1181 3611 1525 3666 conclusione
1554 3623 1838 3680 ponantur,
1876 3617 2008 3671 utsi

435 3715 469 3751 a
498 3700 524 3752 b
545 3700 822 3755 conclusio
850 3716 945 3770 per
972 3718 1018 3764 c,
1045 3717 1375 3771 qnxccunque
1402 3704 1502 3757 sub
1527 3706 1554 3756 ὸ
1586 3714 1675 3757 aut
1701 3705 2000 3775 suhcsunt,

440 3804 658 3844 necesse
684 3802 767 3845 est
792 3790 857 3844 de
887 3790 1132 3844 omnibus
1162 3791 1261 3844 dici
1281 3806 1334 3856 a,
1355 3808 1474 3845 nam
1507 3794 1540 3844 ά
1568 3794 1611 3845 si
1654 3795 1703 3847 in
1732 3804 1843 3847 toto
1873 3797 1922 3860 b,
1953 3805 2006 3849 et

442 3882 469 3932 b
499 3883 550 3933 in
580 3898 632 3946 a,
659 3891 714 3935 et
742 3882 775 3933 ά
815 3884 917 3936 erit
954 3882 1007 3935 in
1038 3898 1087 3935 ιι.
1117 3884 1340 3937 Rursum
1376 3885 1421 3937 si
1450 3901 1476 3937 e
1506 3886 1559 3938 in
1596 3896 1705 3939 toto
1725 3903 1784 3951 ο,
1814 3898 1921 3940 etc
1950 3888 2001 3941 in

438 3977 551 4023 tot’o
583 3986 630 4035 a,
658 3980 710 4025 et
742 3988 765 4023 e
795 3972 846 4025 in
893 3982 1001 4026 toto
1022 3989 1052 4025 a
1076 3973 1195 4026 erit.
1227 3964 1479 4027 Similiter
1506 3984 1682 4028 autem
1712 3984 1767 4029 et
1813 3977 1855 4029 si
1890 3976 2001 4045 pri-

437 4063 641 4115 vativus
668 4062 735 4114 sit
758 4062 1115 4132 syllogismus.
1150 4063 1202 4116 In
1221 4064 1450 4117 secunda
1466 4073 1643 4117 autem
1673 4062 1834 4131 ﬁgura
1861 4066 2001 4133 quod

431 4150 533 4204 sub
560 4148 903 4205 conclusione
952 4154 1076 4216 erit,
1109 4153 1281 4205 solum
1307 4154 1410 4206 erit
1435 4152 1770 4223 syllogizare,
1804 4162 1861 4206 ut
1890 4156 1931 4205 si
1966 4170 2001 4206 a

430 4240 554 4294 insit
592 4241 724 4295 nulli
751 4241 809 4306 ὁ,
862 4252 914 4296 et
952 4243 1093 4296 omni
1122 4259 1150 4294 ο
1171 4284 1185 4307 ,
1213 4244 1487 4297 conclusio
1532 4245 1780 4311 quoniant
1816 4244 1943 4297 nulli
1972 4259 2002 4298 ο

431 4332 569 4385 inest
600 4333 662 4395 b;
700 4333 741 4386 si
774 4343 947 4386 autem
983 4335 1015 4384 τι
1044 4335 1142 4387 sub
1164 4351 1189 4385 c
1218 4346 1330 4399 est,
1357 4334 1697 4390 manifestum
1749 4339 1996 4404 quoniam

437 4439 541 4475 non
570 4423 707 4477 inest
732 4425 780 4478 ei
804 4426 852 4487 ὁ,
882 4424 946 4479 iis
980 4435 1151 4478 autent
1181 4441 1297 4495 qua:
1330 4434 1453 4478 sunt
1483 4426 1581 4479 sub
1608 4443 1658 4493 a,
1691 4429 1938 4495 quoniam
1970 4429 1998 4481 ὁ

428 4530 532 4569 non
565 4517 720 4581 inest,
756 4532 858 4570 non
888 4518 1056 4585 palam
1082 4534 1164 4572 εει
1194 4534 1287 4585 per
1316 4518 1707 4588 syllogismum,
1732 4532 1786 4575 et
1814 4522 1859 4576 si
1890 4538 1995 4576 non

426 4606 565 4659 inest
592 4607 619 4657 ὁ
649 4608 696 4661 ei
728 4607 867 4677 quod
899 4617 979 4662 est
1018 4625 1063 4673 ε,
1090 4610 1132 4662 si
1165 4619 1244 4661 est
1269 4625 1296 4661 ε
1323 4610 1422 4662 sub
1446 4627 1494 4675 α,
1540 4611 1633 4664 sed
1680 4612 1854 4667 inesse
1880 4613 1999 4680 qui-

424 4695 546 4751 dem
588 4696 616 4747 b
649 4697 777 4749 nulli
815 4714 841 4749 c
875 4714 967 4766 per
1005 4699 1373 4767 syllogismum
1416 4710 1690 4755 ostensum
1738 4712 1851 4768 est,
1888 4719 1994 4757 non

420 4787 595 4839 inesse
628 4804 755 4841 vero
777 4805 808 4840 a
846 4788 946 4842 hoc
976 4789 1115 4857 quod
1146 4800 1226 4843 est
1254 4790 1301 4852 ὁ,
1333 4792 1810 4845 indemonstratum
1842 4808 1991 4847 sum-

416 4883 563 4941 ptum
594 4888 697 4940 est,
731 4891 895 4945 quare
927 4894 1022 4930 nec
1064 4893 1161 4945 per
1192 4880 1558 4949 syllogismum
1600 4882 1791 4935 accidit
1823 4882 1850 4934 ὁ
1886 4898 1989 4937 non

415 4962 590 5018 inesse
605 4981 653 5017 ε.
684 4964 738 5017 In
762 4966 1170 5033 particularibus
1190 4979 1389 5031 autem,
1412 4986 1596 5024 eorum
1623 4972 1837 5040 quidem
1871 4988 1988 5041 quae

413 5054 511 5107 sub
556 5056 897 5110 conclusione
947 5067 1091 5118 sunt.
1141 5076 1247 5113 non
1297 5062 1399 5114 erit
1446 5065 1827 5117 necessarium.
1873 5064 1986 5116 Non

412 5146 551 5199 enim
582 5149 638 5199 lit
666 5148 1025 5217 syllogismus,
1055 5156 1268 5219 quando
1295 5168 1355 5205 ea
1387 5166 1597 5221 sumpta
1630 5157 1787 5210 fuerit
1820 5156 1985 5225 patti-

409 5239 626 5301 cularis,
658 5255 840 5293 eorum
884 5250 1059 5294 autem
1085 5258 1204 5310 qua:
1232 5253 1350 5295 sunt
1380 5246 1479 5296 sub
1510 5247 1707 5312 medio,
1740 5247 1842 5299 erit
1866 5263 1983 5301 om-

406 5331 575 5395 nium,
597 5339 957 5384 verumtamen
983 5348 1087 5385 non
1113 5349 1208 5398 per
1230 5333 1619 5403 syllogismum,
1636 5350 1692 5388 ut
1718 5338 1814 5389 sia
1837 5330 1979 5391 omni

405 5419 456 5479 ὁ,
505 5428 559 5470 et
589 5419 616 5468 ιι
649 5417 810 5470 alieni
845 5436 901 5472 c:
932 5435 1051 5472 nam
1083 5423 1202 5489 ejus
1232 5423 1374 5490 quod
1412 5424 1512 5475 sub
1543 5441 1567 5474 c
1608 5434 1687 5477 est
1713 5427 1942 5492 positum
1964 5468 1979 5492 ,

405 5521 512 5559 non
543 5507 646 5558 erit
680 5507 1041 5574 syllogismus,
1069 5513 1185 5575 ejus
1224 5520 1353 5564 vero
1381 5513 1519 5579 quod
1545 5514 1643 5567 sub
1681 5517 1709 5566 b
1732 5516 1852 5578 erit,
1889 5519 1980 5572 sed

401 5611 507 5647 non
541 5607 757 5662 propter
784 5611 905 5649 eum
946 5600 1034 5665 qui
1082 5600 1225 5661 prius
1271 5601 1437 5656 factus
1470 5612 1552 5657 est
1592 5605 1977 5674 syllogismum.

400 5685 656 5740 Similiter
679 5694 858 5739 autem
891 5695 948 5741 et
975 5690 1026 5741 itt
1056 5690 1175 5744 aliis
1220 5691 1423 5760 ﬁguris,
1456 5708 1576 5749 nam
1607 5696 1724 5765 ejus
1765 5695 1976 5765 quidem

2143 1798 2194 1849 ιιι
2226 1796 2351 1851 illis.

2762 1890 2991 1948 CAPUT
3031 1895 3093 1949 ll.
3157 1942 3169 1955 .

2210 1978 2362 2045 Quod
2388 1994 2453 2033 ea:
2486 1980 2629 2049 falsis
2659 1981 2710 2033 in
2739 1985 2907 2053 prima
2946 1985 3113 2055 ﬁgura
3143 2004 3310 2042 verum
3342 1992 3629 2064 colligatur.

2212 2068 2304 2121 Est
2332 2083 2461 2137 ergo
2483 2070 2559 2122 sic
2587 2084 2648 2124 se
2678 2071 2896 2139 habere,
2930 2083 2988 2128 ut
3014 2091 3153 2130 verm
3182 2082 3288 2132 sint
3317 2087 3709 2150 propoSitiones

2136 2172 2233 2224 per
2260 2171 2393 2227 quas
2412 2159 2469 2211 lit
2495 2159 2865 2230 syllogismus;
2889 2173 2972 2217 est
3001 2176 3178 2220 autem
3208 2178 3265 2222 ut
3293 2168 3459 2233 falsa},
3480 2184 3562 2227 est
3583 2191 3710 2230 vero

2137 2258 2195 2301 ut
2224 2248 2338 2302 lucc
2369 2250 2583 2319 quidem
2617 2267 2767 2318 vera,
2801 2255 2887 2309 illa
2919 2266 3095 2313 autem
3128 2258 3281 2327 falsa,
3310 2266 3579 2319 conclusio
3615 2283 3709 2322 au-

2137 2347 2243 2394 tem
2276 2350 2367 2395 aut
2392 2357 2542 2410 vera,
2572 2354 2662 2399 aut
2684 2345 2812 2399 falsa
2842 2364 2907 2403 ex
2938 2354 3274 2409 necessitate.
3306 2356 3383 2411 Ex
3413 2361 3553 2414 veris
3581 2377 3708 2431 ergo

2134 2444 2239 2483 non
2282 2440 2364 2484 est
2389 2431 2578 2487 falsum
2610 2431 2943 2505 syllogiiare,
2988 2455 3054 2495 ex
3093 2442 3240 2498 falsis
3281 2456 3455 2501 autem
3487 2463 3704 2515 verum,

2134 2528 2313 2574 tamen
2356 2538 2460 2575 non
2500 2534 2717 2594 propter
2745 2528 2892 2596 quid,
2922 2533 3014 2586 sed
3045 2535 3189 2601 quia,
3223 2552 3344 2591 nam
3373 2540 3491 2607 ejus
3511 2542 3600 2610 qui
3626 2554 3706 2597 est

2133 2620 2351 2678 propter
2400 2614 2528 2683 quid
2561 2630 2663 2669 non
2690 2625 2856 2673 estex
2888 2620 3039 2677 falsis
3067 2626 3429 2695 syllogismus,
3453 2627 3524 2686 ob
3550 2648 3708 2701 quam

2130 2710 2307 2755 autem
2338 2718 2552 2758 causam
2586 2706 2641 2760 in
2669 2712 3015 2778 sequentibus
3046 2715 3271 2772 dicetur.
3298 2719 3536 2775 Primum
3576 2740 3706 2793 ergo

2127 2794 2375 2859 quoniam
2407 2811 2469 2850 ex
2505 2797 2643 2851 veris
2693 2814 2795 2853 non
2830 2804 3083 2870 possibile
3124 2806 3311 2861 falsum
3353 2811 3701 2880 syllogizare.

2128 2879 2252 2934 hinc
2300 2884 2661 2939 manifestum.
2695 2887 2749 2942 Si
2795 2891 2940 2943 enim
2987 2907 3109 2946 cum
3147 2906 3228 2949 est
3258 2913 3321 2964 a,
3356 2879 3703 2957 necesserest

2126 2982 2244 3022 esse
2272 2976 2321 3035 ιν,
2353 2974 2396 3025 si
2430 2989 2535 3027 non
2554 2985 2640 3029 est
2671 2976 2721 3042 b,
2757 2993 2974 3035 necesse
3001 2991 3082 3036 est
3108 3001 3142 3037 a
3171 3001 3275 3040 non
3314 3002 3472 3055 esse;
3505 2994 3548 3046 si
3572 3008 3703 3063 ergo

2124 3075 2306 3114 verum
2330 3072 2413 3117 est
2433 3080 2484 3131 a,
2512 3081 2727 3123 necesse
2755 3079 2836 3123 est
2858 3080 2915 3126 et
2934 3073 2962 3125 b
2992 3088 3177 3129 verum
3201 3092 3340 3143 esse,
3364 3090 3456 3135 aut
3491 3085 3700 3140 accidet

2122 3151 2259 3206 idem
2300 3154 2453 3208 simul
2499 3163 2551 3209 et
2579 3172 2700 3213 esse
2730 3170 2784 3214 et
2813 3176 2919 3216 non
2949 3179 3089 3232 esse,
3127 3166 3225 3222 hoc
3242 3170 3435 3225 autem
3454 3173 3698 3242 impossi-

2115 3243 2241 3299 bile.
2290 3244 2402 3300 Non
2444 3256 2618 3302 autem
2651 3254 2899 3319 quoniam
2942 3257 3155 3324 ponitur
3181 3276 3212 3311 a
3237 3276 3372 3315 unus
3407 3264 3694 3331 terminus,

2113 3336 2425 3403 accipiatur,
2472 3341 2781 3411 contingere
2830 3361 2937 3399 uno
2985 3348 3163 3418 aliquo
3190 3353 3473 3423 existente,
3507 3372 3696 3415 exne-

2110 3427 2361 3483 Ccssitate
2404 3429 2601 3499 aliquid
2648 3434 2914 3503 accidere,
2972 3453 3075 3493 non
3128 3445 3267 3496 enim
3320 3458 3511 3515 potest.
3563 3450 3693 3506 Nam

2111 3520 2249 3586 quod
2279 3521 2469 3575 accidit
2499 3538 2569 3577 ex
2624 3528 2946 3585 necessitate
2988 3534 3263 3589 conclusio
3315 3548 3418 3603 est,
3457 3556 3549 3609 per
3576 3558 3695 3612 qum

2110 3618 2290 3663 autem
2320 3612 2374 3664 ﬁt
2396 3613 2462 3667 ad
2496 3616 2768 3672 minimum
2803 3630 2911 3675 tres
2939 3633 3064 3677 sunt
3093 3630 3329 3691 termini,
3359 3631 3467 3686 duo
3514 3646 3692 3691 autem

2107 3700 2385 3757 intervalla
2436 3716 2490 3759 et
2542 3711 2955 3777 propositiones.
3003 3715 3058 3770 Si
3086 3731 3217 3787 ergo
3270 3736 3453 3776 verum
3501 3739 3581 3780 est
3607 3732 3692 3786 cui

2106 3793 2251 3847 omni
2305 3794 2445 3849 inest
2490 3798 2517 3848 b
2550 3807 2603 3851 et
2629 3816 2683 3864 α,
2717 3802 2801 3854 cui
2851 3814 3027 3857 autem
3051 3823 3078 3857 c
3106 3818 3160 3860 et
3193 3810 3242 3873 ὁ,
3270 3813 3356 3866 cui
3388 3831 3435 3878 c,
3473 3833 3692 3874 necesse

2105 3892 2187 3935 est
2214 3900 2245 3935 a
2278 3885 2472 3950 inesse,
2506 3896 2689 3941 etnon
2718 3900 2895 3955 potest
2950 3893 3051 3947 hoc
3105 3897 3294 3951 falsum
3343 3917 3483 3966 esse,
3529 3909 3689 3963 simul

2102 3973 2243 4025 enim
2262 3976 2363 4026 erit
2392 3975 2531 4029 idem
2564 3988 2615 4030 et
2647 3993 2751 4029 non
2784 3979 2977 4044 inerit;
3010 3997 3139 4051 ergo
3168 4003 3199 4036 a
3229 3997 3286 4040 ut
3321 4005 3504 4056 unum,
3540 4001 3687 4063 posi-

2104 4068 2211 4114 tum
2234 4073 2317 4115 est
2338 4064 2469 4117 duas
2500 4067 2889 4134 propositiones
2925 4071 3199 4140 colligere.
3230 4076 3490 4135 Similiter
3508 4095 3684 4142 autem

2102 4165 2161 4206 se
2185 4152 2345 4207 habet
2366 4163 2422 4209 et
2452 4155 2504 4209 in
2529 4158 2827 4224 privativis,
2853 4176 2957 4215 non
2981 4164 3126 4217 enim
3153 4176 3235 4221 est
3260 4184 3327 4223 ex
3353 4172 3493 4228 veris
3507 4187 3686 4231 osten-

2102 4244 2227 4299 dere
2271 4245 2479 4301 f.tlsum.
2502 4248 2592 4317 .Ex
2621 4247 2771 4304 falsis
2792 4263 2969 4311 autem
3005 4266 3088 4311 e51
3114 4272 3296 4314 verum
3345 4264 3682 4334 syllogizare,

2101 4336 2336 4404 utrisque
2361 4340 2810 4408 propositionibus
2834 4344 3001 4411 falsis,
3020 4356 3074 4401 et
3100 4366 3235 4415 una;
3261 4353 3359 4408 hac
3381 4366 3555 4409 autem
3580 4376 3682 4413 non

2102 4430 2359 4483 utralibet'
2383 4433 2661 4501 contingit,
2707 4435 2801 4487 sed
2842 4439 3112 4504 secunda,
3157 4442 3203 4495 si
3249 4445 3464 4512 quidem
3516 4456 3681 4502 totam

2106 4536 2375 4574 sumamus
2411 4523 2617 4587 falsam,
2650 4540 2754 4577 non
2784 4534 2888 4578 tota
2918 4512 3099 4583 autem
3136 4545 3343 4601 sumpta
3387 4548 3469 4590 est
3499 4540 3683 4591 utrali--

2105 4611 2209 4664 bet.
2248 4611 2373 4664 lusit
2401 4614 2541 4665 enim
2573 4629 2603 4663 a
2630 4614 2772 4666 omni
2816 4629 2863 4679 c,
2890 4616 2939 4670 ei
2975 4630 3151 4672 autem
3196 4623 3334 4690 quod
3365 4637 3447 4679 est
3475 4629 3503 4680 b
3527 4629 3677 4693 nulli,

2104 4715 2200 4753 nec
2227 4702 2254 4752 ι)
2281 4701 2482 4765 insitc;
2505 4704 2761 4770 contingit
2783 4714 2960 4760 autem
2983 4707 3109 4774 hoc,
3142 4720 3198 4764 ut
3221 4715 3347 4768 nulli
3374 4716 3532 4785 lapidi
3561 4720 3679 4772 aui-

2102 4790 2249 4853 mal,
2300 4800 2353 4844 et
2397 4791 2530 4860 lapis
2584 4793 2710 4845 nulli
2762 4792 2991 4862 homini;
3053 4800 3098 4852 si
3154 4800 3313 4869 igitur
3362 4817 3605 4861 sumatur
3645 4827 3677 4861 a

2100 4883 2247 4937 omni
2277 4884 2324 4948 b,
2359 4896 2409 4939 et
2437 4886 2465 4937 li
2497 4886 2638 4938 omni
2661 4902 2709 4951 c,
2739 4904 2770 4938 a
2799 4891 2946 4942 omni
2975 4906 3000 4942 τ
3025 4891 3204 4959 inerit,
3232 4911 3398 4964 quarc
3422 4916 3484 4953 ex
3517 4902 3677 4955 utris-

2102 4988 2204 5041 que
2236 4974 2379 5026 falsis
2421 4990 2544 5028 vera
2566 4983 2649 5029 est
2676 4978 2973 5046 Conclusio,
3001 4985 3175 5038 omnis
3203 4990 3342 5040 enim
3374 4988 3532 5043 homo
3562 4992 3675 5045 aui-

2098 5066 2222 5119 mal.
2253 5066 2507 5120 Similiter
2527 5081 2700 5121 autem
2729 5080 2783 5123 et
2801 5071 3143 5138 privativum:
3168 5078 3291 5131 insit
3312 5081 3452 5133 enim
3475 5084 3669 5146 cnulli,

2096 5170 2194 5209 nec
2222 5173 2270 5218 a,
2300 5172 2397 5210 nec
2425 5158 2472 5218 ὑ,
2506 5175 2537 5210 a
2562 5168 2737 5213 autem
2762 5160 2794 5212 ὁ
2820 5163 2986 5226 omni,
3025 5174 3081 5217 ut
3119 5167 3162 5219 si
3191 5169 3390 5221 eisdem
3433 5173 3672 5226 terminis

2092 5248 2321 5313 sumptis
2369 5248 2597 5301 ntedium
2650 5262 2875 5317 ponatur
2926 5254 3105 5319 homo,
3168 5256 3325 5323 lapidi
3371 5260 3513 5314 enim
3568 5277 3668 5315 nec

2091 5338 2308 5402 animal,
2361 5354 2458 5391 nec
2490 5340 2647 5393 homo
2678 5344 2803 5395 nulli
2856 5343 3012 5405 inest,
3062 5346 3263 5400 hemini
3306 5359 3480 5405 autem
3519 5356 3665 5405 omni
3741 5350 3757 5361 ’

2086 5428 2282 5479 animal
2314 5443 2329 5491 ;
2363 5444 2527 5496 quare
2578 5432 2731 5484 sicui
2760 5433 2973 5500 quidem
2996 5438 3141 5489 omni
3188 5438 3356 5506 inest,
3388 5456 3663 5499 sumamus

2085 5517 2216 5569 nulli
2267 5518 2464 5584 inesse,
2514 5521 2599 5573 cui
2631 5536 2756 5575 vero
2806 5540 2907 5577 non
2961 5525 3129 5592 inest',
3162 5533 3304 5584 omni
3356 5532 3553 5601 inesse,
3595 5551 3662 5591 cx
3702 5586 3705 5591 .

2085 5604 2232 5659 falsis
2263 5607 2497 5677 utrisque
2528 5624 2652 5663 vera
2700 5613 2801 5664 erit
2826 5615 3137 5671 conclusio.
3192 5618 3452 5678 Similiter
3478 5637 3657 5682 autem

2081 5702 2391 5756 ostendetur
2417 5713 2472 5758 et
2513 5707 2556 5758 si
2605 5706 2654 5759 in
2685 5706 2861 5776 aliquo
2894 5704 3113 5780 utraque
3147 5713 3275 5768 falsa
3303 5729 3565 5779 sumatur.
3598 5727 3656 5779 Si
