4296 6266
553 362 653 423 637

1789 352 1891 407 AN.
1918 347 2141 406 MANL.
2187 346 2336 404 SEV.
2376 346 2589 405 BOEHI

3699 342 3800 395 (365

553 495 728 535 autem
757 484 919 534 altera
956 481 1181 543 ponatur
1211 470 1362 537 falsa,
1414 469 1582 537 prima
1616 467 1831 534 quidem
1862 474 1968 518 totzi
2000 463 2127 516 falsa
2162 463 2207 519 Α
2237 460 2433 527 inesse,
2463 472 2682 516 cautem
2715 461 2893 529 alicui,
2925 472 2978 514 et
3008 460 3034 511 b
3064 459 3269 512 alicuic
3300 458 3496 521 inesse,
3530 463 3585 507 ut
3609 454 3799 508 animal

555 575 836 635 existente,
872 577 983 620 uta
1024 564 1192 628 b,non
1229 562 1331 615 erit
1360 559 1633 613 COHClliSi‘l
1659 572 1802 621 vera,
1837 556 1863 608 b
1893 571 1918 605 c
1951 568 2126 607 aurem

555 668 673 717 erit.
738 661 861 713 Dico
915 665 1091 710 autem
1149 663 1308 708 totam
1374 650 1559 705 falsam
1615 649 1755 717 quod
1805 645 2125 700 contrariam

556 768 711 817 verae,
749 761 805 805 ut
830 751 874 804 si
903 748 1041 819 quod
1074 747 1199 801 nulli
1229 748 1387 809 inest,
1405 742 1549 797 omni
1599 750 1865 809 sumptum
1898 748 1977 793 est
1999 755 2012 802 ;
2038 748 2127 789 aut

553 854 592 901 si
631 846 770 917 quod
821 844 986 907 omni,
1024 840 1150 894 nulli
1206 839 1400 891 inesse.
1446 835 1571 889 Insit
1615 833 1754 886 enim
1799 848 1829 883 α
1860 830 1888 882 b
1918 830 2066 893 nulli,
2100 829 2128 880 b

554 951 729 993 autem
759 937 902 991 omni
933 950 993 998 c;
1022 933 1064 986 si
1096 946 1221 999 ergo
1252 929 1278 980 b
1301 944 1327 980 ε
1347 926 1558 996 quidem
1598 921 2011 992 propositionem
2042 935 2131 971 su-

560 1044 764 1083 mamus
794 1040 994 1087 veram,
1025 1039 1059 1074 a
1098 1023 1125 1073 b
1152 1028 1326 1074 autem
1371 1018 1559 1071 falsam
1606 1024 1791 1077 t0tam,
1832 1022 1884 1066 et
1910 1013 2052 1065 omni
2100 1010 2129 1061 ὁ

560 1125 737 1179 inesse
772 1138 825 1185 α,
890 1114 1216 1186 impossibile
1255 1122 1335 1166 est
1384 1128 1414 1161 ιι
1445 1127 1470 1161 c
1517 1108 1914 1162 conclusionem
1948 1118 2128 1157 veram

558 1227 698 1278 esse,
730 1209 859 1264 nulli
884 1209 1023 1261 enim
1046 1207 1215 1258 inerat
1243 1219 1274 1254 a
1296 1214 1476 1254 earnm
1500 1212 1618 1267 qnze
1643 1204 1765 1249 sunt
1787 1211 1834 1259 ο,
1865 1192 2129 1261 siquidem

559 1303 642 1356 cui
673 1303 700 1353 b
728 1298 879 1364 nulli,
913 1297 939 1349 b
968 1306 1145 1349 autem
1176 1290 1319 1344 omni
1349 1307 1393 1341 ε.
1425 1286 1683 1342 Similiter
1728 1292 1905 1337 autem
1942 1296 2039 1336 nec
2085 1281 2128 1332 si

559 1394 750 1447 aomni
783 1392 810 1442 ὁ
840 1390 997 1450 inest,
1034 1394 1087 1438 et
1115 1385 1143 1436 b
1170 1382 1316 1436 omni
1364 1396 1411 1443 c,
1459 1389 1667 1445 sumpta
1699 1378 1767 1430 sit
1804 1385 1981 1429 autem
2026 1374 2055 1426 b
2106 1389 2132 1424 c

558 1481 771 1553 quidem
799 1493 922 1532 vera
967 1473 1281 1544 propositio,
1326 1487 1360 1524 ο
1409 1471 1438 1522 b
1485 1478 1662 1522 autem
1717 1464 1853 1529 falsa
1899 1474 2028 1528 tota,
2082 1472 2135 1515 et

560 1572 711 1626 nulli.
740 1569 825 1623 cui
856 1566 885 1619 b
915 1566 1050 1619 inest
1078 1580 1131 1623 α.
1173 1561 1447 1615 conclusio
1479 1558 1607 1610 falsa
1636 1557 1757 1614 erit.
1801 1553 1949 1606 omni
1988 1554 2131 1607 enim

560 1682 587 1718 c
614 1665 753 1717 inest
790 1677 841 1723 a,
870 1655 1130 1725 siquidem
1168 1652 1256 1706 cui
1286 1652 1314 1703 ὁ
1352 1648 1494 1702 οηιηί
1521 1665 1546 1700 c
1567 1656 1621 1701 et
1652 1664 1701 1709 a,
1727 1647 1755 1698 b
1787 1654 1962 1698 autem
1985 1640 2134 1695 omni

560 1775 605 1812 c.
642 1752 974 1809 Manifestum
1014 1761 1142 1815 ergo
1170 1744 1420 1813 quoniam
1456 1741 1626 1810 prima
1658 1748 1767 1792 tota
1794 1744 2003 1803 sumpta
2034 1733 2132 1786 fal-

2232 553 2358 605 nulli
2386 553 2512 618 nivi,
2539 553 2660 605 albo
2686 562 2864 605 autem
2894 550 3049 603 alicui
3091 549 3249 612 inest,
3276 558 3329 601 et
3368 548 3455 601 nix
3485 546 3604 600 albo
3626 548 3801 600 alicui.

2231 642 2285 696 Si
2309 658 2441 712 ergo
2471 652 2696 710 ponatur
2726 643 2960 696 medium
2984 642 3101 705 nix,
3135 640 3361 708 primum
3386 647 3559 691 autem
3588 636 3803 703 animal,

2229 741 2279 785 et
2312 741 2552 785 sumatur
2579 748 2609 782 a
2649 731 2863 800 quidem
2906 730 3000 784 toti
3032 730 3059 782 b
3090 730 3288 791 inesse,
3312 728 3339 779 ὁ
3365 736 3541 780 autem
3571 726 3728 779 alicui
3759 742 3807 791 c,

2233 840 2262 873 α
2293 826 2320 873 b
2370 831 2478 875 tota
2522 822 2671 886 falsa,
2717 820 2746 874 ὁ
2774 837 2800 874 c
2844 831 3020 874 autem
3059 834 3201 885 iera,
3252 828 3305 873 et
3351 818 3629 871 conclusio
3662 831 3806 870 vera.

2233 913 2489 967 Similiter
2532 922 2708 966 autem
2737 920 2792 964 et
2829 926 2947 963 cum
2982 909 3235 978 privativa
3264 918 3344 963 est
3369 924 3400 959 a
3429 909 3456 958 b
3490 906 3807 975 propositio,

2234 1004 2487 1073 possibile
2517 1012 2600 1057 est
2622 1003 2762 1057 enim
2811 1018 2843 1054 a
2887 1001 2915 1054 b
2954 1000 3168 1068 quidem
3216 999 3310 1052 toti
3343 1001 3540 1062 inesse,
3573 1013 3600 1048 ο
3628 1006 3808 1051 autem

2237 1097 2392 1151 alicui
2437 1112 2541 1152 non
2574 1097 2770 1160 ines~c,
2804 1096 2831 1149 ὸ
2867 1109 2993 1149 vero
3019 1095 3175 1148 alicui
3222 1110 3248 1145 c
3276 1092 3475 1158 inesse,
3506 1101 3567 1145 ut
3608 1090 3809 1143 animal

2235 1186 2436 1240 homini
2466 1186 2675 1256 quidem
2699 1183 2845 1238 omni
2876 1186 3032 1248 inest,
3057 1185 3234 1238 album
3258 1191 3434 1236 autem
3463 1181 3673 1249 aliquod
3696 1194 3801 1232 non

2235 1278 2495 1347 sequitur,
2527 1276 2687 1329 homo
2718 1290 2843 1328 vero
2873 1276 3030 1328 alicui
3074 1274 3191 1328 albo
3220 1274 3392 1336 inest;
3423 1286 3588 1340 quare
3616 1270 3660 1324 si
3691 1285 3807 1323 me-

2237 1372 2325 1425 dio
2349 1372 2521 1440 ι)οεὶιο
2544 1372 2755 1426 homine
2785 1382 3025 1425 sumatur
3050 1386 3081 1421 α
3121 1370 3251 1422 nulli
3277 1369 3304 1420 b
3331 1369 3531 1429 inesse,
3582 1375 3634 1419 et
3657 1367 3684 1417 ὸ
3711 1364 3811 1416 ali-

2237 1463 2321 1514 cui
2351 1477 2400 1527 c,
2424 1475 2548 1517 vera
2580 1461 2641 1515 ﬁt
2661 1462 2955 1525 conclusio,
2979 1476 3099 1515 cum
3125 1460 3195 1514 sit
3221 1468 3327 1511 tota
3354 1458 3484 1511 l'alsa
3511 1474 3541 1508 a
3569 1455 3597 1507 b
3627 1470 3817 1525 propo-

2240 1554 2383 1607 sitio.
2429 1554 2495 1608 Et
2534 1555 2578 1608 si
2621 1556 2673 1608 in
2719 1555 2897 1622 aliquo
2946 1554 3017 1607 sit
3045 1555 3175 1609 falsa
3221 1568 3253 1604 a
3300 1551 3328 1603 b
3366 1548 3679 1619 propositio,
3712 1547 3739 1601 b
3790 1562 3817 1598 c

2244 1663 2365 1703 vera
2393 1648 2676 1713 existente,
2708 1650 2809 1704 erit
2840 1650 3113 1704 conclusio
3138 1663 3284 1704 vera.
3312 1648 3451 1701 Nihil
3473 1648 3613 1700 enim
3642 1644 3817 1715 prohi-

2246 1742 2332 1794 bet
2365 1757 2419 1806 a,
2449 1752 2501 1793 et
2530 1740 2579 1805 b,
2601 1751 2729 1809 etc,
2764 1742 2919 1794 alicui
2961 1741 3155 1807 inesse,
3188 1741 3216 1793 b
3247 1751 3423 1793 autem
3467 1739 3621 1792 alicui
3664 1752 3710 1801 c,
3764 1744 3819 1790 ut

562 1862 640 1909 sa,
694 1844 807 1897 sive
852 1837 1189 1899 aflirmativa,
1239 1834 1349 1887 sive
1409 1829 1684 1900 privativa,
1733 1827 1901 1880 altera
1953 1833 2135 1877 autem
2173 1832 2258 1890 B;

2118 1837 2135 1873 ι
2173 1832 2218 1890 Β
2248 1832 2440 1885 animal
2462 1833 2618 1886 alicui
2648 1833 2893 1901 pulchro,
2926 1843 2980 1887 et
3015 1833 3171 1888 alicui
3213 1846 3425 1901 magno,
3455 1839 3508 1883 et
3537 1831 3814 1897 pulchrum

564 1949 708 1998 vera,
744 1947 846 1985 non
876 1930 1070 1982 litvera
1101 1922 1392 1979 conclusio.
1431 1920 1544 1974 Non
1579 1926 1683 1972 tota
1718 1927 1890 1969 autem
1920 1923 2131 1981 sumpta

562 2027 712 2086 falsa,
745 2023 847 2078 erit
878 2037 892 2073 :
926 2033 1046 2073 nam
1087 2017 1133 2071 si
1179 2031 1208 2067 α
1234 2030 1259 2067 c
1284 2008 1497 2082 quilem
1527 2009 1668 2063 omni
1710 2008 1873 2071 inest,
1904 2007 1931 2057 b
1960 2016 2136 2057 autem

561 2115 738 2178 alivui,
773 2112 798 2165 b
830 2118 1008 2165 autem
1035 2105 1182 2160 omni
1231 2120 1276 2166 c,
1335 2111 1391 2155 ut
1442 2099 1658 2161 animal,
1706 2111 1876 2167 cygno
1926 2095 2137 2164 quidem

561 2206 735 2267 omni,
758 2203 878 2257 albo
908 2210 1083 2253 autem
1114 2192 1291 2259 alicui,
1324 2192 1505 2245 album
1552 2200 1727 2242 autem
1770 2185 1913 2240 omni
1942 2198 2137 2253 cygno,

562 2298 609 2352 si
639 2301 877 2353 sumatur
913 2308 945 2342 a
971 2287 1117 2344 omni
1141 2286 1190 2348 b,
1222 2294 1275 2338 et
1313 2284 1340 2336 b
1372 2281 1513 2335 omni
1567 2296 1613 2342 ε,
1665 2295 1696 2329 a
1750 2278 1892 2330 omni
1929 2293 1953 2327 ε
1983 2274 2143 2327 inerit

564 2403 709 2451 vere,
762 2382 939 2438 omnis
976 2380 1118 2433 enim
1150 2388 1350 2445 cygnus
1392 2372 1611 2424 animal.
1652 2368 1909 2422 Simititer
1962 2372 2139 2417 autem

565 2488 620 2533 et
640 2477 683 2530 si
714 2470 1066 2543 privativasit
1093 2486 1121 2519 (ι
1154 2466 1181 2517 b
1208 2479 1226 2529 ;
1256 2461 1511 2531 possibile
1537 2468 1614 2512 est
1642 2456 1783 2514 enim
1815 2472 1845 2506 a
1870 2456 1895 2506 li
1929 2452 2140 2522 quidem

566 2569 718 2623 alicui
749 2567 947 2625 inesse,
985 2577 1011 2612 c
1054 2573 1179 2613 vero
1224 2555 1373 2618 nulli,
1421 2553 1449 2605 b
1479 2561 1656 2604 autem
1684 2548 1830 2601 omni
1861 2564 1906 2611 r,
1941 2556 1997 2598 nt
2025 2545 2141 2597 ani-

568 2660 674 2715 mal
720 2657 876 2712 alicui
930 2653 1072 2715 albo,
1108 2648 1214 2702 nivi
1243 2659 1369 2700 vero
1414 2642 1567 2705 nulli,
1619 2641 1793 2693 album
1826 2652 1953 2692 vero
1998 2636 2142 2711 omni

568 2751 704 2815 nivi;
740 2748 786 2803 si
836 2759 962 2813 ergo
1015 2749 1255 2795 sumatttr
1296 2752 1327 2788 a
1370 2732 1583 2803 quidem
1631 2729 1759 2783 nulli
1792 2728 1841 2792 b,
1891 2729 1917 2779 b
1967 2736 2143 2779 autem

568 2839 712 2897 omni
740 2856 787 2905 ι’,
818 2853 849 2891 ιι
873 2834 1003 2889 nulli
1032 2848 1058 2885 c
1089 2829 1266 2883 itterit.
1299 2824 1354 2879 Si
1385 2830 1559 2877 autem
1590 2838 1621 2873 a
1645 2820 1672 2872 b
1696 2818 1907 2887 quidem
1947 2830 2143 2885 propo-

568 2932 689 2987 sitio
717 2904 826 2982 tota
855 2933 1095 2980 sumatur
1132 2933 1276 2981 vera,
1306 2916 1333 2968 ὁ
1385 2931 1411 2968 c
1459 2923 1633 2965 autem
1685 2918 1791 2964 tota
1840 2906 1992 2971 falsa,
2042 2904 2147 2958 erit

567 3022 904 3094 syllogismus
934 3029 1110 3079 verus,
1162 3010 1289 3066 nihil
1335 3006 1476 3061 enim
1509 3001 1758 3072 prohibet
1784 3015 1838 3064 α,
1880 3007 1934 3050 et
1980 2997 2007 3048 Ι)
2038 3006 2090 3049 et
2120 3009 2146 3046 c

568 3085 711 3172 omni
737 3116 929 3178 inesse,
955 3109 983 3163 b
1010 3116 1184 3161 autem
1228 3101 1357 3157 nulli
1379 3115 1425 3164 c,
1457 3108 1514 3151 ut
1538 3107 1761 3163 quaicun
1784 3105 1868 3158 pte
1899 3085 2143 3156 ejusdem

569 3208 779 3278 generis
799 3213 923 3259 sunt
957 3198 1160 3269 species
1190 3208 1294 3249 non
1342 3190 1685 3250 subalternaa,
1719 3197 1840 3237 nam
1870 3179 2066 3233 animal
2094 3188 2145 3231 et

572 3270 770 3356 homini
827 3305 882 3349 et
936 3307 1075 3363 equo
1127 3291 1285 3353 inest,
1316 3298 1485 3355 equus
1540 3290 1717 3335 autem
1764 3275 1893 3330 nulli
1943 3270 2147 3326 homini

574 3394 740 3451 inest;
774 3387 817 3438 si
849 3398 976 3450 ergo
1023 3388 1264 3435 sumatur
1294 3394 1325 3428 a
1368 3373 1511 3429 omni
1558 3372 1606 3433 b,
1640 3380 1692 3423 et
1718 3369 1745 3421 b
1772 3364 1915 3419 omni
1946 3378 1993 3428 c,
2023 3360 2149 3414 con-

572 3479 738 3534 ilusiu
768 3488 887 3528 vera
941 3472 1063 3533 erit,
1122 3479 1230 3525 tota
1278 3466 1408 3519 lalsa
1435 3464 1463 3516 b
1503 3480 1529 3515 ο
1562 3459 1942 3529 propositione.
1982 3453 2145 3509 Simi-

574 3572 692 3623 liter
716 3574 891 3620 autem
919 3576 1041 3616 cum
1071 3557 1388 3613 universalis
1410 3553 1664 3622 privativa
1707 3560 1790 3605 cst
1835 3566 1865 3602 a
1895 3548 1921 3599 b
1956 3559 2149 3615 propo-

573 3658 717 3724 sitio,
744 3651 1000 3720 contingit
1029 3650 1171 3703 enim
1199 3662 1231 3700 a
1262 3657 1433 3713 neque
1457 3642 1511 3707 b,
1550 3656 1721 3709 neque
1746 3655 1773 3692 c
1796 3640 1922 3693 nulli
1954 3638 2150 3699 inesse,

575 3760 629 3806 et
675 3748 703 3800 b
758 3743 888 3800 nulli
914 3758 957 3807 c,
1014 3747 1067 3793 ut
1092 3754 1156 3793 ex
1186 3738 1291 3791 alio
1313 3747 1514 3805 genere
1563 3730 1842 3801 speciebus
1884 3730 2153 3781 diversum

575 3854 760 3911 genus,
818 3816 938 3886 nam
964 3829 1160 3883 animal
1211 3840 1308 3881 nec
1352 3823 1589 3886 musicae,
1629 3836 1725 3874 nec
1767 3818 2047 3873 medicina:
2073 3817 2155 3868 in-

574 3906 676 3995 est,
709 3940 881 3996 neque
907 3922 1107 3977 musica
1146 3917 1445 3973 medicinae.
1476 3914 1699 3981 Sumpta
1725 3926 1852 3979 ergo
1879 3925 1909 3961 a
1939 3906 2154 3976 quidem

577 3994 707 4078 nulli
744 3994 856 4083 b,_b
904 4020 1080 4068 autem
1111 4009 1256 4064 omni
1280 4023 1332 4072 ε,
1369 4020 1490 4060 vera
1534 4002 1639 4057 erit
1675 3999 1971 4055 conclusio.
2018 3996 2082 4048 Et
2112 3994 2155 4047 si

579 4131 685 4172 non
721 4122 829 4168 tota
860 4106 987 4162 falsa
1015 4105 1080 4159 sit
1111 4103 1139 4156 ὁ
1178 4117 1224 4167 c,
1262 4099 1358 4155 sed
1407 4099 1458 4152 in
1505 4096 1703 4165 aliquo,
1752 4094 1914 4148 etiam
1941 4091 2019 4144 sic
2055 4088 2158 4141 erit

576 4208 848 4265 conclusio
877 4215 1016 4257 vera.
1049 4197 1192 4254 Nihil
1229 4196 1371 4251 enim
1401 4192 1647 4261 prohibet
1675 4208 1726 4255 η,
1760 4202 1812 4242 et
1855 4188 1883 4239 b
1912 4195 1968 4241 et
1990 4202 2015 4237 ε
2059 4188 2154 4238 tuti

579 4304 775 4364 inesse,
801 4298 828 4350 ὸ
851 4302 1025 4349 autem
1052 4289 1206 4345 alicui
1234 4305 1279 4351 c,
1306 4295 1365 4340 ut
1391 4299 1559 4352 genus
1584 4281 1780 4361 speciei
1811 4288 1864 4331 et
1909 4276 2159 4329 diil'eren-

581 4394 685 4454 tiae,
734 4404 854 4443 nam
902 4381 1098 4438 animal
1145 4376 1348 4432 homini
1379 4374 1524 4427 omni
1571 4380 1626 4426 et
1678 4370 1821 4423 omni
1863 4366 2158 4435 gressibili,

584 4486 741 4537 homo
780 4492 954 4533 autem
985 4473 1144 4529 alicui
1186 4464 1465 4540 gressibili,
1517 4473 1569 4518 et
1599 4472 1702 4514 non
1747 4457 1923 4520 omni;
1958 4456 2001 4509 si
2033 4468 2162 4523 ergo

2243 1923 2399 1976 alicui
2440 1937 2629 1992 magno
2663 1926 2831 1987 inest;
2860 1925 2905 1976 si
2941 1939 3065 1993 ergo
3112 1933 3351 1979 sumatur
3379 1940 3411 1975 α
3441 1921 3585 1976 οηιηὶ
3609 1920 3655 1985 b,
3700 1928 3752 1975 et
3783 1920 3811 1972 ὁ

2244 2014 2403 2068 alicui
2429 2030 2477 2077 ε,
2501 2024 2553 2068 et
2578 2030 2609 2065 a
2632 2014 2681 2079 b,
2706 2014 2920 2083 quidem
2947 2014 3243 2084 propositio
3266 2014 3317 2067 in‘
3341 2014 3515 2082 aliquo
3540 2012 3668 2066 falsa
3692 2012 3816 2076 erit,

2246 2106 2274 2156 b
2304 2120 2331 2156 c
2356 2112 2532 2157 autem
2560 2118 2705 2165 Vera,
2741 2114 2795 2155 i-t
2835 2104 3109 2158 conclusio
3152 2120 3295 2159 vera.
3338 2104 3598 2157 Similiter
3644 2114 3821 2156 autem

2243 2205 2438 2256 etcum
2472 2197 2727 2262 privativa
2747 2204 2828 2247 est
2856 2212 2887 2245 a
2920 2198 2947 2246 b
2971 2195 3288 2263 propositio,
3322 2208 3442 2246 nam
3478 2193 3637 2246 iidem
3662 2200 3821 2244 erunt

2246 2288 2480 2352 termini,
2505 2296 2555 2339 et
2585 2286 2827 2339 similiter
2855 2288 3007 2354 positi
3042 2288 3107 2341 ad
3132 2288 3659 2340 demonstrationem.
3682 2287 3819 2338 llur-

2244 2390 2357 2429 sum
2384 2376 2429 2428 si
2458 2392 2487 2426 a
2526 2375 2553 2425 b
2598 2374 2805 2440 quidem
2839 2391 2983 2435 vera,
3023 2378 3050 2427 b
3095 2392 3121 2427 c
3160 2386 3332 2428 autem
3383 2375 3534 2435 falsa,
3566 2388 3690 2426 vera
3718 2373 3818 2427 erit

2196 2516 2206 2526 ,
2244 2464 2535 2521 conclusio.
2581 2466 2716 2517 Nihil
2748 2466 2889 2518 enim
2939 2466 3184 2531 prohibet
3210 2483 3239 2516 a
3269 2464 3479 2532 quidem
3512 2463 3604 2515 loli
3646 2463 3821 2516 inesse

2244 2564 2344 2627 b,c
2385 2569 2560 2614 autem
2615 2560 2793 2621 alicui,
2836 2571 2888 2613 et
2944 2560 2971 2613 b
3021 2559 3152 2614 nulli
3191 2576 3217 2610 c
3263 2558 3436 2612 inesse
3472 2574 3483 2608 :
3519 2566 3574 2609 ut
3625 2556 3821 2608 animal

2246 2666 2416 2721 cygno
2440 2651 2651 2717 quidem
2678 2649 2846 2712 omni,
2878 2649 3030 2719 nigro
3056 2660 3232 2703 autem
3266 2647 3446 2710 alicui,
3470 2660 3671 2716 cygnus
3693 2658 3820 2699 vero

2246 2744 2378 2798 nulli
2419 2744 2600 2812 nigro;
2632 2756 2797 2810 quare
2830 2742 2872 2794 si
2919 2751 3153 2795 sumatur
3185 2756 3216 2791 a
3250 2739 3395 2792 omni
3429 2739 3480 2801 b,
3530 2746 3585 2791 et.
3612 2739 3637 2789 b
3669 2737 3825 2789 alicui

2246 2854 2294 2902 c,
2325 2852 2449 2890 vera
2493 2835 2597 2890 erit
2631 2834 2924 2909 conclusio.
2954 2846 3073 2884 cum
3124 2830 3193 2883 sit
3245 2828 3378 2882 falsa
3410 2830 3435 2880 b
3474 2844 3521 2881 ε.
3574 2826 3827 2882 Similiter

2248 2940 2422 2982 autem
2472 2937 2526 2980 et
2583 2927 2840 2994 privativa
2891 2932 3098 2990 sumpta
3131 2940 3162 2974 α
3191 2921 3217 2973 b
3246 2919 3631 2990 propositione,
3661 2919 3827 2986 possi-

2251 3021 2354 3075 bile
2382 3022 2520 3075 enim
2565 3038 2595 3072 a
2618 3020 2645 3071 b
2671 3018 2884 3088 quidem
2920 3017 3069 3078 nulli,
3104 3033 3131 3069 c
3154 3023 3329 3068 autem
3382 3014 3539 3066 alicui
3593 3028 3697 3065 non
3748 3010 3828 3063 in-

2249 3126 2388 3175 esse,
2416 3122 2469 3164 et
2492 3112 2519 3162 b
2555 3110 2678 3163 nulli
2710 3126 2755 3173 c,
2805 3116 2859 3160 ιιι
2884 3123 3052 3176 genus
3075 3121 3137 3160 ex
3169 3106 3273 3158 alio
3302 3119 3499 3173 genere
3543 3103 3739 3170 speciei
3775 3109 3829 3154 et

2178 3202 2224 3265 C
2254 3204 2513 3259 accidenti
2534 3204 2648 3273 ejus
2676 3202 2976 3271 speciebus,
3004 3215 3123 3253 nam
3152 3199 3344 3251 animal
3366 3197 3581 3266 quidem
3607 3210 3828 3249 numero

2255 3294 2383 3350 nulli
2431 3297 2588 3360 inest,
2637 3294 2757 3345 albo
2788 3308 2915 3347 vero
2965 3306 3069 3344 iron
3114 3290 3290 3353 alicui,
3348 3301 3605 3343 numerus
3651 3296 3825 3339 autem

2252 3385 2381 3441 nulli
2420 3386 2575 3449 albo;
2608 3385 2651 3436 si
2683 3398 2811 3451 ergo
2841 3382 3074 3436 medium
3112 3391 3336 3448 ponatur
3363 3393 3634 3439 numerus,
3658 3385 3711 3430 et
3735 3391 3826 3429 su-

2253 3487 2425 3531 matur
2463 3492 2495 3527 a
2522 3475 2736 3544 quidem
2763 3467 2889 3526 nulli
2925 3473 2973 3537 b,
3019 3472 3047 3524 b
3077 3483 3254 3525 autem
3287 3469 3442 3524 alicui
3470 3484 3515 3533 c,
3550 3483 3581 3520 a
3611 3464 3766 3519 alicui
3798 3482 3826 3519 α

2256 3582 2359 3621 non
2380 3567 2555 3637 inerit,
2587 3564 2723 3634 quod
2746 3562 2844 3615 fuit
2874 3578 3079 3629 verum,
3105 3578 3224 3615 cuin
3254 3578 3284 3612 a
3314 3560 3341 3613 Ι)
3374 3559 3584 3625 quidem
3611 3559 3681 3610 sit
3707 3572 3829 3625 pro-

2258 3659 2449 3726 positio
2484 3671 2625 3719 vera,
2651 3654 2678 3707 b
2701 3671 2725 3706 c
2754 3664 2930 3707 antem
2970 3656 3120 3707 faba.
3156 3654 3220 3707 Et
3246 3655 3288 3705 si
3320 3651 3369 3705 in
3396 3651 3573 3719 aliquo
3600 3650 3668 3703 sit
3700 3649 3830 3702 falsa

2257 3766 2286 3801 a
2317 3748 2344 3801 b
2368 3790 2381 3809 ,
2433 3747 2564 3800 falsa
2598 3756 2773 3799 autem
2806 3754 2859 3797 et
2889 3745 2916 3796 b
2967 3761 3011 3809 r,
3055 3743 3157 3797 erit
3188 3742 3460 3796 conclusio
3500 3755 3642 3793 vera.
3690 3734 3830 3791 Nihil

2257 3839 2397 3891 enim
2424 3835 2716 3913 prohibeto
2757 3834 2912 3887 alicui
2938 3832 2964 3885 ὁ
3001 3844 3051 3885 et
3075 3831 3230 3884 alicui
3264 3846 3289 3883 c
3329 3833 3502 3884 inesse
3540 3830 3771 3898 utrique,
3803 3828 3830 3879 ιι

2258 3940 2431 3985 autem
2465 3930 2591 3982 nulli
2625 3944 2670 3991 ε,
2705 3936 2759 3979 ιιι
2798 3927 2838 3979 εἰ
2869 3926 2894 3978 b
2932 3925 3000 3978 sit
3027 3925 3351 3979 contrarium
3390 3923 3486 3989 ipsi
3521 3937 3567 3985 c,
3597 3928 3651 3973 et
3677 3918 3833 3972 amho

2260 4018 2547 4075 accidentia
2578 4018 2749 4072 eidem
2804 4019 3157 4085 gencr‘,'nam
3194 4011 3387 4073 animal
3432 4010 3587 4063 alicui
3628 4009 3748 4062 albo
3785 4016 3838 4061 et

2260 4109 2413 4164 alicui
2444 4107 2594 4176 nigro
2627 4108 2781 4170 inest,
2833 4106 3009 4157 album
3058 4111 3233 4156 autem
3268 4101 3395 4153 nulli
3447 4098 3601 4165 nigro
3648 4099 3830 4156 inest;

2262 4200 2303 4250 si
2336 4211 2463 4261 ergo
2490 4205 2727 4250 sumatur
2754 4212 2785 4247 a
2815 4194 2957 4246 omni
3008 4194 3057 4257 b,
3089 4200 3144 4246 et
3182 4194 3210 4243 b
3250 4189 3413 4242 alicui
3463 4204 3510 4250 c,
3568 4202 3690 4239 vera
3728 4184 3831 4237 erit

2262 4289 2554 4342 Conclusio.
2599 4289 2663 4340 Et
2694 4287 2945 4353 privativa
2973 4284 3180 4355 quidem
3232 4291 3439 4348 sumpta
3473 4296 3504 4331 a
3536 4279 3584 4337 ιι.
3635 4275 3830 4329 simili-

2266 4389 2365 4433 ter.
2398 4378 2524 4431 Nam
2558 4379 2716 4431 iidem
2748 4378 2980 4442 termini,
3009 4386 3061 4430 et
3091 4375 3327 4429 similiter
3356 4379 3624 4440 ponentur
3650 4370 3713 4420 ad
3738 4367 3835 4419 de-

2266 4471 2723 4521 monstrationem.
2760 4467 2823 4519 Et
2851 4483 2912 4519 es
2946 4469 3182 4534 utrisque
3224 4462 3373 4521 falsis
3413 4458 3519 4515 erit
3562 4456 3840 4513 conclusio

583 4572 783 4627 aomni
833 4571 883 4633 ὁ,
912 4578 965 4623 et
1009 4570 1036 4621 ι»
1064 4564 1211 4629 omni
1257 4578 1284 4615 c
1319 4567 1581 4621 sumatur,
1639 4570 1669 4606 a
1712 4552 1854 4605 omni
1905 4568 1930 4603 ε
1980 4548 2158 4614 inerit,
2188 4570 2279 4631 Di

2144 4588 2158 4614 υ
2188 4570 2239 4631 ι)
2266 4575 2411 4614 vera.
2445 4557 2705 4613 Possibile
2734 4568 2815 4611 est
2841 4559 2980 4610 enim
3015 4574 3047 4608 a
3088 4558 3115 4608 b
3147 4555 3359 4625 quidem
3397 4552 3549 4618 nulli,
3595 4568 3621 4604 c
3663 4557 3840 4603 autem

583 4663 724 4732 quod
754 4660 966 4731 quidem
997 4667 1115 4711 erat
1162 4667 1371 4709 verum.
1402 4648 1660 4705 Similiter
1687 4651 1861 4698 autem
1895 4658 2014 4699 cum
2052 4641 2158 4709 pri.

589 4757 756 4807 vativa
800 4761 881 4805 est
914 4763 966 4812 a,
1013 4748 1042 4799 ὁ
1091 4742 1404 4814 propositio,
1437 4738 1700 4806 contingit
1748 4737 1890 4790 enim
1920 4750 1952 4786 a
1982 4748 2083 4787 nec
2112 4734 2160 4799 ι»,

588 4859 683 4897 nec
714 4859 741 4894 c
768 4838 891 4893 nulli
934 4838 1131 4898 inesse,
1177 4836 1204 4886 b
1238 4846 1366 4886 vero
1390 4830 1548 4882 alicui
1597 4845 1645 4891 c,
1675 4837 1729 4879 at
1767 4839 1933 4895 genus
1964 4838 2027 4878 ex
2057 4824 2164 4875 alio

585 4946 779 5003 genere
808 4926 1005 4996 speciei
1032 4920 1431 4982 etdill‘erentiaz,
1461 4931 1581 4969 nam
1604 4916 1802 4968 animal
1828 4929 1923 4967 nec
1950 4915 2166 4980 sapien-

589 5001 673 5076 tia:
706 5018 834 5074 nulli
877 5019 1034 5076 inest,
1081 5025 1179 5065 nec
1226 5005 1682 5073 contemplationi,
1738 5001 1996 5070 sapientia
2036 5017 2163 5054 vero

588 5124 741 5176 alicui
805 5110 1295 5182 cuntemp'ationi;
1355 5106 1401 5158 si
1470 5118 1597 5172 ergo
1652 5109 1890 5153 sumatur
1950 5114 1980 5149 a
2036 5097 2163 5150 nulli

592 5219 657 5279 ὁ,
712 5215 740 5266 b
770 5222 955 5264 autem
1009 5203 1149 5260 omni
1201 5217 1248 5266 c,
1302 5197 1431 5253 nulli
1472 5212 1498 5248 ο
1540 5194 1699 5248 inerit
1746 5208 1799 5257 α,
1852 5192 1952 5244 hoc
1983 5198 2161 5242 autem

589 5315 704 5361 erat
729 5317 933 5356 verum.
968 5299 1023 5352 ln
1054 5289 1457 5365 particularibus
1485 5298 1659 5341 autem
1687 5281 2011 5352 syllogismis
2034 5296 2162 5333 con-

594 5398 791 5465 tingit,
836 5395 1002 5462 prima
1053 5384 1415 5457 propositione
1459 5387 1566 5431 tota
1612 5376 1740 5429 falsa
1773 5378 2052 5437 existente,
2086 5373 2164 5425 al-

594 5509 706 5553 tera
727 5506 902 5548 autem
932 5506 1079 5553 vera,
1110 5502 1288 5541 veram
1332 5497 1457 5537 esse
1492 5477 1913 5540 conclusionem,
1971 5486 2024 5531 et
2054 5494 2095 5527 (ιΔ
2134 5476 2161 5527 b

592 5598 646 5650 in
678 5595 853 5660 aliquo
880 5589 1002 5643 falsa
1034 5587 1317 5645 existente,
1360 5584 1385 5632 b
1416 5596 1441 5633 c
1470 5587 1643 5633 autem
1668 5591 1812 5643 vera,
1848 5585 1902 5630 et
1931 5592 1962 5627 a
1982 5574 2015 5626 ὁ
2046 5574 2167 5642 qui-

595 5696 715 5747 dem
748 5708 891 5754 vera,
932 5684 1235 5759 particulari
1267 5692 1441 5736 autem
1485 5681 1633 5743 fdiStl,
1665 5689 1717 5731 et
1768 5678 2006 5741 utrisiue
2055 5676 2166 5728 exi-

588 5782 856 5845 stentibus
878 5776 1044 5833 falsis.
1071 5772 1207 5827 Nihil
1230 5773 1369 5825 enim
1396 5770 1639 5838 prohibet
1668 5785 1698 5819 α
1729 5767 1756 5819 b
1790 5765 2002 5834 quidem
2033 5763 2158 5817 nulli

2272 4660 2429 4714 alicui
2459 4659 2652 4723 inesse,
2687 4658 2714 4710 b
2737 4672 2864 4712 vero
2895 4658 3021 4711 nulli
3050 4674 3095 4709 ο.
3128 4657 3197 4712 Ut
3224 4670 3391 4725 genus
3418 4671 3481 4709 ex
3513 4655 3618 4707 alio
3640 4665 3842 4722 genere

2270 4761 2488 4830 speciei,
2519 4770 2573 4815 et
2623 4759 2884 4813 accidenti
2931 4759 3211 4829 speciebus
3269 4758 3407 4824 ejus,
3457 4755 3652 4808 animal
3702 4754 3842 4806 enim

2272 4875 2493 4916 numero
2519 4860 2731 4929 quidem
2763 4859 2912 4923 nulli,
2942 4859 3062 4912 albo
3085 4873 3212 4911 vero
3253 4858 3409 4911 alicui
3460 4858 3620 4913 inest.
3660 4862 3713 4907 et
3743 4867 3847 4905 nu-

2272 4973 2448 5012 merus
2479 4958 2607 5011 nulli
2636 4958 2776 5011 albo.
2815 4955 2868 5009 Si
2900 4971 3024 5023 ergo
3047 4964 3287 5008 sumatur
3311 4972 3339 5006 a
3365 4953 3509 5005 omni
3540 4951 3589 5015 b,
3619 4961 3672 5005 et
3696 4950 3723 5003 b
3752 4950 3850 5003 ali-

2271 5059 2356 5114 cui
2403 5076 2449 5125 c,
2500 5058 2773 5110 conclusio
2826 5056 3037 5125 quidem
3078 5071 3225 5119 vera,
3284 5052 3670 5120 prepositiones
3725 5062 3852 5101 vero

2269 5161 2437 5214 amba:
2484 5158 2649 5212 falsze.
2683 5157 2938 5212 Similiter
2969 5168 3144 5210 autem
3175 5163 3229 5210 et
3258 5170 3376 5208 cum
3426 5152 3678 5221 privativa
3712 5160 3795 5219 est
3823 5165 3853 5200 η

2270 5262 2317 5314 b.
2350 5258 2492 5313 Nihfl
2518 5259 2656 5313 enim
2694 5257 2940 5327 prohibet
2965 5277 2994 5310 α
3035 5258 3061 5309 b
3094 5256 3305 5324 quidem
3331 5254 3426 5307 ιοιί
3458 5254 3648 5314 inesse,
3703 5266 3730 5303 c
3754 5265 3852 5303 au—

2274 5371 2377 5416 tem
2404 5361 2559 5414 alicui
2603 5375 2705 5413 non
2734 5360 2931 5422 inesse,
2971 5368 3023 5413 ct
3053 5372 3225 5423 neque
3263 5358 3289 5408 b
3322 5355 3450 5409 nulli
3479 5371 3524 5420 c,
3558 5365 3616 5407 ut
3658 5344 3854 5407 animal

2271 5476 2441 5531 cygno
2471 5459 2683 5529 quidem
2727 5458 2889 5521 omni,
2942 5456 3092 5525 nigro
3141 5466 3316 5510 autem
3349 5455 3509 5508 alicui
3556 5468 3661 5507 non
3694 5454 3854 5524 inest,

2271 5576 2469 5632 cygnus
2498 5577 2622 5616 vero
2647 5560 2773 5612 nulli
2807 5560 2954 5625 nigro
2980 5575 2991 5609 :
3015 5572 3179 5624 quare
3210 5556 3251 5608 si
3277 5566 3517 5609 sumatur
3547 5570 3578 5607 a
3603 5552 3730 5605 nulli
3755 5552 3805 5615 ὁ,
3830 5552 3858 5603 b

2268 5674 2445 5716 autem
2501 5662 2656 5715 alicui
2685 5677 2711 5711 c
2740 5677 2769 5711 a
2800 5658 2955 5710 alicui
2984 5672 3009 5707 ε
3048 5671 3151 5710 non
3185 5656 3379 5719 inerit;
3413 5668 3540 5722 ergo
3581 5651 3858 5707 conclusio

2270 5765 2481 5830 quidem
2504 5776 2646 5825 vera,
2677 5759 3063 5829 propositiones
3096 5766 3270 5811 autem
3301 5756 3463 5811 faisw,
3530 5766 3536 5770 ‘
