4296 6266
416 317 566 403 (osa
646 298 668 312 ‘

420 422 425 423 ί
677 464 680 467 ι
1089 418 1313 477 CAPUT
1353 417 1439 472 lll.

546 538 700 605 Quod
724 536 994 606 colligatur
1028 546 1197 585 verum
1219 545 1280 581 ex
1306 526 1451 597 falsis
1475 526 1524 577 in
1553 518 1773 575 secunda
1794 518 1981 589 ﬁgura.

544 654 603 708 ln
634 653 808 706 Inedia
840 662 1015 704 autem
1054 651 1218 716 figura
1260 645 1477 697 omnino
1507 638 1764 707 contingit
1796 651 1892 707 per
1930 635 2057 689 falsa

482 760 666 799 verum
709 742 1045 812 syllogizare,
1086 747 1140 790 et
1188 737 1426 802 utrisque
1456 728 1907 801 propositionibus
1937 728 2061 780 totis

482 837 627 889 falsis
682 844 927 899 sumptis,
959 842 1011 884 et
1061 831 1158 881 hac
1195 828 1405 897 quidem
1438 841 1586 887 vera,
1637 824 1721 875 illa
1754 831 1858 874 tota
1906 819 2060 883 falsa,

484 924 731 978 utralibet
762 922 890 975 falsa
926 922 1118 987 posita,
1166 918 1288 971 etsi
1319 928 1557 983 utrmque
1587 916 1635 965 in
1669 913 1847 982 aliquo
1894 911 2060 973 falsa),

484 1024 537 1069 et
569 1014 613 1068 si
659 1014 772 1065 haec
800 1011 1014 1080 quidem
1073 1008 1389 1091 sitnplicit.er
1440 1020 1586 1070 vera,
1641 1002 1732 1056 illa
1787 1010 1965 1054 autem
2013 999 2064 1052 in

482 1106 658 1172 aliquo
700 1102 852 1166 falsa,
895 1110 949 1155 et
996 1102 1046 1154 in
1090 1090 1495 1161 universalibus,
1535 1102 1593 1150 et
1641 1094 1695 1147 in
1740 1090 2068 1160 particulari-

481 1197 582 1250 bus
606 1193 954 1264 syllogismis.
1008 1191 1065 1247 Si
1095 1191 1237 1245 enim
1286 1206 1317 1241 a
1358 1188 1385 1240 b
1427 1186 1643 1256 quidem
1694 1184 1821 1238 nulli
1853 1181 2015 1243 inest,
2042 1196 2069 1234 c

482 1297 660 1341 autem
730 1285 922 1344 omni,
996 1291 1055 1337 ut
1126 1282 1285 1349 lapidi
1362 1280 1556 1332 animal
1616 1272 2064 1346 quideminulli,

486 1379 687 1431 homini
742 1388 918 1429 autem
961 1378 1129 1438 omni,
1161 1375 1205 1427 si
1248 1371 1527 1426 contraria:
1562 1381 1825 1437 ponantur
1872 1380 2067 1435 propo-

489 1468 733 1530 sitiones,
783 1476 838 1520 et
885 1466 929 1517 si
974 1473 1211 1517 sumatur
1242 1479 1273 1514 a
1317 1463 1343 1514 b
1399 1459 1609 1529 quidem
1652 1459 1818 1522 omni,
1878 1474 1903 1509 c
1947 1470 2073 1510 vero

493 1557 645 1621 nulli,
686 1572 751 1608 ex
799 1554 947 1607 falsis
988 1553 1113 1606 totis
1162 1549 1610 1619 propositionibus
1655 1548 1758 1599 erit
1784 1561 1907 1597 vera
1946 1557 2073 1597 con-

492 1648 682 1703 clus‘o.
714 1647 975 1700 Similiter
1004 1661 1070 1696 an
1096 1659 1181 1697 em
1210 1651 1263 1697 et
1294 1642 1337 1695 si
1369 1659 1399 1692 a
1432 1642 1567 1693 inest
1609 1639 1635 1691 ὁ
1663 1638 1874 1707 quidem
1903 1636 2072 1700 omni,

493 1756 522 1793 ε
551 1754 678 1794 vero
708 1739 860 1803 nulli,
899 1752 1018 1790 nam
1053 1736 1191 1789 idem
1225 1735 1331 1787 erit
1359 1732 1719 1803 syllogismus.
1775 1734 2003 1783 llursum
2029 1730 2072 1782 si

493 1829 659 1881 altera
707 1827 920 1897 quidem
976 1836 1083 1879 tota
1130 1810 1284 1889 falsa,
1334 1825 1500 1878 al:era
1549 1835 1724 1877 autem
1775 1832 1880 1876 tota
1919 1837 2071 1877 vera.

493 1920 593 1975 Nih
620 1923 633 1974 l
661 1921 801 1974 enim
830 1918 1077 1987 prohibet
1106 1936 1137 1971 a
1164 1927 1215 1970 et
1245 1918 1272 1970 b
1302 1924 1357 1971 et
1384 1934 1410 1969 c
1439 1919 1581 1969 omni
1616 1918 1809 1978 inesse,
1842 1916 1869 1967 b
1900 1924 2074 1967 autem

494 2010 624 2063 nulli
652 2026 699 2076 c,
754 2017 811 2062 ut
834 2024 1003 2075 genus
1046 2023 1149 2060 non
1184 2006 1509 2060 subalternis
1555 2006 1863 2074 speciebus.
1942 2003 2072 2057 Nam

497 2102 691 2155 animal
723 2114 861 2168 equo
904 2099 1068 2163 omni,
1102 2110 1153 2153 et
1202 2099 1400 2151 homini
1425 2099 1583 2161 inest,
1613 2108 1665 2152 et
1699 2096 1875 2151 nullus
1917 2096 2076 2149 homo

497 2207 701 2260 equus;
727 2192 768 2243 si
792 2206 920 2259 ergo
941 2200 1179 2244 sumatur
1208 2190 1401 2243 animal
1427 2189 1546 2243 huic
1576 2190 1797 2258 quidem
1815 2188 1977 2252 omni,
2003 2188 2075 2240 illi

497 2296 624 2335 vero
650 2281 779 2334 nulli
810 2282 1007 2347 inesse,
1035 2280 1145 2334 lucc
1168 2280 1378 2349 quidem
1406 2281 1506 2334 i'rit
1530 2281 1680 2341 falsa,
1703 2280 1791 2333 illa
1816 2295 1945 2333 vero
1969 2288 2075 2333 tota

494 2388 643 2441 vera,
686 2383 738 2425 et
781 2372 1055 2425 conclusio
1088 2386 1242 2434 vera,
1275 2372 1339 2424 ad
1380 2372 1657 2440 quodlibet
1698 2373 1871 2439 posito
1902 2371 2074 2439 priva-

496 2466 625 2518 tivo.
678 2465 737 2516 Et
771 2464 813 2516 si
852 2470 1019 2518 altera
1065 2466 1117 2517 in
1149 2464 1325 2531 aliquo
1357 2464 1518 2525 falsa,
1548 2464 1719 2517 altera
1752 2471 1927 2516 autem
1970 2470 2077 2515 tota

499 2570 647 2617 vera,
680 2554 931 2623 possibile
960 2565 1039 2607 est
1064 2555 1202 2608 enim
1230 2554 1318 2606 ab
1346 2554 1560 2623 quidem
1609 2554 1763 2607 alicui
1812 2553 2017 2619 inesse,
2054 2568 2080 2605 c

501 2658 680 2701 autem
711 2647 876 2709 omni,
906 2655 957 2701 et
988 2646 1016 2699 b
1046 2647 1169 2700 uulii
1202 2665 1248 2712 ε,
1286 2656 1339 2699 ιιι
1365 2647 1559 2699 ιιιιῐιιιιιΙ
1588 2646 1709 2699 albo
1739 2645 1951 2714 quidem
1980 2645 2079 2698 ali-

501 2739 607 2800 cui,
657 2752 820 2790 corvo
859 2752 1034 2789 autem
1087 2738 1254 2803 omni,
1311 2738 1486 2791 album
1539 2752 1667 2789 vero
1722 2737 1849 2788 nulli
1893 2750 2078 2789 corvo.

502 2829 557 2884 Si
593 2844 719 2898 ergo
749 2837 987 2882 sumatur
1022 2845 1051 2879 a
1085 2829 1112 2881 b
1144 2828 1354 2896 quidem
1391 2829 1544 2891 nulli,
1588 2845 1615 2879 ε
1642 2838 1819 2882 autem
1868 2830 1959 2882 leti
2003 2830 2080 2881 in-

501 2937 642 2989 esse,
671 2937 703 2973 a
734 2920 760 2972 ιι
798 2919 1008 2985 quidem
1051 2919 1343 2987 ιιιειρ-ιεὶιίο
1374 2920 1425 2972 in
1465 2920 1643 2988 aliquo
1682 2919 1811 2973 falsa
1844 2930 1948 2987 νει,
1993 2938 2024 2973 a
2056 2937 2080 2971 c

502 3024 678 3069 autem
728 3022 833 3067 tota
878 3028 1023 3076 vera,
1057 3022 1108 3065 et
1148 3011 1421 3066 conclusio
1462 3026 1610 3074 vera,
1658 3019 1709 3064 et
1763 3012 2080 3080 transposita

506 3105 716 3171 quidem
751 3105 1024 3171 piaaziva,
1058 3104 1318 3157 similiter.
1368 3102 1498 3157 Nam
1530 3118 1624 3171 per
1652 3103 1866 3156 eosdem
1901 3105 2080 3157 termi-
2109 3140 2152 3195 (η

513 3212 608 3250 nos
638 3198 1040 3250 denuntiatio.
1090 3197 1152 3249 lit
1185 3197 1226 3249 si
1260 3195 1575 3249 affirmativa
1604 3196 1815 3263 quidem
1844 3199 2083 3263 proposi-

511 3290 583 3341 tio
622 3290 671 3341 in
705 3288 882 3355 aliquo
919 3288 1079 3351 falsa,
1114 3288 1372 3357 privativa
1404 3297 1581 3341 autem
1624 3295 1729 3340 tota
1780 3302 1927 3351 vt-ra,
1958 3288 2084 3340 nihil

507 3382 646 3433 enim
698 3380 943 3449 prohibet
989 3398 1020 3432 a
1053 3382 1079 3431 b
1123 3397 1170 3448 qi
1199 3381 1338 3434 idem
1389 3380 1545 3432 alicui
1598 3381 1794 3441 inesse,
1840 3396 1865 3431 c
1911 3390 2084 3432 autem

509 3471 601 3522 tuti
635 3486 739 3521 non
773 3471 968 3531 inesse,
998 3479 1051 3522 et
1084 3471 1110 3519 b
1144 3469 1271 3522 nu'li
1300 3485 1346 3531 c,
1397 3478 1447 3519 ut
1495 3468 1690 3521 animal
1722 3468 1843 3521 albo
1873 3470 2084 3536 quidem

508 3561 686 3627 alicui,
715 3561 817 3627 pici
846 3570 1021 3613 autem
1052 3559 1199 3622 nulli,
1232 3558 1409 3610 album
1440 3572 1569 3611 vero
1603 3557 1730 3609 nulli
1761 3560 1860 3624 pici
1890 3574 2089 3626 :quare

508 3654 551 3704 si
577 3660 819 3704 sumatur
848 3669 879 3703 a
910 3660 960 3703 to
988 3650 1003 3704 i
1034 3652 1062 3702 ι)
1093 3650 1289 3710 inesse,
1320 3665 1346 3699 c
1375 3655 1553 3700 autem
1583 3648 1736 3711 nulli,
1766 3665 1794 3698 a
1825 3648 1853 3699 b
1875 3650 2086 3716 qu'dem

508 3748 560 3799 in
611 3748 788 3814 aliquo
842 3745 995 3809 falsa,
1045 3763 1077 3799 a
1117 3763 1143 3798 c
1185 3755 1361 3798 autem
1396 3752 1505 3797 tota
1552 3759 1697 3805 vera,
1730 3752 1783 3797 et
1822 3744 2092 3797 conclusio

515 3849 665 3887 Vera.
724 3834 787 3885 Et
829 3833 870 3885 si
912 3841 1148 3902 utrzrqne
1190 3849 1250 3900 pr
1290 3836 1581 3901 positoncs
1625 3835 1674 3885 in
1706 3834 1886 3901 aliquo
1925 3834 2087 3898 falsat,

513 3928 616 3979 erit
662 3926 937 3978 Conclusio
981 3944 1123 3986 vera,
1158 3926 1411 3989 possibile
1440 3936 1521 3979 est
1566 3926 1707 3979 enim
1741 3943 1792 3990 (ι,
1826 3936 1878 3982 et
1908 3927 1955 3989 ὁ,
1987 3934 2035 3979 et
2066 3942 2091 3975 ιτ

515 4016 673 4068 alcui
716 4016 913 4077 ine~si-,
962 4017 988 4066 b
1033 4027 1209 4069 autem
1260 4018 1386 4069 nulli
1419 4034 1464 4081 ε,
1499 4027 1554 4069 ιιι
1606 4018 1823 4080 animal,
1876 4028 1926 4070 et
1969 4016 2091 4069 albo

513 4106 688 4167 alicui,
736 4116 784 4155 et
832 4105 981 4173 nigro
1030 4106 1207 4164 alicui,
1258 4106 1435 4159 album
1477 4122 1604 4161 vero
1650 4108 1775 4158 nuli
1820 4108 1989 4165 ni,rro.
2035 4106 2089 4159 Si

512 4212 637 4263 ergo
663 4192 903 4249 snimitur
930 4213 959 4247 a
990 4197 1017 4248 ὁ
1040 4197 1249 4263 quidem
1278 4200 1443 4260 omni,
1475 4215 1502 4251 ε
1531 4207 1706 4250 autem
1740 4197 1890 4261 nulli,
1923 4198 2092 4252 amba:

511 4287 726 4354 quidem
749 4288 1210 4353 prepositiouesin
1234 4288 1413 4356 aliquo
1438 4288 1893 4352 fzils:r,conclnsio
1918 4297 2091 4342 autent

513 4393 634 4431 vera
658 4395 672 4441 ;
699 4380 941 4431 similiter
980 4390 1158 4433 autem
1205 4380 1526 4448 transposita
1570 4382 1821 4447 privativa
1858 4396 1948 4449 per
1981 4390 2092 4434 ter-

1112 304 1409 361 PRIORUM
1450 292 1978 363 ANALYTICORUM
2021 290 2471 347 ARISTOTELIS
2511 282 3071 343 INTEBPRETATIO.

3627 283 3730 343 σοι)
3796 356 3799 359 Α

2081 411 2125 464 Α
2160 407 2350 457 minori
2382 414 2556 458 autem
2587 408 2892 471 partsculari
2924 406 3075 467 falsa,
3101 399 3227 454 nihil
3258 400 3397 454 enim
3431 398 3678 470 prohibet
3708 419 3738 454 α

2162 498 2319 551 ιιιιοὺ
2350 512 2448 549 nec
2483 512 2509 548 c
2546 494 2742 547 nullum
2790 496 2962 562 sequi,
3005 502 3058 546 et
3095 492 3122 543 b
3150 491 3309 545 alicii
3338 507 3364 543 c
3392 506 3496 544 non
3539 491 3736 551 inesse.

2163 598 2219 644 ut
2248 588 2442 641 animal
2486 586 2614 640 nulli
2649 600 2869 638 numero
2908 599 3006 637 nec
3051 584 3365 645 inanimato,
3396 591 3449 635 et
3480 596 3735 636 numerus

2162 680 2374 749 aliquod
2406 677 2750 730 inanimatum
2784 688 2888 725 non
2920 674 3178 739 sequitur.
3270 673 3325 727 Si
3350 688 3478 742 ergo
3509 684 3738 740 ponatur

2164 790 2195 826 α
2225 772 2253 825 b
2283 770 2497 841 quidem
2530 767 2692 828 nulli,
2725 782 2752 817 c
2780 775 2958 817 autem
2989 763 3176 825 alicui,
3210 772 3262 816 et
3290 764 3562 818 conclusio
3592 778 3741 825 vera,

2166 875 2219 919 et
2267 859 2584 916 universalis
2632 855 2928 925 propositio
2974 867 3136 917 vera,
3188 855 3521 921 particularis
3564 866 3742 908 autem

2168 958 2322 1010 falsa.
2366 950 2693 1006 Afﬁrmativa
2741 947 2917 1000 aute‘m
2958 945 3254 998 universali.
3280 945 3525 997 similiter
3550 945 3743 1014 positu,

2172 1044 2423 1115 possibile
2450 1053 2532 1096 est
2589 1041 2734 1093 en'm
2780 1056 2813 1091 a
2850 1047 2901 1090 ct
2929 1036 2957 1089 b
3003 1046 3109 1089 etc
3148 1035 3241 1087 toti
3291 1026 3484 1098 incSSe,
3515 1036 3542 1087 b
3569 1046 3745 1089 autem

2170 1136 2384 1205 aliquod
2414 1148 2441 1185 ιι
2492 1147 2596 1187 ιιοιι
2635 1130 2806 1199 sequi,
2853 1138 2905 1182 ttt
2943 1141 3115 1197 genus
3151 1124 3386 1195 speciem
3417 1136 3471 1179 et
3499 1125 3749 1191 dilTeren-

2173 1228 2322 1280 tiam.
2375 1223 2504 1277 Nam
2547 1221 2741 1275 animal
2773 1234 2984 1281 omnem
3015 1216 3283 1272 hominem
3314 1226 3367 1270 et
3409 1224 3750 1291 totumtgres-

2172 1318 2323 1372 sibile
2345 1315 2604 1383 sequitur,
2630 1314 2788 1366 homo
2810 1327 2935 1366 vero
2959 1325 3062 1364 non
3085 1324 3240 1363 omne
3258 1308 3538 1379 gressibile
3561 1323 3755 1377 :quare

2174 1409 2218 1463 si
2249 1417 2487 1460 sumatur
2518 1422 2548 1457 a
2573 1407 2598 1457 b
2623 1404 2835 1472 quidem
2867 1403 2959 1455 toti
2996 1417 3189 1465 Inrsse,
3216 1416 3243 1453 c
3263 1408 3440 1455 autem
3464 1400 3617 1454 alicui
3650 1415 3753 1454 non

2178 1502 2386 1560 inesse,
2420 1496 2729 1550 universalis
2756 1493 2967 1564 quidem
3000 1495 3293 1561 propositio
3324 1509 3446 1548 vera
3466 1535 3481 1558 ,
3516 1495 3752 1562 partien-

2176 1590 2303 1644 laris
2328 1587 2477 1647 falsa,
2511 1585 2783 1639 conclusio
2814 1595 2989 1637 autem
3027 1598 3171 1637 vera.
3209 1584 3547 1639 Manifestum
3580 1597 3754 1639 autem

2179 1680 2427 1747 quoniam
2458 1685 2510 1731 et
2552 1677 2792 1744 utrisque
2842 1675 2989 1730 falsis
3029 1677 3131 1729 erit
3179 1675 3457 1731 conclusio
3503 1694 3647 1739 vera,
3681 1681 3756 1730 si-

2105 1776 2152 1834 Β
2178 1770 2391 1838 quidem
2422 1768 2684 1837 contingit
2727 1775 2839 1820 a-ct
2869 1768 2895 1819 b
2926 1777 2977 1820 et
3006 1784 3033 1819 c
3067 1767 3187 1820 huic
3227 1766 3442 1836 quidem
3472 1770 3636 1833 omni,
3682 1769 3755 1822 illi

2180 1880 2306 1915 vero
2342 1862 2470 1915 nulli
2519 1861 2723 1922 inesse,
2757 1860 2784 1911 b
2820 1874 2944 1913 vero
2973 1860 3181 1929 aliquod
3210 1876 3237 1912 ε
3264 1876 3371 1914 non
3415 1862 3589 1927 sequi,
3638 1877 3755 1914 nam

2179 1967 2393 2021 sumpto
2420 1970 2452 2005 a
2481 1954 2507 2005 Ι)
2529 1952 2743 2021 quidem
2778 1951 2927 2015 nulli,
2960 1968 2987 2004 c
3011 1961 3188 2006 autem
3220 1951 3375 2006 alicui
3408 1952 3461 2007 in
3495 1967 3605 2019 sse,
3639 1968 3757 2020 pro-

2182 2046 2471 2114 positiones
2531 2043 2745 2112 quidem
2809 2043 2979 2097 ambat
3029 2042 3205 2111 falsae,
3256 2045 3529 2100 conclusio
3580 2053 3756 2100 autem

2181 2152 2326 2189 vera.
2359 2136 2615 2189 Similiter
2645 2145 2819 2188 autem
2852 2143 3048 2188 etcum
3077 2134 3414 2202 prtedtcativa
3449 2135 3607 2191 fuerit
3637 2136 3757 2189 uui-

2182 2229 2405 2283 versalis
2464 2229 2796 2297 propositio,
2862 2226 3194 2295 particularis
3243 2236 3419 2282 autem
3468 2229 3757 2296 privativa,

2184 2322 2438 2390 possible
2463 2328 2547 2373 est
2574 2320 2715 2373 enim
2747 2336 2776 2371 a
2802 2322 2828 2371 b
2849 2319 3058 2388 quidem
3089 2319 3314 2385 nullum,
3343 2336 3369 2370 c
3394 2327 3570 2375 autem
3602 2334 3760 2373 omne

2182 2411 2356 2477 sequi,
2386 2420 2437 2463 et
2457 2409 2484 2461 b
2514 2410 2671 2462 alit-ui
2704 2426 2729 2461 c
2760 2425 2865 2462 non
2898 2410 3096 2475 inesse,
3122 2420 3177 2463 ut
3198 2410 3395 2464 animal
3424 2408 3757 2478 disciplinam

2181 2501 2396 2570 quidem
2446 2500 2668 2566 nullam,
2694 2501 2972 2554 hominem
3019 2512 3199 2553 autem
3241 2515 3455 2555 omnem
3498 2502 3763 2569 sequitur,

2183 2591 2461 2659 diSL'ipIina
2498 2605 2622 2644 vero
2681 2605 2785 2644 non
2835 2605 3045 2645 omnem
3076 2590 3366 2645 hominem.
3413 2590 3467 2645 Si
3511 2606 3639 2661 ergo
3676 2608 3763 2647 su-

2184 2694 2358 2740 matur
2384 2703 2415 2738 a
2443 2686 2471 2739 b
2497 2686 2709 2755 quidem
2760 2683 2854 2747 toti
2899 2685 3095 2748 inrsse,
3143 2701 3170 2735 ο
3206 2693 3381 2739 autem
3413 2683 3627 2754 aliquod
3652 2700 3763 2739 non

2184 2778 2373 2846 sequi,
2410 2775 2803 2847 propositiones
2829 2775 3042 2845 quidem
3076 2775 3251 2839 falsae,
3284 2775 3561 2830 conclusio
3588 2783 3762 2829 autem

2186 2886 2307 2925 \‘8l‘8

2797 2959 3017 3015 CAPUT
3058 2960 3146 3014 IV.

2227 3074 2379 3141 Quod
2409 3088 2471 3127 ex
2503 3073 2645 3143 falsis
2680 3088 2851 3125 verum
2884 3072 3158 3210 gleutidem
3197 3071 3464 3139 colligatur
3496 3072 3548 3122 iu
3583 3058 3745 3123 tertia

2924 3159 3074 3210 gnra.

2924 3159 3074 3211 gnra.

2262 3278 2373 3332 Erit
2400 3289 2574 3331 autem
2614 3284 2670 3329 et
2701 3277 2750 3327 in
2780 3284 3048 3343 postrema
3079 3275 3242 3345 figura
3279 3291 3371 3343 per
3401 3275 3559 3329 falsas
3604 3285 3789 3336 totas.-

2191 3382 2246 3427 et
2276 3372 2326 3425 in
2358 3371 2533 3439 aliquo
2563 3378 2815 3437 utraque,
2845 3378 2898 3422 et
2941 3369 3105 3422 altera
3153 3368 3366 3435 quidem
3417 3382 3565 3431 vera,
3598 3367 3764 3421 altera

2190 3474 2367 3517 autem
2416 3461 2567 3529 falsa,
2616 3470 2668 3515 et
2719 3459 2833 3514 haec
2879 3461 3092 3529 quidem
3146 3460 3203 3515 in
3250 3461 3427 3529 aliquo
3475 3460 3626 3524 falsa,
3682 3461 3769 3515 illa

2192 3566 2367 3611 autem
2416 3565 2523 3623 tota
2563 3571 2706 3624 vera,
2742 3565 2796 3609 et
2834 3572 2864 3611 e
2900 3571 3194 3622 converso,
3226 3566 3280 3612 et
3307 3566 3562 3627 quotquot
3594 3556 3769 3610 modis

2192 3653 2349 3708 aliter
2378 3642 2630 3719 possibi'e
2659 3658 2741 3704 est
2781 3659 3116 3706 transumere
3168 3652 3579 3721 propositiones.
3627 3648 3769 3704 Nihil

2192 3742 2334 3797 enim
2379 3741 2625 3808 prohibet
2666 3756 2763 3794 nec
2792 3757 2821 3793 a
2854 3756 2953 3795 nec
2981 3741 3008 3793 b
3040 3740 3167 3795 nulli
3214 3758 3239 3793 θ
3280 3742 3459 3796 inesse
3484 3782 3497 3803 ,
3529 3757 3559 3792 a
3588 3748 3764 3793 autem

2196 3834 2349 3887 alicui
2381 3832 2409 3885 b
2441 3834 2637 3895 inesse,
2668 3840 2724 3885 ut
2755 3846 2852 3885 nec
2879 3832 3059 3895 homo,
3094 3844 3192 3884 nec
3229 3832 3530 3899 g'ressiliile,
3565 3830 3767 3885 nullum

2198 3920 2550 3977 inanimatum
2600 3921 2858 3988 sequitur,
2895 3921 3054 3973 homo
3097 3927 3278 3974 autem
3305 3922 3460 3974 alicui
3504 3921 3771 3990 grcssibili

2196 4018 2365 4080 inest;
2396 4016 2439 4068 si
2464 4030 2593 4082 ergo
2620 4020 2860 4067 sumatur
2885 4029 2916 4065 a
2944 4020 2997 4065 et
3024 4011 3051 4063 b
3079 4011 3222 4065 omni
3249 4027 3273 4061 ε
3305 4013 3500 4072 inesse,
3532 4015 3767 4080 proposi-

2195 4107 2366 4159 tiones
2408 4104 2620 4173 quidem
2671 4110 2797 4157 ιοιιιι
2848 4101 3025 4167 tals-.0,
3073 4100 3348 4155 conclusio
3394 4110 3571 4155 autem
3620 4117 3767 4157 vera.

2198 4190 2459 4251 Similiter
2500 4204 2676 4249 autem
2709 4203 2761 4248 et
2805 4209 2925 4248 cum
2958 4192 3073 4247 hree
3109 4192 3322 4261 quidem
3359 4201 3442 4246 est
3486 4192 3771 4263 privativa,

2198 4288 2287 4342 illa
2317 4301 2446 4341 vero
2476 4282 2811 4339 affirmativa.
2865 4283 3123 4339 Possibile
3167 4293 3248 4338 est
3294 4284 3435 4339 enim
3482 4282 3510 4334 ὁ
3554 4282 3768 4353 quidem

2197 4378 2323 4433 nulli
2354 4394 2380 4430 ε
2402 4378 2602 4442 inesse,
2626 4394 2656 4429 a
2678 4385 2852 4430 autem
2882 4376 3047 4439 omni,
3073 4385 3125 4428 et
3150 4391 3183 4427 a
3203 4374 3358 4429 alicui
3381 4376 3409 4427 b
3438 4387 3540 4428 non
3572 4371 3769 4436 inesse,

514 4471 706 4522 minos.
749 4470 1080 4524 MZlfllieallIIII
1109 4481 1289 4525 auten
1321 4480 1373 4524 et
1406 4473 1458 4524 in
1493 4471 1901 4538 particularibus
1929 4473 2090 4541 syllo-
2118 4499 2167 4557 ι)
2197 4477 2257 4522 ιιι
2292 4467 2502 4536 nigrum
2536 4466 2662 4519 nulli
2708 4479 2901 4534 cygno,
2931 4465 3128 4518 animal
3171 4473 3347 4518 autem
3381 4465 3547 4525 omni,
3575 4471 3631 4519 et
3658 4462 3771 4516 ani-

514 4560 725 4624 gi-mis,
780 4559 909 4613 nihil
961 4562 1101 4613 enim
1154 4560 1401 4629 prohibet
1442 4578 1475 4614 a
1519 4561 1548 4614 b
1589 4561 1799 4629 quidem
1853 4561 2018 4627 omni,
2066 4578 2091 4614 c

510 4664 685 4702 atltmtt
713 4651 869 4702 alicui
905 4651 1100 4717 iul-sse,
1131 4660 1185 4704 et
1214 4651 1241 4702 b
1267 4651 1426 4704 alicui
1467 4668 1492 4702 c
1533 4666 1638 4705 non
1673 4652 1863 4715 inesse,
1896 4660 1952 4705 ut
1979 4653 2092 4704 ani-

511 4740 614 4791 mal
660 4738 808 4791 omni
858 4738 1083 4800 homini,
1133 4738 1252 4792 albo
1296 4750 1474 4793 autem
1523 4740 1707 4803 alirui,
1759 4740 1917 4791 homo
1962 4755 2091 4792 vero

511 4829 668 4882 a‘icui
706 4828 828 4882 alb.»
870 4845 975 4882 non
1016 4831 1193 4881 inerit.
1243 4830 1296 4883 Si
1337 4846 1464 4899 ergo
1499 4841 1723 4898 ponatur
1753 4846 1784 4881 a
1819 4829 1846 4881 b
1878 4829 2089 4897 quidem

510 4920 638 4973 nulli
671 4921 867 4982 inesse,
902 4936 928 4971 c
959 4930 1133 4973 autem
1166 4921 1321 4974 alicui
1374 4921 1573 4987 inesse,
1613 4921 1928 4974 universalis
1972 4923 2090 4986 qui-

510 5014 629 5067 dem
672 5013 961 5081 propositio
1005 5024 1109 5067 tota
1156 5013 1309 5076 falsa,
1352 5016 1691 5081 particularis
1731 5024 1907 5067 autem
1948 5028 2092 5075 vero,

512 5115 572 5159 et
607 5106 881 5159 conclusio
931 5120 1077 5157 vera.
1133 5104 1393 5158 Similiter
1441 5116 1616 5159 autem
1673 5115 1727 5158 et
1781 5104 2095 5157 alfirmativa

510 5206 721 5262 sumpta
752 5212 781 5247 α
809 5195 857 5260 b,
894 5194 1151 5263 possibile
1200 5205 1280 5246 est
1329 5198 1469 5247 enim
1502 5214 1529 5245 ιι
1564 5195 1590 5246 b
1621 5195 1831 5263 quidem
1864 5194 2014 5257 nulli,
2069 5210 2095 5245 c

510 5299 686 5342 autem
724 5289 882 5341 alicui
917 5303 1019 5339 non
1053 5288 1250 5348 inesse,
1286 5296 1339 5339 et
1368 5287 1395 5337 b
1427 5287 1583 5339 alicui
1616 5304 1641 5337 c
1672 5301 1776 5339 non
1808 5287 2005 5347 inesse,
2041 5294 2096 5339 ut

508 5382 704 5434 animal
742 5380 870 5432 nulli
912 5380 1229 5443 inanimato,
1270 5381 1389 5431 albo
1421 5391 1598 5431 autem
1629 5379 1807 5442 alicui,
1838 5389 1891 5432 et
1921 5379 2088 5432 inani-

512 5478 712 5522 matmn
765 5483 866 5518 non
916 5468 1075 5519 inerit
1124 5468 1281 5521 alicui
1327 5469 1466 5521 albo.
1521 5471 1575 5522 Si
1605 5485 1730 5538 ergo
1753 5480 1977 5537 ponatur
2005 5489 2035 5523 a
2067 5474 2094 5525 b

512 5558 727 5625 quidem
773 5560 941 5621 omni,
980 5575 1005 5609 c
1036 5574 1163 5611 vero
1194 5560 1354 5613 alicui
1389 5577 1489 5613 non
1533 5562 1725 5624 inesse,
1757 5578 1787 5614 a
1815 5563 1842 5615 b
1882 5564 2091 5631 quidem

517 5651 808 5725 prepositio
843 5652 1160 5705 universalis:
1201 5663 1306 5705 tuta
1341 5653 1493 5716 falsa,
1525 5671 1555 5707 α
1594 5671 1620 5706 c
1659 5664 1832 5708 autem
1867 5670 2006 5713 vera.
2042 5663 2095 5708 et

527 5746 803 5800 conclusio
863 5736 1093 5800 vera.Et
1130 5745 1416 5801 universali
1466 5748 1677 5815 quidem
1729 5764 1851 5805 vera
1899 5750 2088 5817 posita,

2195 4559 2297 4612 mal
2345 4572 2448 4609 non
2499 4557 2643 4608 omni
2678 4557 2825 4623 nigro
2856 4572 2869 4609 ι
2921 4569 3085 4623 quare
3118 4553 3173 4607 si
3217 4566 3455 4609 sumatur
3493 4554 3522 4608 b
3560 4555 3770 4624 quidem

2194 4648 2338 4701 omni
2370 4665 2418 4711 ο,
2449 4662 2479 4698 a
2509 4659 2640 4698 vero
2680 4644 2843 4712 nulli,
2876 4661 2908 4697 a
2944 4643 3101 4698 alicui
3133 4645 3161 4697 ὁ
3198 4659 3304 4699 non
3333 4646 3526 4707 inerit,
3565 4654 3617 4698 et
3644 4659 3771 4697 cou-

2195 4740 2363 4796 clusio
2411 4736 2625 4808 quidem
2675 4752 2841 4809 vera,
2918 4736 3307 4805 propositiones
3369 4747 3546 4791 autem
3606 4736 3769 4790 falsae.

2198 4831 2265 4884 Et
2304 4830 2351 4884 si
2393 4830 2444 4883 in
2489 4828 2669 4897 aliquo
2715 4826 2875 4882 fuerit
2915 4837 3138 4898 utraque
3179 4828 3331 4893 falsa,
3365 4829 3467 4882 erit
3503 4828 3774 4882 conclusio

2199 4940 2346 4989 vera,
2383 4921 2509 4976 nihil
2538 4921 2682 4974 enim
2731 4921 2977 4990 prohibet
3020 4930 3075 4976 et
3119 4939 3150 4975 a
3176 4932 3228 4976 et
3262 4923 3290 4975 ὁ
3330 4922 3485 4977 alieni
3518 4937 3543 4973 ε
3575 4921 3773 4982 inesse,

2202 5025 2255 5071 et
2283 5033 2314 5068 α
2345 5014 2504 5070 alicui
2535 5013 2586 5079 ὁ,
2627 5023 2688 5067 ιιι
2718 5014 2893 5069 album
2942 5023 2997 5069 et
3027 5015 3303 5083 pulchrum
3353 5014 3510 5068 alicui
3557 5013 3774 5068 animali

2201 5111 2359 5171 inest,
2393 5117 2446 5162 et
2476 5107 2655 5161 album
2699 5106 2856 5161 alicui
2891 5106 3142 5175 pulchro;
3176 5106 3219 5161 si
3252 5121 3379 5176 ergo
3406 5114 3635 5174 ponatur
3664 5121 3693 5155 a
3723 5111 3777 5157 et

2200 5201 2228 5252 ὁ
2268 5200 2411 5253 omni
2467 5215 2494 5251 ε
2538 5199 2735 5264 inesse,
2788 5199 3173 5268 propositiones
3223 5198 3433 5268 quidem
3485 5197 3536 5251 in
3596 5198 3776 5263 aliquo

2200 5292 2367 5355 falsre,
2400 5292 2672 5345 conclusio
2702 5299 2879 5345 autem
2909 5306 3054 5344 vera.
3085 5291 3152 5345 Et
3182 5292 3435 5360 privativa
3464 5307 3494 5342 a
3523 5306 3549 5343 c
3578 5288 3772 5360 posita.
3833 5320 3851 5329 ο

2198 5385 2444 5439 similiter
2474 5400 2486 5436 :
2516 5382 2645 5436 nihil
2675 5382 2819 5436 enim
2848 5382 3095 5449 prohibet
3123 5399 3153 5434 a
3181 5383 3392 5452 quidem
3423 5383 3579 5438 alicui
3608 5399 3634 5435 c
3663 5400 3771 5437 non

2200 5474 2397 5538 inesse,
2432 5473 2459 5525 b
2490 5486 2619 5526 vero
2648 5471 2803 5525 alicui
2835 5471 3031 5537 inesse,
3066 5480 3119 5525 et
3147 5488 3178 5524 a
3206 5488 3308 5526 non
3338 5475 3479 5528 omni
3511 5475 3540 5528 ὁ
3567 5476 3767 5542 inesse,

2198 5574 2254 5618 ut
2282 5565 2458 5619 album
2487 5562 2644 5616 alicui
2672 5560 2888 5615 animali
2916 5577 3019 5617 non
3048 5561 3245 5618 inesse.
3280 5564 3565 5621 Pulchrum
3594 5576 3773 5622 autem

2198 5655 2351 5709 alicui
2400 5656 2558 5716 inest,
2606 5662 2656 5708 et
2692 5652 2867 5721 album
2900 5668 3004 5709 non
3045 5654 3188 5708 omni
3236 5657 3459 5724 pulchro
3489 5677 3501 5713 :
3526 5676 3689 5731 quare
3732 5664 3775 5715 si

2200 5753 2438 5801 sumatur
2466 5744 2742 5814 equidem
2796 5743 2950 5817 nulli,
2992 5763 3019 5804 ε
3058 5748 3287 5805 bautem
3338 5753 3502 5822 omni,
3540 5765 3778 5828 ulra‘que
