4296 6266
581 362 677 418 691

1804 359 1911 413 ΑΝ.
1955 358 2160 412 MANL.
2197 356 2347 411 SEV.
2385 361 2604 418 BOETII

3718 366 3818 421 692

582 480 968 552 propositiones
1004 479 1213 549 quidem
1255 481 1307 532 in
1348 480 1525 549 aliquo
1553 480 1715 542 falsm,
1760 478 2031 532 conclusio
2062 491 2152 528 au-
2182 476 2232 531 Α
2259 492 2376 531 cum
2416 480 2485 533 sit
2523 498 2553 532 α
2590 480 2790 549 album,
2821 483 2849 533 ὁ
2880 497 2998 537 esse
3046 499 3292 552 magnum
3342 499 3406 537 ex
3461 486 3776 537 necessitate
3800 526 3816 548 ,

580 585 687 629 tem
717 587 864 627 vera.
906 572 1161 625 Similiter
1194 580 1366 623 autem
1394 580 1448 624 et
1478 572 1589 623 hch
1614 570 1826 639 quidem
1858 577 1963 622 tota
1996 568 2148 633 falsa,

579 664 667 717 illa
697 678 824 716 vero
858 673 961 715 tota
989 676 1109 715 vera
1142 647 1370 729 sumpta.
1418 661 1674 715 Possihile
1705 670 1787 713 est
1813 660 1953 712 enim
1983 676 2013 711 a
2043 667 2095 711 et
2124 658 2151 709 b

580 769 739 806 omne
769 771 794 805 c
823 754 995 822 sequi,
1029 763 1081 807 ct
1120 771 1147 803 α
1174 754 1333 807 alicui
1364 756 1392 807 ὁ
1417 770 1520 807 non
1561 755 1755 817 inesse,
1784 760 1838 805 ut
1877 750 2071 804 animal
2102 760 2153 802 et

580 844 757 896 album
787 859 943 897 omne
970 860 1193 911 (riguum
1236 847 1494 913 sequitur,
1528 854 1580 897 et
1611 843 1803 895 animal
1850 858 1955 895 non
2009 842 2151 895 omni

544 996 547 999 δ
583 938 721 990 inest
759 938 908 1001 albo;
939 936 1125 1005 positis
1167 937 1322 1005 igitur
1352 936 1430 989 his
1474 936 1741 1001 terminis,
1784 936 1827 989 si
1859 944 2096 987 sumatur
2125 932 2153 985 b

581 1028 795 1093 quidem
829 1028 923 1092 toti
951 1045 975 1077 ε
1007 1028 1201 1092 inesse,
1228 1045 1257 1078 α
1291 1042 1417 1081 vero
1448 1027 1539 1080 toti
1569 1043 1669 1080 non
1705 1027 1900 1091 inesse,
1933 1026 1959 1077 ὁ
1988 1040 2019 1074 c
2042 1023 2154 1091 qui-

582 1117 701 1170 dem
736 1125 839 1169 tnta
864 1118 962 1170 erit
994 1133 1139 1181 vera,
1172 1134 1202 1170 a
1231 1135 1257 1169 c
1285 1128 1458 1172 autem
1493 1124 1599 1171 tota
1630 1116 1780 1178 falsa,
1806 1124 1859 1169 et
1884 1113 2156 1169 conclusio

584 1223 727 1260 vera.
779 1207 1035 1262 Similiter
1084 1222 1259 1262 autem
1310 1219 1362 1263 et
1407 1210 1449 1262 si
1498 1208 1525 1262 b
1562 1225 1589 1261 ε
1631 1208 1845 1278 quidem
1892 1207 2043 1270 falsa,
2072 1223 2102 1256 a
2130 1222 2157 1257 ε

583 1304 759 1355 autem
792 1313 947 1360 vera,
982 1313 1100 1350 nam
1135 1298 1187 1350 hi
1218 1297 1433 1365 quidem
1466 1298 1678 1351 termini
1723 1296 1787 1349 ad
1818 1296 2153 1349 demonstra-

586 1389 816 1453 tionem,
867 1390 1110 1457 nigrum,
1165 1390 1538 1453 inanimatum,
1584 1402 1801 1458 cygnus.
1855 1386 1957 1441 Sed
2008 1396 2061 1440 et
2111 1385 2153 1437 si

586 1488 822 1548 utraeque
843 1492 1179 1534 assumantur
1199 1481 1533 1545 allirmative,
1556 1480 1683 1533 nihil
1704 1481 1842 1533 enim
1869 1477 2112 1547 prohibet
2129 1476 2156 1527 b

586 1567 797 1635 quidem
827 1582 983 1621 omne
1014 1586 1040 1621 c
1062 1571 1231 1638 sequi,
1264 1587 1295 1621 a
1326 1578 1501 1623 autem
1540 1569 1634 1623 toti
1664 1586 1691 1621 c
1721 1584 1824 1621 non
1874 1569 2071 1631 inesse,
2104 1574 2157 1621 et

586 1674 614 1706 η
641 1658 792 1712 alicui
823 1659 851 1711 b
875 1659 1071 1725 inesse,
1102 1669 1155 1713 ut
1180 1661 1323 1714 omni
1352 1677 1522 1731 cygno
1550 1661 1768 1727 animal,
1796 1661 2001 1727 nigrum
2031 1674 2158 1713 vero

588 1750 712 1803 nulli
741 1765 934 1819 cygno,
967 1761 1019 1804 et
1046 1752 1253 1817 nigrum
1298 1753 1435 1804 inest
1465 1750 1619 1804 alirui
1650 1749 1893 1803 animali:
1922 1763 2088 1814 quare
2110 1749 2155 1801 si

585 1852 825 1893 sumatur
852 1857 883 1892 a
912 1848 965 1895 et
997 1840 1024 1892 b
1049 1843 1191 1895 omni
1220 1858 1245 1893 c
1282 1841 1476 1907 inesse,
1511 1842 1538 1893 ὸ
1561 1857 1587 1894 c
1613 1842 1824 1909 quidem
1873 1850 1980 1893 tota
2006 1830 2154 1904 vera,
2187 1836 2236 1897 Β

586 1947 617 1982 a
662 1948 689 1982 c
726 1941 900 1985 autem
934 1941 1039 1985 tota
1092 1932 1242 1995 falsa,
1283 1944 1335 1985 et
1385 1931 1647 1986 conclusit
1706 1948 1850 1986 vera.
1906 1932 2159 1986 Similiter

588 2031 763 2076 autem
794 2030 840 2075 el
871 2040 901 2075 α
926 2039 952 2075 c
972 2032 1181 2090 sumpta
1214 2039 1360 2088 vera,
1390 2039 1510 2077 nam
1538 2038 1631 2089 per
1659 2024 1874 2077 eosdem
1906 2024 2161 2077 terminos

588 2112 993 2167 demonstratio.
1044 2114 1273 2169 Rursum
1327 2115 1426 2168 hac
1468 2114 1682 2182 quidem
1724 2123 1833 2167 tota
1880 2129 2005 2168 vera
2050 2116 2163 2168 exi-

588 2215 783 2269 stente,
814 2207 903 2260 illa
930 2222 1055 2261 vero
1088 2208 1138 2260 in
1182 2208 1361 2277 aliquo
1392 2205 1544 2277 falsa,
1578 2206 1830 2275 possibile
1856 2216 1936 2261 est
1960 2207 2101 2260 enim
2135 2207 2163 2260 b

589 2296 802 2364 quidem
824 2297 969 2351 omni
1000 2314 1028 2350 c
1048 2299 1243 2361 inesse,
1266 2314 1296 2350 a
1327 2307 1499 2350 autem
1525 2296 1675 2351 alicui
1704 2312 1725 2348 ς
1754 2305 1809 2351 et
1845 2296 1998 2349 alicui
2031 2297 2079 2360 lt,
2108 2304 2166 2349 ut

592 2384 742 2455 bipes
771 2387 983 2456 quidem
1023 2390 1165 2441 omni
1196 2387 1419 2450 homini,
1459 2387 1734 2457 pulchrum
1778 2402 1880 2440 non
1910 2386 2077 2451 omni,
2112 2396 2166 2440 et

591 2477 871 2545 pulchrum
915 2478 1075 2531 alicui
1112 2478 1285 2546 bipedi
1317 2480 1471 2532 inest.
1496 2477 1551 2533 Si
1581 2494 1709 2547 ergo
1736 2486 1977 2531 sumatur
2004 2493 2036 2529 a
2062 2485 2114 2530 et
2136 2476 2164 2529 ὁ

595 2566 688 2619 tuti
718 2582 745 2617 c
770 2566 964 2628 inesse,
996 2566 1022 2616 b
1050 2583 1077 2617 c
1101 2566 1315 2634 quidem
1348 2575 1454 2619 tota
1484 2582 1636 2631 vera,
1668 2582 1697 2618 a
1728 2583 1754 2617 ε
1781 2576 1955 2621 autem
1986 2566 2038 2619 in
2070 2566 2166 2619 ali-

592 2670 698 2724 quo
725 2655 876 2719 falsa,
908 2658 1179 2709 conclusio
1208 2666 1385 2711 autem
1418 2673 1564 2712 vera.
1621 2660 1881 2714 Similiter
1906 2667 2083 2713 autem
2113 2668 2168 2713 et

594 2762 625 2797 a
654 2760 680 2798 c
703 2744 913 2813 quidem
944 2760 1088 2811 vera,
1122 2746 1149 2799 b
1180 2763 1207 2799 c
1232 2757 1409 2801 autem
1453 2748 1585 2802 falsa
1623 2750 1673 2802 in
1718 2749 1896 2819 aliquo
1935 2759 2164 2819 sumpta,

598 2836 934 2905 transpositis
956 2838 1097 2891 enim
1126 2837 1327 2892 eisdem
1359 2840 1597 2893 terminis
1635 2840 1738 2894 erit
1759 2840 2165 2894 demonstratio.

600 2930 663 2982 Et
689 2944 808 2985 cum
838 2928 951 2983 hzec
983 2930 1195 2999 quidem
1227 2938 1309 2985 est
1344 2932 1621 2998 privotiva,
1654 2932 1740 2985 illa
1771 2947 1898 2985 vero
1936 2931 2168 2985 afﬁrma-

598 3020 733 3087 tiva,
759 3022 1009 3091 quoniam
1053 3022 1306 3091 possibile
1336 3032 1417 3076 est
1448 3024 1475 3075 b
1508 3024 1720 3092 quidem
1768 3024 1863 3077 ιοιί
1906 3040 1932 3076 c
1972 3024 2169 3087 inesse,

598 3130 631 3166 α
657 3124 831 3169 autem
861 3115 1025 3169 alicui
1047 3132 1093 3180 c,
1122 3126 1173 3171 et
1198 3119 1409 3185 quando
1430 3117 1505 3170 sie
1533 3131 1591 3172 se
1615 3116 1866 3182 habeant,
1894 3129 1995 3170 non
2026 3117 2169 3169 omni

599 3205 627 3257 b
660 3206 834 3260 ine~sc
858 3224 909 3259 a.
936 3207 991 3261 Si
1020 3222 1148 3277 ergo
1174 3219 1473 3265 assumatur
1499 3207 1526 3259 b
1550 3207 1763 3278 quidem
1793 3206 1885 3259 toti
1915 3223 1941 3257 ε
1973 3207 2170 3272 inesse,
2199 3192 2242 3253 C

600 3312 631 3347 α
661 3308 834 3351 autem
869 3298 1017 3361 nulli,
1056 3299 1311 3367 privativa
1355 3300 1570 3369 quidem
1622 3300 1673 3352 in
1705 3298 1885 3364 aliquo
1912 3297 2067 3357 falsa,
2096 3297 2173 3349 al-

602 3396 711 3439 tera
743 3399 917 3441 autem
952 3399 1060 3442 tota
1090 3404 1235 3453 vera,
1261 3398 1313 3443 et
1340 3390 1612 3443 conclusio
1636 3390 1737 3441 erit
1768 3402 1912 3439 vera.
1942 3385 2171 3438 Rursum

601 3477 849 3541 quoniam
912 3488 1183 3531 ostenSum
1216 3488 1299 3531 cst
1345 3479 1484 3547 quod
1524 3494 1643 3531 cum
1686 3494 1715 3529 a
1742 3477 1956 3545 quidem
1994 3477 2119 3529 nulli
2148 3493 2175 3529 ε

604 3569 761 3632 inest,
792 3576 846 3621 et
868 3568 896 3620 b
927 3568 1104 3636 alicui,
1140 3570 1317 3623 evenit
1346 3588 1375 3621 a
1407 3571 1567 3622 alicui
1598 3572 1624 3621 b
1657 3587 1759 3621 non
1809 3570 2003 3632 inesse,
2059 3583 2175 3622 ma-

604 3662 852 3716 nifestum
898 3663 1057 3731 igitur
1083 3664 1332 3732 quoniam
1366 3674 1419 3717 et
1459 3677 1577 3715 cum
1606 3680 1636 3714 a
1681 3678 1706 3713 c
1754 3670 1861 3715 tota
1901 3671 1982 3715 est
2026 3675 2173 3724 vera,

604 3755 631 3807 b
664 3771 691 3806 c
720 3766 894 3809 autem
944 3755 994 3808 in
1042 3754 1218 3823 aliquo
1270 3754 1419 3829 falsa,
1472 3754 1731 3823 contingit
1778 3754 2175 3807 conclusionem

604 3858 723 3899 esse
774 3860 988 3912 veram;
1033 3847 1077 3900 si
1125 3846 1267 3901 enim
1320 3858 1560 3899 sumatur
1588 3862 1618 3897 α
1647 3845 1860 3915 quidem
1912 3845 2041 3898 nulli
2074 3862 2122 3907 c,
2150 3844 2177 3897 b

604 3945 780 3990 autem
821 3920 1053 4003 omni:a
1089 3937 1350 4007 cquidcm
1387 3947 1494 3991 t0ta
1546 3953 1695 4003 vcra,
1747 3938 1774 3990 ὁ
1825 3954 1851 3990 c
1897 3946 2073 3990 autem
2126 3937 2177 3989 in

605 4026 783 4095 aliquo
816 4026 963 4082 falsa.
1021 4028 1357 4083 Manifestum
1390 4040 1566 4082 autem
1600 4038 1653 4083 et
1681 4030 1732 4082 in
1766 4027 2180 4098 particularibus

605 4120 926 4191 syllogismis
964 4123 1211 4192 quoniam
1265 4124 1482 4177 omnino
1526 4138 1619 4189 per
1648 4118 1784 4175 ’falsa
1829 4122 1929 4175 crit
1970 4134 2177 4187 verum,

605 4226 727 4266 nam
760 4212 917 4266 iidem
959 4212 1168 4266 termini
1211 4214 1475 4277 sumendi,
1518 4224 1568 4266 et
1599 4213 1810 4282 quando
1852 4212 2184 4265 univerSales

598 4301 807 4357 merint
851 4305 1263 4372 propositiones,
1308 4306 1359 4357 in
1392 4305 1749 4373 prmdicativis
1788 4305 2000 4372 quidem
2051 4318 2185 4371 pra:-

608 4394 845 4459 dicativi,
892 4397 943 4449 in
995 4396 1266 4465 privativis
1313 4405 1492 4450 autem
1541 4396 1813 4463 privativi;
1859 4394 1989 4447 nihil
2039 4394 2180 4446 enim

609 4486 803 4550 diﬂ‘ert,
822 4503 943 4542 cum
974 4490 1100 4543 nulli
1126 4490 1317 4553 inerat,
1343 4488 1711 4542 universalitet'
1738 4500 1951 4539 sumere
1982 4484 2178 4551 inesse,

608 4584 661 4626 et
694 4575 737 4627 si
768 4576 923 4629 alicui
954 4578 1139 4640 inerat,
1175 4578 1543 4631 univcrsalitcr
1586 4590 1796 4630 sumere
1823 4575 1887 4629 ad
1923 4573 2179 4629 termino-

609 4679 725 4717 rum
774 4667 1122 4733 positionem;
1170 4669 1419 4723 similiter
1468 4678 1643 4721 autem
1689 4675 1742 4720 et
1782 4666 1833 4719 in
1886 4665 2179 4734 privativis.

612 4755 949 4810 Manifestum
980 4758 1135 4825 igitur
1152 4758 1291 4826 quod
1319 4757 1528 4825 quando
1546 4757 1613 4810 sit
1630 4755 1900 4810 conclusio
1923 4753 2071 4817 falsa,
2093 4769 2183 4806 ne-

616 4859 766 4898 cesse
794 4859 873 4899 est
899 4862 959 4899 ea
987 4862 1050 4900 ex
1080 4849 1275 4916 quibus
1308 4858 1389 4902 est
1414 4845 1743 4901 oratio'l'alsa
1777 4860 1919 4909 esse,
1952 4854 2041 4897 aut
2069 4858 2182 4897 om-

613 4941 721 5003 nia,
753 4948 842 4992 aut
866 4941 1070 5008 aliqua;
1105 4941 1316 5007 quando
1347 4949 1520 4992 autem
1545 4954 1691 5001 vera,
1724 4953 1827 4990 non
1854 4951 2073 4991 necesse
2102 4947 2183 4991 est

612 5044 794 5083 verum
821 5045 940 5083 esse
971 5046 1065 5083 nec
1097 5029 1309 5095 aliquod
1342 5029 1578 5096 quidem,
1616 5042 1712 5079 nec
1742 5042 1922 5078 omne.

681 5141 787 5197 Sed
814 5152 896 5197 est
924 5157 1040 5196 cum
1069 5141 1268 5193 nullum
1295 5141 1361 5192 sit
1412 5154 1592 5193 verum
1627 5152 1807 5190 eorum
1833 5151 1949 5205 qua:
1976 5145 2100 5188 sunt
2130 5137 2180 5190 in

609 5234 962 5304 syllogismis,
1000 5248 1053 5287 ct
1095 5232 1491 5285 conclusionem
1529 5229 1775 5283 similiter
1813 5244 1930 5283 esse
1975 5243 2177 5294 veram,

611 5340 717 5380 non
762 5335 936 5379 tamen
987 5340 1051 5380 ex
1106 5324 1441 5377 nece‘sitate.
1491 5322 1658 5374 Causa
1709 5328 1883 5373 autent
1930 5320 2177 5388 quoniam

610 5431 731 5471 cum
759 5416 862 5468 duo
892 5418 968 5468 sic
997 5430 1053 5469 se
1093 5416 1293 5468 habent
1336 5414 1398 5465 ad
1436 5414 1681 5475 invicem,
1722 5421 1775 5464 ttt
1806 5427 1923 5464 cum
1957 5412 2181 5465 alterum

610 5510 710 5571 sit,
741 5523 802 5559 ex
840 5508 1153 5560 necessitate
1196 5522 1315 5559 esse
1361 5506 1603 5566 alterum,
1657 5506 1753 5557 hoc
1799 5519 1917 5556 cmn
1964 5519 2064 5555 non
2116 5504 2184 5555 sit

610 5599 844 5667 quidem,
876 5614 973 5651 nec
1013 5600 1234 5651 alterum
1267 5599 1399 5659 erit;
1436 5614 1554 5649 cum
1600 5604 1778 5649 autem
1813 5597 1899 5657 sit,
1936 5610 2039 5645 non
2094 5607 2184 5645 ne-

611 5704 762 5741 cosse
791 5696 874 5741 est
901 5704 1017 5740 esse
1048 5690 1305 5749 alterum;
1340 5690 1475 5741 idem
1507 5699 1681 5740 autem
1713 5702 1833 5737 cum
1866 5685 1962 5749 sit,
1997 5694 2047 5735 et
2080 5698 2180 5734 non

611 5779 700 5839 sit,
731 5774 1053 5843 impossibile
1084 5796 1143 5833 ex
1174 5779 1486 5833 necessitate
1511 5792 1627 5831 esse
1653 5776 1957 5831 idcm.Dic0
1984 5785 2178 5837 autem,

2256 578 2309 622 et
2335 585 2455 623 cum
2481 586 2585 624 non
2609 572 2681 626 sit
2710 589 2738 623 α
2765 572 2965 638 album,
3012 576 3040 627 b
3071 590 3187 629 esse
3217 590 3463 643 magnum
3496 590 3557 627 ex
3590 577 3824 628 necessi-

2256 668 2358 713 tate
2387 677 2401 723 ;
2450 662 2659 730 quando
2702 666 2841 717 enim
2873 681 2992 718 cum
3026 666 3125 720 hoc
3163 667 3230 719 sit
3284 667 3361 734 (ut
3394 668 3443 735 a)
3467 666 3668 729 album,
3698 667 3825 720 illud

2255 768 2473 806 necesse
2514 764 2593 807 est
2639 756 2717 821 (ut
2743 756 2793 823 ὸ)
2843 770 2963 810 esse
3008 772 3276 819 magnum,
3319 772 3440 809 cum
3479 767 3658 809 autem
3701 758 3770 810 sit
3797 758 3825 807 ὁ

2257 858 2523 911 magnum,
2554 860 2580 895 c
2609 861 2711 898 non
2742 862 2860 899 esse
2888 848 3087 913 album,
3120 862 3340 901 necesse
3368 854 3469 906 est.
3498 847 3541 899 si
3572 863 3604 899 a
3643 855 3711 899 snt
3752 847 3828 899 al-

2257 935 2402 1001 bum,
2436 952 2461 987 c
2492 952 2596 990 non
2626 952 2744 991 esse
2770 938 2967 991 album.
3005 938 3068 991 Et
3098 938 3312 1003 quando
3340 938 3549 991 duobus
3590 938 3829 992 existen-

2257 1028 2431 1094 tibus,
2476 1044 2594 1082 cum
2635 1030 2860 1084 alterum
2896 1031 2993 1095 sit,
3040 1044 3258 1084 necesse
3300 1039 3378 1083 est
3414 1029 3642 1089 alterum
3683 1044 3825 1093 esse,

2258 1118 2358 1171 hoc
2389 1126 2565 1171 autem
2590 1133 2708 1171 cum
2738 1134 2843 1172 non
2868 1106 2967 1187 sit',
2997 1132 3216 1173 necesse
3241 1129 3323 1173 est
3346 1135 3377 1169 a
3408 1134 3509 1171 non
3534 1132 3675 1179 esse,
3704 1132 3826 1170 cum

2256 1223 2381 1277 ergo
2415 1210 2572 1263 bnon
2620 1208 2690 1262 sit
2735 1224 3004 1278 magnum,
3034 1226 3065 1261 ιι
3101 1224 3207 1263 non
3253 1217 3428 1277 potest
3468 1208 3642 1260 album
3684 1220 3821 1269 esse,

2258 1313 2376 1351 cum
2413 1315 2540 1353 vero
2581 1316 2611 1351 a
2652 1315 2754 1353 non
2791 1304 2861 1354 sit
2902 1302 3104 1365 album,
3146 1315 3366 1355 necesse
3400 1308 3482 1353 est
3516 1298 3545 1350 b
3578 1311 3825 1363 magnum

2259 1402 2401 1451 esse,
2433 1388 2623 1441 accidit
2659 1404 2724 1441 ex
2756 1390 3072 1445 necessitate
3096 1405 3217 1443 cum
3257 1389 3285 1440 b
3328 1402 3572 1455 magnum
3603 1401 3707 1438 non
3735 1386 3827 1448 sit,

2261 1478 2400 1533 idem
2440 1480 2468 1531 b
2501 1494 2618 1533 esse
2652 1494 2899 1550 magnum
2927 1497 2939 1531 :
2968 1480 3071 1535 hoc
3104 1489 3279 1533 autem
3318 1476 3668 1546 impossibile,
3708 1489 3829 1527 nam

2260 1570 2353 1624 sib
2377 1587 2479 1625 non
2500 1578 2871 1641 estmagnum,
2895 1589 2927 1625 α
2952 1587 3055 1625 non
3082 1569 3382 1624 eritalbum
3405 1582 3470 1621 ex
3492 1565 3831 1628 necessitate;

2266 1662 2308 1715 si
2338 1676 2464 1731 ergo
2489 1676 2608 1715 cum
2635 1677 2738 1716 nou
2767 1662 2836 1715 sit
2864 1678 2895 1713 α
2917 1660 3116 1727 album,
3147 1660 3175 1712 ὁ
3204 1660 3307 1712 erit
3327 1671 3598 1725 magnum,
3622 1655 3831 1720 accidit,

2262 1752 2359 1806 sib
2387 1768 2490 1805 non
2512 1759 2593 1805 est
2632 1766 2901 1820 magnum,
2924 1751 2953 1803 b
2978 1764 3097 1804 esse
3128 1762 3398 1815 magnum,
3432 1754 3489 1797 ut
3518 1759 3614 1811 per
3644 1745 3762 1795 tria.

2887 1856 3109 1911 CAPUT
3150 1856 3211 1919 ν.

2480 1954 2549 2004 Ue
2583 1951 2826 2003 circulari
2851 1950 3132 2004 ostensione
3164 1949 3217 2000 in
3245 1947 3410 2017 prima
3436 1945 3600 2013 ﬁgura

2335 2066 2547 2118 (lirculo
2599 2076 2812 2128 autem,
2860 2073 2912 2117 et
2955 2078 3017 2116 ex
3058 2046 3119 2114 se
3160 2062 3383 2113 invicem
3425 2056 3713 2110 ostendere
3757 2066 3834 2109 est

2266 2170 2362 2226 per
2384 2156 2804 2219 conclusionem,
2846 2163 2901 2208 et
2949 2170 2980 2208 e
3003 2166 3262 2207 converso
3307 2150 3735 2218 prmdicalionem
3766 2147 3834 2200 al-

2266 2254 2432 2298 teram
2456 2254 2754 2299 sumentem
2780 2238 3539 2312 propositionemconcludere
3562 2237 3835 2305 reliquam,

2265 2350 2422 2405 quam
2450 2343 2751 2401 sumpserat
2778 2334 2829 2385 in
2854 2334 3022 2385 altero
3052 2330 3381 2400 sylloglsmo,
3424 2335 3481 2380 ut
3519 2326 3561 2379 si
3609 2326 3835 2393 oportuit

2266 2424 2550 2479 ostendere
2579 2424 2831 2492 quoniam
2876 2439 2906 2473 a
2948 2422 3087 2474 inest
3136 2418 3282 2472 omni
3327 2434 3372 2482 c,
3398 2416 3636 2471 ostendat
3660 2424 3835 2468 autem

2269 2530 2360 2583 per
2380 2532 2425 2578 c,
2446 2528 2626 2568 rursus
2648 2513 2691 2567 si
2721 2522 2979 2567 monstret
3006 2512 3256 2579 quoniam
3286 2525 3317 2560 a
3343 2509 3479 2561 inest
3500 2508 3546 2571 b,
3573 2520 3787 2561 sumens
3810 2523 3839 2558 a

2266 2605 2480 2674 quidem
2504 2605 2679 2657 inesse
2700 2620 2748 2667 τ,
2772 2620 2797 2655 c
2821 2614 2996 2656 autem
3022 2602 3069 2665 ὸ,
3098 2611 3150 2655 et
3177 2617 3208 2653 ο
3249 2600 3407 2654 inerit
3428 2598 3477 2663 b,
3499 2598 3646 2667 prius
3667 2606 3841 2652 autem

2268 2710 2299 2750 c
2320 2708 2581 2749 converso
2607 2695 2832 2761 sumpsit
2855 2692 2884 2745 ὁ
2910 2692 3086 2745 inesse
3108 2708 3154 2753 c,
3179 2698 3271 2744 aut
3300 2690 3343 2743 si
3366 2689 3615 2758 quoniam
3657 2689 3684 2740 ὁ
3707 2690 3841 2742 inest

2269 2802 2331 2849 c,
2368 2792 2613 2853 Oporteat
2652 2782 2944 2837 ostendere
2982 2780 3026 2834 si
3070 2788 3244 2833 sumat
3284 2795 3313 2831 a
3360 2779 3428 2833 de
3467 2795 3492 2831 c
3519 2818 3535 2844 ,
3583 2793 3701 2847 quae
3747 2778 3845 2833 iuit

2268 2874 2568 2939 conclusio,
2606 2878 2632 2926 b
2664 2882 2840 2928 autem
2863 2873 2931 2927 de
2966 2889 2997 2925 a
3020 2885 3160 2935 esse,
3190 2864 3335 2940 priui
3364 2880 3540 2925 autem
3578 2881 3845 2940 sumptum

2271 2973 2353 3018 est
2388 2980 2417 3017 e
2460 2978 2720 3018 converso
2759 2980 2789 3015 a
2832 2963 2899 3015 de
2925 2962 2973 3015 b.
3023 2962 3196 3015 Aliter
3238 2976 3365 3014 vero
3412 2975 3518 3015 non
3567 2969 3648 3015 cst
3685 2976 3749 3016 ex
3789 2974 3848 3016 se

2273 3055 2498 3109 invicem
2524 3056 2827 3119 ostendere,
2860 3054 2972 3109 sive
2994 3055 3137 3109 enim
3159 3053 3301 3107 aliud
3325 3052 3561 3108 medium
3586 3065 3845 3118 sumetur,

2278 3162 2381 3200 non
2405 3148 2627 3211 circulo,
2654 3148 2725 3200 nil
2747 3148 2886 3201 enim
2911 3147 3134 3199 sumitur
3158 3144 3492 3210 eorumdem,
3519 3146 3632 3199 sive
3657 3144 3846 3199 horum

2276 3238 2557 3307 quiddam,
2590 3251 2808 3290 necesse
2839 3244 2921 3289 eSt
2950 3234 3173 3287 alterum
3206 3233 3397 3298 solum,
3437 3249 3558 3286 nam
3592 3234 3634 3287 si
3666 3236 3845 3301 ambo,

2275 3328 2464 3382 eadem
2526 3331 2627 3380 erit
2688 3325 2996 3387 conclusio,
3038 3327 3097 3376 'at
3138 3331 3351 3392 oportet
3395 3320 3657 3378 diverSam
3703 3339 3841 3379 esse.

2276 3420 2332 3473 In
2370 3420 2434 3472 iis
2470 3418 2627 3483 igitur
2680 3432 2797 3485 qua:
2854 3430 2956 3469 non
3003 3425 3385 3468 convertuntur
3440 3430 3501 3468 ex
3570 3414 3843 3469 indeuton-

2275 3518 2443 3562 strata
2468 3508 2629 3560 altera
2666 3507 3025 3574 propositione
3060 3507 3117 3558 lit
3152 3504 3514 3574 syllogismus,
3556 3520 3659 3558 non
3702 3506 3844 3559 enim

2276 3608 2358 3653 est
2381 3598 2746 3653 demonstrare
2784 3610 2877 3664 per
2924 3596 3019 3648 hos
3061 3595 3347 3659 terminos,
3384 3596 3633 3663 quoniam
3675 3595 3849 3649 medio

2278 3690 2415 3742 inest
2452 3688 2686 3752 tertium,
2721 3698 2809 3739 aut
2848 3687 3019 3755 primo
3058 3686 3313 3740 medium.
3351 3687 3406 3739 In
3436 3687 3499 3739 iis
3525 3695 3700 3740 autem
3729 3701 3849 3755 quae

2278 3788 2678 3842 convertuntur,
2707 3779 2809 3831 erit
2837 3779 3012 3831 omnia
3059 3787 3354 3833 monstrare
3392 3794 3486 3846 per
3519 3794 3577 3834 se
3600 3781 3843 3844 invicem,

2281 3881 2331 3921 nt
2368 3870 2481 3932 sia,
2510 3877 2563 3920 et
2586 3867 2635 3931 b,
2657 3876 2710 3921 et
2740 3883 2765 3919 ε
2792 3876 3173 3920 convertuntur
3212 3867 3312 3919 sibi
3360 3868 3593 3922 invlcem
3622 3886 3639 3925 :
3671 3883 3849 3923 osten-

2281 3962 2435 4014 dnltll‘
2465 3960 2604 4013 enim
2643 3978 2671 4011 a
2714 3977 2739 4012 (τ
2780 3975 2873 4027 per
2914 3960 3144 4013 medium
3188 3962 3250 4022 ιι,
3292 3968 3344 4013 et
3370 3976 3578 4015 rursum
3627 3982 3654 4011 u
3692 3963 3718 4014 b
3759 3977 3849 4030 per

2282 4052 2706 4116 Conclusionem,
2736 4061 2789 4104 ct
2825 4066 2917 4119 per
2956 4050 2983 4101 ι)
3007 4066 3032 4102 c
3058 4052 3469 4117 prollnSlllOHBIII
3495 4067 3805 4107 conversam
3834 4071 3847 4116 ;

2281 4144 2530 4199 similiter
2573 4154 2750 4197 autem
2787 4153 2840 4197 et
2879 4144 2906 4195 b
2936 4158 2981 4207 ε,
3023 4155 3070 4196 et
3100 4158 3193 4210 per
3217 4143 3634 4205 conclusionem.
3673 4154 3725 4196 et
3754 4160 3848 4211 per

2282 4256 2313 4289 a
2336 4240 2363 4290 b
2389 4237 2807 4305 propositionem
2833 4248 3177 4297 conversam;
3228 4241 3435 4300 oportet
3464 4246 3639 4285 autem
3668 4242 3767 4286 etc
3793 4234 3842 4297 b,

2282 4334 2339 4377 et
2363 4325 2390 4377 b
2424 4342 2453 4375 α
2493 4325 2911 4392 propositionem
2934 4323 3316 4385 demonstrare,
3342 4335 3466 4373 nam
3505 4321 3586 4374 his
3626 4322 3844 4375 demon-

2286 4413 2467 4465 Stratis
2498 4413 2573 4464 usi
2610 4427 2792 4465 sumus
2812 4413 2961 4465 solis.
3006 4413 3059 4467 Si
3093 4425 3216 4480 ergo
3245 4419 3483 4464 sumatur
3506 4413 3532 4463 b
3554 4413 3696 4464 omni
3719 4428 3745 4464 c
3771 4412 3848 4465 in-

2286 4516 2425 4567 essc,
2469 4510 2523 4556 et
2561 4519 2585 4553 c
2625 4503 2846 4566 omnia,
2891 4502 3226 4572 syllogismus
3269 4503 3370 4556 erit
3406 4502 3524 4572 ejus
3544 4503 3682 4571 quod
3725 4504 3852 4556 cstb

2287 4590 2351 4644 ad
2375 4608 2429 4643 α.
2458 4591 2660 4644 Rursus
2683 4592 2725 4644 si
2750 4603 2988 4644 sumatur
3017 4608 3042 4642 c
3065 4593 3205 4644 omni
3234 4609 3262 4642 η
3287 4591 3482 4655 inesse,
3508 4600 3558 4652 et
3583 4610 3615 4645 a
3635 4595 3774 4644 omni
3801 4594 3849 4656 ὁ,

2290 4696 2512 4737 necesse
2532 4693 2613 4736 est
2639 4699 2665 4734 ε
2694 4682 2867 4734 inesse
2893 4682 3035 4734 omni
3060 4681 3109 4733 b.
3154 4680 3209 4733 ln
3252 4681 3491 4747 utrisque
3529 4695 3656 4750 ergo
3697 4681 3851 4747 syllo-

2286 4776 2474 4843 gismis
2493 4790 2519 4827 ο
2551 4789 2583 4826 a
2601 4773 2893 4842 pr0positio
2924 4782 3131 4839 sumpta
3152 4784 3235 4825 est
3269 4772 3709 4835 indemonstrata,
3736 4787 3853 4824 nam

2287 4865 2408 4917 alia:
2452 4864 2691 4931 probata:
2734 4872 2922 4917 erant:
2953 4877 3117 4927 quare
3163 4863 3206 4915 si
3256 4864 3392 4915 hanc
3440 4863 3851 4925 ostenderimus,

2289 4969 2474 5007 omnes
2531 4962 2687 5007 erunt
2735 4954 3039 5020 approbata:
3092 4967 3186 5018 per
3230 4966 3287 5003 se
3338 4952 3592 5012 invicem;
3643 4953 3685 5004 si
3730 4966 3855 5018 ergo

2290 5055 2529 5099 sumatur
2556 5062 2582 5097 c
2604 5045 2748 5099 omni
2780 5045 2828 5109 b,
2864 5054 2917 5097 et
2944 5046 2970 5096 b
2998 5046 3138 5097 omni
3170 5061 3199 5096 a
3230 5046 3426 5109 inesse,
3460 5054 3696 5111 utrmque
3741 5058 3856 5109 pro~

2291 5138 2582 5202 positiones
2612 5136 2987 5189 demonstrata:
3034 5130 3333 5201 sumuntur,
3376 5148 3430 5190 et
3459 5153 3485 5189 c
3532 5151 3751 5189 necesse
3776 5146 3858 5188 est

2290 5228 2463 5280 inesse
2490 5244 2540 5277 τι.
2591 5224 2926 5279 Manifesmm
2958 5238 3035 5280 est
3077 5243 3202 5296 ergo
3244 5228 3493 5294 quoniam
3536 5231 3586 5280 in
3626 5229 3752 5279 solis
3795 5226 3859 5280 iis

2286 5332 2406 5386 quae
2437 5324 2836 5380 Convertuntur,
2869 5316 3071 5369 circulo
3097 5328 3148 5370 et
3183 5332 3273 5383 per
3305 5316 3361 5368 se
3390 5316 3617 5368 invicem
3649 5316 3860 5368 contin-

2289 5414 2357 5480 git
2386 5410 2493 5463 ﬁeri
2522 5410 3021 5475 demonstrationes,
3048 5410 3097 5463 in
3120 5410 3239 5461 aliis
3268 5424 3393 5463 vero
3412 5408 3856 5477 quemadmodum

2290 5502 2435 5566 ptius
2461 5500 2707 5554 diximus.
2764 5500 2967 5552 Accidit
2995 5509 3169 5552 autem
3202 5508 3255 5551 et
3299 5500 3350 5550 in
3395 5499 3460 5552 iis
3498 5498 3685 5552 eodem
3718 5498 3859 5566 quod

2290 5602 2615 5647 monstratur
2655 5594 2727 5647 uti
2768 5592 2831 5646 ad
2880 5592 3426 5656 demonstrationem,
3472 5606 3592 5643 nam
3635 5606 3661 5641 c
3700 5588 3767 5643 de
3810 5594 3859 5647 ὸ.

2287 5696 2341 5737 et
2373 5685 2399 5735 ὑ
2438 5682 2503 5735 de
2540 5701 2570 5735 a
2603 5692 2923 5736 monstratur
2970 5692 3181 5750 sumpto
3223 5698 3249 5733 c
3275 5681 3344 5735 de
3384 5699 3414 5733 a
3460 5681 3596 5743 dici,
3630 5696 3656 5732 c
3686 5691 3859 5732 autem

2290 5774 2353 5827 de
2383 5790 2416 5823 a
2447 5788 2537 5841 per
2569 5773 2661 5827 has
2687 5773 2981 5828 ostenditur
3009 5771 3396 5841 propositiones
3418 5789 3430 5823 :
3452 5786 3617 5841 quare
3647 5771 3861 5826 co;.clu-
