4296 6266
425 424 527 480 693

1067 415 1364 473 PRIORUM
1406 410 1942 470 ANALYTICORU.“
1986 400 2430 466 ARISTOTELIS
2470 412 3039 469 INTERPRETATIO.

424 538 576 591 sione
627 537 825 589 utimur
877 533 939 585 ad
995 516 1524 585 demonstrationem.
1611 522 1666 575 In
1726 518 2001 588 pritalivis
2033 521 2080 575 Α
2109 520 2150 570 si
2184 534 2310 589 ergo
2352 531 2591 574 sumatur
2631 524 2657 573 b
2687 525 2829 575 omni
2858 540 2909 579 η.
2947 540 2974 575 c
3003 534 3176 579 autem
3211 539 3313 577 non
3353 524 3524 590 omni,
3556 540 3684 579 cou-

426 626 603 697 autem
649 624 975 696 syllogismis
1008 622 1109 673 hoc
1149 618 1305 672 modo
1351 622 1676 669 monstratur
1710 625 1774 663 ex
1821 624 1880 661 se
1923 609 2001 660 in-

429 718 596 770 vicem
629 733 639 766 :
672 716 742 767 sit
765 715 791 765 b
823 713 1035 778 quidem
1078 710 1220 763 otnni
1250 728 1275 761 c
1305 710 1500 767 inesse,
1530 722 1561 757 a
1583 715 1756 757 autem
1789 703 1917 755 nulli
1948 702 1998 767 b,

426 807 697 862 conclusio
725 813 897 856 autem
943 802 1188 871 quoniam
1225 816 1256 850 a
1303 797 1429 849 ttttlli
1459 812 1502 847 c.
1555 795 1609 849 Si
1634 806 1760 860 ergo
1790 802 1999 844 rursum

425 904 671 963 oporteat
710 893 1026 948 concludere
1055 890 1309 960 quoniam
1343 905 1372 938 α
1404 886 1533 938 nulli
1565 886 1624 947 b,
1676 882 1816 951 quod
1856 871 2002 948 prius

425 992 689 1051 sumptum
720 989 852 1042 erat,
898 979 997 1032 erit
1035 996 1065 1031 α
1106 977 1321 1046 quidem
1347 974 1480 1028 nulli
1514 989 1560 1033 ε.
1595 988 1620 1023 c
1645 980 1822 1025 autem
1855 968 1999 1023 omni

425 1076 474 1141 ὁ,
526 1074 604 1127 sic
646 1072 785 1127 enim
816 1085 849 1125 e
877 1084 1136 1123 converso
1168 1066 1485 1136 propositio.
1531 1063 1585 1117 Si
1634 1071 1813 1115 autem
1869 1075 2001 1130 quo-

422 1166 561 1218 niam
585 1163 611 1214 b
634 1161 773 1215 inest
799 1176 846 1225 c,
869 1167 1116 1228 oporteat
1139 1156 1482 1216 concludere.
1502 1169 1606 1207 non
1624 1153 1733 1222 jam
1755 1150 2000 1206 similiter

388 1253 836 1309 .convertendam
867 1269 896 1305 a
920 1253 968 1317 b,
993 1266 1113 1304 nam
1159 1249 1346 1303 eadem
1379 1246 1674 1315 propositio
1702 1254 1783 1298 est
1815 1243 1842 1295 b
1869 1241 1995 1296 nulli

418 1362 469 1409 a,
501 1354 555 1399 et
584 1362 615 1397 a
638 1343 766 1397 nulli
795 1343 823 1396 b
852 1346 1047 1405 inesse,
1077 1340 1171 1393 sed
1203 1337 1541 1399 sumendum,
1573 1336 1655 1388 cui
1687 1350 1717 1385 a
1750 1333 1882 1386 nulli
1914 1332 1987 1384 in-

417 1441 523 1498 est,
568 1433 691 1486 huic
736 1435 763 1484 b
803 1432 947 1484 omni
988 1431 1185 1484 inesse.
1233 1427 1314 1481 Sit
1338 1427 1477 1479 enim
1509 1441 1538 1475 a
1572 1423 1752 1476 nullic
1796 1423 1994 1485 inesse,

420 1522 561 1590 quod
592 1521 810 1588 quidem
844 1521 942 1573 fuit
968 1518 1269 1581 conclusio,
1317 1517 1401 1569 cui
1446 1528 1621 1567 autem
1663 1531 1693 1565 a
1724 1513 1852 1566 nulli
1878 1512 1927 1577 b,
1953 1517 1995 1564 si

420 1623 665 1668 sumatur
686 1614 827 1666 omni
860 1614 1055 1676 inesse,
1101 1623 1321 1663 necesse
1353 1615 1433 1661 est
1455 1621 1580 1674 ergo
1610 1606 1636 1657 b
1663 1606 1805 1658 omni
1851 1621 1877 1658 c
1918 1604 1998 1657 in-

421 1717 572 1757 esse:
605 1718 768 1772 quare
807 1691 926 1755 cum
966 1702 1071 1755 sint
1111 1701 1229 1763 tria,
1276 1699 1687 1767 unumquodque
1721 1696 1993 1752 coaelusio

418 1793 689 1855 estfacta,
724 1801 776 1846 et
817 1792 1021 1845 circulo
1056 1791 1444 1854 demonstrare,
1498 1789 1598 1843 hoc
1642 1802 1716 1843 est
1772 1787 1998 1843 conclu-

2110 611 2276 663 clusio
2323 627 2356 662 a
2404 612 2559 663 alicui
2589 628 2616 662 c
2644 628 2745 665 non
2780 613 2934 665 inerit
2966 615 3195 668 medium
3231 614 3279 668 b.
3310 615 3365 669 Si
3392 626 3565 668 autem
3602 626 3683 669 est

2107 702 2425 755 universalis
2458 704 2755 769 privativa,
2792 719 2897 756 non
2950 707 3248 759 OSleuditur
3294 724 3325 759 a
3371 708 3678 775 propositio,

2105 807 2367 846 conversa
2413 810 2444 845 a
2483 795 2534 859 b,
2588 792 2779 846 accidit
2830 794 2973 848 enim
3032 806 3283 864 utrasque
3325 806 3415 852 aut
3461 800 3682 853 alteram

2107 882 2519 951 pr0positioncm
2549 881 2662 955 fieri
2692 883 3021 951 negativam:
3053 899 3218 952 quare
3245 901 3347 939 non
3377 890 3478 941 erit
3517 889 3682 959 syllo-

2102 972 2338 1041 gistnus;
2369 972 2461 1025 sed
2512 971 2759 1026 similiter
2808 973 3120 1027 ostendetur
3157 977 3599 1041 quemadmodum
3630 986 3685 1032 et

2104 1063 2155 1117 in
2196 1063 2610 1125 universalibus,
2649 1065 2692 1118 si
2737 1073 2999 1130 sumatur,
3033 1064 3117 1119 cui
3149 1065 3176 1117 b
3206 1065 3360 1119 alicui
3391 1083 3494 1122 non
3519 1068 3676 1134 inest,

2103 1173 2133 1208 a
2158 1156 2320 1211 alicui
2351 1158 2545 1210 inesse.

2712 1227 2935 1282 CAPUT
2977 1226 3087 1281 Vll.

2316 1318 2391 1370 De
2411 1320 2601 1388 cyclica
2628 1319 3013 1372 ratiocinatione
3037 1322 3091 1371 in
3114 1319 3260 1373 tertia
3283 1319 3468 1388 ﬁgura.

2172 1432 2227 1485 In
2274 1433 2423 1485 tertia
2468 1445 2646 1485 autem
2690 1431 2876 1499 figura,
2914 1428 3125 1499 quando
3151 1440 3391 1499 utrmque
3435 1430 3680 1498 proposi-

2100 1524 2273 1579 tiones
2309 1523 2678 1578 unive’rsaliter
2720 1530 3017 1587 sumentur,
3062 1538 3167 1575 non
3212 1522 3470 1592 contingit
3497 1531 3679 1577 osten-

2101 1615 2228 1670 dere
2257 1631 2351 1685 per
2378 1632 2435 1669 se
2466 1616 2692 1669 invicem
2725 1616 3165 1683 ptopositionem.
3204 1614 3333 1668 Nam
3364 1614 3679 1669 universalis

2101 1709 2313 1777 quidem
2364 1706 2662 1761 OStenditur
2714 1722 2806 1774 per
2853 1705 3200 1771 universalia,
3252 1705 3302 1757 in
3356 1704 3454 1758 ltac
3500 1715 3677 1759 autem

2103 1800 2375 1853 conclusio
2408 1813 2621 1861 semper
2644 1808 2721 1852 est
2748 1798 3109 1866 particularis:
3141 1811 3305 1866 quare
3336 1796 3673 1851 manifestum

416 1880 621 1934 sionem
653 1890 949 1934 sumentem
978 1890 1031 1933 et
1060 1895 1089 1931 e
1118 1894 1380 1933 converso
1415 1879 1635 1932 alteram
1678 1877 1997 1946 propositio-
2032 1866 2078 1927 Β
2105 1911 2112 1942 ε

1980 1906 1997 1916 ·
2032 1866 2078 1927 Β
2105 1891 2353 1959 quoniam
2403 1890 2622 1942 omnino
2672 1903 2775 1942 non
2819 1888 3079 1955 contingit
3107 1888 3390 1942 ostendere
3418 1902 3509 1954 per
3541 1888 3676 1941 hanc

418 1984 561 2033 nem,
594 1969 851 2036 reliquam
897 1968 1228 2038 syllogizare.
1283 1970 1335 2022 In
1365 1969 1771 2037 particularibus
1814 1979 1991 2023 autem

416 2061 742 2131 syllogismis
783 2060 1135 2115 universalem
1177 2058 1388 2127 quidem
1426 2060 1841 2128 propositionem
1887 2074 1991 2112 non

417 2159 502 2203 est
526 2149 895 2203 demonstrare.
936 2164 1030 2219 per
1069 2149 1221 2213 alias,
1251 2148 1625 2217 particular-em
1666 2158 1845 2202 autem
1871 2158 1988 2211 est;

414 2241 668 2310 quoniam
709 2252 883 2295 autem
928 2255 1034 2294 non
1080 2247 1161 2292 est
1200 2238 1569 2292 demonstrare
1592 2238 1989 2303 .univ’ersalem,

413 2328 784 2395 manifestum,
835 2344 955 2382 nam
1005 2328 1304 2383 universale
1352 2336 1680 2382 monstratur
1727 2343 1824 2397 per
1871 2329 1990 2381 uni-

412 2421 662 2486 versalia,
694 2421 967 2475 conclusio
998 2429 1174 2475 autem
1209 2435 1311 2475 non
1343 2432 1427 2476 est
1464 2421 1800 2485 universalis,
1834 2436 1993 2490 opor-

416 2521 490 2566 tet
515 2522 691 2566 autem
731 2512 1014 2565 ostendere
1044 2526 1108 2565 ex
1138 2512 1480 2565 conclusione
1512 2521 1561 2566 et
1593 2511 1757 2565 altera
1798 2527 1993 2580 propo-

415 2604 628 2659 sitione.
698 2604 963 2672 Amplius,
996 2603 1215 2658 omnino
1258 2619 1363 2657 non
1390 2602 1448 2656 fit
1476 2603 1819 2673 syllogismus
1857 2617 1989 2657 con-

414 2709 568 2749 versa
604 2693 983 2763 propositione,
1033 2707 1153 2746 nam
1198 2692 1547 2761 particulares
1579 2693 1711 2746 fiunt
1744 2702 1987 2761 utrmque

415 2786 1149 2857 propositiones.Particulare
1174 2795 1351 2841 autem
1379 2795 1481 2853 est,
1506 2786 1818 2840 ostendatur
1848 2785 1988 2839 enim

414 2897 448 2933 a
478 2882 543 2936 de
574 2882 748 2950 aliquo
784 2897 810 2931 c
850 2896 943 2948 per
973 2879 1035 2943 b,
1066 2880 1110 2932 si
1157 2894 1284 2947 ergo
1314 2886 1555 2932 sumatur
1591 2879 1618 2930 b
1654 2879 1797 2930 omni
1855 2893 1905 2942 a,
1938 2888 1991 2931 et

414 2972 690 3026 conclusio
720 2982 949 3033 maneat,
1010 2973 1038 3024 ὁ
1086 2970 1242 3024 alicui
1290 2987 1317 3022 c
1347 2969 1526 3035 inerit,
1560 2969 1617 3022 fit
1648 2968 1788 3022 enim
1819 2970 1988 3037 prima

415 3064 602 3132 figura,
626 3074 678 3117 et
703 3072 785 3116 est
809 3080 840 3115 α
862 3042 1115 3116 medium.
1142 3063 1198 3117 Si
1224 3071 1398 3116 autem
1424 3062 1481 3115 lit
1503 3062 1788 3129 privativus
1818 3062 1987 3131 syllo-

414 3153 635 3218 gismus,
669 3153 1021 3206 universalent
1054 3152 1265 3220 quidem
1310 3153 1727 3219 propositionem
1760 3167 1865 3205 non
1907 3159 1989 3204 est

415 3242 718 3304 ostendere,
748 3254 961 3310 propter
989 3242 1088 3297 hoc
1119 3243 1257 3311 quod
1291 3243 1436 3311 prius
1462 3243 1659 3301 dictum
1688 3253 1792 3306 est,
1822 3242 1980 3307 parti-
2011 3238 2057 3301 C

415 3334 646 3387 cularetn
670 3333 736 3404 (si
759 3335 1070 3401 simpliciter
1090 3342 1428 3387 convertatur
1446 3348 1477 3384 a
1493 3333 1521 3385 b
1544 3330 1985 3398 quemadmodum

412 3434 466 3477 et
510 3424 562 3477 itt
611 3424 1035 3491 universaliltus)
1095 3438 1199 3477 non
1250 3434 1364 3487 est,
1421 3439 1512 3490 per
1562 3423 1985 3490 assumptionem

415 3523 587 3567 autem
640 3523 744 3580 est,
780 3524 835 3568 ut
864 3515 946 3568 cui
978 3531 1007 3567 (ι
1034 3515 1188 3567 alicui
1224 3529 1329 3567 non
1362 3515 1505 3577 insit,
1539 3514 1567 3565 b
1590 3514 1745 3567 al'cui
1774 3515 1983 3579 inesse;

414 3620 532 3659 nam
563 3608 719 3661 aliter
748 3622 807 3660 se
835 3606 1148 3660 Italteutibus
1174 3620 1275 3658 non
1307 3605 1729 3674 fitsyllogismus,
1755 3620 1818 3657 co
1848 3605 1984 3674 quod

413 3698 653 3765 negativa
683 3707 766 3750 est
796 3697 1131 3765 particularis
1161 3696 1473 3764 propositio.

1029 3808 1252 3865 CAPUT
1292 3808 1377 3861 VI.

490 3899 563 3950 De
593 3900 769 3952 eadem
808 3901 997 3969 cyclica
1027 3900 1263 4033 cirtkulari
1300 3899 1582 3951 ostensione
1616 3898 1667 3949 in
1696 3897 1916 3949 secunda

1149 3985 1294 4033 gara.

1149 3985 1294 4038 gara.

489 4075 545 4129 In
575 4076 805 4129 secunda
836 4087 1008 4131 autem
1041 4078 1205 4147 ﬁgura
1234 4078 1600 4133 affirmativam
1629 4077 1840 4145 quidem
1879 4091 1983 4130 non

411 4178 494 4222 est
519 4168 817 4223 ostendere
859 4184 953 4238 per
992 4172 1131 4224 hunc
1168 4171 1403 4237 modum,
1450 4170 1765 4240 privativam
1810 4178 1983 4222 autem

407 4266 521 4322 est;
572 4271 700 4326 ergo
747 4260 1083 4327 przedicativa
1135 4261 1342 4329 quidem
1400 4275 1505 4315 non
1554 4261 1869 4322 ostenditur,
1923 4273 1986 4311 eo

408 4348 551 4416 quod
608 4364 712 4401 non
756 4362 877 4403 sunt
911 4359 1150 4422 utrmque
1200 4354 1586 4422 pr0positiones
1633 4353 1984 4417 affirmativaa,

412 4453 535 4492 nam
566 4440 835 4494 conclusio
860 4443 1134 4512 privativa,
1163 4445 1503 4513 prmdicativa
1529 4452 1704 4499 autem
1735 4459 1798 4498 ex
1834 4445 1989 4496 ttttis-

417 4544 521 4598 que
566 4532 941 4587 ostendebatur
986 4536 1338 4589 affirmativis.
1391 4536 1655 4590 Privativa
1703 4545 1880 4589 autem
1911 4536 1987 4588 sic

2100 1982 2322 2049 figuram
2362 1978 2719 2033 universalem
2766 1978 3205 2046 prOpositionem.
3261 1979 3313 2031 Si
3354 1987 3530 2033 autem
3563 1977 3677 2033 haec

2096 2073 2309 2141 quidem
2350 2070 2668 2125 universalis
2697 2069 2797 2133 sit,
2831 2068 2920 2123 illa
2952 2083 3080 2123 vero
3118 2067 3478 2136 particularis,
3508 2081 3674 2134 quan-

2095 2163 2269 2231 doque
2329 2162 2716 2232 qttidcm'erit,
2768 2160 3085 2230 quandoque
3141 2174 3268 2214 vero
3322 2174 3426 2213 non
3481 2157 3671 2222 inerit;

2095 2254 2308 2324 quando
2374 2268 2504 2323 ergo
2557 2262 2795 2321 utrmque
2850 2250 3207 2320 praedicativa:
3248 2258 3561 2309 sumantur,
3620 2257 3673 2301 et

2094 2347 2410 2401 universalis
2453 2346 2515 2399 sit
2569 2345 2635 2397 ad
2705 2345 2961 2397 minorem
3036 2342 3460 2404 extremitatem,
3535 2338 3668 2402 erit;

2093 2437 2307 2506 quando
2357 2449 2483 2490 vero
2528 2436 2593 2489 ad
2640 2435 2891 2496 alteram,
2951 2450 3055 2488 non
3100 2434 3220 2487 erit.
3282 2432 3407 2485 InSit
3449 2432 3589 2483 enim
3639 2446 3670 2481 a

2093 2530 2236 2583 omni
2290 2546 2335 2592 ε,
2390 2528 2417 2581 b
2455 2537 2629 2581 autem
2681 2528 2838 2581 alicui
2886 2543 2933 2591 c,
2981 2525 3313 2579 conclusioa
3346 2524 3396 2579 b.
3444 2524 3499 2577 Si
3542 2538 3671 2591 ergo

2093 2631 2336 2675 sumatur
2380 2637 2404 2673 c
2449 2621 2592 2674 omni
2631 2637 2661 2673 a
2698 2621 2878 2673 inesse
2920 2632 3174 2673 conversa
3222 2614 3532 2679 univerrali,
3563 2623 3673 2669 eta

2094 2714 2267 2768 inesse
2317 2713 2377 2777 ὁ,
2432 2715 2569 2781 quod
2622 2720 2736 2764 erat
2788 2709 3091 2775 conclusio,
3148 2725 3174 2761 c
3224 2707 3434 2777 quidem
3483 2714 3663 2761 osten-

2090 2818 2208 2858 sum
2257 2812 2339 2857 est
2385 2803 2540 2856 alicui
2594 2802 2620 2854 ὁ
2653 2802 2848 2864 inesse,
2890 2802 2916 2852 b
2964 2809 3137 2854 autem
3182 2798 3336 2852 alieni
3366 2812 3414 2863 ε,
3445 2812 3547 2849 non
3589 2806 3670 2849 est

2092 2905 2383 2956 ostensum,
2423 2908 2666 2962 quamvis
2714 2906 2934 2945 necesse
2980 2899 3060 2943 est
3109 2890 3151 2941 si
3200 2905 3226 2939 c
3274 2887 3431 2939 alicui
3463 2887 3511 2949 b,
3560 2886 3669 2937 etb

2090 2986 2246 3038 alicui
2278 3002 2304 3036 c
2335 2985 2539 3046 inesse;
2595 2985 2686 3036 sed
2731 2996 2843 3034 non
2893 2981 3030 3032 idem
3071 2980 3282 3031 esthoc
3326 2977 3422 3039 illi,
3456 2986 3508 3029 et
3530 2974 3668 3051 illud

2092 3080 2213 3133 ltnic
2256 3079 2452 3141 inesse,
2499 3077 2591 3130 sed
2633 3074 3009 3129 assumendum
3053 3081 3155 3133 est,
3183 3071 3225 3123 si
3256 3070 3357 3123 hoc
3384 3068 3540 3122 alicui
3568 3066 3666 3133 illi,

2089 3181 2137 3224 et
2162 3171 2208 3222 :tl
2237 3185 2384 3223 erum
2409 3168 2564 3220 alicui
2599 3166 2740 3230 huic,
2764 3167 2863 3217 ltoc
2886 3174 3060 3217 autem
3085 3171 3297 3229 sumpto
3323 3160 3429 3227 jam
3461 3174 3566 3213 non
3596 3159 3667 3211 sit

2088 3280 2150 3321 ex
2190 3260 2533 3316 conclusione
2596 3270 2651 3313 et
2689 3260 2857 3312 altera
2899 3254 3268 3325 propositione
3306 3252 3666 3322 syllogismus.

2091 3357 2145 3408 Si
2177 3364 2352 3407 autem
2382 3353 2408 3404 b
2448 3353 2659 3420 quidem
2711 3349 2854 3402 omni
2890 3364 2934 3411 c,
2991 3363 3022 3398 a
3052 3357 3227 3398 autem
3276 3344 3431 3397 alicui
3471 3358 3518 3409 c,
3567 3342 3672 3394 erit

2090 3444 2371 3497 ostendere
2401 3460 2433 3495 a
2453 3460 2499 3508 c,
2529 3440 2741 3509 quando
2771 3450 3012 3493 sumatur
3037 3454 3063 3489 c
3094 3437 3310 3505 quidem
3347 3434 3490 3488 omni
3525 3434 3551 3485 b
3583 3433 3666 3486 iu-

2089 3553 2229 3599 esse,
2262 3555 2291 3586 a
2318 3545 2492 3588 autem
2522 3536 2710 3597 alicui;
2745 3548 2864 3586 nam
2896 3532 2938 3586 si
2969 3548 2994 3584 c
3023 3530 3167 3583 omni
3192 3529 3220 3581 ὁ
3252 3529 3408 3591 inest,
3439 3537 3667 3579 aautent

2090 3629 2242 3681 alicui
2274 3628 2321 3690 ὁ,
2356 3640 2573 3681 necesse
2619 3636 2700 3680 est
2747 3642 2777 3676 tt
2823 3623 2978 3677 alicui
3009 3638 3035 3674 ο
3082 3621 3278 3680 inesse,
3330 3617 3567 3671 medium
3612 3614 3662 3667 ὁ.

2094 3722 2154 3773 Et
2195 3735 2314 3771 cum
2362 3719 2521 3772 fuerit
2567 3718 2680 3771 haec
2727 3715 3063 3784 praedicativa
3114 3713 3359 3781 quidem,
3407 3710 3495 3764 illa
3541 3723 3670 3762 vero

2094 3815 2370 3879 privativa,
2413 3808 2728 3861 universalis
2757 3816 2933 3861 autem
2974 3805 3328 3874 pratdiealiva,
3362 3800 3671 3856 ostendetur

2090 3902 2273 3955 altera.
2310 3902 2436 3952 lttsit
2465 3900 2604 3952 enim
2633 3898 2662 3949 b
2688 3898 2831 3949 omni
2860 3912 2904 3959 c,
2936 3912 2967 3946 a
2992 3902 3168 3947 autem
3196 3893 3353 3945 alicui
3384 3907 3487 3944 non
3520 3889 3665 3954 insit,

2090 3990 2361 4044 coaclusin
2410 3989 2659 4057 quoniam
2706 4003 2738 4037 a
2790 3984 2945 4036 alicui
2989 3985 3017 4034 ὁ
3064 3998 3165 4034 non
3220 3984 3378 4035 ine~t.
3437 3980 3494 4033 Si
3543 3992 3669 4045 ergo

2091 4092 2390 4133 assumatur
2429 4096 2454 4129 c
2495 4079 2522 4129 b
2560 4075 2703 4130 omni
2745 4075 2943 4137 inesse,
2979 4073 3148 4123 int-rat
3193 4080 3369 4124 autem
3410 4078 3463 4121 et
3504 4084 3534 4118 a
3563 4082 3666 4119 non

2092 4170 2234 4224 omni
2260 4170 2306 4236 ιι,
2347 4182 2565 4222 necesse
2610 4176 2689 4218 est
2719 4180 2747 4216 ιι
2770 4162 2925 4216 alicui
2955 4178 2980 4215 c
3019 4176 3122 4214 tton
3158 4160 3331 4214 inesse
3361 4156 3591 4211 medium
3616 4157 3666 4212 ὁ.

2091 4265 2219 4315 Cum
2251 4269 2428 4314 autem
2462 4257 2715 4327 privativa
2759 4252 3073 4309 universalis
3100 4253 3188 4319 sit,
3218 4266 3321 4305 non
3362 4246 3669 4315 ostenditur

2090 4355 2254 4409 altera
2297 4351 2397 4406 nisi
2446 4351 2582 4406 sicut
2631 4350 2680 4403 in
2729 4347 3014 4418 prioribus,
3056 4348 3098 4400 si
3147 4353 3383 4399 sumatur
3429 4340 3512 4393 cui
3566 4342 3665 4392 ltoc

2092 4445 2247 4499 alicui
2288 4459 2393 4499 non
2438 4445 2596 4509 ine5t,
2632 4442 2856 4496 alterum
2888 4440 3041 4493 alicui
3084 4438 3277 4497 inesse,
3319 4441 3374 4487 ut
3402 4432 3444 4485 si
3474 4446 3505 4482 a
3537 4430 3665 4483 nulli

2093 4554 2137 4598 c,
2190 4540 2218 4589 b
2243 4547 2418 4591 autem
2458 4536 2648 4597 alicui,
2681 4532 2954 4588 conclusio
2981 4531 3228 4598 quoniam
3262 4545 3292 4579 a
3319 4524 3473 4579 alicui
3503 4525 3530 4576 Ι)
3560 4538 3663 4577 non

410 4622 710 4676 ostenditur
737 4640 750 4677 :
780 4626 901 4678 insit
931 4628 1069 4680 enim
1101 4644 1131 4678 a
1159 4629 1303 4679 omni
1335 4628 1385 4691 ὁ,
1413 4643 1438 4679 c
1467 4635 1642 4681 autem
1673 4626 1826 4692 nulli,
1858 4642 1988 4678 con-
2015 4599 2067 4660 D
2095 4628 2253 4681 inest.
2296 4628 2349 4681 Si
2383 4641 2509 4695 ergo
2540 4634 2779 4678 sumatur
2812 4623 2893 4675 cui
2926 4638 2956 4673 α
2995 4621 3146 4673 alicui
3172 4634 3275 4672 non
3307 4618 3460 4680 iitcst,
3493 4615 3663 4669 eidem

410 4712 577 4766 clusio
600 4716 847 4782 quoniam
872 4718 898 4769 b
925 4718 1048 4769 nulli
1074 4734 1128 4780 c;
1152 4718 1195 4771 si
1217 4732 1344 4786 ergo
1364 4729 1603 4772 sumatur
1626 4719 1653 4771 b
1681 4719 1824 4772 omni
1851 4736 1881 4771 a
1906 4721 1984 4771 in-

410 4816 550 4868 esse,
581 4816 635 4859 et
662 4807 791 4860 nulli
824 4824 870 4874 c,
907 4822 1127 4862 necesse
1152 4818 1234 4862 est
1265 4826 1295 4861 a
1327 4812 1455 4863 nulli
1482 4826 1508 4862 c
1536 4811 1732 4877 inesse,
1768 4812 1825 4863 fit
1846 4813 1986 4863 enim

409 4897 640 4950 secunda
692 4899 883 4967 figura,
940 4901 1171 4954 medium
1201 4903 1249 4954 ὁ.
1308 4902 1362 4956 Si
1409 4913 1583 4958 autem
1614 4919 1647 4955 a
1677 4904 1705 4955 b
1734 4903 1986 4972 privativa

410 5000 621 5056 sumpta
668 4991 770 5055 sit,
826 4990 988 5045 altera
1038 5006 1164 5045 vero
1226 4994 1597 5061 prmdicativa,
1662 4996 1830 5063 prima
1888 4996 1991 5049 erit

411 5079 593 5146 figura,
624 5096 744 5135 nam
775 5098 800 5134 c
827 5082 1042 5152 quidem
1072 5086 1219 5139 omni
1248 5104 1301 5149 a,
1334 5085 1362 5138 b
1390 5096 1566 5141 autem
1593 5088 1720 5141 nulli
1747 5105 1794 5155 c,
1820 5101 1986 5156 quare

407 5168 435 5219 b
459 5170 586 5223 nulli
610 5188 659 5235 α,
690 5187 817 5241 ergo
844 5188 941 5228 nec
970 5192 1000 5226 a
1028 5174 1076 5239 ὁ,
1104 5175 1335 5228 medium
1376 5192 1435 5241 c;
1468 5192 1595 5245 ergo
1617 5192 1731 5247 .per
1759 5179 1982 5239 conclu-

408 5263 610 5318 sionem
639 5267 851 5334 quidem
895 5277 949 5321 et
979 5282 1135 5321 unam
1168 5270 1580 5337 propositionem
1609 5286 1713 5323 non
1740 5274 1797 5323 lit
1825 5272 1982 5340 syllo-

406 5355 627 5425 gismus,
670 5368 942 5427 assumpta
987 5367 1166 5414 autem
1210 5362 1375 5415 altera
1420 5364 1542 5415 erit.
1584 5361 1639 5414 Si
1670 5373 1845 5415 autem
1878 5377 1980 5415 non

406 5448 722 5501 universalis
746 5452 817 5502 sit
844 5451 1203 5519 syllogismus,
1235 5468 1353 5519 quin
1403 5454 1455 5506 in
1503 5463 1611 5504 toto
1658 5453 1869 5520 quidem
1901 5462 1982 5506 est

406 5542 702 5609 propositio
732 5557 837 5595 non
868 5547 1189 5611 ostenditur,
1225 5557 1440 5613 propter
1494 5546 1736 5599 eamdem
1766 5560 1977 5599 Causam

406 5646 567 5701 quam
594 5630 806 5699 quidem
837 5633 1069 5688 diximus
1099 5645 1153 5688 et
1181 5637 1348 5705 prius,
1379 5652 1496 5707 quae
1522 5645 1698 5690 autem
1728 5636 1779 5689 in
1811 5646 1978 5704 parte,

406 5721 708 5777 ostenditur
750 5722 964 5792 quando
1012 5726 1332 5782 universalis
1375 5730 1443 5782 sit
1475 5728 1832 5795 pratdicatlva.
1858 5727 1983 5781 lnsit

406 5814 547 5871 enim
588 5833 620 5869 a
667 5815 811 5871 omni
845 5818 909 5878 b,
939 5832 965 5868 c
991 5830 1168 5873 autem
1204 5836 1306 5876 non
1348 5822 1524 5889 omni,
1575 5822 1843 5878 conclusio
1875 5823 1900 5875 b
1926 5841 1981 5887 τι

2094 4737 2119 4772 c
2145 4720 2299 4771 alicui
2347 4719 2544 4783 inesse,
2580 4729 2798 4770 necesse
2840 4722 2921 4767 est
2951 4729 2977 4764 c
3020 4712 3175 4765 alicui
3212 4712 3240 4762 b
3287 4709 3480 4772 inesse,
3511 4707 3666 4760 aliter

2093 4824 2267 4867 autem
2298 4828 2401 4867 non
2440 4822 2522 4867 est
2564 4818 2964 4866 convertentem
3014 4806 3368 4861 universalem
3420 4803 3664 4874 proposi-

2095 4907 2289 4959 tionem
2332 4904 2621 4958 ostendere
2666 4903 2924 4963 alteram,
2977 4898 3124 4953 nullo
3170 4899 3310 4953 enim
3361 4896 3517 4951 modo
3562 4896 3666 4950 erit

2092 4996 2451 5066 syllogismus.
2523 4994 2855 5049 Manifestum
2900 4991 3060 5061 igitur
3103 4989 3351 5059 quoniam
3401 4990 3452 5041 ltt
3499 4988 3661 5055 prima

2094 5089 2306 5158 quidem
2350 5089 2515 5158 ﬁgura
2565 5100 2659 5154 per
2699 5101 2756 5141 se
2800 5083 3027 5139 invicem
3075 5092 3156 5136 est
3195 5079 3460 5145 ostensio,
3490 5088 3541 5131 et
3571 5090 3664 5145 per

2095 5184 2339 5248 primam,
2368 5190 2422 5234 et
2446 5194 2538 5248 per
2566 5179 2776 5233 tertiam
2807 5177 3026 5245 figuram
3059 5174 3144 5228 fit:
3174 5188 3291 5226 nam
3320 5185 3438 5223 cum
3470 5169 3660 5236 [trami-

2091 5273 2259 5325 cativa
2287 5272 2499 5340 quidem
2524 5279 2607 5326 est
2632 5270 2920 5332 conclusio,
2949 5282 3044 5335 per
3069 5266 3311 5333 primam,
3335 5276 3455 5316 cum
3484 5267 3662 5312 autem

2093 5365 2368 5434 privativa,
2416 5377 2513 5432 per
2568 5370 2920 5430 postremam;
2969 5356 3195 5410 sumitur
3244 5354 3384 5407 enim
3429 5351 3515 5405 cui
3562 5349 3665 5402 ltoc

2093 5458 2248 5524 nulli,
2299 5457 2521 5510 alterum
2566 5453 2711 5507 omni
2756 5454 2950 5506 inesse.
2992 5450 3046 5501 lu
3079 5446 3250 5500 media
3288 5454 3488 5509 autem,
3540 5460 3660 5496 cum

2090 5549 2408 5604 universalis
2438 5555 2519 5601 est
2546 5543 2759 5613 quidem
2794 5540 3132 5610 syllogismus
3171 5546 3224 5589 et
3254 5551 3353 5605 per
3384 5537 3574 5601 ipsam,
3608 5543 3663 5587 et

2093 5658 2185 5711 per
2213 5642 2433 5709 primam
2466 5637 2701 5705 figuram,
2735 5642 2788 5688 et
2812 5648 2905 5700 per
2932 5638 3251 5699 postremam
3281 5644 3295 5692 ;
3329 5642 3448 5681 cum
3481 5638 3658 5679 autem

2092 5727 2459 5798 partit-utaris,
2523 5733 2576 5778 et
2646 5738 2739 5791 per
2809 5736 3013 5790 ipsam,
3066 5729 3119 5773 et
3168 5732 3258 5785 per
3314 5732 3655 5785 postremam.

2094 5826 2147 5878 lu
2180 5821 2333 5874 tertia
2382 5832 2508 5871 vero
2540 5830 2630 5885 per
2660 5816 2849 5883 ipsam,
2889 5828 3093 5870 omnes.
3125 5811 3458 5866 Manifestum
3495 5812 3656 5865 otiatn

3580 415 3683 469 694
3772 409 3781 413 ’
