4296 6266
631 392 736 447 605

628 686 830 741 circulo
860 694 941 741 est
970 686 1349 755 ostensionem,
1379 693 1470 737 aut
1498 683 1793 752 imperfecti
1822 695 1975 745 sunt,

1220 797 1443 857 CAPUT
1468 799 1600 852 Vl‘ll.

1022 890 1094 943 De
1118 890 1411 958 syllogismo
1434 890 1732 942 conversivo.

698 982 1019 1034 Convertere
1063 989 1237 1032 autem
1287 989 1367 1032 est
1440 987 1874 1048 transponcntem
1907 968 2203 1034 conclusio-

629 1088 749 1124 nem
795 1071 967 1124 facere
1026 1070 1415 1138 syllogismum,
1474 1072 1724 1135 quoniam
1786 1072 1865 1125 vel
1902 1053 2200 1126 extremum

626 1162 801 1216 medio
828 1175 929 1215 non
954 1160 1138 1222 inerit,
1168 1162 1250 1215 vel
1274 1162 1373 1214 hoc
1390 1171 1694 1230 postremo;
1718 1176 1934 1217 necesse
1956 1173 2041 1217 est
2060 1164 2201 1218 enim

626 1252 975 1306 conclusione
1004 1267 1287 1316 conversa,
1312 1262 1365 1305 et
1394 1253 1557 1306 altera
1610 1262 1921 1307 remanente
1965 1256 2205 1322 proposi-

625 1345 792 1409 tione,
819 1342 1052 1398 interimi
1080 1344 1366 1412 reliquam;
1405 1359 1525 1397 nam
1572 1344 1614 1397 si
1645 1345 1776 1410 erit,
1829 1352 1879 1399 et
1932 1347 2204 1399 conclusio

623 1439 761 1488 erit:
793 1434 970 1488 dill'ert
998 1442 1172 1488 autem
1223 1435 1465 1502 Opposite
1513 1442 1603 1486 aut
1661 1434 1930 1488 contrarie
1979 1451 2203 1488 conver-

624 1536 739 1581 tere
776 1527 1195 1590 conclusionem,
1241 1542 1343 1579 non
1398 1528 1539 1580 enim
1582 1529 1638 1579 lit
1684 1527 1826 1581 idem
1864 1528 2203 1596 syllogismus

624 1617 875 1671 utrolibet
898 1632 1182 1681 conversa;
1210 1617 1380 1684 palam
1407 1630 1582 1671 autem
1608 1619 1707 1670 ltoc
1734 1619 1834 1671 erit
1862 1634 1957 1686 per
1985 1635 2203 1688 sequen-

626 1710 715 1762 tia.
746 1709 871 1763 Dico
900 1719 1076 1763 autem
1100 1709 1525 1778 opponlquidem
1546 1710 1691 1762 omni
1710 1712 1883 1764 inesse
1906 1725 2010 1764 non
2033 1711 2198 1775 omni,

623 1809 677 1850 et
700 1798 858 1851 alicui
883 1798 1032 1857 nulli.
1066 1798 1332 1852 contrarie
1362 1809 1535 1852 autem
1568 1802 1712 1852 omni
1744 1800 1894 1862 nulli,
1943 1810 1996 1854 et
2043 1801 2197 1853 alicui

1851 394 1956 448 AN.
1996 391 2203 448 MANL.
2240 389 2394 446 sev.
2432 360 2660 443 sum

629 503 878 572 quoniam
924 521 975 557 in
1024 504 1195 558 media
1236 512 1288 558 et
1329 505 1379 557 in
1411 503 1575 558 'tertia
1621 504 1709 571 qui
1755 517 1858 556 non
1926 519 2017 569 per
2064 502 2203 569 ipsis
2239 504 2280 558 Α

535 619 545 625 ·
630 595 762 648 ﬁunt
807 594 1124 664 syllogismi,
1156 603 1247 647 aut
1287 609 1391 646 non
1434 602 1557 646 sunt
1598 592 1887 645 secundum
1928 608 2045 646 eam
2086 607 2203 660 qua:

3777 392 3881 448 696

2918 499 3146 555 CAPUT
3186 500 3277 555 IX.

2446 589 2836 660 Dmylloytsmo
2869 595 3155 647 converst'vo
3191 595 3244 647 in
3284 582 3506 648 secunda
3536 595 3749 664 ﬁguras

2376 678 2429 731 In
2457 679 2689 733 secunda
2718 686 2899 735 autem
2934 684 3122 750 ﬁgura,
3156 698 3274 738 eam
3304 684 3518 753 quidem
3549 701 3667 755 qua:
3717 694 3796 741 est
3818 689 3883 741 ad

2304 767 2557 835 majorem
2587 770 2977 824 extremitatem
3006 772 3447 839 propositionem,
3483 788 3588 827 non
3633 784 3715 829 est
3749 775 3884 829 inte-

2304 858 2497 909 rimere
2519 859 2806 920 contrarie,
2838 860 3076 927 quolibet
3103 861 3264 915 modo
3306 864 3661 919 conversione
3710 866 3841 919 facta
3865 907 3881 930 ,

2303 963 2514 1016 semper
2542 950 2643 1003 erit
2680 951 2955 1018 conclusio
3007 951 3064 1005 in
3111 952 3264 1005 tertia
3317 952 3507 1021 ﬁgura,
3570 956 3889 1011 universalis

2303 1052 2480 1094 autem
2499 1057 2602 1094 non
2635 1042 2809 1095 fuitin
2846 1042 3338 1123 liac.syllogismus,
3367 1047 3592 1100 alteram
3624 1058 3802 1102 autem
3833 1046 3885 1099 in

2305 1132 2403 1186 hac
2433 1133 2822 1197 interimemus,
2847 1134 3092 1188 similiter
3121 1134 3501 1190 conversione.
3548 1138 3674 1191 Dico
3705 1147 3886 1192 autem

2304 1224 2546 1277 similiter
2575 1240 2590 1280 :
2622 1225 2665 1278 si
2689 1226 2957 1279 contrarie
2980 1225 3190 1295 quidem
3214 1229 3560 1293 convertitur,
3585 1230 3905 1305 contrarie;

2305 1315 2351 1366 si
2387 1316 2655 1382 opposite,
2705 1316 2967 1384 opposite.
3002 1316 3132 1371 lnsit
3158 1320 3297 1372 enim
3328 1336 3357 1370 a
3387 1322 3533 1374 omni
3563 1323 3614 1387 b,
3639 1338 3667 1374 c
3706 1334 3885 1375 autem

2309 1404 2459 1465 nulli,
2487 1389 2868 1459 conclusiobc.
2896 1406 2953 1460 Si
2978 1422 3107 1473 ergo
3137 1418 3377 1462 sumatur
3407 1411 3434 1462 ὁ
3458 1412 3603 1465 omni
3633 1428 3658 1463 e
3690 1413 3886 1478 inesse,

2297 1504 2357 1565 ,ct
2383 1511 2415 1543 ο
2442 1496 2468 1545 b
2500 1505 2730 1559 maneat,
2755 1512 2787 1547 a
2814 1496 2960 1548 omni
2984 1513 3009 1547 c
3040 1499 3218 1563 inerit,
3244 1500 3301 1551 lit
3321 1499 3461 1552 enim
3495 1501 3675 1568 prima
3698 1501 3885 1569 ﬁgura.

2306 1586 2358 1637 Si
2398 1596 2575 1639 autem
2608 1585 2635 1637 b
2671 1587 2818 1639 omni
2843 1603 2902 1651 c,
2928 1604 2959 1640 a
2986 1598 3161 1657 autem
3186 1589 3317 1642 nulli
3346 1605 3394 1654 ε,
3436 1606 3467 1642 a
3511 1605 3618 1643 non
3647 1592 3791 1645 omni
3819 1592 3845 1643 b
3872 1632 3886 1656 ,

2308 1675 2471 1746 ﬁgura
2497 1688 2781 1745 postrema.
2803 1679 2856 1732 Si
2880 1687 3058 1731 autem
3091 1679 3335 1747 opposite
3376 1691 3720 1736 convertatur
3742 1687 3768 1735 b
3789 1699 3841 1750 c,
3858 1699 3889 1735 α

2308 1768 2335 1819 b
2364 1767 2575 1835 quidem
2606 1768 2852 1821 similiter
2878 1768 3214 1833 ostendetur,
3252 1787 3283 1821 a
3313 1786 3339 1822 c
3380 1782 3557 1825 autem
3601 1773 3841 1840 opposite
3869 1788 3885 1824 :

624 1905 729 1945 non
753 1891 912 1945 alicui
939 1892 1134 1946 inesse.
1165 1892 1247 1947 Sit
1270 1895 1410 1945 cnim
1445 1903 1721 1946 ostensum
1750 1910 1781 1945 ιι
1807 1858 1930 1947 (1θέ
1969 1907 2061 1960 per
2091 1908 2197 1946 tne-
2234 1871 2279 1927 Β
2309 1874 2426 1959 "fu"
2458 1860 2500 1911 si
2529 1859 2556 1910 ὁ
2585 1858 2805 1960 anew,“
2835 1870 3063 1960 (famem
3090 1861 3217 1913 nul“
3244 1878 3291 1927 ε’
3320 1876 3351 1913 α
3374 1862 3527 1960 θ’ίίξυξ
3559 1862 3587 1914 b
3620 1877 3722 1915 "0"
3775 1862 3889 1917 ine-

624 1982 767 2035 dium
800 1983 857 2046 b;
889 1986 930 2036 si
961 1983 1117 2051 igitur
1155 1993 1394 2036 sumatur
1431 2000 1461 2034 a
1494 1984 1621 2037 nulli
1648 2000 1673 2035 c
1703 1984 1899 2044 inc~se.
1930 1986 2072 2038 omni
2103 1999 2199 2036 au-

625 2080 732 2126 tetn
765 2074 814 2140 b,
849 2074 976 2125 nulli
1011 2089 1035 2123 c
1068 2072 1219 2125 inerit
1255 2073 1303 2134 ὁ,
1334 2084 1384 2126 et
1424 2075 1522 2126 sia
1551 2075 1760 2141 quidem
1791 2074 1919 2126 nulli
1947 2091 1995 2135 c,
2032 2074 2059 2125 ὁ
2104 2090 2201 2126 au-

625 2173 731 2220 tem
760 2166 900 2219 omni
925 2181 968 2227 c,
1003 2182 1033 2216 a
1062 2180 1164 2218 non
1197 2167 1337 2218 omni
1371 2165 1422 2229 b,
1453 2176 1501 2218 et
1546 2182 1647 2218 non
1671 2165 1891 2218 omnino
1918 2166 2070 2225 nulli,
2098 2180 2200 2218 non

623 2256 762 2309 enim
795 2256 1173 2309 ostendebatur
1206 2258 1507 2311 universale
1558 2272 1654 2324 per
1703 2257 1911 2311 tertiam
1957 2258 2201 2325 ﬁguram.

622 2346 850 2400 Omnino
872 2357 1047 2400 autem
1078 2362 1194 2400 eam
1226 2363 1342 2417 qua:
1373 2359 1452 2401 c-t
1483 2349 1547 2401 ad
1586 2348 1843 2417 majorem
1895 2352 2206 2403 extremita-

623 2450 733 2491 tetn
784 2439 1199 2505 prepositioncm
1234 2456 1336 2493 non
1382 2450 1465 2492 est
1510 2441 1787 2493 destruere
1832 2441 2205 2495 universaliter

622 2543 721 2596 per
751 2532 1181 2597 conversionem,
1209 2545 1419 2595 semper
1450 2532 1591 2584 enim
1612 2533 1933 2586 interimitur
1965 2548 2057 2600 per
2103 2543 2200 2586 ter-

623 2620 746 2671 tiam
780 2620 1022 2687 lignram,
1058 2636 1280 2673 necesse
1302 2622 1441 2673 enim
1474 2622 1537 2674 ad
1576 2632 1896 2689 postremam
1955 2624 2206 2678 extremi-

622 2718 782 2763 tatem
816 2720 1068 2779 nlrasque
1095 2726 1306 2763 sumere
1338 2712 1750 2778 propositiones.
1801 2715 1866 2766 Et
1912 2714 1957 2768 si
1988 2716 2208 2783 privati-

622 2814 715 2852 vus
754 2800 822 2852 sit
848 2801 1210 2869 syllogismos.
1241 2800 1487 2855 similiter
1541 2818 1556 2856 :
1608 2804 1920 2856 ostendatur
1976 2806 2117 2858 enim
2176 2824 2207 2858 ει

621 2890 745 2942 nulli
774 2906 799 2942 ε
842 2891 1016 2944 inesse
1048 2906 1139 2958 per
1166 2891 1217 2953 b,
1244 2904 1370 2960 ergo
1389 2892 1433 2945 si
1464 2904 1703 2947 sumatur
1724 2911 1753 2945 a
1772 2895 1916 2948 omni
1946 2911 1973 2947 ε
2003 2897 2208 2973 inesse.

622 2982 749 3034 nulli
773 2991 947 3036 autem
981 2984 1027 3047 ι),
1056 2984 1181 3035 nulli
1212 3000 1237 3033 ε
1277 2984 1437 3037 inerit
1463 2984 1511 3036 b.
1542 2985 1605 3037 Et
1634 2984 1734 3039 sia
1770 2996 1823 3040 et
1852 2988 1881 3039 b
1902 2990 2042 3040 omni
2098 3006 2145 3051 r,
2181 3005 2210 3039 α

621 3074 775 3127 alicui
817 3073 866 3139 b,
901 3073 994 3127 sed
1028 3074 1152 3126 nulli
1185 3074 1374 3127 inerat.
1413 3076 1467 3128 Si
1490 3091 1668 3129 autem
1699 3079 1943 3146 opposite
1984 3094 2209 3133 convcr—

623 3174 762 3217 tatur
792 3165 1088 3230 conclusio,
1111 3176 1162 3218 et
1193 3166 1279 3217 alii
1332 3166 1628 3237 syllogismi
1683 3170 1937 3237 Oppositi,
1996 3181 2046 3224 et
2104 3188 2204 3222 nnn

2310 1949 2406 2013 rit;
2438 1965 2644 2003 rursum
2669 1951 2714 2002 si
2744 1949 2771 2002 b
2800 1950 2958 2004 alicui
2989 1967 3033 2013 ο,
3063 1967 3095 2002 a
3120 1960 3296 2004 autem
3330 1952 3478 2005 omni
3504 1952 3553 2017 b,
3586 1969 3615 2004 tt
3638 1953 3796 2007 alicui.
3836 1970 3886 2019 ο,

2306 2057 2469 2110 quare
2525 2043 2800 2109 Oppositus
2856 2042 2915 2095 ﬁt
2963 2044 3329 2113 syllogismus.
3403 2044 3661 2099 Similiter
3713 2055 3887 2099 autem

2307 2135 2618 2188 ostendetur
2672 2146 2725 2188 ct
2765 2137 2808 2188 si
2833 2150 2864 2189 e
2890 2149 3158 2188 converso
3197 2149 3255 2189 se
3300 2134 3535 2190 habeant
3575 2137 3890 2205 prOpositio-

2309 2240 2424 2280 nes.
2460 2226 2513 2279 Si
2537 2234 2713 2279 autem
2743 2226 3079 2293 particularis
3105 2234 3186 2279 est
3229 2226 3593 2295 syllogismus,
3625 2229 3892 2284 contrarie

2308 2315 2520 2384 quidem
2558 2331 2815 2370 conwrsa
2845 2315 3189 2369 conclusione
3236 2325 3435 2369 neutra.
3470 2318 3887 2383 prapositionum

2310 2407 2652 2469 interimitur,
2684 2398 3135 2475 quemadmodum
3167 2420 3265 2460 nec
3298 2407 3349 2460 in
3379 2407 3549 2475 prima
3580 2409 3769 2476 ﬁgura,
3792 2423 3887 2476 op-

2308 2503 2476 2569 posite
2525 2512 2724 2565 autem,
2756 2510 3018 2569 utrmque.
3045 2498 3279 2553 Ponatur
3336 2500 3478 2553 enim
3506 2516 3539 2551 a
3586 2501 3613 2552 b
3668 2500 3887 2567 quidem

2308 2592 2435 2646 nuli
2462 2593 2659 2659 inesse,
2692 2608 2719 2645 c
2746 2602 2922 2646 autem
2952 2593 3429 2656 alicui,,conc‘usio
3476 2591 3504 2644 b
3553 2608 3599 2645 c.
3647 2591 3703 2647 Si
3737 2592 3893 2661 igitur

2310 2694 2537 2751 ponatur
2563 2684 2590 2735 b
2622 2683 2779 2737 alicui
2806 2698 2832 2734 c
2888 2683 3087 2748 inesse,
3117 2694 3167 2734 et
3196 2699 3228 2733 a
3255 2682 3282 2734 b
3331 2692 3566 2748 maneat,
3620 2684 3893 2738 conclusio

2311 2779 2417 2830 erit
2442 2777 2691 2844 quoniam
2714 2794 2745 2829 a
2776 2776 2935 2829 alicui
2959 2793 2985 2829 c
3018 2790 3122 2828 non
3151 2775 3313 2835 ineSt,
3339 2774 3433 2828 sed
3481 2790 3587 2829 non
3640 2775 3895 2829 interimis

2317 2880 2401 2923 tnr
2423 2870 2563 2937 quod
2612 2886 2678 2923 ex
2709 2868 2992 2938 principio,
3038 2868 3298 2937 contingit
3337 2868 3478 2921 enim
3530 2868 3685 2921 alicui
3723 2870 3895 2922 inesse

2312 2972 2367 3016 et
2398 2978 2501 3015 non
2534 2964 2731 3017 inesse.
2758 2962 2986 3016 Rursum
3012 2961 3056 3014 si
3089 2962 3115 3013 b
3138 2961 3294 3014 alicui
3326 2977 3374 3025 c,
3403 2968 3458 3014 et
3487 2976 3518 3012 α
3541 2960 3697 3013 alicui
3727 2976 3772 3024 c,
3790 2974 3893 3013 non

2313 3055 2414 3107 erit
2481 3053 2846 3123 syllogismus,
2898 3061 3141 3105 neutrum
3164 3051 3306 3105 enim
3348 3038 3665 3107 ’universale
3710 3066 3893 3106 eorum

2315 3162 2432 3213 qmc
2455 3155 2660 3215 sumpta
2678 3156 2820 3210 sunt,
2844 3160 3008 3214 quare
3030 3160 3134 3199 non
3159 3145 3529 3199 interimitura
3546 3145 3596 3197 b.
3621 3144 3675 3199 Si
3718 3154 3895 3199 autem

623 3256 946 3309 universales
987 3270 1162 3322 erunt,
1189 3260 1405 3314 ﬁtenim
1428 3262 1596 3312 altera
1631 3276 1757 3326 ριἰιν
1783 3262 1922 3313 sitio
1974 3262 2202 3327 particu-

2279 3276 2281 3296 ι
2313 3241 2557 3306 Opposite
2586 3237 3349 3302 convertatur,interimuntur
3398 3246 3656 3306 utrmque,
3714 3254 3818 3293 non
3851 3240 3896 3292 si

623 3346 768 3409 laris,
799 3363 964 3412 quare
1022 3350 1295 3403 conclusio
1348 3359 1452 3403 erit
1504 3351 1861 3417 pztttiCnIaris.
1924 3350 2005 3404 Sit
2059 3355 2199 3404 cnim

622 3434 1001 3501 praedicativus
1028 3438 1387 3506 syllogismus.
1432 3449 1486 3491 et
1541 3447 1885 3491 convertatur
1922 3438 2019 3503 sic,
2074 3454 2201 3508 ergo

621 3526 717 3577 sia
747 3538 851 3577 non
883 3525 1025 3577 omni
1056 3543 1101 3591 c,
1131 3530 1159 3579 b
1188 3538 1364 3580 autem
1398 3530 1542 3579 omni
1574 3527 1623 3589 ιν,
1663 3544 1766 3579 non
1789 3528 1933 3579 omni
1961 3543 2009 3579 c.
2066 3529 2130 3582 Et
2159 3530 2201 3582 ri

622 3634 653 3669 α
680 3615 891 3685 quidem
921 3632 1024 3669 non
1064 3618 1209 3670 omni
1233 3634 1280 3679 c,
1315 3620 1342 3670 b
1362 3628 1537 3670 autem
1570 3620 1713 3671 omni
1743 3636 1793 3680 a,
1829 3636 1933 3673 non
1978 3621 2122 3674 omni
2150 3625 2196 3675 ιι.

621 3705 875 3760 Similiter
897 3714 1070 3759 autem
1096 3715 1151 3760 et
1180 3708 1226 3759 si
1281 3708 1570 3775 privativus
1596 3709 1663 3761 sit
1684 3710 2045 3779 syllogismus,
2077 3728 2197 3765 nam

621 3795 664 3846 si
694 3810 725 3845 α
754 3794 907 3845 alit-tn
931 3809 957 3845 ι·
986 3794 1144 3860 inest,
1177 3796 1203 3847 ὑ
1225 3806 1400 3850 autem
1432 3799 1587 3863 nulli,
1616 3800 1642 3852 ὁ
1670 3801 1824 3854 alicui
1846 3818 1872 3853 c
1894 3816 1996 3855 non
2021 3803 2197 3867 inerit,

622 3893 675 3937 et
706 3900 811 3936 non
840 3883 1153 3952 simpliciter
1181 3887 1335 3951 nulli,
1368 3894 1425 3940 et
1450 3889 1494 3942 si
1529 3906 1560 3942 α
1602 3890 1816 3959 quidem
1861 3893 2019 3947 alicui
2068 3909 2115 3957 ε,
2173 3894 2201 3947 b

584 4028 587 4032 ,
623 3983 799 4029 autem
829 3976 1467 4045 omni,.quemailmodutn
1507 3982 1557 4033 in
1618 3982 1876 4052 principio
1930 3994 2199 4053 sumptum

623 4075 725 4126 est,
754 4082 785 4118 a
824 4066 979 4120 alicui
1005 4066 1032 4118 b
1067 4068 1239 4122 inerit.
1269 4068 1325 4122 ltt
1360 4072 1766 4138 particularihus
1818 4086 1991 4128 autem
2038 4076 2202 4146 syllo-

623 4156 808 4226 gismis
837 4156 1049 4227 quando
1077 4163 1320 4227 opposite
1349 4164 1678 4219 convertitur
1700 4168 1989 4233 conclusio,
2018 4168 2204 4221 interi-

623 4261 838 4303 muntur
861 4261 1096 4318 utrmque
1121 4253 1532 4319 propositiones,
1582 4256 1796 4322 quando
1826 4273 1952 4312 vero
1991 4268 2205 4312 contra-

623 4344 737 4408 ria:,
766 4350 946 4394 neutra
971 4356 984 4403 ;
1015 4356 1117 4395 non
1147 4344 1288 4395 enim
1315 4342 1423 4410 jam
1451 4345 1645 4398 accidit
1665 4347 2111 4414 quemadmodum
2146 4348 2200 4401 in

624 4431 1014 4486 utnversalibus
1042 4434 1356 4489 interimere
1400 4435 1684 4491 deliciente
1728 4440 2069 4494 conclusione
2117 4454 2202 4494 se-

623 4524 851 4577 cundum
878 4527 1289 4585 conversionem
1311 4570 1325 4593 ,
1355 4529 1448 4583 sed
1480 4544 1577 4584 nec
1606 4531 1825 4586 omnino
1870 4534 2199 4589 interincre.

2308 3328 2336 3381 b
2362 3330 2507 3383 omni
2533 3345 2581 3395 c,
2607 3346 2637 3381 a
2666 3339 2842 3381 autem
2876 3328 3006 3381 nulli
3036 3328 3088 3391 b,
3112 3328 3245 3382 nulli
3269 3345 3314 3391 ε,
3340 3345 3370 3380 o
3388 3329 3489 3382 erit
3516 3340 3692 3383 autem
3714 3328 3892 3382 alicui.

2310 3418 2539 3472 Rursum
2554 3422 2594 3471 si
2609 3419 2791 3471 bomni
2808 3433 2854 3480 ε,
2870 3435 2899 3468 α
2914 3418 3263 3472 autemalicui
3280 3434 3327 3478 c,
3344 3418 3498 3471 alicui
3515 3420 3560 3481 ὸ,
3581 3436 3609 3469 a
3635 3422 3677 3470 '.
3694 3416 3893 3471 Eadem

2308 3516 2483 3561 autem
2513 3508 2892 3561 demonstratio
2922 3515 2975 3559 et
3013 3510 3058 3560 si
3090 3506 3405 3561 universalis
3434 3506 3503 3560 sit
3531 3505 3894 3575 prtedicativa.

2890 3617 2906 3645 ο
2930 3604 3157 3660 CAPUT
3199 3606 3263 3658 Χ.

2488 3696 2562 3749 De
2583 3696 2878 3764 syllogismo
2900 3698 3196 3751 conversivo
3228 3699 3282 3750 in
3317 3698 3464 3750 tertia
3495 3700 3686 3768 ﬁgura.

2379 3788 2433 3839 lu
2469 3786 2623 3839 tertia
2653 3800 2781 3839 vero
2809 3786 2973 3854 ﬁgura
2996 3787 3211 3856 quindo
3239 3790 3507 3842 contrarie
3536 3789 3747 3856 quidem
3770 3803 3898 3841 con—

2308 3880 2528 3934 vertitur
2553 3878 2847 3942 conclUsio,
2873 3888 3058 3934 neutra
3104 3881 3528 3949 propositionum
3577 3880 3898 3934 interimitur

2308 3970 2599 4024 secundum
2630 3969 2830 4022 nu‘lum
2861 3971 3291 4040 syllogismorum
3318 3987 3331 4035 ;
3360 3972 3575 4040 quando
3593 3982 3770 4026 autem
3799 3984 3897 4039 op—

2312 4063 2499 4131 posite,
2532 4071 2770 4130 utrazque
2802 4062 2854 4115 itt
2884 4063 3156 4116 omnibus.
3180 4063 3239 4116 Si
3270 4064 3410 4115 en‘m
3435 4074 3712 4117 ostensum
3744 4080 3773 4115 a
3798 4062 3897 4115 ali-

2308 4160 2396 4214 cui
2419 4161 2446 4211 b
2470 4160 2667 4223 inesse,
2700 4158 2930 4213 medium
2959 4168 3136 4212 autem
3169 4166 3437 4227 sumptum
3465 4174 3511 4223 ε,
3538 4170 3591 4212 et
3645 4160 3753 4211 sint
3784 4161 3898 4211 uni-

2311 4251 2546 4304 versales
2614 4250 3025 4317 propositiones,
3059 4252 3105 4304 si
3159 4264 3287 4317 ergo
3335 4249 3805 4300 sumaturaalicui
3866 4250 3896 4300 b

2310 4355 2415 4392 non
2444 4342 2646 4403 inesse,
2666 4343 2693 4392 ὁ
2721 4350 2898 4394 autem
2923 4339 3066 4394 omni
3097 4355 3157 4403 ε,
3189 4353 3293 4391 non
3323 4340 3376 4390 ﬁt
3403 4336 3743 4406 syllogismus
3777 4330 3894 4405 ejus

2307 4429 2448 4497 quod
2471 4439 2553 4484 est
2573 4445 2603 4483 a
2625 4430 2690 4484 de
2716 4448 2761 4485 ε.
2789 4432 2969 4500 Neque
2989 4430 3083 4485 sia
3102 4430 3129 4482 ὁ
3151 4430 3307 4483 alicui
3331 4444 3438 4482 non
3466 4431 3632 4495 inest,
3655 4445 3682 4482 c
3713 4439 3891 4485 autem

2308 4522 2476 4588 omni,
2502 4537 2604 4576 non
2633 4523 2733 4578 erit
2759 4523 2874 4593 ejus
2900 4523 3039 4593 quod
3065 4531 3145 4575 est
3176 4522 3204 4574 ὁ
3227 4538 3254 4573 c
3299 4520 3661 4591 syllogismus.
3695 4520 3895 4575 Simili-

623 4613 948 4667 Uslendatur
974 4617 1115 4671 enim
1142 4634 1173 4669 ιι
1200 4619 1264 4672 de
1293 4620 1474 4687 aliquo
1499 4636 1526 4673 ο
1557 4636 1651 4690 per
1671 4623 1737 4687 b;
1763 4639 1891 4692 ergo
1940 4624 1983 4679 si
2020 4640 2202 4680 suma-
2233 4600 2285 4659 D
2312 4631 2393 4673 ter
2421 4600 2598 4674 autem
2628 4620 2940 4673 ostendetur
2980 4628 3033 4673 et
3058 4618 3102 4673 si
3134 4632 3241 4671 non
3275 4616 3609 4670 universales
3637 4618 3747 4669 sint
3774 4630 3897 4682 pro-

602 4712 709 4762 ,tur
729 4718 760 4753 α
788 4704 915 4756 nulli
943 4721 970 4756 ο
996 4705 1196 4771 inesse,
1230 4710 1257 4759 ιι
1289 4718 1464 4765 autem
1493 4711 1651 4767 alicui
1681 4731 1729 4777 ε,
1756 4732 1785 4766 a
1831 4715 1987 4769 alicui
2038 4716 2067 4768 ὁ
2099 4732 2203 4771 non

624 4798 805 4861 inerit,
832 4810 883 4851 et
903 4800 953 4851 si
981 4817 1011 4851 a
1044 4802 1173 4854 nulli
1207 4819 1254 4865 c,
1279 4802 1307 4854 b
1338 4814 1513 4859 autem
1546 4810 1712 4870 omni,
1738 4812 1865 4864 nulli
1907 4828 1936 4864 ο
1959 4814 2115 4866 inerit
2144 4818 2205 4875 b;

623 4898 789 4951 quare
820 4886 1194 4944 interimentor
1221 4900 1477 4962 utrmque.
1506 4896 1563 4949 Si
1587 4906 1764 4953 autem
1789 4902 2056 4955 contrarie
2077 4917 2202 4956 con-

624 4985 914 5040 vertantur,
945 4988 1160 5042 neutra;
1192 4996 1314 5033 nam
1346 4984 1391 5037 si
1422 5002 1453 5036 a
1482 4985 1638 5040 alicui
1669 5005 1695 5039 c
1725 5004 1827 5041 non
1860 4991 2031 5056 inest,
2062 4992 2090 5043 ὁ
2113 5008 2208 5046 au-

626 5076 730 5120 tem
762 5069 931 5133 omni,
962 5070 989 5121 b
1016 5070 1173 5124 alicui
1207 5088 1233 5123 c
1258 5087 1362 5126 non
1402 5074 1578 5139 inerit,
1627 5079 1720 5132 sed
1754 5079 1987 5132 nondum
2022 5081 2207 5137 interi-

623 5158 785 5210 tnitur
835 5157 973 5226 quod
1005 5172 1069 5213 ex
1098 5159 1375 5229 principio,
1422 5165 1679 5234 contingit
1724 5166 1866 5220 enim
1917 5167 2083 5232 alicui
2123 5171 2207 5224 in-

623 5267 763 5317 cs~e,
795 5262 847 5307 ct
875 5254 1031 5309 alicui
1057 5254 1365 5310 noninesse
1390 5273 1403 5311 :
1428 5258 1714 5313 universali
1760 5270 1941 5315 autem
1998 5261 2208 5320 sublato

623 5364 654 5396 a
686 5349 733 5408 b,
760 5350 978 5401 omnino
996 5364 1103 5403 non
1131 5350 1569 5419 litsyllogismus.
1620 5351 1674 5408 Si
1720 5354 1861 5407 enim
1906 5372 1938 5408 τι
1988 5356 2204 5425 quidem

542 5474 543 5477 η
624 5437 782 5490 alicui
810 5455 835 5489 ε
876 5454 981 5493 non
1012 5442 1168 5507 inest,
1199 5440 1227 5493 b
1250 5451 1424 5495 autem
1452 5443 1602 5497 alicui
1630 5446 1789 5510 inest,
1847 5459 2035 5502 neutra
2086 5466 2207 5518 pro-

634 5532 958 5597 positionum
1020 5535 1337 5589 universalis
1393 5545 1495 5591 est.
1548 5537 1803 5593 Similiter
1854 5550 2032 5595 autem
2058 5551 2110 5595 et
2166 5544 2209 5596 si

632 5622 923 5684 privativus
960 5623 1027 5676 sit
1055 5626 1418 5694 syllogismus,
1448 5628 1491 5680 si
1544 5629 1687 5682 enim
1725 5641 1964 5684 sumatur
1992 5647 2025 5683 a
2065 5634 2211 5687 omni

630 5723 655 5757 c
679 5709 877 5773 inesse,
906 5711 1285 5768 interimuntur
1314 5726 1582 5786 utra-que;
1610 5720 1652 5773 si
1676 5729 1854 5775 autem
1876 5721 2056 5786 alicui,
2082 5736 2212 5775 ncu-

636 5809 747 5857 tra'.
779 5802 1163 5861 demonstratio
1184 5818 1363 5862 autem
1386 5810 1591 5864 eadem.

2313 4727 2346 4780 p
2382 4712 2624 4775 sitiones,
2656 4720 2747 4764 aut
2776 4711 2917 4765 enim
2960 4721 3213 4779 utrasque
3235 4723 3454 4763 nece~se
3500 4716 3583 4761 est
3614 4708 3897 4775 particula.

2314 4818 2401 4857 res
2430 4818 2548 4857 esse
2573 4817 2667 4871 per
2696 4801 3127 4861 conversionem,
3153 4810 3243 4853 aut
3271 4798 3624 4854 universalem
3676 4798 3743 4850 ad
3801 4798 3893 4850 mi-

2314 4911 2496 4949 norem
2529 4893 2919 4949 extremitatem
2951 4892 3086 4955 ﬁeri,
3130 4892 3210 4945 sic
3241 4900 3418 4945 autem
3463 4905 3568 4943 non
3597 4892 3687 4941 lict
3728 4889 3899 4957 syllo-

2312 4988 2534 5057 gismus,
2571 5002 2669 5041 nec
2691 4987 2743 5039 in
2777 4986 2942 5053 prima
2971 4986 3158 5054 ﬁgura,
3193 4998 3290 5037 nec
3323 4983 3375 5036 in
3406 4982 3601 5036 media.
3634 4980 3689 5035 Si
3722 4990 3895 5033 antrm

2279 5069 2555 5145 'opposite
2607 5085 2984 5131 convertantur
3037 5072 3470 5142 propositiones,
3523 5072 3900 5125 interimuntur

2315 5177 2572 5237 utrteque,
2628 5184 2746 5220 nam
2775 5168 2820 5220 si
2847 5185 2877 5219 a
2924 5167 3051 5221 nulli
3099 5165 3149 5229 ὁ,
3182 5168 3208 5218 b
3230 5176 3407 5219 autem
3464 5165 3607 5218 omni
3630 5181 3677 5226 c,
3707 5180 3737 5216 a
3768 5166 3893 5216 nulli

2313 5276 2358 5311 c.
2392 5258 2619 5311 Rursum
2643 5260 2684 5311 si
2715 5276 2744 5311 α
2766 5260 2791 5310 b
2821 5260 3034 5326 quidem
3066 5258 3220 5323 nulli,
3253 5275 3279 5310 c
3303 5266 3479 5310 autem
3509 5258 3672 5319 omni,
3716 5255 3743 5307 b
3773 5258 3897 5306 nulli

2317 5366 2362 5404 c.
2393 5351 2457 5403 Et
2488 5352 2710 5402 siallcra
2742 5364 2843 5401 non
2868 5351 2937 5404 sit
2959 5349 3295 5414 universalis,
3320 5348 3595 5410 similiter;
3628 5348 3670 5399 si
3698 5346 3838 5400 enim
3870 5364 3901 5396 a

2323 5443 2447 5496 nulli
2475 5442 2522 5505 ὁ,
2550 5442 2576 5492 b
2599 5450 2773 5493 autem
2799 5442 2955 5494 alicui
2984 5458 3029 5505 ε,
3059 5458 3089 5492 α
3119 5441 3279 5494 alicui
3310 5456 3337 5493 c
3364 5454 3468 5492 non
3513 5438 3695 5493 inerit.
3725 5437 3779 5491 Si
3808 5451 3902 5488 au-

2324 5545 2425 5589 tern
2480 5552 2510 5585 α
2567 5533 2777 5602 quidem
2831 5534 2999 5596 nulli,
3051 5551 3076 5584 ε
3131 5542 3317 5587 ειιιιρηι
3356 5534 3523 5595 omni,
3574 5528 3703 5583 nulli
3745 5545 3790 5593 τ’,
3849 5527 3899 5580 b.

2324 5606 2577 5681 Similiter
2604 5626 2723 5680 etsi
2758 5625 3047 5694 privativus
3079 5633 3147 5677 stt
3178 5623 3519 5693 syllogismus
3546 5638 3561 5686 ;
3590 5619 3902 5674 ostendatur

2320 5718 2460 5779 enim
2485 5734 2515 5769 a
2536 5716 2691 5770 alicui
2712 5717 2739 5769 b
2759 5732 2861 5769 non
2896 5716 3100 5778 inesse;
3135 5716 3178 5768 si
3209 5726 3387 5769 autem
3420 5713 3761 5783 pra‘dicativa
3784 5710 3901 5780 qui-

2390 5827 2404 5846 ⁶
2428 5826 2517 5875 Hic
2540 5826 2670 5874 locus
2689 5826 2850 5889 aliquo
2883 5828 3014 5885 gravi
3040 5826 3214 5875 mendo
3241 5826 3423 5875 laborat
