4296 6266
392 392 496 454 697

389 514 514 571 dem
542 513 572 567 ὁ
599 526 648 575 c,
683 523 715 561 α
742 522 768 561 c
788 511 965 560 autem
996 498 1262 570 negativa,
1284 494 1361 549 sic
1391 491 1532 548 enim
1554 487 1712 542 ﬂebat
1733 480 1979 553 syllogis-

390 621 532 664 mus.
566 600 795 670 Quando
830 599 991 669 igitur
1011 590 1337 649 contrarium
1367 575 1971 658 sumiturtconclpsioni,

393 715 500 755 non
526 698 629 751 erit
654 692 1015 765 syllogismus,
1048 699 1168 739 nam
1194 682 1235 735 si
1267 697 1296 732 α
1323 674 1478 731 alicui
1496 672 1602 737 ,Μ
1620 680 1795 722 autem
1826 665 1972 720 omni

394 812 443 863 ε,
487 806 594 846 non
626 758 1052 858 ﬁt'syll'ogismus
1075 780 1192 846 ejus
1212 772 1353 842 quod
1395 776 1527 823 esta
1555 774 1608 819 et
1635 780 1680 816 c.
1715 760 1897 829 Neque
1935 758 1978 809 si

395 904 428 939 a
453 883 610 940 alicui
641 881 691 945 ὁ,
725 850 1055 931 nulliiautem
1084 886 1131 932 c,
1156 881 1263 920 non
1316 862 1411 916 fuit
1435 860 1555 926 ejus
1582 855 1723 924 quod
1764 863 1846 908 est
1893 868 1924 903 a
1952 850 1980 902 ὁ

396 985 451 1030 et
479 993 506 1028 ε
528 972 885 1042 syllogismus,
920 976 1085 1032 quare
1115 972 1219 1011 non
1252 954 1632 1010 interimuntur
1663 943 1983 1015 propositio-

400 1062 755 1132 nes.QtIando
779 1072 908 1113 vero
923 1054 1251 1125 oppositum,
1278 1045 1688 1103 interimuntur;
1726 1051 1846 1089 nam
1877 1033 1924 1087 si
1954 1050 1984 1085 a

396 1158 539 1215 omni
569 1156 617 1220 ὁ,
646 1162 700 1207 et
730 1152 758 1204 b
788 1146 933 1203 omni
960 1124 1007 1209 r,
1028 1161 1061 1196 a
1090 1142 1236 1197 omni
1257 1156 1305 1201 c,
1334 1136 1428 1192 sed
1454 1132 1580 1186 nulli
1615 1131 1807 1183 inerat.
1848 1124 1985 1177 Rur-

396 1265 514 1303 sum
544 1246 589 1299 si
620 1261 650 1296 a
671 1241 815 1296 omni
851 1240 900 1304 υ,
929 1235 1058 1290 nulli
1083 1241 1260 1285 autem
1292 1244 1339 1289 c,
1365 1226 1392 1278 b
1442 1222 1574 1277 nulli
1626 1235 1674 1282 c,
1718 1216 1809 1271 sed
1838 1213 1982 1268 omni

398 1342 588 1394 inerat.
615 1333 875 1389 Similiter
908 1336 1084 1380 autem
1100 1328 1447 1379 monstratur,
1477 1312 1596 1366 etsi
1631 1324 1735 1363 non
1767 1306 1983 1361 univer-

396 1430 536 1484 sales
564 1427 672 1479 sint
702 1419 1092 1491 propositiones
1122 1428 1138 1467 :
1167 1413 1233 1465 sit
1263 1409 1401 1463 enim
1432 1422 1464 1457 a
1489 1420 1515 1455 ε
1564 1398 1881 1454 universalis
1934 1404 1988 1448 et

400 1485 879 1589 privativa-altera
906 1490 1085 1560 autem
1142 1494 1476 1570 particularis
1525 1499 1579 1546 et
1629 1485 1984 1556 prtedicativa,

400 1624 529 1679 ergo
550 1607 593 1661 si
623 1623 654 1658 a
680 1603 901 1673 quidem
925 1597 1070 1652 omni
1102 1594 1149 1659 b,
1179 1592 1205 1644 b
1229 1600 1406 1643 autem
1431 1584 1585 1638 alicui
1618 1599 1665 1643 c,
1699 1597 1730 1632 a
1777 1579 1934 1631 alicui
1961 1591 1988 1628 ο

399 1698 621 1759 accidit,
650 1693 745 1748 sed
781 1690 909 1743 nulli
936 1687 1128 1740 iuerat.
1162 1683 1388 1734 Rursum
1415 1678 1513 1730 sia
1566 1672 1712 1727 omni
1758 1671 1808 1735 ὴ,
1858 1668 1987 1721 nulli

400 1801 575 1843 autem
601 1758 647 1847 ξ,
681 1792 736 1837 et
765 1782 793 1834 b
813 1779 940 1832 nulli
969 1793 1015 1829 c.
1072 1775 1127 1829 Si
1155 1781 1333 1825 autem
1358 1786 1389 1822 a
1414 1764 1571 1821 alicui
1595 1766 1644 1828 b,
1668 1771 1721 1816 et
1749 1762 1776 1814 b
1826 1758 1987 1812 alicui

397 1896 443 1945 ε,
479 1893 583 1930 non
621 1876 678 1927 ﬁt
706 1869 1068 1943 syllogismus.
1101 1864 1284 1930 Neque
1313 1861 1356 1914 si
1385 1857 1591 1911 aal.cui
1618 1855 1666 1919 b,
1701 1864 1753 1906 et
1783 1849 1911 1903 nulli
1935 1865 1981 1914 ς,

399 1988 496 2025 nec
516 1971 614 2025 sic.
648 1968 825 2033 Quare
852 1962 942 2016 illo
998 1956 1213 2028 quidem
1256 1952 1416 2006 modo
1460 1948 1860 2007 interimuntur,
1908 1941 1986 1995 sic

400 2072 574 2116 autem
606 2072 712 2111 non
764 2053 1140 2108 interimuntur
1182 2044 1594 2116 prepositiones.
1646 2036 1984 2093 Manifestum

402 2162 730 2218 estergoex
779 2144 845 2199 iis
871 2157 989 2213 qua:
1043 2139 1181 2193 dicta
1228 2143 1351 2189 sunt
1400 2130 1669 2202 quomodo
1722 2139 1984 2181 conversa

403 2240 749 2297 conclusione
770 2236 821 2289 in
848 2244 1160 2300 unaquaque
1207 2226 1374 2296 ﬁgura
1421 2224 1476 2275 Iit
1525 2221 1890 2291 syllogismus,
1936 2223 1989 2268 et

359 2353 370 2361 ν
402 2333 612 2404 quando
642 2326 912 2383 contrarie
935 2318 1310 2393 propositioni,
1338 2310 1394 2369 et
1445 2312 1659 2383 quando
1705 2308 1984 2377 opposite;

404 2402 726 2494 etquoniam
760 2421 811 2472 in
845 2421 1010 2486 prima
1054 2412 1268 2481 quidem
1314 2409 1481 2479 ﬁgura
1531 2421 1625 2474 per
1656 2402 1885 2457 mediam
1936 2408 1989 2453 et

406 2493 725 2587 postremam
750 2513 881 2566 ﬁunt
906 2506 1231 2579 syllogismi,
1267 2512 1318 2556 et
1340 2516 1456 2570 quae
1486 2498 1699 2568 quidem
1723 2495 1788 2547 ad
1820 2493 1989 2546 mino-

408 2627 517 2667 rem
545 2606 933 2664 extremitatem
965 2616 1179 2668 semper
1225 2612 1318 2667 per
1345 2595 1573 2648 mediam
1631 2587 1987 2648 interimitur,

409 2717 525 2772 quae
580 2715 707 2755 vero
734 2699 797 2751 ad
832 2712 881 2750 m
902 2696 1088 2764 ijorem
1124 2706 1217 2760 per
1250 2699 1574 2757 postremam
1602 2698 1616 2745 ;
1672 2682 1724 2733 in
1756 2677 1989 2732 secunda

412 2804 606 2849 autem.
632 2807 725 2861 per
750 2791 972 2858 primam
1017 2794 1071 2838 et
1122 2788 1445 2851 postremam
1472 2817 1487 2841 ,
1518 2788 1633 2841 qua;
1682 2770 1894 2839 quidem
1927 2765 1992 2819 ad

414 2890 672 2942 minorem
702 2883 1092 2939 extremitatem
1146 2888 1358 2940 st-mper
1375 2886 1468 2940 per
1497 2870 1718 2937 primam
1739 2865 1957 2932 ﬁguram
1977 2901 1992 2925 ,

413 2997 531 3051 qua:
586 2993 712 3032 vero
764 2976 829 3029 ad
861 2973 1151 3042 majorem,
1201 2968 1293 3035 per
1336 2972 1698 3031 postremam;
1729 2958 1781 3010 in
1842 2955 1992 3008 tertia

416 3089 561 3135 vero,
585 3086 678 3140 per
706 3069 931 3138 primam
964 3074 1018 3116 et
1058 3076 1152 3131 per
1184 3058 1433 3123 mediam,
1467 3064 1519 3108 et
1550 3066 1668 3120 qua:
1690 3047 1903 3117 quidem
1928 3043 1992 3098 ad

419 3167 675 3235 majorem
708 3177 800 3231 per
823 3160 1046 3228 primam
1073 3167 1287 3220 semper
1306 3191 1323 3217 ,
1365 3164 1484 3218 qua:
1505 3143 1708 3200 veroad
1731 3142 1991 3194 minorem

422 3275 517 3330 per
546 3255 770 3310 mediam
795 3264 1025 3317 semper.
1069 3244 1203 3313 Quid
1258 3256 1387 3311 ergo
1421 3247 1504 3293 est
1552 3241 1887 3294 convertere,
1943 3238 1997 3283 et

421 3350 690 3421 quomodo
715 3348 766 3400 in
800 3355 1113 3413 unaquaque
1166 3338 1354 3404 ﬁgura,
1389 3343 1438 3385 et
1497 3331 1616 3399 quis
1646 3328 1701 3379 ﬁt
1757 3322 2004 3393 syllogis-

421 3459 557 3504 mus.
578 3438 938 3496 manifestum.

1032 3539 1254 3599 CAPUT
1286 3536 1377 3591 ΧΙ.

778 3660 853 3696 ιε
883 3638 1178 3710 syllogismo
1210 3648 1297 3701 per
1318 3624 1645 3697 impossibile.

434 3822 439 3825 ,
495 3766 595 3819 Per
620 3756 950 3829 impossibile
980 3762 1156 3805 autem
1190 3743 1530 3817 syllogismus
1565 3734 1869 3793 ostenditur
1886 3734 2001 3802 qui-

422 3856 565 3917 dem,
622 3826 836 3920 quando
862 3839 1216 3899 contradictio
1260 3835 1475 3906 ponitur
1520 3826 1902 3893 conclusionis,
1953 3833 2007 3877 et

424 3944 718 4001 assumitur
763 3942 929 3991 altera
978 3930 1287 4003 propositio.
1335 3927 1418 3980 Fit
1450 3933 1626 3978 autem
1671 3922 1724 3974 in
1761 3917 2008 3973 omnibus

427 4036 636 4109 ﬁguris,
689 4030 866 4085 simile
916 4026 1059 4080 enim
1100 4033 1183 4076 est
1211 4015 1575 4073 conversioni.
1626 4010 2006 4065 Verumtamen

426 4130 609 4185 diﬁert
654 4126 705 4179 in
738 4129 942 4177 tantum
988 4114 1237 4186 quoniam
1270 4107 1594 4165 convertitur
1626 4102 1840 4173 quidem
1872 4098 2008 4151 iaetu

423 4219 765 4291 syllogismo,
792 4222 850 4268 et
874 4209 1103 4276 sumptis
1136 4205 1373 4272 utrisque
1406 4193 1877 4270 propositionibus.
1914 4189 2009 4241 De-

424 4314 636 4368 ducitur
660 4318 840 4363 autem
873 4304 938 4357 ad
970 4297 1299 4369 impossibile
1330 4311 1434 4347 non
1479 4290 1726 4347 ευηΐομδυ
1767 4280 2010 4352 opposito

429 4408 599 4475 prius,
647 4400 741 4455 sed
773 4396 1057 4452 manifesto
1107 4388 1361 4460 quoniam
1404 4392 1487 4437 est
1519 4395 1721 4434 verum.
1770 4368 2008 4428 Termini

427 4511 557 4551 vero
576 4494 815 4549 similiter
831 4504 889 4543 se
909 4489 1110 4541 habent,
1129 4484 1181 4534 in
1211 4478 1542 4544 utrisque,et
1572 4470 1758 4525 eadem
1776 4460 2011 4531 sumptio

429 4598 797 4652 utrorumque,
845 4590 900 4633 ut
930 4579 1029 4631 sia
1063 4577 1202 4628 inest
1228 4570 1371 4624 omni
1397 4568 1459 4632 b,
1499 4564 1731 4616 medium
1762 4568 1936 4611 autem
1965 4571 2011 4617 c,
2050 4578 2097 4637 Β

426 4678 473 4733 si
517 4673 835 4744 supponitur
862 4687 891 4720 a
925 4662 1227 4720 non.omni
1271 4659 1349 4711 vel
1385 4655 1514 4709 nulli
1547 4655 1573 4706 b
1601 4653 1796 4712 inesse,
1830 4663 1858 4699 ο
1884 4660 2009 4700 vero

428 4768 596 4832 omni,
622 4764 764 4835 quod
798 4762 896 4815 fuit
918 4773 1126 4815 verum,
1158 4765 1383 4807 neces~e
1430 4757 1515 4801 est
1539 4762 1564 4797 ιε
1591 4747 1617 4797 b
1645 4755 1734 4796 aut
1762 4740 1889 4793 nulli
1921 4748 2011 4789 aut

428 4876 533 4914 non
551 4857 695 4913 omni
722 4857 918 4919 inesse,
952 4853 1051 4902 hoc
1068 4857 1245 4901 autem
1270 4839 1623 4910 impossibile,
1638 4848 1803 4904 quare
1822 4831 2009 4884 falsum

429 4960 507 5005 est
532 4948 672 5018 quod
695 4946 1029 5013 suppositum
1061 4947 1162 4992 est.
1196 4935 1394 4989 Verum
1427 4946 1553 5000 ergo
1588 4924 1912 4994 oppositum;
1937 4919 2009 4971 si-

430 5042 629 5096 militer
650 5048 826 5091 autem
859 5037 908 5090 in
940 5033 1058 5085 aliis
1089 5028 1294 5098 ﬁguris,
1327 5034 1661 5094 quiecunque
1691 5015 1833 5067 enim
1880 5025 2014 5063 con-

432 5134 734 5185 versionem
782 5125 1102 5191 suscipiunt,
1160 5130 1215 5173 et
1263 5132 1357 5184 per
1410 5107 1739 5181 impossibile
1778 5102 2021 5174 syllogis-

431 5240 599 5279 mum.
622 5223 763 5289 Ergo
783 5220 886 5273 alia
906 5217 1122 5286 quidem
1154 5210 1427 5281 preposita
1460 5206 1638 5259 omnia
1662 5200 2021 5256 ostenduntur

432 5331 528 5384 per
554 5312 887 5382 impossibile
918 5310 969 5362 in
998 5305 1252 5360 omnibus
1284 5298 1490 5369 ﬁguris,
1515 5294 1814 5349 universale
1846 5299 2022 5343 autem

433 5407 834 5477 prmdicativum
872 5403 924 5455 in
972 5399 1146 5454 media
1188 5406 1242 5449 et
1292 5397 1342 5446 in
1394 5391 1548 5444 tertia
1594 5394 1941 5447 monstratur,
1975 5383 2024 5434 in

431 5501 611 5568 prima
663 5504 843 5547 autem
896 5509 1003 5545 non
1059 5496 1426 5542 monstratur:
1460 5488 1790 5547 supponatur
1829 5474 2028 5528 enima

434 5602 544 5645 non
578 5586 722 5639 omni
748 5586 774 5636 b
797 5594 889 5636 aut
918 5582 1047 5634 nulli
1071 5582 1271 5642 inesse,
1293 5587 1346 5630 et
1377 5583 1682 5628 assumatur
1705 5569 1804 5621 alia
1838 5581 2029 5634 propu—

435 5681 584 5741 sitio,
611 5676 864 5732 mrolibet
885 5673 1065 5733 modo,
1097 5671 1211 5723 sive
1235 5686 1265 5721 α
1286 5666 1433 5720 omni
1464 5666 1599 5717 inest
1622 5678 1669 5725 c,
1701 5661 1813 5712 sive
1844 5655 2030 5709 bomni

436 5771 473 5824 ἀ
500 5770 601 5839 (sic
627 5766 770 5821 enim
809 5772 925 5817 erat
950 5760 1120 5829 prima
1156 5757 1347 5827 ﬁgura)
1375 5772 1389 5816 ;
1420 5755 1461 5807 si
1487 5767 1616 5821 ergo
1646 5756 1974 5818 supponatur
2003 5762 2033 5796 a

441 5880 546 5918 non
566 5861 710 5919 omni
743 5859 770 5912 b
801 5858 997 5921 inesse,
1020 5867 1125 5908 non
1152 5853 1241 5908 lict
1272 5848 1612 5921 syllogismus
1635 5841 2034 5915 quomodolibet

1020 380 1322 443 PRIORUM
1364 368 1893 434 ANALYTICORUM
1938 358 2384 419 ARISTOTELIS
2426 353 2992 415 INTERPRETATIO.

2004 477 2053 538 Α
2082 480 2294 542 sumpta
2325 470 2711 540 prapositione.
2741 467 2795 523 Si
2826 476 3005 520 autem
3035 461 3169 517 nulli
3197 461 3246 528 b,
3273 462 3307 515 ἁ
3335 456 3557 533 quidem
3590 476 3668 513 as-

3563 346 3667 406 698

2082 572 2346 627 sumatur,
2371 560 2716 630 syllogismus
2744 557 2956 623 quidem
2980 554 3084 609 erit
3122 554 3262 618 falsi,
3295 566 3402 607 non
3433 550 3671 606 ostendi-

2082 666 2167 709 tur
2210 665 2387 709 autem
2439 652 2806 721 propositum;
2839 664 2959 702 nam
2990 648 3036 701 si
3076 663 3106 699 a
3156 646 3286 700 nulli
3326 646 3377 710 b,
3421 645 3449 698 b
3488 652 3667 698 autem

2081 746 2225 799 omni
2252 746 2306 810 ά,
2335 762 2366 797 a
2395 743 2522 796 nulli
2552 744 2606 803 d,
2643 740 2743 794 hoc
2771 750 2945 793 autem
2980 738 3049 791 sit
3093 737 3444 805 impossibile,
3476 735 3667 788 falsum

2085 836 2246 904 igitur
2274 846 2355 888 est
2387 832 2521 885 nulli
2556 832 2583 883 b
2630 832 2805 884 inesse
2835 844 2888 891 a,
2920 827 3012 880 sed
3058 841 3164 879 non
3195 828 3241 880 si
3292 827 3419 878 nulli
3454 825 3664 887 falsum,

2084 927 2228 979 omni
2261 938 2470 978 verum.
2508 920 2563 976 Si
2592 927 2769 972 autem
2798 934 2823 969 c
2844 934 2877 970 a
2909 923 3232 979 assumatur,
3272 930 3374 968 non
3410 915 3469 968 ﬁt
3508 915 3664 985 syllo-

2084 1018 2313 1087 gismns,
2344 1029 2443 1068 nec
2466 1012 2679 1082 quando
2706 1018 3028 1077 supponatur
3061 1022 3164 1057 non
3188 1005 3332 1057 omni
3354 1005 3381 1056 b
3407 1005 3582 1058 inesse
3606 1021 3671 1067 a;

2087 1126 2253 1179 quare
2307 1105 2647 1161 manifestum
2684 1102 2934 1170 quoniam
2972 1098 3117 1151 omni
3146 1097 3323 1149 inesse
3357 1112 3459 1148 non
3490 1104 3675 1148 osten2

2086 1201 2230 1253 ditur
2254 1199 2305 1251 in
2334 1197 2503 1266 prima
2553 1195 2718 1262 ﬁgura
2754 1208 2846 1260 per
2876 1187 3225 1257 impossibile.
3258 1185 3427 1238 Alicui
3466 1194 3666 1247 autem,

2088 1301 2139 1343 et
2170 1289 2320 1351 nulli,
2345 1298 2397 1339 et
2422 1301 2525 1339 non
2550 1284 2693 1338 omni
2744 1280 3068 1333 ostenditur.
3098 1277 3441 1345 Supponatiir
3477 1273 3618 1327 enim
3646 1290 3675 1323 a

2090 1381 2219 1433 nulli
2245 1380 2273 1429 b
2314 1379 2510 1439 inesse,
2542 1377 2569 1427 b
2594 1385 2771 1427 autem
2813 1380 3083 1439 sumptum
3115 1368 3184 1420 sit
3214 1366 3357 1419 omni
3396 1373 3487 1416 aut
3516 1363 3675 1415 alicui

2088 1488 2133 1539 c,
2167 1487 2293 1539 ergo
2320 1484 2542 1523 necesse
2571 1463 2654 1521 est
2676 1484 2707 1518 a
2736 1462 2865 1517 nulli
2892 1472 2982 1515 aut
3011 1477 3116 1513 non
3135 1459 3278 1512 omni
3303 1473 3328 1508 c
3353 1458 3551 1520 inesse,
3576 1454 3677 1506 hoc

2088 1573 2264 1615 autem
2314 1558 2670 1626 impossibile.
2713 1557 2795 1623 Sit
2834 1553 2977 1606 enim
3022 1565 3203 1603 verum
3240 1557 3290 1601 et
3335 1542 3674 1599 manifestum

2089 1653 2341 1721 quoniam
2370 1650 2517 1703 omni
2539 1664 2563 1699 ε
2596 1647 2801 1705 incsta,
2837 1657 3001 1711 quare
3029 1641 3072 1692 si
3095 1640 3196 1692 hoc
3217 1637 3429 1698 falsum,
3456 1648 3675 1687 necesse

2090 1752 2171 1795 est
2201 1759 2231 1793 a
2258 1740 2411 1792 alicui
2450 1741 2477 1789 b
2523 1737 2716 1789 inesse.
2758 1734 2812 1787 Si
2846 1740 3021 1785 autem
3057 1729 3121 1782 ad
3162 1746 3192 1781 a
3232 1733 3475 1780 sumatur
3505 1724 3675 1776 altera

2012 1830 2062 1890 B
2093 1829 2407 1899 propositio,
2440 1842 2544 1880 non
2574 1826 2679 1878 erit
2703 1822 3071 1892 syllogismus,
3105 1832 3277 1885 neque
3312 1814 3524 1883 quando
3553 1812 3679 1865 sub-

2090 1924 2421 1979 contrarinm
2452 1917 2786 1977 conclusioni
2811 1914 3129 1982 supponitur
3147 1919 3202 1962 ut
3224 1908 3381 1962 alicui
3405 1921 3509 1959 non
3536 1906 3677 1957 ines-

2090 2030 2181 2078 se;
2215 2012 2555 2067 manifestum
2587 2021 2715 2077 ergo
2745 2003 2994 2071 quoniam
3026 2001 3326 2068 Oppositum
3356 1988 3674 2049 sumendum

2090 2115 2191 2162 est.
2229 2106 2457 2158 Rursum
2499 2109 2829 2169 supponatur
2859 2113 2888 2147 a
2918 2093 3076 2147 alicui
3114 2092 3142 2144 b
3174 2093 3371 2152 inesse,
3404 2096 3674 2154 sumptum

2090 2206 2265 2251 autem
2290 2196 2360 2248 sit
2380 2210 2406 2244 ο
2434 2191 2576 2245 omni
2608 2207 2659 2251 α,
2691 2201 2911 2241 necesse
2934 2195 3016 2237 est
3057 2182 3215 2251 igitur
3244 2196 3271 2232 c
3300 2178 3457 2231 alicui
3485 2178 3512 2227 b
3537 2177 3677 2228 ines-

2090 2304 2169 2354 se,
2198 2288 2297 2340 Itoc
2325 2294 2501 2339 autem
2533 2283 2602 2334 sit
2629 2277 2979 2347 impossibile,
3031 2286 3195 2343 quare
3241 2270 3432 2324 falsum
3461 2267 3676 2336 quidem

2092 2378 2428 2444 suppositum
2454 2380 2571 2433 est;
2598 2372 2639 2422 si
2669 2379 2845 2421 autem
2878 2367 2978 2428 sic,
3012 2377 3195 2417 verum
3220 2370 3302 2413 est
3326 2358 3451 2411 nulli
3480 2358 3678 2409 inesse.

2092 2470 2353 2525 Similiter
2373 2475 2549 2519 autem
2578 2473 2629 2516 et
2666 2461 2709 2512 si
2739 2458 2993 2527 privativa
3023 2463 3232 2519 sumpta
3263 2450 3330 2502 sit
3360 2466 3386 2501 c
3412 2464 3464 2501 α.
3497 2446 3551 2501 Si
3587 2460 3680 2499 au-

2096 2574 2200 2615 tem
2227 2560 2291 2611 ad
2318 2560 2346 2609 b
2377 2565 2586 2622 sumpta
2614 2558 2639 2604 ε
2666 2561 2684 2603 ι
2713 2546 3028 2618 propositio,
3065 2559 3167 2597 non
3189 2542 3292 2597 erit
3318 2537 3679 2609 syllogismus.

2095 2652 2148 2706 Si
2181 2660 2359 2703 autem
2387 2643 2714 2699 contrarium
2738 2648 3091 2708 supponatur,
3124 2632 3468 2700 syllogismus
3496 2626 3603 2680 erit
3629 2636 3683 2677 et

2095 2738 2446 2808 impossibile,
2481 2750 2586 2790 non
2622 2743 2797 2786 tamen
2823 2728 3122 2783 Ostenditur
3152 2723 3295 2794 quod
3328 2730 3410 2775 est
3445 2717 3687 2789 proposi-

2088 2846 2208 2892 tum
2236 2853 2247 2886 :
2280 2840 2613 2902 supponatur
2640 2829 2783 2882 enim
2826 2842 2857 2877 a
2900 2823 3043 2878 omni
3077 2821 3125 2887 b,
3159 2828 3214 2873 et
3242 2834 3268 2870 c
3299 2824 3567 2883 sumptura
3619 2814 3689 2867 sit

2096 2930 2239 2984 omni
2272 2943 2326 2989 a,
2357 2939 2484 2993 ergo
2502 2936 2726 2976 necesse
2749 2927 2830 2971 est
2863 2933 2889 2969 c
2918 2914 3062 2968 omni
3094 2914 3121 2965 b
3152 2914 3359 2964 inesse:
3386 2909 3487 2960 hoc
3508 2914 3685 2958 autt‘m

2100 3017 2451 3088 impossibile,
2486 3027 2651 3081 quare
2699 3010 2886 3061 falsum
2933 3014 3016 3058 est
3053 3002 3197 3055 omni
3232 3000 3259 3051 b
3300 3000 3475 3051 iue~se
3510 3011 3563 3057 a,
3592 2992 3688 3046 sed

2048 3144 2051 3151 -
2101 3112 2333 3167 nondum
2372 3108 2474 3161 erit
2505 3102 2891 3163 necessarium,
2921 3098 2963 3150 si
2995 3110 3097 3147 non
3129 3092 3296 3156 omni,
3324 3088 3452 3142 nulli
3486 3087 3683 3139 inesse.

2023 3197 2069 3258 C
2102 3203 2359 3259 Similiter
2376 3210 2553 3252 autem
2587 3204 2640 3248 ct
2665 3193 2709 3246 si
2740 3211 2768 3244 α
2791 3192 2824 3244 d
2844 3192 2871 3243 b
2899 3195 3139 3244 sumatur
3155 3187 3320 3238 altera
3353 3180 3647 3251 propositio
3675 3196 3688 3230 :

2107 3312 2228 3350 nam
2262 3292 2602 3364 syllogismus
2632 3285 2845 3354 quidem
2872 3281 2973 3336 erit
3004 3290 3057 3335 et
3086 3275 3440 3345 impossibile,
3476 3286 3579 3323 non
3609 3270 3693 3323 in-

2110 3386 2374 3442 terimitur
2400 3391 2575 3437 autem
2607 3376 2942 3449 bypotltesis,
2972 3384 3137 3440 quare
3164 3382 3283 3436 (ippt
3308 3367 3466 3418 situm
3499 3374 3696 3428 suppo-

2108 3480 2365 3534 nendum.
2406 3474 2486 3528 Ad
2530 3468 2920 3527 ostendendum
2950 3474 3128 3517 autem
3161 3476 3263 3512 non
3293 3458 3437 3511 omni
3463 3455 3490 3507 b
3523 3454 3699 3506 inesse

2107 3589 2158 3633 a,
2188 3562 2594 3638 supponendum
2623 3562 2768 3616 omni
2811 3559 3011 3619 inesse,
3052 3567 3171 3606 nam
3209 3550 3252 3602 si
3287 3566 3317 3598 a
3348 3544 3493 3601 omni
3519 3542 3568 3605 b,
3597 3550 3700 3615 etc

2108 3663 2253 3717 omni
2284 3678 2335 3724 a,
2360 3656 2505 3711 muni
2531 3659 2567 3708 ὸ·
2588 3654 2747 3707 inerit
2776 3668 2838 3715 c;
2870 3650 2913 3704 si
2943 3660 3071 3715 ergo
3100 3643 3201 3697 hoc
3226 3635 3576 3707 impossibile,
3604 3630 3701 3684 falo

2109 3769 2225 3807 sum
2259 3752 2398 3821 quod
2420 3744 2756 3816 'suppositum
2787 3752 2871 3797 est
2897 3757 2911 3805 ;
2942 3736 3186 3792 similiter
3213 3740 3303 3785 ant
3324 3745 3389 3781 im
3418 3736 3473 3781 et
3498 3725 3541 3779 si
3573 3721 3639 3776 ad
3669 3721 3698 3775 ὁ

2111 3852 2322 3911 sumpta
2369 3842 2435 3893 sit
2465 3815 2628 3891 altera
2655 3832 2977 3903 propositio.
3012 3827 3076 3880 Et
3105 3825 3149 3877 si
3183 3821 3445 3893 privativa
3491 3815 3561 3869 sit
3598 3829 3623 3864 c
3648 3827 3702 3874 a,

2111 3899 2382 3995 simiiitcr,
2419 3942 2539 3982 nam
2582 3899 2839 3978 etisic'ﬁt
2880 3915 3244 3984 syllogismus.
3287 3910 3344 3963 Si
3374 3915 3550 3961 autem
3582 3902 3647 3955 ad
3677 3899 3707 3951 b

2113 4032 2320 4090 sumpta
2354 4020 2422 4072 sit
2463 4014 2739 4083 privativa,
2774 4003 2905 4060 niliil
2936 4000 3256 4056 ostenditur.
3287 3997 3343 4048 Si
3377 4004 3553 4046 autem
3596 4002 3702 4041 non

2114 4114 2278 4171 oinn‘,
2325 4108 2417 4160 sed
2449 4102 2608 4157 alicui
2642 4102 2821 4153 inesse
2864 4100 3221 4160 supponatur,
3253 4101 3359 4139 non
3401 4080 3705 4137 ostenditur

2114 4200 2362 4269 quoniam
2398 4210 2500 4247 non
2550 4192 2718 4252 omni,
2774 4184 2865 4240 sed
2916 4180 3167 4251 quoniam
3216 4173 3345 4228 milii
3376 4190 3387 4223 :
3423 4176 3466 4223 si
3498 4167 3641 4223 enim
3670 4182 3702 4217 a

2116 4288 2273 4342 alit-ui
2301 4287 2350 4352 ὑ,
2397 4302 2421 4337 c
2466 4291 2642 4335 autem
2689 4274 2832 4330 omni
2864 4290 2919 4337 a,
2961 4269 3119 4322 alicui
3152 4267 3179 4318 ό
3212 4263 3372 4318 inerit
3401 4276 3462 4325 c;
3494 4258 3537 4311 si
3577 4269 3708 4324 ergo

2120 4383 2222 4436 hoc
2252 4381 2363 4449 imp
2386 4376 2609 4437 issilile,
2643 4371 2832 4433 falsum
2883 4375 2964 4420 est
2988 4361 3146 4417 alicui
3176 4360 3203 4412 ι)
3238 4360 3411 4410 inesse
3444 4372 3496 4418 α,
3542 4364 3707 4415 quare

2120 4490 2303 4529 votum
2335 4471 2494 4534 nulli;
2530 4468 2633 4520 hoc
2658 4472 2836 4517 autem
2869 4466 3105 4518 ostenso,
3141 4447 3462 4506 interimitur
3494 4458 3704 4508 verum,

2120 4654 2364 4721 Amplius
2392 4622 2567 4701 autem
2609 4658 2712 4695 non
2755 4647 2861 4690 tam
2901 4641 3116 4704 propter
3155 4624 3476 4698 liypotliesin
3517 4622 3712 4676 accidit

2096 4740 2471 4811 impossibile,
2502 4734 2628 4786 falsa
2669 4728 2808 4782 enim
2839 4730 2961 4785 erit,
3006 4719 3268 4788 siquidem
3304 4708 3380 4767 rex
3424 4711 3563 4766 veris
3604 4725 3710 4762 non

2122 4844 2203 4888 est
2219 4831 2404 4883 falsum
2424 4820 2739 4894 syllogizare
2759 4832 2774 4871 :
2794 4829 2935 4867 nunc
2950 4819 3124 4863 autem
3143 4814 3225 4861 est
3241 4817 3389 4866 vera,
3411 4802 3550 4853 inest
3571 4796 3713 4851 enim

2124 4941 2154 4975 a
2181 4918 2337 4975 alicui
2371 4917 2421 4979 b,
2454 4926 2619 4982 quare
2648 4923 2753 4961 non
2787 4897 3190 4972 supponendum
3217 4892 3373 4946 alicui
3401 4891 3599 4948 inesse,
3623 4883 3715 4937 sed

2126 5014 2292 5069 omni.
2323 5008 2579 5064 Similiter
2609 5012 2785 5055 autem
2815 5007 2869 5050 et
2922 4995 2965 5049 si
2999 4990 3155 5045 alicui
3198 4987 3226 5039 ὁ
3248 5001 3357 5047 _nou
3386 4982 3524 5036 inest
3556 4994 3608 5040 α,
3633 4991 3719 5027 os-

2131 5106 2511 5165 tenderemus;
2542 5097 2586 5152 si
2615 5096 2753 5149 enim
2788 5090 2926 5144 idem
2960 5092 3043 5138 est
3083 5079 3241 5133 alicui
3284 5088 3387 5130 non
3420 5073 3621 5128 inesse,
3666 5069 3721 5116 ct

2133 5216 2237 5254 non
2281 5194 2426 5249 omni
2474 5192 2671 5248 inesse,
2704 5182 2890 5237 eadem
2940 5178 2992 5230 in
3024 5173 3261 5239 utrisque
3306 5155 3719 5217 demonstratio.

2133 5287 2469 5346 Manifestum
2502 5292 2630 5355 ergo
2660 5278 2911 5346 quoniam
2945 5284 3047 5321 non
3091 5258 3444 5317 contrarium,
3486 5250 3579 5306 sed
3623 5262 3720 5314 op-

2135 5379 2363 5449 positum
2413 5367 2817 5443 supponendum
2864 5363 2915 5414 in
2964 5355 3210 5409 omnibus
3258 5342 3606 5419 syllogismis,
3643 5338 3722 5391 sic

2136 5430 2159 5449 Γ
2205 5430 2245 5433 "
2480 5430 2492 5443 ι
2517 5430 2527 5441 ι

2134 5471 2276 5526 enim
2311 5462 2669 5521 necessarium
2702 5456 2802 5509 erit
2843 5461 2897 5505 et
2939 5449 3146 5501 axioma
3178 5438 3486 5511 probabile;
3520 5447 3641 5487 nam
3676 5430 3722 5481 si

2135 5563 2200 5616 de
2228 5561 2370 5615 omni
2403 5557 2482 5610 vel
2516 5549 2799 5606 afﬁrmatio
2838 5540 3188 5607 vcl,negati0,
3222 5545 3441 5588 ostenso
3464 5526 3718 5598 quoniam

2138 5669 2243 5707 non
2268 5648 2498 5718 negatio,
2533 5654 2751 5697 necesse
2780 5646 2859 5690 est
2892 5630 3302 5685 aiﬁ'rmationem
3343 5634 3524 5675 veram
3555 5629 3673 5670 esse
3704 5629 3721 5677 ;

2140 5753 2348 5796 rursum
2395 5738 2435 5789 si
2486 5748 2589 5789 non
2644 5736 2843 5797 ponant
2888 5736 3069 5777 veram
3115 5732 3235 5772 esse
3286 5711 3725 5771 afﬁrmationem,

2142 5840 2350 5888 constat
2407 5842 2587 5881 veram
2637 5834 2757 5877 esse
2804 5815 3173 5888 negationem;
3223 5805 3551 5862 contrariam
3599 5810 3730 5854 vero
