4296 6266
691 327 795 385 699

686 540 1000 603 cessarium,
1027 542 1070 593 si
1097 543 1222 597 nulli
1254 544 1616 611 falsum,omni
1640 562 1839 610 verum,
1859 562 2029 615 neque
2060 550 2246 613 proba-

684 622 792 675 bile
819 635 878 678 ut
901 629 970 681 sit
998 630 1223 685 alterum
1265 636 1471 695 falsum,
1503 636 1743 702 quoniam
1771 638 1995 689 alterum
2038 654 2242 692 verum.

682 711 1019 777 Mzusifestum
1044 736 1172 788 ergo
1192 724 1433 789 quoniam
1460 725 1508 775 in
1540 724 1705 788 prima
1731 724 1888 791 ﬁgura
1912 726 2013 779 alia
2033 728 2244 795 quidem

684 808 957 872 proposita
984 815 1156 863 omnia
1177 811 1523 863 Ostenduntur
1543 827 1633 880 per
1658 815 2004 882 impossibile,
2030 818 2243 874 univer-

683 895 797 949 sale
825 907 996 951 autem
1024 897 1388 950 afﬁrmativum
1418 913 1522 952 non
1553 904 1869 960 ostendito-2‘

1281 1004 1503 1063 CAPUT
1537 1012 1638 1067 ΧΗ.

771 1094 851 1146 De
875 1096 1164 1163 syllogismo
1194 1114 1281 1163 per
1308 1099 1617 1168 impossibile
1638 1106 1691 1159 in
1720 1116 1941 1162 secunda
1966 1111 2153 1180 ﬁgura.

748 1183 804 1235 In
834 1185 1002 1237 media
1032 1195 1207 1241 autem
1240 1190 1403 1258 ﬁgura
1434 1202 1486 1248 et
1511 1206 1777 1263 postrema
1809 1207 1861 1254 et
1883 1200 1983 1255 hoc
2008 1202 2245 1256 ostendi-

676 1276 777 1323 tur.
807 1270 1041 1327 Ponatur
1062 1278 1203 1329 enim
1229 1296 1261 1331 a
1292 1298 1395 1335 non
1417 1286 1560 1337 omni
1598 1286 1625 1338 b
1654 1287 1852 1356 inesse,
1878 1302 2144 1358 sumptum
2175 1295 2244 1346 sit

671 1366 844 1411 autem
875 1363 1021 1415 omni
1053 1381 1079 1416 c
1108 1365 1283 1424 inesse
1309 1388 1341 1423 a
1365 1388 1383 1435 ;
1409 1388 1537 1443 ergo
1564 1376 1607 1428 si
1642 1379 1671 1429 ὸ
1699 1379 1910 1445 quidem
1943 1397 2045 1435 non
2100 1385 2242 1437 omni

669 1448 808 1503 inest
840 1469 892 1515 a,
921 1471 946 1505 c
968 1470 1143 1511 autem
1172 1464 1339 1529 omni,
1362 1481 1466 1519 non
1491 1469 1633 1522 omni
1656 1470 1684 1522 b
1707 1472 1844 1526 inest
1865 1490 1912 1535 c,
1948 1474 2047 1529 hoc
2067 1487 2241 1530 autem

669 1540 1018 1610 impossibile.
1060 1551 1139 1607 Sit
1166 1555 1304 1607 enim
1353 1559 1691 1613 manifestum
1734 1565 1981 1630 quoniam
2030 1568 2171 1619 omni
2212 1568 2242 1619 ὁ

672 1630 811 1686 inest
838 1652 884 1697 c,
919 1653 1081 1705 quare
1129 1640 1317 1695 falsum
1372 1647 1512 1713 quod
1562 1634 1890 1716 suppositum
1920 1662 2021 1715 est,
2058 1671 2237 1709 verum

668 1731 750 1773 est
773 1738 899 1791 ergo
928 1729 1070 1780 omni
1107 1728 1299 1783 inesse.
1332 1734 1580 1789 Siautem
1609 1740 1933 1793 contrarium
1964 1756 2234 1809 suppona-

672 1820 775 1875 tur,
806 1815 1140 1881 syllogismus
1167 1822 1378 1886 quidem
1410 1825 1511 1875 erit
1542 1824 1606 1877 ad
1649 1827 1994 1894 impossibile,
2028 1848 2129 1885 non
2161 1843 2238 1885 ιιι-
2271 1824 2313 1884 Β

670 1914 792 1952 men
816 1905 1114 1959 ostenditur
1151 1911 1289 1976 quod
1324 1914 1648 1978 prepositum
1676 1926 1774 1968 est.
1801 1918 1854 1971 Si
1887 1919 2026 1972 enim
2057 1937 2087 1973 a
2112 1923 2237 1977 nulli

671 1988 720 2051 b,
749 1990 888 2042 omni
919 2004 1095 2046 autem
1124 2013 1168 2057 c,
1206 1999 1333 2052 nulli
1372 2000 1420 2062 ὁ,
1449 2017 1494 2064 c,
1540 2003 1640 2055 hoc
1680 2015 1853 2057 autem
1890 2007 2236 2076 impossibile,

602 2080 606 2089 ‘
671 2091 833 2144 quare
860 2078 1043 2134 falsum
1066 2092 1168 2147 est,
1194 2087 1323 2140 nulli
1356 2089 1553 2154 inesse,
1582 2093 1673 2144 scd
1702 2108 1804 2147 non
1828 2095 1872 2147 si
1897 2096 1996 2151 huc
2028 2101 2237 2166 falsum,

670 2178 855 2217 verum
898 2170 1060 2221 omni.
1092 2171 1313 2237 Quando
1346 2187 1520 2231 autem
1552 2181 1706 2235 alicui
1737 2182 1764 2234 b
1796 2185 1933 2238 inest
1962 2203 2012 2251 a,
2044 2203 2239 2258 suppo-

669 2263 823 2305 natur
851 2271 882 2305 a
910 2256 1037 2311 nulli
1068 2260 1097 2315 b
1139 2262 1332 2324 inesse,
1368 2283 1395 2316 ε
1433 2278 1611 2322 autem
1643 2275 1787 2327 omni
1828 2276 1972 2341 insit,
2018 2296 2240 2338 necesse

668 2353 744 2393 est
771 2359 897 2411 ergo
918 2362 945 2398 c
972 2350 1102 2403 nulli
1131 2352 1160 2403 li
1181 2352 1373 2421 inesse,
1395 2372 1560 2424 quare
1586 2360 1631 2413 si
1650 2362 1748 2415 hoc
1773 2364 2118 2435 impossibile,
2149 2388 2239 2425 ne-

668 2450 818 2493 cesse
847 2451 925 2495 est
952 2460 983 2495 α
1009 2446 1163 2499 alicui
1197 2448 1225 2499 ὁ
1252 2450 1447 2504 inesse.
1482 2452 1535 2505 Si
1573 2464 1749 2509 autem
1787 2472 2116 2526 supponatur
2142 2467 2238 2518 ali-

668 2528 752 2579 cui
781 2543 885 2582 non
918 2548 1058 2594 esse,
1090 2537 1274 2591 eadem
1298 2552 1449 2591 erunt
1472 2544 1662 2608 quain
1695 2545 1859 2611 prima
1893 2549 2076 2617 ﬁgura.
2106 2553 2237 2607 itur-

668 2631 782 2669 sum
813 2631 1143 2688 supponatur
1165 2642 1196 2677 a
1226 2626 1380 2680 alieni
1406 2629 1435 2681 b
1465 2632 1656 2695 inesse,
1682 2648 1904 2692 cautem
1929 2641 2055 2694 nulli
2090 2643 2231 2708 in-it,

669 2720 887 2760 necesse
908 2719 988 2762 est
1014 2710 1212 2777 igiturc
1234 2714 1386 2769 alicui
1415 2720 1444 2768 ὁ
1468 2735 1570 2773 non
1601 2722 1809 2789 inesse;
1835 2728 1927 2782 sed
1956 2734 2097 2783 omni
2128 2733 2236 2787 ine-

668 2807 769 2857 rat,
806 2816 970 2869 quare
997 2805 1182 2859 falsum
1215 2809 1353 2875 quod
1405 2816 1734 2881 suppositum
1761 2829 1860 2882 est,
1890 2822 2017 2874 nulli
2063 2838 2188 2892 ergo
2209 2826 2237 2878 b

668 2888 838 2943 inerat
865 2909 915 2945 a.
944 2894 1165 2959 Quando
1190 2908 1366 2955 autem
1400 2920 1503 2957 non
1526 2909 1670 2960 omni
1701 2909 1728 2961 b
1767 2911 1901 2967 inest
1949 2932 1999 2979 α,
2043 2932 2236 2983 soppo-

668 2992 825 3032 natur
850 2984 993 3036 omni
1035 2985 1241 3043 inesse:
1277 3006 1304 3043 c
1342 3003 1519 3048 autem
1558 2998 1705 3059 nulli.
1748 3017 1967 3056 necesse
1999 3017 2237 3081 estergo

666 3086 691 3121 c
721 3072 849 3125 nulli
872 3073 898 3125 ό
928 3075 1120 3143 inesse,
1153 3080 1254 3135 hoc
1280 3094 1455 3138 autem
1487 3088 1833 3156 impossibile,
1865 3112 2029 3163 quare
2051 3114 2232 3153 verum
2276 3140 2281 3154 .

666 3171 748 3213 est
779 3178 881 3217 non
912 3170 1054 3221 omni
1085 3170 1277 3229 inesse.
1313 3177 1646 3235 Manifestum
1679 3200 1805 3253 ergo
1836 3190 2083 3254 quoniam
2119 3206 2229 3246 om-
2260 3184 2305 3245 C

665 3266 759 3307 nes
787 3257 1073 3326 syllogismi
1104 3262 1234 3317 ﬁunt
1264 3282 1362 3335 per
1399 3272 1623 3325 mediam
1651 3275 1892 3344 ﬁguram.

1248 3379 1471 3437 CAPUT
1503 3385 1636 3439 xm.
1877 3454 1887 3461 _

807 3458 882 3513 De
907 3466 1191 3521 ostensione
1218 3486 1307 3536 per
1336 3473 1643 3542 impossibile
1672 3480 1722 3531 iu
1753 3458 1898 3534 tertia
1929 3485 2115 3553 ﬁgura.

732 3558 992 3616 Similiter
1028 3575 1203 3622 autem
1247 3580 1300 3624 et
1330 3587 1424 3640 per
1451 3575 1709 3631 ultimam.
1746 3556 1978 3638 Ponatur
2018 3586 2159 3641 enim
2200 3606 2232 3644 a

661 3646 818 3701 alicui
848 3650 875 3701 ὁ
901 3668 1005 3707 non
1038 3656 1232 3725 inesse,
1275 3678 1300 3712 ε
1332 3672 1507 3717 autem
1540 3671 1681 3722 omni
1716 3673 1761 3733 Ι),
1798 3689 1925 3741 (τεο
1960 3693 1990 3727 a
2021 3678 2174 3731 alicui
2205 3698 2231 3733 c

659 3750 764 3789 non
798 3738 955 3795 inerit
980 3760 993 3807 ;
1016 3745 1059 3797 si
1081 3760 1207 3815 ergo
1228 3750 1325 3804 hoc
1355 3755 1703 3823 impossibile,
1735 3761 1922 3816 falsum
1946 3765 2098 3822 alicui
2125 3785 2227 3824 non

660 3826 856 3897 inesse,
902 3849 1066 3902 quare
1096 3854 1277 3895 verum
1317 3855 1398 3898 est
1432 3850 1595 3903 omni.
1639 3850 1695 3906 Si
1739 3869 1863 3908 vero
1902 3871 2229 3927 supponatur

659 3921 787 3976 nulli
821 3925 1013 3993 inesse,
1047 3932 1387 4003 syllogismus
1410 3944 1619 4008 quidem
1650 3946 1772 4009 erit,
1798 3957 1849 4001 et
1877 3921 2222 4022 impossibile,

658 4025 762 4064 non
816 4019 1052 4074 ostendit
1094 4036 1268 4079 autem
1320 4030 1457 4096 quod
1505 4036 1829 4103 propositum
1861 4050 1968 4104 est;
2011 4041 2053 4095 si
2084 4019 2224 4099 enim

656 4107 977 4159 contrarium
1010 4127 1355 4183 supponatur,
1389 4123 1573 4176 eadem
1622 4136 1780 4180 erunt
1808 4144 1925 4197 qua:
1955 4132 2005 4184 in
2041 4134 2223 4199 priori-

656 4192 773 4245 bus.
809 4196 913 4250 Scd
958 4201 1021 4253 ad
1054 4208 1438 4264 ostendendum
1484 4217 1638 4270 alicui
1672 4219 1867 4285 inesse,
1910 4225 2093 4278 eadem
2136 4242 2224 4279 su-

654 4286 842 4339 menda
870 4299 949 4341 cst
991 4291 1317 4361 liypotliesis,
1354 4315 1473 4353 nam
1503 4306 1544 4355 si
1568 4322 1599 4355 α
1625 4309 1750 4361 nulli
1776 4311 1823 4372 ι,
1858 4330 1884 4363 c
1910 4322 2086 4367 autem
2128 4318 2224 4368 ali-

653 4376 733 4428 cui
765 4378 814 4439 b,
847 4397 877 4429 a
906 4395 1007 4433 non
1040 4384 1182 4436 omni
1208 4402 1268 4443 c:
1297 4390 1338 4439 si
1370 4405 1496 4457 ergo
1521 4391 1618 4445 hoc
1642 4395 1851 4461 falsum,
1881 4416 2065 4454 verum
2092 4417 2167 4457 est
2191 4422 2221 4456 a

649 4466 805 4519 alii-ui
839 4470 866 4521 b
893 4472 1086 4526 inesse.
1120 4474 1341 4541 Quando
1370 4491 1543 4534 autem
1576 4479 1703 4538 nulli
1727 4487 1754 4539 Ι)
1782 4489 1919 4545 inest
1944 4511 1995 4556 α,
2025 4512 2221 4567 suppo-

652 4564 807 4608 natur
835 4559 990 4613 alicui
1035 4564 1229 4631 incssc,
1266 4578 1532 4639 sumptum
1571 4574 1640 4626 sit
1675 4586 1850 4631 autem
1882 4592 1935 4635 et
1966 4603 1991 4635 c
2018 4559 2159 4640 omni
2190 4589 2218 4641 b

648 4642 844 4711 inesse,
877 4664 1003 4719 ergo
1042 4669 1262 4712 necesse
1288 4670 1371 4713 est
1400 4676 1431 4712 a
1454 4662 1608 4717 alicui
1638 4682 1664 4717 c
1701 4668 1903 4732 inesse;
1948 4675 2043 4728 sed
2086 4679 2217 4733 nulli

647 4734 839 4807 inerat,
883 4757 1045 4809 quare
1077 4748 1260 4800 falsum
1302 4760 1385 4805 e~t
1415 4753 1575 4807 alicui
1606 4754 1633 4807 ὁ
1666 4757 1840 4813 inesse
1869 4778 1920 4813 α.
1954 4763 2006 4816 Si
2040 4778 2213 4822 autem

645 4840 974 4897 supponatur
999 4838 1140 4888 omni
1176 4842 1202 4889 b
1233 4840 1409 4895 inesse
1438 4860 1488 4906 α,
1524 4862 1625 4899 non
1658 4850 1954 4906 ostenditur
1980 4861 2218 4926 proposi-

645 4924 783 4971 tum:
818 4920 910 4973 scd
944 4923 1009 4975 ad
1042 4926 1427 4981 ostendendum
1466 4947 1568 4984 non
1601 4938 1744 4988 omni
1788 4920 1994 5006 inesse,
2029 4949 2213 5001 eadem

642 5010 898 5063 sumenda
932 5011 1264 5080 bypotliesis,
1294 5032 1414 5071 nam
1446 5022 1489 5072 si
1522 5038 1554 5072 a
1588 5030 1727 5077 omni
1756 5027 1804 5091 b,
1837 5039 1889 5081 et
1916 5047 1944 5083 c
1971 5034 2127 5089 alicui
2166 5041 2213 5101 ι),

643 5116 671 5153 ιι
697 5100 837 5155 ἰιιεει
863 5102 1017 5156 alicui
1043 5121 1104 5170 c;
1139 5106 1236 5159 hoc
1259 5118 1433 5162 autem
1459 5128 1561 5166 non
1587 5114 1703 5180 fuit,
1728 5134 1891 5185 quare
1921 5122 2106 5176 falsum
2136 5138 2218 5180 est

642 5192 789 5244 omni
828 5193 1025 5262 inesse,
1065 5198 1107 5249 si
1141 5205 1317 5251 autem
1351 5200 1450 5265 sic,
1474 5219 1659 5259 verum
1693 5223 1793 5259 ιιοιι
1830 5211 1993 5265 o‘mni.
2024 5213 2078 5268 Si
2116 5230 2213 5267 au-

641 5288 746 5331 tem
802 5298 1131 5353 supponatur
1178 5289 1335 5343 alicui
1369 5291 1566 5361 inesse,
1611 5298 1795 5353 eadem
1828 5312 1984 5357 erunt
2012 5321 2131 5373 qua:
2160 5319 2213 5361 et

639 5372 690 5423 in
722 5374 784 5427 iis
827 5394 946 5444 qure
978 5382 1120 5447 prius
1163 5383 1301 5437 dicta
1344 5395 1488 5439 sunt.
1534 5389 1867 5446 Manifestum
1913 5372 2038 5465 ergo
2075 5415 2205 5468 quo.

638 5471 779 5524 niam
812 5474 861 5527 in
898 5477 1144 5531 omnibus
1204 5495 1297 5548 per
1334 5480 1663 5551 impossibile
1692 5488 2014 5558 syllogismis
2045 5511 2207 5562 oppo-

635 5560 794 5615 situm
842 5571 1264 5635 snpponendum.
1318 5574 1496 5629 Paiam
1545 5587 1721 5632 autem
1767 5590 1819 5635 ct
1860 5560 2107 5650 quoniam
2157 5589 2206 5639 in

634 5656 808 5708 media
846 5658 1010 5727 ﬁgura
1056 5664 1352 5719 ostenditur
1382 5668 1774 5737 quodammodo
1812 5666 2204 5735 afﬁrmativum.

634 5749 687 5823 et
709 5744 757 5797 in
791 5759 1056 5814 postrema
1083 5752 1400 5811 universale.

1906 344 2006 399 AN.
2047 344 2254 397 MANL.
2297 344 2447 399 SEV.
2488 345 2713 399 BOETll

688 456 877 500 neutro
908 447 1066 502 modo
1092 452 1351 522 contingit
1382 465 1548 509 ratum
1572 456 1763 509 facere.
1795 457 1970 523 Neque
1993 456 2131 509 enim
2157 472 2251 510 ne—
2282 460 2332 520 Α

3818 362 3920 416 ’ῐΟυ

2937 482 3161 541 CAPUT
3198 485 3339 545 XIV.

2358 587 2470 652 Quo
2498 598 2652 659 iusta,
2686 598 2729 641 et
2769 606 2885 657 qua
2925 595 2992 643 ad
3012 597 3328 727 jmﬂpossibile
3356 600 3494 654 ducit
3546 604 3921 672 demonstratio,

3049 682 3062 716 ι
3111 677 3274 719 erant.

3049 677 3103 719 tII
3111 677 3274 719 erant.

2421 778 2610 833 Dil'fert
2638 790 2811 835 autem
2857 799 2975 850 qum
3003 786 3069 839 ad
3096 786 3425 856 impossibile
3451 794 3831 852 demonstratio
3861 801 3926 855 ab

2347 882 2409 923 ea
2458 883 2576 937 quas
2621 878 2702 923 est
2744 873 3031 939 ostensiva,
3061 890 3126 928 eo
3153 880 3293 944 quod
3322 893 3482 947 ponat
3508 888 3652 952 quod
3687 889 3804 941 vult
3842 890 3924 942 in-

2348 957 2623 1023 terimere,
2655 960 2923 1016 deducens
2946 962 3015 1018 ad
3043 966 3342 1021 confessum
3392 970 3606 1038 falsum,
3653 979 3927 1032 ostensiva

2347 1057 2522 1102 autem
2551 1051 2735 1119 incipit
2774 1068 2802 1106 a
2826 1054 3087 1111 confessis
3118 1060 3464 1125 positionibus
3495 1066 3660 1118 veris.
3691 1068 3928 1123 Sumunt

2347 1153 2477 1210 ergo
2505 1151 2742 1212 utrmque
2770 1144 2903 1198 duas
2934 1149 3325 1214 propositiones
3354 1152 3648 1219 confessas,
3677 1158 3770 1210 sed
3803 1158 3838 1210 li
3860 1177 3927 1211 rc

2347 1230 2559 1297 quidem
2612 1248 2675 1286 ex
2724 1234 2916 1302 quibus
2964 1245 3047 1290 est
3073 1239 3437 1308 syllogismus,
3472 1244 3556 1297 illa
3592 1261 3720 1298 vero
3752 1263 3919 1301 unam

2347 1320 2556 1389 quidem
2608 1322 2791 1377 barum
2812 1364 2826 1387 ,
2875 1326 3101 1379 alteram
3124 1343 3250 1382 vero
3274 1334 3750 1389 contradictionem
3779 1352 3921 1390 con-

2346 1409 2625 1464 clusionis.
2687 1412 2752 1465 Et
2800 1413 2923 1468 hinc
2969 1416 3180 1485 quidem
3225 1434 3330 1471 non
3378 1436 3599 1476 necesse
3627 1434 3708 1477 est
3737 1437 3921 1482 notam

2346 1512 2469 1553 esse
2492 1501 2915 1569 conclusionem,
2948 1518 3119 1573 neque
3145 1508 3288 1573 prius
3308 1510 3512 1576 opinari
3542 1515 3791 1578 quimiam
3814 1526 3920 1579 est,

2344 1599 2434 1641 aut
2459 1605 2562 1643 non
2608 1602 2728 1655 est;
2764 1593 2909 1646 illine
2953 1610 3081 1648 vero
3122 1613 3338 1651 necesse
3367 1609 3450 1654 est
3474 1641 3488 1664 ,
3532 1606 3782 1669 quoniam
3813 1623 3919 1660 non

2341 1690 2443 1735 εει.
2492 1681 2681 1735 Βὶπειι
2702 1693 2878 1739 autem
2910 1686 3039 1751 nihil
3064 1687 3464 1757 alﬁrmativam,
3506 1694 3589 1746 vel
3622 1698 3918 1763 negativam

2341 1784 2459 1823 esse
2485 1774 3001 1845 conclusionede
3024 1778 3268 1832 similiter
3296 1796 3352 1833 se
3382 1782 3539 1834 habet
3570 1785 3623 1836 in
3658 1788 3917 1854 utrisque.

2346 1859 2533 1929 Omnis
2561 1863 2701 1916 enim
2745 1880 2861 1932 qua:
2902 1868 3169 1923 ostensive
3197 1871 3550 1939 concluditur,
3599 1884 3653 1929 et
3687 1892 3780 1944 per
3822 1879 3919 1932 im-

2343 1950 2597 2018 possibile
2618 1955 3020 2025 monstrabitur,
3042 1967 3095 2011 et
3114 1975 3230 2028 quae
3273 1977 3367 2029 per
3388 1964 3454 2016 im
3464 1966 3711 2031 possibile
3733 1977 3917 2021 osten-

2341 2042 2476 2106 sive,
2504 2052 2557 2097 et
2595 2060 2689 2109 per
2718 2047 2936 2101 eosdem
2966 2052 3221 2105 terminos
3244 2093 3257 2117 ,
3285 2069 3390 2107 non
3435 2065 3609 2109 autem
3636 2058 3686 2111 in
3709 2060 3913 2113 eisdem

2341 2135 2543 2205 ﬁguris.
2588 2138 2715 2191 Nam
2758 2141 2969 2209 quando
3007 2157 3100 2210 per
3135 2143 3465 2211 impossibile
3490 2149 3828 2217 syllogismus
3858 2152 3917 2205 fit

2342 2227 2393 2279 in
2425 2227 2592 2296 prima
2625 2230 2817 2295 ﬁgura,
2858 2232 2995 2298 quod
3032 2248 3214 2286 verum
3245 2244 3327 2287 est
3366 2237 3413 2287 in
3470 2238 3638 2290 media
3669 2240 3793 2303 erit,
3822 2249 3918 2295 aut

2341 2316 2393 2368 in
2427 2328 2690 2382 postrema
2716 2360 2731 2382 ,
2766 2322 3077 2388 privativum
3110 2325 3323 2391 quidem
3364 2326 3416 2378 in
3458 2328 3631 2381 media
3654 2374 3668 2393 ,
3712 2332 3911 2396 prmdi—
3961 2352 3976 2363 ·

2338 2405 2565 2458 cativum
2604 2416 2778 2459 autem
2831 2411 2880 2461 in
2926 2420 3211 2477 postrema.
3259 2414 3483 2479 Quando
3522 2424 3698 2470 autem
3742 2419 3908 2487 syllo-

2335 2496 2533 2561 gismus
2566 2497 2618 2549 in
2654 2498 2826 2551 media
2857 2499 2953 2563 ﬁt,
2976 2501 3117 2569 quod
3145 2517 3329 2557 verum
3382 2515 3465 2559 est
3509 2510 3613 2561 erit
3654 2508 3704 2561 in
3735 2510 3907 2576 prima

2338 2586 2500 2654 ﬁgura
2529 2589 2580 2642 in
2611 2590 2861 2644 omnibus
2887 2594 3372 2661 prepositionibus,
3402 2597 3616 2666 quando
3648 2608 3823 2653 autem
3850 2601 3906 2654 in

2338 2685 2600 2745 postrema
2623 2681 2959 2751 syllogismus
2982 2724 2997 2747 ,
3026 2684 3166 2752 quod
3189 2700 3372 2740 verum
3397 2697 3480 2742 est
3519 2690 3620 2742 erit
3659 2689 3711 2744 in
3737 2692 3909 2759 prima

2335 2780 2389 2824 et
2418 2771 2470 2825 in
2502 2773 2672 2826 media
2700 2815 2715 2839 ,
2754 2774 3069 2828 afﬁrmativa
3105 2778 3319 2845 quidem
3345 2780 3395 2832 in
3429 2780 3623 2847 prima,
3649 2783 3911 2849 privativa

2337 2871 2511 2917 autem
2551 2863 2605 2917 in
2647 2866 2841 2920 media.
2886 2867 2964 2921 Sit
2992 2869 3132 2920 enim
3163 2878 3437 2924 ostensum
3467 2889 3499 2923 a
3528 2873 3653 2927 nulli
3682 2883 3773 2928 aut
3802 2890 3908 2929 non

2336 2954 2480 3006 omni
2508 2952 2537 3004 ὁ
2568 2968 2662 3021 per
2687 2956 2911 3023 primam
2937 2956 3175 3025 ﬁguram,
3207 2973 3335 3027 ergo
3357 2958 3665 3029 hypatbcsis
3689 2963 3905 3030 quidem

2335 3054 2450 3096 erat
2476 3044 2637 3097 alicui
2666 3045 2694 3097 b
2722 3046 2901 3100 inesse
2928 3062 2988 3110 -a,
3031 3062 3059 3098 c
3094 3058 3268 3100 autem
3304 3051 3613 3121 sumebatur
3636 3068 3667 3103 a
3695 3051 3905 3119 quidem

2336 3135 2478 3188 omni
2506 3135 2705 3199 inesse,
2731 3136 2759 3188 ὸ
2792 3147 2966 3190 autem
2992 3136 3120 3190 nulli
3149 3181 3163 3205 ,
3197 3142 3274 3192 sic
3307 3141 3448 3194 enim
3477 3142 3635 3195 ﬁebat
3662 3142 3906 3212 syllogis-

2338 3240 2455 3279 mus
2483 3225 2547 3277 ad
2587 3224 2936 3292 impossibile.
2980 3225 3089 3280 lloc
3116 3237 3289 3281 autem
3323 3229 3493 3281 media
3526 3229 3719 3298 ﬁgura,
3755 3233 3796 3284 si
3823 3247 3849 3284 c
3875 3249 3906 3283 a

2335 3316 2549 3386 quidem
2581 3318 2745 3377 omni.
2781 3317 2809 3370 b
2839 3328 3013 3370 autem
3044 3318 3170 3370 nulli
3200 3320 3368 3384 inest,
3395 3329 3448 3372 et
3479 3322 3813 3374 manifesmm
3835 3337 3901 3375 ex

2337 3408 2417 3461 his
2459 3409 2709 3475 quoniam
2754 3409 2782 3460 ὁ
2830 3408 2959 3461 nulli
3006 3408 3238 3462 incst'a.
3286 3410 3540 3464 Similiter
3567 3421 3742 3464 autem
3775 3425 3821 3463 et
3854 3414 3901 3465 si

2334 3510 2437 3547 non
2466 3496 2609 3547 omni
2640 3505 2911 3549 ostensum
2943 3495 3013 3547 sit
3051 3496 3227 3549 inesse
3247 3537 3262 3560 ,
3292 3512 3411 3549 nam
3446 3498 3755 3567 liy'potltesis
3782 3502 3900 3567 qui-

2332 3587 2451 3641 dem
2482 3596 2565 3641 est
2590 3588 2735 3640 omni
2758 3594 2785 3639 ι)
2817 3604 2848 3639 a
2879 3589 3087 3653 inesse,
3130 3606 3157 3641 c
3186 3600 3362 3642 autem
3394 3591 3700 3645 sumebatur
3726 3609 3755 3644 a
3783 3594 3901 3660 qui-

2332 3677 2453 3731 dem
2506 3678 2685 3744 omni,
2728 3678 2756 3730 b
2804 3688 2978 3732 autem
3031 3694 3132 3732 non
3173 3681 3347 3744 muni,
3390 3692 3442 3734 et
3473 3683 3514 3733 si
3548 3684 3803 3749 privativa
3833 3684 3900 3737 sit

2331 3778 2538 3837 sumpta
2569 3786 2594 3821 c
2634 3787 2685 3837 a,
2730 3769 2974 3824 similiter
3005 3771 3201 3824 etenim
3234 3774 3311 3824 sic
3342 3772 3399 3825 ﬁt
3425 3775 3474 3825 in
3508 3775 3681 3826 media
3712 3776 3896 3842 ﬁgura.

2332 3859 2559 3913 Rursum
2606 3859 2966 3914 sitosteusum
3009 3860 3165 3914 alicui
3212 3862 3239 3912 ὁ
3285 3863 3460 3916 inesse
3488 3880 3540 3927 a,
3566 3879 3692 3933 ergo
3727 3866 3893 3935 hypo-

2332 3949 2493 4003 tbcsis
2523 3950 2738 4018 quidem
2791 3959 2871 4003 est
2919 3949 3049 4005 nulli
3094 3951 3270 4005 inesse
3291 3996 3304 4018 ,
3336 3952 3362 4003 b
3386 3963 3560 4006 autem
3593 3956 3899 4009 sumebatur

2328 4043 2471 4096 omni
2518 4059 2544 4095 c
2587 4042 2783 4105 inesse,
2813 4051 2867 4095 et
2894 4060 2924 4095 α
2950 4044 3032 4097 vel
3070 4045 3214 4096 omni
3258 4044 3337 4097 vel
3380 4046 3536 4097 alicui
3576 4062 3623 4110 c,
3656 4046 3732 4099 sic
3757 4048 3898 4099 enim

2328 4136 2429 4190 erit
2473 4134 2820 4204 impossibile.
2878 4134 2989 4188 Hoc
3016 4144 3192 4199 autem
3222 4145 3482 4204 postrema
3510 4137 3692 4203 ﬁgura,
3720 4138 3762 4187 si
3787 4153 3819 4187 α
3847 4147 3898 4189 ει

2327 4227 2356 4278 b
2384 4228 2530 4278 omni
2576 4244 2635 4291 τ,
2668 4236 2718 4279 et
2757 4224 3093 4279 manifestum
3124 4241 3187 4279 ex
3223 4228 3302 4277 his
3333 4226 3452 4293 quia
3487 4239 3704 4276 necrsse
3748 4234 3829 4275 cst
3864 4242 3894 4275 a

2327 4318 2483 4369 alicui
2515 4318 2543 4367 b
2570 4319 2762 4378 inesse,
2795 4317 3040 4371 similiter
3072 4328 3244 4369 autem
3274 4316 3386 4368 etsi
3417 4314 3570 4367 ειΙίιΊιί
3598 4329 3624 4365 c
3645 4323 3890 4366 sumatur

2327 4407 2503 4459 inesse
2534 4408 2560 4456 b
2593 4408 2673 4459 vel
2700 4424 2747 4458 a.
2795 4408 3021 4461 ltursum
3054 4408 3103 4461 in
3134 4407 3301 4460 media
3335 4407 3497 4474 ﬁgura
3526 4414 3798 4459 ostensum
3822 4406 3893 4459 sit

2322 4512 2353 4546 a
2383 4495 2527 4548 omni
2558 4497 2585 4547 ι»
2616 4500 2786 4550 inesse
2807 4538 2820 4561 ,
2869 4512 3000 4565 ergo
3044 4497 3349 4565 liypotbesis
3379 4497 3591 4563 quidem
3621 4494 3746 4559 fuit,
3782 4510 3889 4547 non

2325 4585 2468 4639 omni
2503 4585 2528 4637 b
2565 4585 2742 4640 inesse
2770 4604 2820 4651 α,
2852 4597 3117 4654 sumptum
3159 4595 3239 4640 est
3276 4598 3449 4639 autem
3480 4604 3511 4637 ιι
3542 4586 3686 4637 omni
3714 4601 3762 4647 c,
3793 4596 3841 4637 et
3871 4599 3895 4637 ε

2325 4679 2466 4729 onmi
2492 4677 2539 4738 ὸ,
2569 4678 2645 4731 sic
2682 4679 2821 4731 enim
2853 4680 2956 4731 erit
3000 4679 3353 4746 impossibile;
3400 4677 3500 4729 hoc
3520 4686 3694 4729 autem
3729 4676 3894 4742 prima

2326 4766 2511 4834 figura,
2543 4768 2585 4819 si
2615 4784 2645 4818 a
2671 4767 2812 4820 omni
2841 4784 2887 4829 ε,
2918 4778 2971 4820 ει
3011 4785 3035 4818 c
3073 4770 3216 4819 ouuii
3249 4768 3298 4818 b.
3354 4766 3607 4820 Simiiter
3637 4776 3811 4821 autem
3844 4774 3892 4817 ct

2325 4857 2368 4908 si
2392 4866 2662 4910 ostensum
2689 4858 2759 4909 sit
2783 4857 2937 4909 alicui
2966 4859 3162 4917 inesse,
3195 4871 3314 4908 nam
3346 4856 3655 4925 hypethesis
3680 4854 3892 4922 quidem

2328 4945 2446 5010 fuit,
2483 4947 2613 4997 nulli
2645 4951 2671 4999 b
2704 4947 2879 4999 inesse
2909 4963 2961 5009 a,
2990 4957 3257 5013 sumptum
3286 4955 3370 4999 est
3395 4955 3569 4997 autem
3601 4960 3630 4995 α
3670 4946 3811 4996 omni
3845 4961 3891 5002 ιτ,

2322 5048 2377 5093 ει
2406 5057 2432 5091 c
2467 5040 2623 5093 alicui
2669 5040 2717 5093 b.
2777 5041 2833 5093 Si
2883 5051 3055 5091 autem
3100 5038 3391 5105 pritativus
3433 5040 3490 5090 lit
3530 5038 3889 5107 syllogismus,

2326 5130 2639 5199 liypothcsis
2689 5130 2901 5199 quidem
2947 5147 2979 5180 a
3024 5128 3179 5182 alicui
3207 5130 3235 5181 ὁ
3265 5130 3473 5191 inesse,
3505 5136 3779 5197 sumptum
3808 5140 3889 5181 est

2318 5231 2492 5273 autem
2524 5240 2553 5272 α
2583 5223 2710 5274 nulli
2744 5239 2789 5290 ε,
2820 5234 2922 5275 etc
2946 5222 3091 5275 omni
3122 5222 3173 5285 b,
3205 5235 3371 5289 quare
3411 5222 3468 5273 ﬁt
3506 5222 3671 5287 prima
3701 5220 3891 5287 ﬁgura.

2322 5314 2385 5365 Et
2415 5314 2458 5365 si
2496 5330 2598 5365 non
2638 5313 2958 5366 universalis
2989 5315 3058 5366 sit
3085 5314 3418 5383 syllogismus
3440 5351 3453 5375 ,
3492 5310 3583 5363 sed
3613 5328 3644 5362 a
3674 5310 3833 5363 alicui
3860 5312 3888 5362 b

2316 5414 2589 5458 ostensmn
2640 5407 2707 5456 sit
2746 5420 2851 5457 non
2885 5408 3080 5470 inesso,
3114 5405 3395 5458 similiter:
3426 5419 3546 5457 nam
3577 5404 3907 5474 hypotliesis

2313 5496 2521 5563 quidem
2559 5495 2701 5547 otiini
2739 5497 2764 5546 b
2792 5496 2877 5547 ine
2910 5511 2967 5547 se
2996 5512 3047 5560 α,
3080 5504 3348 5562 sumptum
3375 5506 3457 5547 est
3496 5506 3672 5547 autem
3701 5511 3731 5545 α
3762 5494 3889 5546 nulli

2312 5602 2359 5649 ε,
2394 5598 2445 5639 ει
2494 5603 2519 5637 c
2562 5586 2717 5638 alicui
2760 5585 2807 5647 b,
2853 5585 2931 5638 sic
2960 5586 3100 5637 enim
3132 5586 3297 5653 prima
3329 5586 3513 5654 ﬁgura.
3578 5586 3807 5638 ltursum
3837 5584 3889 5637 in

2316 5685 2396 5729 ter
2424 5677 2468 5728 ia
2503 5680 2666 5744 figura
2699 5684 2971 5729 ostensum
3003 5674 3072 5729 sit
3100 5692 3131 5727 a
3162 5675 3339 5730 inesse
3366 5675 3511 5728 omni
3541 5676 3599 5740 ὁ,
3634 5690 3762 5743 ergo
3796 5676 3887 5742 liy-
3926 5732 3927 5735 η

2313 5767 2551 5835 ροιιιε-ῑε
2578 5767 2787 5836 quidem
2830 5766 2926 5821 fuit
2958 5784 3059 5820 nun
3109 5768 3251 5823 omni
3280 5768 3307 5819 ὁ
3342 5768 3518 5823 inesse
3544 5783 3595 5833 α,
3624 5777 3883 5835 sumptum
