4296 6266
366 366 462 419 701

1006 357 1307 414 PRIORUM
1348 356 1883 413 ANALYTICORUM
1926 352 2385 411 ARISTOTELIS
2424 356 2994 415 INTEBPRETATIO.

3519 362 3620 415 70?.

364 491 442 537 est
472 489 649 534 autem
681 493 708 531 c
737 475 878 530 omni
908 474 956 542 ὁ,
1000 482 1056 530 et
1079 491 1111 527 a
1142 474 1282 527 omni
1315 489 1378 538 ελ,
1432 473 1507 526 sic
1533 472 1675 525 enim
1708 471 1812 526 erit
1837 471 1938 523 im-
1965 471 2011 529 Α
2041 479 2219 525 autem
2249 486 2275 521 a
2312 471 2489 537 priore
2522 472 2573 525 in
2613 474 2852 527 terminis
2879 475 3144 542 converti,
3169 490 3289 530 nam
3324 477 3466 545 prius
3502 477 3620 544 qui—

366 572 654 641 possibile,
705 568 806 621 hoc
836 577 1012 621 autem
1041 567 1207 635 prima
1242 566 1429 635 ﬁgura.
1469 564 1727 618 Similiter
1756 571 1932 616 autem

364 673 419 717 et
442 663 485 716 si
515 662 566 715 in
597 660 777 727 aliquo
798 659 867 711 sit
897 658 1313 721 demonstratio,
1345 670 1446 708 non
1474 654 1785 723 bypothesis
1815 653 1936 720 qui-

364 755 487 809 dem
520 753 619 807 erit
641 750 770 806 nulli
802 751 1028 803 b‘inesse
1050 767 1101 813 a,
1129 756 1395 817 sumptum
1418 757 1499 802 est
1522 758 1696 801 autem
1726 764 1752 799 c
1782 746 1933 799 a'icui

365 845 417 911 b,
449 850 552 898 eta
583 843 725 896 omni
762 858 808 894 c.
851 840 905 895 Si
942 852 1117 893 autem
1152 840 1451 908 privativus
1475 838 1545 892 sit
1575 838 1687 907 syll:
1711 837 1933 906 gismus,

365 934 680 1004 hypothesis
727 931 939 999 quidem
991 946 1022 981 a
1062 929 1216 982 alicui
1245 929 1274 982 b
1310 930 1514 993 inesse,
1557 936 1825 995 sumptum
1856 935 1939 980 est

362 1035 539 1078 autem
584 1040 611 1075 c
639 1040 669 1075 a
696 1022 909 1091 quidem
938 1020 1070 1072 nulli
1096 1060 1111 1085 ,
1159 1021 1186 1072 ὁ
1210 1028 1383 1071 autem
1412 1017 1559 1079 omni
1580 1058 1597 1082 ,
1630 1018 1733 1071 hoc
1760 1025 1935 1070 autem

366 1114 536 1167 ntedia
569 1112 752 1180 ﬁgura.
796 1110 1058 1164 Similiter
1103 1118 1280 1163 autem
1320 1119 1370 1162 et
1403 1108 1580 1160 sinon
1621 1106 1938 1160 universalis

361 1203 431 1255 sit
458 1199 884 1263 demonstratio,
915 1213 1036 1253 nam
1082 1197 1394 1268 ltypotltesis
1415 1196 1629 1265 quidem
1662 1198 1761 1251 erit
1792 1195 1936 1249 omni

361 1294 388 1347 ὁ
437 1292 613 1347 inesse
641 1308 673 1345 a
693 1332 708 1356 ,
739 1299 1008 1359 sumptum
1040 1298 1122 1343 est
1149 1300 1326 1342 autem
1374 1305 1401 1340 c
1440 1304 1469 1339 a
1500 1286 1713 1356 quidem
1760 1285 1888 1338 nulli
1919 1327 1935 1352 ,

359 1387 388 1439 lt
426 1396 605 1440 autem
640 1385 799 1437 alicui
831 1423 846 1447 ,
879 1384 979 1435 ttoc
1008 1390 1186 1435 autem
1231 1380 1402 1433 media
1453 1379 1636 1446 ﬁgura.
1693 1376 1939 1430 Manifes-

362 1487 473 1531 tum
532 1489 661 1543 ergo
692 1473 941 1543 quoniam
974 1485 1070 1539 per
1103 1470 1319 1524 eosdem
1377 1468 1633 1522 terminos
1661 1475 1715 1520 et
1760 1474 1940 1519 osten‘

361 1567 476 1622 sive
528 1574 612 1620 est
661 1564 1030 1619 demonstrare
1086 1561 1497 1629 unumquodque
1567 1557 1939 1626 propositum,

360 1667 416 1713 et
464 1671 560 1727 per
606 1654 957 1723 impossibile.
1014 1652 1270 1708 Similiter
1316 1659 1490 1704 autem
1540 1658 1680 1712 er.t,
1728 1657 1937 1702 etcum

362 1750 473 1801 sint
504 1744 759 1799 ostensivi
796 1742 1107 1812 syllogismi.
1144 1741 1208 1793 ad
1237 1738 1564 1808 impossibile
1590 1737 1853 1791 deducere
1885 1736 1937 1790 in

2040 560 2162 613 dem
2187 559 2251 613 ad
2297 562 2343 625 b,
2387 576 2534 614 nunc
2581 571 2756 615 autent
2794 564 2856 617 ad
2888 581 2913 617 ο
2946 566 3344 621 afﬁrmativum.
3386 567 3451 620 Et
3479 567 3619 622 sisit

2040 667 2145 703 non
2192 651 2511 705 universalis
2549 652 2713 706 altera
2744 657 3054 721 propositio,
3093 658 3373 721 similiter;
3407 673 3619 726 semper

2037 743 2178 796 enim
2213 742 2447 796 medium
2479 751 2598 807 est,
2646 745 2788 811 quod
2836 746 2902 797 ab
2940 749 3106 799 altero
3135 748 3346 816 quidem
3374 751 3618 817 negatire

2037 833 2250 898 dicitur,
2284 834 2351 887 de
2397 835 2565 888 altero
2618 850 2743 887 vero
2773 835 3111 892 afﬁrmative.
3161 838 3335 904 Quare
3357 839 3617 905 contingit

2038 926 2282 994 Opposita
2312 926 2526 993 quidem
2560 925 2740 992 perlici
2768 969 2781 990 ,
2831 941 2935 978 non
2974 935 3151 980 autem
3182 944 3416 996 semper.
3445 945 3618 998 neque

2038 1018 2278 1079 omnino,
2312 1017 2405 1070 sed
2437 1018 2515 1070 sic
2541 1032 2601 1070 se
2624 1015 2875 1080 habeant,
2908 1031 3025 1085 qua:
3053 1026 3177 1070 sunt
3203 1019 3302 1071 sub
3330 1021 3525 1087 medio,
3560 1029 3618 1073 ut.

2038 1109 2121 1160 vel
2155 1106 2342 1161 eadem
2384 1108 2493 1159 sint
2519 1146 2532 1171 ,
2580 1108 2661 1159 vel
2696 1116 2861 1160 totum
2888 1107 2953 1160 ad
2984 1116 3222 1176 partem;
3259 1107 3410 1162 aliter
3440 1119 3615 1164 autem

2039 1196 2389 1265 impossibile,
2423 1214 2527 1250 non
2561 1198 2702 1251 enim
2745 1208 2903 1255 erunt
2934 1199 3331 1267 prapositiones
3374 1201 3481 1253 ullo
3504 1216 3617 1254 mo-

2037 1287 2128 1351 do,
2154 1302 2327 1357 neque
2355 1288 2659 1353 contrariae,
2692 1303 2863 1357 neque
2892 1284 3171 1357 oppositae.

2612 1399 2837 1454 CAPUT
2880 1400 3040 1454 XVII.

2220 1486 2295 1540 De
2321 1488 2618 1558 syllogismo
2651 1506 2711 1542 ex
2733 1492 2974 1558 oppositis
2997 1491 3051 1543 in
3076 1492 3225 1543 tertia
3251 1492 3435 1560 figura.

2114 1578 2166 1631 lu
2182 1581 2338 1632 tertia
2358 1590 2487 1632 vero
2507 1581 2672 1648 ﬁgura
2688 1580 3035 1633 afﬁrmativus
3046 1580 3261 1649 quidem
3276 1582 3616 1651 syllogismus
3687 1579 3696 1588 ’

2039 1683 2305 1735 nunquam
2352 1669 2454 1720 erit
2506 1685 2568 1722 ex
2620 1671 2879 1735 oppositis
2923 1671 3369 1737 propositionibus
3400 1682 3616 1739 propter

2038 1772 2252 1811 causam
2283 1758 2478 1812 dictam
2498 1797 2512 1821 ,
2545 1767 2599 1813 et
2629 1760 2678 1812 in
2709 1760 2873 1826 prima
2900 1760 3085 1827 ﬁgura.
3124 1760 3408 1828 Negativus
3436 1772 3614 1816 autem

361 1835 606 1889 terminis
655 1832 880 1901 sumptis
901 1870 923 1897 ,
970 1830 1186 1899 quando
1219 1830 1457 1898 opposita
1489 1827 1784 1897 pwpositio
1813 1842 1938 1880 con-
1969 1835 2003 1894 Ε

2042 1850 2142 1903 erit
2168 1850 2536 1919 syllogismus,
2563 1860 2617 1903 et
2643 1851 3061 1915 rniversalilius,
3093 1861 3146 1906 et
3173 1867 3278 1906 non
3305 1853 3616 1906 universali-

358 1925 584 1979 clusioni
634 1933 842 1991 sumpta
893 1920 1087 1985 fuerit,
1140 1935 1262 1972 nam
1287 1920 1421 1970 ﬁunt
1448 1917 1606 1971 iidem
1635 1916 1931 1988 syllogismi

362 2015 427 2068 iis
453 2016 543 2083 qui
574 2020 698 2068 sunt
746 2027 841 2081 per
885 2010 1291 2064 COItVEl‘sIOttcm
1317 2050 1332 2074 ,
1369 2023 1535 2077 quare
1563 1997 1739 2062 statim
1772 2006 1933 2061 habe-

360 2119 482 2159 mus
509 2113 560 2159 et
604 2104 798 2172 ﬁguras
830 2116 923 2171 per
963 2116 1093 2171 quas
1131 2099 1543 2170 unumquodque
1583 2100 1705 2153 erit.
1753 2098 1933 2151 Palam

359 2210 486 2263 ergo
548 2194 796 2263 quoniam
854 2207 1015 2247 omne
1087 2191 1414 2261 propositum
1482 2189 1778 2243 ostenditur
1841 2203 1935 2258 per

359 2297 613 2355 utrosque
644 2286 833 2339 modos
861 2295 914 2339 et
957 2299 1052 2353 per
1094 2283 1423 2350 impossibile
1469 2291 1523 2336 et
1560 2282 1849 2347 osteusive,
1882 2290 1935 2336 et

362 2391 464 2431 non
494 2375 750 2444 contingit
783 2374 1022 2442 separari
1055 2373 1282 2427 alterum
1315 2372 1383 2425 ab
1409 2371 1594 2426 altero.

957 2476 1183 2531 CAPUT
1225 2476 1341 2530 XV.

708 2572 782 2624 De
814 2571 1202 2625 ratiocinatione
1227 2586 1289 2623 (at
1319 2570 1581 2640 appositis.

431 2662 487 2717 In
518 2679 617 2732 qua
648 2675 825 2718 antem
863 2665 1026 2732 ﬁgura
1057 2672 1137 2715 est
1162 2677 1228 2716 ex
1268 2661 1526 2730 oppositis
1559 2659 1935 2729 propositioni-

360 2754 459 2806 bus
505 2752 841 2822 syllogizare,
880 2761 936 2806 et
982 2751 1036 2805 in
1064 2766 1164 2819 qua
1196 2765 1301 2804 non
1332 2761 1447 2815 est,
1479 2751 1555 2804 sic
1580 2751 1682 2803 erit
1706 2749 1935 2805 manife-

359 2853 521 2895 stum.
563 2841 695 2895 Dico
721 2854 899 2896 autem
947 2843 1223 2911 oppositas
1248 2854 1366 2894 esse
1394 2840 1806 2909 propositiones,
1851 2852 1937 2907 see

357 2936 591 2989 cundum
614 2936 935 2990 locutionem
955 2934 1170 3002 quidem
1192 2943 1445 3002 quatuor,
1470 2941 1528 2985 ut
1544 2932 1687 2986 omni
1709 2940 1763 2986 et
1786 2931 1936 2998 nulli,

358 3037 413 3081 et
450 3028 597 3081 omni
637 3038 691 3081 et
721 3042 827 3081 non
862 3026 1044 3089 omni,
1099 3035 1150 3080 et
1181 3026 1338 3079 alicui
1369 3034 1422 3077 et
1454 3024 1606 3087 nulli,
1632 3032 1685 3077 et
1705 3024 1857 3076 alicui
1886 3032 1940 3077 et

360 3136 465 3173 non
495 3121 652 3174 alicui
684 3120 891 3185 inesse;
940 3118 1233 3174 secundum
1274 3118 1551 3171 veritatem
1594 3127 1770 3171 autem
1805 3126 1936 3183 tres,

2037 1940 2135 1995 bus
2165 1941 2427 1993 terminis.
2478 1941 2557 1994 Sit
2585 1940 2725 1993 enim
2755 1941 3031 2008 disciplina
3060 1942 3110 1993 in
3140 1956 3246 2010 quo
3278 1943 3306 1994 lt
3334 1951 3387 1995 et
3417 1958 3464 2008 ε,
3497 1957 3616 1994 me-

2036 2030 2211 2084 dicina
2239 2039 2415 2084 autem
2447 2030 2498 2083 in
2526 2046 2630 2099 quo
2655 2047 2721 2095 a;
2750 2033 2793 2084 si
2825 2046 2952 2099 ergo
2981 2042 3155 2085 sumat
3202 2046 3416 2086 omnem
3445 2031 3615 2085 medi-

2036 2123 2210 2176 cinam
2251 2116 2630 2191 disciplinam,
2680 2132 2735 2177 et
2777 2124 2971 2176 nullam
3011 2124 3328 2177 medicinam
3372 2123 3611 2191 discipli-
3650 2112 3655 2115 ’

2038 2230 2182 2281 nam,
2208 2216 2235 2267 b
2254 2216 2399 2268 omni
2426 2231 2458 2267 a
2485 2215 2733 2282 sumpsit,
2757 2222 2811 2267 ct
2834 2230 2861 2267 c
2884 2215 3011 2267 nulli
3037 2232 3087 2275 a,
3120 2229 3283 2282 quare
3311 2215 3415 2268 erit
3436 2214 3610 2282 aliqua

2036 2305 2317 2374 disciplina
2348 2322 2451 2358 non
2483 2306 2781 2373 disciplina.
2832 2305 3095 2358 Similiter
3129 2313 3304 2357 autem
3345 2316 3397 2359 et
3424 2308 3469 2358 si
3503 2320 3607 2358 non

2038 2397 2408 2450 unlversaliter
2459 2404 2670 2473 sumpta
2717 2394 2788 2448 sit
2834 2394 2920 2447 ab
2971 2395 3284 2463 propositio,
3316 2409 3437 2447 nam
3466 2395 3507 2448 si
3529 2402 3611 2449 est

2035 2489 2211 2558 aliqua
2242 2489 2502 2543 medicina
2531 2487 2834 2555 disciplina,
2866 2498 2920 2541 et
2943 2502 3151 2543 rursum
3179 2488 3318 2539 nulla
3347 2487 3608 2557 medicina

2036 2578 2346 2647 disciplina,
2394 2577 2590 2631 accidit
2618 2576 2955 2646 disciplinam
2991 2577 3218 2644 aliquam
3251 2592 3354 2629 non
3384 2590 3503 2630 esse
3532 2576 3613 2629 di-

2035 2667 2338 2736 sciplinam.
2379 2669 2516 2721 Sunt
2543 2676 2719 2721 autem
2745 2665 3119 2719 univerSaliter
3147 2665 3360 2733 quidem
3386 2667 3612 2732 sumptis

2039 2760 2279 2816 terminis
2328 2761 2608 2814 contraria:
2638 2760 3063 2828 propositiones,
3102 2762 3145 2811 si
3174 2768 3349 2811 autem
3384 2757 3613 2824 particu-

2040 2854 2167 2908 laris
2194 2852 2362 2906 altera
2393 2853 2495 2917 sit,
2523 2851 2805 2921 oppositm.
2854 2851 3077 2918 Oportet
3106 2860 3283 2903 autem
3315 2850 3451 2901 scire
3481 2863 3614 2915 quo-

2040 2944 2181 2998 niam
2226 2942 2483 3011 contingit
2522 2943 2765 3009 Opposita
2809 2943 2886 2996 sic
2927 2953 3137 2994 sumere
3164 2939 3610 3007 quemadmodum

2039 3034 2293 3099 diximus,
2318 3048 2528 3087 omnem
2556 3033 2889 3099 disciplinam
2917 3029 3208 3093 studiosam
3236 3041 3378 3092 esse,
3414 3036 3467 3080 et
3497 3042 3613 3079 rur-

2042 3144 2158 3181 sum
2205 3126 2406 3180 nullam
2449 3134 2539 3177 aut
2585 3124 2812 3191 aliquam
2854 3139 2956 3175 non
2987 3133 3107 3176 esse
3129 3120 3443 3184 studiosam,
3472 3117 3612 3185 quod

361 3224 482 3263 nam
528 3209 680 3263 alicui
726 3222 780 3265 et
825 3224 931 3264 non
964 3208 1123 3262 alicui
1164 3207 1455 3262 secundum
1489 3200 1807 3260 locutionem
1836 3220 1934 3273 op-
1968 3192 2003 3253 C

2044 3232 2148 3270 non
2171 3217 2306 3270 solet
2338 3216 2502 3269 lat-re
2525 3230 2540 3278 ;
2568 3216 2665 3267 erit
2688 3223 2862 3267 autem
2890 3227 2983 3279 per
3010 3212 3142 3263 alias
3169 3210 3614 3275 interrogationes

362 3311 630 3368 ponuntur
667 3302 879 3365 solum;
922 3301 1106 3355 harum
1146 3309 1323 3353 autem
1367 3300 1661 3353 contrarias
1716 3296 1930 3365 quidem

361 3392 708 3457 universales,
763 3392 906 3445 omni
935 3392 1063 3446 nulli
1104 3392 1280 3444 ines~e
1306 3430 1320 3454 ,
1372 3398 1429 3441 ut
1458 3402 1669 3441 omnem
1700 3384 1937 3454 discipli-

360 3501 478 3538 nam
519 3499 640 3540 esse
675 3485 1007 3550 studiosam,
1055 3482 1250 3538 nu'lam
1293 3496 1412 3536 esse
1440 3481 1755 3543 studiosam,
1801 3478 1934 3532 alias

362 3591 488 3630 vero
519 3577 811 3645 oppositas.
854 3575 909 3630 ln
938 3575 1106 3644 prima
1136 3574 1294 3642 igitur
1325 3572 1487 3640 ﬁgura
1512 3588 1614 3624 non
1641 3556 1726 3625 est
1750 3585 1814 3625 ex
1837 3585 1936 3638 op-

363 3669 548 3736 positis
596 3668 1049 3737 propositionibus
1094 3666 1434 3736 syllogismus
1457 3708 1469 3729 ,
1501 3680 1669 3731 neque
1697 3665 1936 3717 altittna-

362 3759 530 3823 tivus,
584 3775 755 3829 neque
797 3759 1103 3828 negativus;
1144 3758 1495 3811 allirmativus
1522 3756 1771 3824 quidem,
1810 3769 1939 3824 quo-

363 3851 502 3904 niam
526 3860 735 3918 oportet
756 3861 1006 3917 utrasque
1024 3849 1365 3903 al'lirmativas
1386 3862 1505 3901 esse
1529 3848 1935 3916 propositiones,

367 3941 629 4007 opposita:
664 3950 840 3994 autem
864 3940 1147 3994 altirmatio
1177 3950 1231 3993 et
1256 3940 1504 4007 negatio;
1539 3939 1823 4005 privativns
1848 3952 1942 3989 au-

365 4040 498 4094 tem,
527 4031 775 4098 quoniam
802 4030 1059 4098 opposita:
1083 4030 1296 4097 quidem
1329 4029 1464 4083 idem
1497 4029 1561 4081 de
1589 4028 1777 4082 eodem
1809 4043 1943 4094 prae-

363 4122 542 4175 dicant
593 4130 645 4175 et
686 4130 900 4189 negant,
935 4123 984 4175 in
1017 4122 1184 4190 prima
1225 4131 1399 4174 autent
1450 4122 1683 4175 medium
1722 4136 1825 4174 non
1851 4120 1939 4173 di-

362 4214 501 4266 citur
541 4213 608 4266 de
638 4214 895 4282 utrisque,
936 4212 1028 4265 sed
1067 4213 1131 4266 de
1162 4211 1252 4265 illo
1278 4211 1490 4280 quidem
1522 4212 1665 4265 aliud
1696 4222 1938 4280 negatur,

362 4304 501 4359 idem
536 4314 712 4359 autem
745 4307 812 4359 de
852 4307 956 4359 a'io
986 4304 1325 4373 pratdicatur,
1376 4303 1457 4356 lia:
1484 4316 1611 4356 vero
1640 4316 1745 4357 non
1776 4316 1945 4371 oppo-

363 4408 576 4452 ﬂllllllll'.

949 4489 1173 4544 CAPUT
1215 4487 1351 4543 XVI.
1436 4548 1439 4551 _

467 4577 541 4629 De
565 4579 950 4637 ratiocinatione
975 4595 1036 4632 ea:
1058 4579 1302 4648 appositis
1324 4578 1375 4630 in
1402 4575 1625 4630 secunda
1655 4576 1841 4647 ﬁgura.

436 4679 491 4731 In
526 4680 695 4733 media
726 4691 901 4733 autem
933 4682 1121 4748 ﬁgura,
1154 4689 1208 4753 et
1232 4694 1295 4733 ex
1325 4678 1616 4746 cippo-itis,
1642 4685 1695 4731 et
1723 4691 1786 4730 ex
1814 4690 1941 4729 con-

368 4770 544 4822 trariis
573 4772 835 4839 contingit
878 4772 993 4825 ﬁeri
1030 4771 1417 4840 syllogismum.
1467 4770 1545 4823 Sit
1573 4768 1716 4822 cnim
1750 4769 1944 4820 bonum
2000 4828 2003 4829 ν

363 4864 576 4933 quidem
609 4866 661 4917 in
689 4881 884 4933 quo_a,
932 4865 1209 4930 disciplina
1240 4874 1414 4918 autem
1454 4866 1505 4917 in
1539 4876 1643 4931 quo
1670 4861 1697 4914 b
1726 4868 1868 4922 etc;
1900 4857 1947 4911 si

362 4972 489 5025 ergo
513 4974 726 5011 omnem
759 4960 1092 5027 disciplinam
1133 4958 1431 5011 studiosam
1473 4955 1727 5025 sumpsit,
1756 4960 1811 5006 et
1837 4950 1946 5005 nul-

365 5050 492 5115 lam,
518 5067 547 5102 a
570 5052 707 5106 inest
735 5054 877 5105 omni
911 5052 958 5118 b,
990 5062 1040 5106 et
1075 5053 1205 5105 nulli
1239 5070 1285 5115 ε,
1315 5066 1478 5121 quare
1510 5050 1537 5102 ὁ
1562 5050 1688 5103 nulli
1722 5064 1768 5111 c,
1801 5045 1942 5100 nulla

363 5154 491 5208 ergo
544 5141 819 5210 disciplina
852 5142 1139 5209 disciplina
1169 5154 1269 5195 est.
1328 5142 1585 5196 Similiter
1613 5150 1789 5193 autem
1820 5147 1871 5190 et
1900 5136 1947 5189 si

362 5244 576 5284 omnem
624 5243 841 5286 sumens
887 5233 1178 5286 studiosam
1220 5232 1591 5299 disciplinam,
1627 5229 1943 5283 medicinam

362 5322 492 5374 vero
520 5339 624 5374 non
649 5323 942 5376 studiosam
972 5323 1233 5390 sumpsit,
1280 5339 1401 5375 nrtm
1430 5339 1458 5373 a
1485 5321 1512 5373 ὁ
1542 5322 1749 5387 quidem
1777 5318 1942 5383 omni,

363 5428 390 5461 c
418 5423 595 5464 autem
627 5413 782 5475 nulli,
816 5429 980 5480 quare
1010 5413 1182 5480 aliqua
1215 5413 1495 5480 disciplina
1525 5425 1627 5463 non
1657 5410 1759 5462 erit
1790 5407 1947 5460 disci-

366 5500 533 5570 plina.
579 5500 642 5551 Et
684 5501 726 5551 si
766 5518 794 5551 a
824 5516 849 5551 c
872 5503 1087 5569 quidem
1118 5505 1261 5555 omni
1282 5543 1296 5565 ,
1325 5504 1351 5555 b
1382 5511 1555 5554 autem
1586 5500 1730 5561 nulli,
1759 5505 1838 5551 est
1861 5510 1951 5547 au-

367 5588 475 5645 tem
506 5589 534 5642 ὁ
580 5590 795 5656 quidem
829 5590 1130 5657 disciplina,
1180 5609 1206 5644 c
1236 5602 1411 5646 autem
1450 5592 1735 5657 medicina,
1766 5606 1795 5641 α
1826 5602 1952 5640 vero

366 5681 568 5751 opinio,
597 5679 792 5732 nnl'am
821 5680 961 5731 enim
998 5680 1336 5750 disciplinam
1369 5682 1672 5751 opinionem
1711 5692 1951 5740 sumens,

368 5774 597 5845 sumpsit
627 5772 861 5843 aliquam
889 5771 1226 5842 disciplinam
1257 5789 1377 5830 esse
1402 5774 1737 5845 opinionem.
1770 5769 1952 5828 Diﬂert

2038 3308 2356 3378 syllogizare
2403 3307 2658 3368 alterum,
2710 3314 2763 3355 et
2810 3298 3256 3368 quemadmodum
3303 3301 3352 3349 in
3403 3297 3615 3364 Topicis

2038 3402 2237 3456 dictum
2267 3408 2382 3467 est,
2410 3412 2639 3453 sumere.
2701 3395 2962 3461 Q'uouiam
2995 3404 3168 3445 autem
3197 3388 3611 3442 afﬁrmatiouum

2038 3492 2403 3561 oppositiones
2448 3498 2571 3542 sunt
2609 3498 2739 3550 tres,
2783 3487 2962 3541 sexies
3002 3483 3193 3538 accidit
3237 3480 3476 3550 opposita
3522 3493 3615 3530 su-

2041 3600 2213 3648 mere,
2240 3592 2331 3637 aut
2359 3586 2502 3635 omni
2548 3591 2602 3636 et
2642 3580 2790 3644 nulli,
2816 3590 2903 3632 aut
2934 3579 3076 3632 omni
3102 3586 3153 3630 et
3186 3590 3292 3627 non
3322 3572 3489 3639 omni,
3524 3582 3617 3627 aut

2040 3678 2194 3731 alicui
2235 3686 2286 3728 et
2334 3676 2496 3736 nulli;
2539 3686 2590 3728 et
2636 3674 2737 3726 lioc
2779 3671 3018 3725 converti
3070 3670 3120 3721 in
3167 3665 3445 3729 terminis,
3495 3671 3613 3714 uta

2040 3766 2186 3820 omni
2237 3765 2265 3817 b
2312 3774 2364 3818 et
2405 3765 2535 3815 nulli
2590 3780 2635 3824 ε,
2683 3772 2767 3813 aut
2820 3759 2963 3813 omni
2996 3775 3020 3810 c
3058 3766 3107 3808 ut
3137 3755 3260 3808 nulli
3292 3754 3340 3819 ὁ,
3374 3760 3464 3806 aut
3495 3750 3616 3803 huic

2040 3856 2257 3925 quidem
2304 3855 2487 3917 omni,
2546 3853 2621 3905 illi
2670 3866 2798 3905 vero
2838 3866 2940 3903 nun
2981 3847 3156 3908 omni,
3190 3857 3237 3898 et
3264 3858 3475 3896 rursum
3518 3840 3617 3894 hoc

2041 3949 2280 4002 converti
2313 3945 2603 4000 secundum
2638 3942 2930 4000 terminos;
2972 3936 3214 3988 similiter
3252 3944 3428 3985 autent
3467 3941 3518 3985 et
3565 3932 3617 3985 in

2044 4041 2196 4094 tertia
2224 4040 2409 4106 ﬁgura.
2452 4037 2626 4102 Quare
2660 4032 2997 4085 manifestum
3022 4036 3103 4079 est
3130 4035 3180 4076 et
3212 4026 3420 4091 quoties
3464 4032 3518 4073 et
3564 4024 3616 4073 in

2042 4129 2236 4197 quibus
2277 4127 2459 4195 ﬁguris
2499 4133 2623 4176 cont
2654 4123 2764 4183 ngit
2808 4132 2900 4183 per
2927 4114 3197 4181 oppositas
3230 4109 3617 4177 propositiones

2046 4222 2157 4273 ﬁeri
2184 4217 2572 4288 syllogismum.
2620 4208 2951 4263 Minifestum
2983 4212 3065 4258 est
3088 4201 3334 4269 quoniam
3367 4214 3435 4251 ex
3473 4198 3619 4251 falsis

2043 4322 2126 4366 est
2179 4326 2359 4364 terum
2403 4306 2755 4378 syttogizare,
2799 4294 3243 4366 quemadmodum
3285 4290 3484 4345 dictum
3533 4298 3617 4341 est

2048 4407 2226 4475 prius;
2274 4420 2335 4456 ex
2386 4400 2645 4469 oppositis
2690 4405 2863 4448 autem
2917 4406 3027 4463 non
3069 4395 3189 4452 e-t,
3232 4398 3443 4450 semper
3474 4396 3615 4439 cnnu

2046 4499 2341 4552 contrarius
2391 4493 2727 4565 syllogismus
2778 4488 2831 4540 ﬁt
2874 4484 2945 4536 rei
2992 4483 3141 4550 (utsi
3181 4490 3259 4532 est
3288 4482 3478 4529 Ιιοιιιιιιι
3514 4488 3616 4527 non

2048 4606 2168 4645 esse
2198 4590 2392 4642 bonum
2422 4628 2436 4650 ,
2488 4593 2575 4636 aut
2622 4583 2663 4634 si
2691 4576 2883 4632 animal
2910 4589 3012 4626 non
3042 4569 3261 4635 animal)
3289 4584 3352 4620 eo
3384 4565 3519 4635 quod
3554 4580 3617 4619 cx

2049 4680 2470 4745 contradiitione
2514 4684 2595 4728 est
2639 4667 2997 4739 syllogismus,
3040 4673 3091 4716 et
3138 4659 3362 4725 subjecti
3413 4656 3620 4710 termini

2050 4784 2141 4827 aut
2169 4771 2328 4825 iidem
2377 4773 2536 4829 sunt,
2588 4769 2679 4814 aut.
2708 4758 2791 4810 ltic
2818 4753 3027 4822 quidem
3072 4761 3235 4803 tntttut
3264 4791 3277 4810 ,
3324 4749 3414 4801 ille
3444 4756 3621 4800 autem

2055 4879 2196 4934 pars.
2243 4858 2421 4912 Palam
2471 4861 2644 4907 autem
2692 4848 2940 4915 quoniam
2988 4845 3038 4895 in
3080 4838 3445 4908 paralngismis
3492 4835 3623 4889 nihil

2054 4928 2303 5024 prohibet
2334 4947 2446 5002 ﬁeri
2475 4942 2832 5015 ltypotlteseos
2857 4935 3353 4992 contradictionem,
3387 4938 3441 4982 ut
3469 4928 3513 4981 si
3546 4934 3624 4980 est

2054 5018 2226 5114 impar
2276 5057 2378 5094 nou
2442 5051 2562 5091 esse
2594 5036 2784 5100 impar,
2840 5045 2957 5081 nam
3003 5042 3065 5079 ex
3100 5022 3357 5091 oppositis
3386 5018 3599 5087 proposi

2056 5133 2288 5187 tionibus
2343 5126 2638 5185 contratius
2690 5123 2792 5176 erit
2827 5118 3194 5188 syllogismus;
3221 5115 3263 5166 si
3294 5126 3420 5175 ergo
3447 5121 3625 5173 sump-

2052 5228 2183 5282 serit
2215 5224 2318 5278 hoc
2348 5222 2528 5281 modo,
2562 5216 2923 5286 ltypotlieseos
2949 5213 3045 5264 erit
3073 5205 3438 5262 contradicﬁo.
3466 5203 3627 5268 Opor-

2055 5330 2125 5371 tet
2177 5327 2352 5370 autem
2394 5309 2739 5366 considerare
2783 5305 3031 5373 quoniam
3062 5302 3138 5354 sic
3168 5297 3380 5367 quidem
3412 5308 3515 5347 non
3544 5299 3628 5345 est

2055 5406 2317 5460 COIIII'IIIIJ
2350 5401 2669 5456 concludere
2700 5412 2761 5449 ex
2794 5409 2899 5447 uno
2925 5392 3231 5462 syllogismo
3273 5387 3366 5456 (ut
3408 5385 3475 5437 sit
3501 5396 3629 5434 cou-

2056 5497 2221 5550 clnsio
2256 5494 2502 5562 quoniam
2568 5503 2669 5541 non
2716 5494 2797 5538 εει
2851 5483 3067 5544 bonum,
3117 5479 3311 5531 bonum
3356 5484 3445 5526 aut
3486 5468 3631 5524 aliud

2058 5586 2307 5654 quiddam
2362 5582 2511 5650 tale),
2547 5578 2645 5631 nisi
2678 5574 2859 5629 statim
2887 5568 3191 5639 Itnjusmodi
3224 5564 3515 5636 propositio
3545 5577 3633 5621 su-

2060 5688 2250 5740 matur,
2287 5688 2340 5729 ut
2383 5687 2541 5727 omne
2574 5669 2765 5723 animal
2816 5680 2938 5720 esse
2970 5664 3145 5715 album
3191 5668 3244 5713 et
3288 5674 3395 5711 non
3427 5656 3631 5717 album,

2063 5769 2329 5821 hominem
2380 5775 2558 5818 autem
2615 5757 2809 5814 animal
2838 5796 2851 5821 ,
2886 5755 2979 5810 sed
3007 5753 3084 5808 vel
3116 5764 3390 5805 assumere
3419 5757 3633 5818 oportet
