4296 6266
696 362 799 418 705

1925 359 2035 414 ΑΝ.
2079 357 2285 414 MANL.
2328 326 2479 412 sev.
2521 356 2744 410 nomn

3860 346 3961 404 γυι

696 475 1207 544 contradictionem,
1239 485 1296 530 ut
1334 476 1582 545 quoniam
1625 472 1797 527 omnis
1839 470 2115 537 disciplina
2148 470 2262 538 opi-
2298 475 2346 531 Α
2374 478 2427 522 ει
2455 470 2506 521 in
2567 471 2756 535 prima,
2791 466 3036 535 negative
3075 474 3252 521 autem
3294 461 3509 533 quando
3555 458 3738 515 eadem
3765 460 3833 514 ab
3861 474 3955 515 eo-

695 569 787 621 nio
811 577 864 621 ct
896 581 1001 619 non
1050 568 1271 637 opinio,
1305 568 1496 621 deinde
1541 579 1753 618 sumere
1801 563 2046 631 quoniam
2105 561 2272 614 medi-

694 657 817 710 cina
866 657 1147 724 disciplina
1193 658 1404 723 quidem
1450 664 1577 720 est.,
1624 653 1765 705 nulla
1811 662 1991 705 autem
2047 653 2271 719 opinio,

695 747 1146 815 quemadmodum
1199 743 1599 811 redargutiones
1652 742 1824 807 ﬁunt,
1853 742 1936 795 vel
1968 756 2033 795 ex
2064 740 2273 795 duobus

696 836 1046 904 syllogismis.
1090 835 1265 899 Quare
1298 847 1416 885 esse
1441 832 1655 900 quidem
1690 831 1956 885 contraria
1981 830 2274 884 secundum

697 929 977 981 veritatem
1000 943 1118 994 qua:
1143 936 1523 994 sumptasunt,
1551 942 1656 980 non
1688 934 1770 979 est
1798 926 1905 979 alio
1934 925 2093 980 modo
2113 939 2272 994 quam

697 1018 797 1072 hoc
824 1016 1265 1087 quemadmodum
1294 1018 1490 1070 dictum
1524 1026 1607 1071 est
1633 1017 1798 1085 prius.

1258 1128 1484 1183 CAPUT
1523 1128 1705 1182 XVIII.

1156 1216 1233 1270 De
1281 1220 1518 1285 petitione
1556 1218 1814 1285 principii.

765 1305 818 1357 In
846 1307 1108 1375 principio
1142 1320 1316 1361 autem
1351 1318 1529 1377 petere
1558 1320 1610 1364 et
1643 1311 1884 1377 accipere
1912 1314 1994 1360 est
2022 1305 2237 1375 quidem
2257 1346 2271 1370 ,

693 1401 749 1447 ut
771 1394 822 1447 in
847 1410 1067 1463 genere,
1102 1414 1314 1452 sumere
1342 1399 1394 1452 in
1417 1416 1482 1453 eo
1509 1399 1645 1468 quod
1671 1415 1774 1452 non
1806 1410 1886 1451 est
1911 1398 2275 1451 demonstare

692 1490 1043 1555 propositum.
1072 1489 1180 1543 Hoc
1197 1498 1373 1545 autem
1396 1489 1994 1558 acciditmultipliciter,
2016 1503 2135 1541 nam
2155 1500 2207 1542 et
2228 1487 2273 1540 si

691 1580 911 1635 omnino
941 1595 1045 1633 non
1076 1581 1446 1649 syllogizatur,
1492 1584 1612 1635 etsi
1647 1598 1740 1650 per
1786 1583 2046 1650 ignotiora
2079 1588 2170 1633 aut.
2197 1581 2269 1633 si.

694 1672 895 1725 utiliter
924 1673 1125 1738 ignota,
1158 1682 1210 1727 et
1241 1675 1283 1727 si
1336 1689 1429 1741 per
1456 1674 1748 1743 posteriora
1781 1674 1919 1741 quod
1973 1673 2119 1741 prius
2168 1682 2267 1737 est,

696 1760 1077 1815 demonstratio
1116 1765 1258 1816 enim
1304 1780 1368 1817 ex
1420 1766 1685 1832 prioribus
1729 1776 1779 1818 et
1830 1765 2126 1817 notioribus
2166 1772 2268 1816 est.

2376 558 2520 621 dem.
2554 568 2609 612 et
2639 574 2743 612 non
2794 559 3039 613 similiter
3081 568 3319 625 utrmque
3374 553 3788 622 propositiones,
3813 552 3960 605 simi--

2380 648 2501 701 liter
2529 658 2705 701 autem
2731 648 2861 701 etin
2895 649 3091 711 media,
3141 661 3206 699 eo
3251 645 3390 714 quod
3442 658 3545 696 non
3580 650 3962 693 convertuntur

2378 740 2590 793 termini
2619 739 2910 795 secundum
2942 738 3214 807 negativos
3252 734 3615 805 syllogismos.
3654 733 3747 785 Est
3784 740 3958 783 autem

2377 830 2431 883 in
2490 829 2750 897 principio
2795 836 2979 897 petere
3036 829 3088 880 in
3159 824 3707 879 demonstrationibus
3747 822 3959 888 quidem

2377 937 2496 991 qua:
2519 922 2808 975 secundum
2842 923 3119 974 veritatem
3148 918 3224 971 sic
3247 933 3305 970 se
3330 916 3555 977 habent,
3587 916 3639 968 in
3668 912 3963 968 dialecticis

2377 1020 2577 1076 autem,
2606 1027 2723 1080 qua:
2753 1010 3043 1066 secundum
3074 1009 3382 1077 Opinionem

2960 1123 3185 1178 CAPUT
3229 1122 3366 1175 XIX.

2610 1213 2686 1266 De
2722 1230 2822 1266 non
2864 1224 3071 1281 propter
3111 1214 3206 1264 hoc
3254 1211 3482 1264 accidere
3516 1209 3729 1279 falsum.

2450 1306 2564 1361 Non
2616 1316 2839 1376 propter
2888 1307 2990 1360 hoc
3034 1298 3506 1361 autem'accidere
3557 1305 3745 1356 falsum
3798 1301 3962 1369 (quod

2378 1413 2521 1467 sape
2585 1398 2637 1452 in
2693 1399 3146 1467 disputationibus
3206 1400 3437 1453 solemus
3492 1397 3696 1462 dicere)
3731 1393 3959 1463 primunt

2377 1487 2590 1555 quidem
2614 1496 2697 1541 est
2744 1489 2795 1541 in
2829 1490 2892 1542 iis
2949 1488 3040 1557 qui
3097 1488 3162 1541 ad
3222 1487 3550 1555 impossibile
3607 1486 3957 1556 syllogismis,

2377 1581 2589 1649 quando
2610 1580 2676 1634 ad
2706 1581 3187 1634 contradictionem
3211 1589 3293 1635 est
3318 1580 3476 1647 hujus
3504 1578 3642 1645 quod
3699 1586 3958 1631 monstra-

2378 1680 2485 1725 tum
2509 1683 2590 1725 est
2617 1689 2675 1726 ea
2703 1689 2822 1741 qtne
2850 1674 2914 1725 ad
2950 1672 3301 1740 impossibile.
3334 1672 3463 1725 Nam
3510 1685 3690 1738 neque
3718 1669 3806 1739 qui
3854 1683 3956 1720 non

2377 1765 2691 1817 contradicit
2716 1764 2843 1817 dicit
2870 1778 2973 1817 non
3007 1771 3225 1832 propter
3243 1765 3360 1827 hoc,
3384 1761 3474 1815 sed
3491 1762 3743 1829 quoniam
3763 1758 3953 1811 falsum

693 1849 891 1903 Horum
920 1866 1048 1920 ergo
1080 1854 1279 1905 nullum
1308 1864 1389 1907 est
1419 1864 1597 1921 petere
1631 1854 1771 1920 quod
1799 1869 1862 1908 ex
1887 1852 2147 1921 principio
2169 1863 2267 1917 est,
2304 1840 2350 1897 Β
2378 1862 2460 1906 εει
2489 1854 2685 1923 aliquid
2711 1854 2938 1923 positum
2967 1854 3225 1921 priorum,
3250 1867 3421 1919 neque
3452 1852 3501 1903 in
3534 1844 3823 1911 ostensi'va,
3852 1862 3956 1900 non

690 1942 785 1993 sed
814 1942 935 2008 quia
969 1943 1085 1995 hsce
1112 1944 1329 2010 quidem
1372 1954 1493 1996 nata
1526 1954 1647 1996 sunt
1680 1959 1771 2011 per
1801 1959 1859 1997 se
1887 1942 2156 2011 cognosci,
2184 1942 2277 1996 illa

691 2046 823 2086 vero
874 2050 966 2100 per
1015 2034 1115 2086 alia
1149 2038 1301 2104 (nam
1336 2035 1591 2103 principia
1642 2035 1855 2102 quidem
1887 2050 1980 2102 per
2023 2049 2117 2099 se,
2152 2051 2271 2104 quae

691 2132 867 2176 autem
891 2124 990 2176 sub
1013 2126 1309 2193 principiis,
1342 2141 1434 2192 per
1454 2126 1602 2194 alia),
1636 2124 1845 2189 quando
1874 2124 2012 2192 quod
2040 2141 2144 2179 non
2180 2141 2272 2193 per

690 2227 751 2266 se
782 2223 962 2265 notum
987 2226 1088 2278 est,
1124 2231 1217 2283 per
1249 2230 1309 2268 se
1337 2216 1527 2283 aliquis
1555 2224 1777 2267 conatur
1806 2216 2113 2281 ostendere,
2146 2224 2271 2269 tunc

693 2304 821 2371 petit
844 2304 983 2372 quod
1015 2320 1079 2359 ex
1113 2307 1368 2374 principio
1391 2314 1491 2358 est.
1521 2305 1627 2358 Hoc
1668 2315 1842 2360 autem
1873 2315 1955 2359 est
1983 2307 2061 2361 sic
2090 2307 2270 2362 facere

692 2399 907 2467 quidem
952 2410 1007 2452 ut
1033 2408 1210 2454 stat.m
1244 2402 1473 2469 postulet
1504 2402 1554 2454 id
1600 2402 1739 2469 quod
1776 2401 2100 2470 propositum
2142 2411 2226 2455 est
2257 2419 2268 2451 :

692 2492 951 2559 Contingit
983 2502 1158 2545 autem
1184 2504 1237 2545 et
1266 2496 1717 2561 transgredienes
1750 2502 1805 2546 et
1851 2495 1915 2545 ad
1949 2493 2051 2545 alia
2083 2507 2269 2547 eorum

691 2596 810 2649 qua:
844 2591 961 2633 nata
1012 2594 1135 2634 sunt
1169 2598 1262 2648 per
1310 2584 1397 2635 illa
1448 2585 1655 2636 ostendi
1704 2599 1798 2651 per
1830 2583 1944 2636 hac
1975 2593 2272 2636 monstrare

693 2670 831 2737 quod
859 2685 923 2723 ex
958 2671 1217 2739 principio
1246 2684 1349 2735 est,
1374 2684 1429 2725 ut
1457 2674 1500 2726 si
1533 2690 1565 2725 α
1595 2674 1905 2727 ostendatur
1934 2690 2028 2742 per
2074 2675 2126 2740 ὁ,
2158 2683 2213 2728 ει
2244 2674 2272 2726 b

695 2775 790 2826 per
813 2776 859 2821 ε,
882 2775 908 2811 c
935 2770 1110 2814 autem
1136 2774 1312 2815 natum
1343 2763 1408 2817 sit
1440 2765 1646 2817 ostendi
1679 2779 1771 2833 per
1802 2782 1853 2827 a,
1891 2766 2085 2818 accidit
2129 2766 2269 2819 enim

698 2851 837 2904 idem
864 2869 894 2904 a
924 2868 1017 2920 per
1044 2868 1103 2907 se
1135 2854 1503 2910 demonstrare
1532 2871 1623 2909 eos
1671 2858 1759 2925 qui
1810 2857 1887 2911 sic
1942 2859 2269 2927 syllogizant,

692 2941 832 3010 quod
862 2942 1060 2997 faciunt
1090 2944 1176 3012 qui
1207 2946 1485 3014 parallelos
1505 2947 1833 3000 arbitrantur
1879 2951 2136 3012 scribere,
2193 2951 2271 3001 la-

698 3041 810 3086 tent
837 3034 978 3087 enim
1010 3036 1106 3103 ipsi
1136 3037 1342 3103 seipsos
1365 3038 1485 3090 talia
1514 3048 1787 3093 sumentes
1818 3055 1936 3107 qua:
1960 3055 2065 3093 non
2095 3042 2275 3094 Valent

692 3124 1085 3195 demonstrare,
1120 3144 1240 3182 cum
1265 3144 1368 3183 non
1396 3132 1502 3183 sint
1540 3132 1830 3199 parallelte.
1861 3134 2038 3200 Quare
2084 3135 2275 3188 accidd

2372 1948 2512 2000 enim
2546 1949 2691 2015 ponit
2720 1947 2859 2014 quod
2892 1946 3231 2000 contradicit.
3260 1944 3502 2012 Amplius
3540 1951 3713 1995 autem
3744 1939 3960 2008 quando

2373 2038 2698 2092 interimitur
2724 2038 2922 2106 aliquid
2950 2038 3223 2091 ostensive
3251 2052 3346 2105 per
3372 2052 3402 2086 a
3441 2035 3468 2086 ὁ
3498 2051 3543 2099 c,
3578 2049 3681 2086 non
3704 2039 3787 2086 est
3811 2031 3958 2084 dice—

2372 2143 2430 2181 re
2454 2130 2704 2196 quoniam
2736 2145 2839 2181 non
2870 2120 3086 2196 propter
3110 2126 3245 2195 quod
3297 2127 3527 2194 positum
3558 2132 3640 2176 est
3669 2123 3840 2177 factus
3870 2131 3953 2175 est

2372 2221 2735 2289 syllogismus,
2772 2236 2890 2272 nam
2918 2236 3020 2272 non
3048 2228 3261 2286 propter
3292 2219 3391 2269 hoc
3423 2217 3534 2269 ﬁeri
3557 2225 3683 2268 tunc
3708 2213 3960 2277 dicimus,

2372 2314 2586 2381 quando
2616 2313 2941 2379 interempto
2975 2313 3074 2363 hoc
3100 2326 3132 2362 n
3159 2310 3444 2360 hilominus
3492 2306 3766 2373 perﬁcitur
3792 2304 3961 2373 syllo-

2372 2405 2589 2473 gismus,
2615 2402 2754 2471 quod
2788 2418 2891 2454 non
2924 2412 3004 2455 est
3035 2401 3085 2453 in
3117 2399 3424 2465 ostensivis,
3455 2397 3772 2464 interempta
3814 2396 3959 2448 enim

2373 2490 2753 2562 propositione,
2788 2480 2887 2547 nec
2914 2494 2999 2560 qui
3060 2492 3123 2545 ad
3177 2492 3312 2543 hanc
3339 2499 3421 2543 est
3452 2488 3553 2543 erit
3590 2487 3957 2558 syllogismus.

2374 2586 2704 2638 Manifestum
2737 2586 2893 2652 igitur
2924 2584 3176 2650 quoniam
3206 2584 3255 2634 in
3287 2582 3353 2633 iis
3379 2580 3469 2647 qui
3518 2578 3583 2631 ad
3631 2576 3963 2645 impOssibile

2373 2685 2497 2729 sunt
2544 2676 2735 2728 dicitur
2764 2691 2867 2727 non
2898 2684 3113 2743 propter
3143 2673 3267 2735 hoc,
3293 2680 3347 2725 et
3372 2670 3588 2740 quando
3618 2670 3693 2721 sie
3714 2683 3774 2722 se
3799 2668 3959 2721 habet

2376 2769 2441 2822 ad
2473 2766 2806 2835 impossibile
2849 2781 2968 2835 qua:
3020 2780 3084 2819 ex
3134 2762 3399 2832 principio
3426 2771 3507 2814 est
3542 2760 3870 2829 hypothesis,
3905 2768 3962 2811 ut

2378 2876 2500 2914 cum
2534 2861 2623 2924 sit,
2658 2861 2739 2913 vel
2772 2873 2891 2911 cum
2949 2874 3054 2911 non
3095 2857 3165 2909 sit
3197 2857 3331 2923 haec,
3367 2852 3713 2905 nihilominus
3768 2849 3961 2904 accidit

2380 2953 2734 3021 impossibile.
2764 2953 2904 3020 Ergo
2936 2948 3404 3004 manifestissiutus
3426 2947 3641 3015 quidem
3667 2944 3854 2997 modus
3880 2951 3960 2997 est

2379 3060 2483 3097 non
2520 3054 2740 3112 propter
2770 3041 3194 3110 suppositionem
3241 3052 3361 3091 esse
3406 3036 3619 3099 falsum,
3651 3032 3958 3102 quztndo'ab

2381 3135 2661 3216 hypothesi
2710 3134 3083 3202 inconjunctus
3114 3138 3197 3186 est
3224 3144 3255 3182 a
3285 3128 3472 3182 mediis
3522 3127 3864 3199 syllogismus
3891 3124 3954 3176 ad

698 3218 773 3270 sic
819 3219 986 3287 syllog
1010 3223 1253 3275 zantibus
1285 3224 1697 3292 unumquodque
1732 3239 1851 3277 esse
1886 3198 2080 3278 “dicere
2120 3226 2163 3277 si
2194 3234 2277 3278 est
2304 3198 2348 3259 (ἶ
2386 3198 2734 3296 im'possilz'i‘e,
2762 3198 2901 3294 quod
2929 3224 3126 3278 dictum
3156 3233 3239 3276 est
3267 3223 3316 3276 in
3347 3198 3594 3289 Topicis;
3627 3221 3766 3289 quod
3815 3219 3956 3273 enim

699 3318 1131 3380 unumquodque,
1163 3314 1240 3366 sic
1286 3324 1460 3367 autem
1494 3330 1653 3368 omne
1684 3316 1785 3369 erit
1833 3330 1925 3382 per
1978 3330 2036 3368 se
2068 3327 2274 3381 nottnn,

696 3400 833 3465 quod
864 3410 944 3453 est
973 3404 1321 3469 impossibile.
1347 3405 1543 3473 Siergo
1563 3406 1752 3471 siliquis
1777 3405 1981 3457 dubitat
2001 3418 2276 3472 assmnpto

696 3488 860 3539 dubio
888 3493 1136 3556 quoniam
1162 3509 1192 3543 α
1218 3495 1353 3546 iueSt
1384 3511 1432 3557 τ,
1462 3496 1705 3547 similiter
1740 3504 1794 3548 et
1824 3498 2069 3562 quoniam
2102 3496 2151 3557 ὁ.
2180 3511 2275 3564 pe-

701 3588 774 3631 tat
803 3590 980 3634 autem
1012 3588 1029 3633 ι
1056 3584 1230 3637 inesse
1258 3588 1303 3647 b,
1341 3586 1573 3638 nondum
1604 3586 1941 3640 manifestum
1970 3590 2011 3639 si
2036 3589 2176 3655 quod
2225 3590 2275 3644 in

698 3671 961 3737 principio
986 3683 1067 3725 est
1099 3684 1258 3742 petat,
1287 3676 1377 3729 sed
1424 3680 1674 3745 quoniam
1727 3694 1831 3732 non
1888 3682 2280 3736 drmonsmtvit

702 3760 1064 3826 manifestum,
1099 3779 1205 3817 non
1229 3766 1369 3819 enim
1404 3777 1481 3819 est
1514 3768 1829 3835 principiurn
1864 3770 2277 3825 demonstratio-

700 3851 803 3911 nis,
834 3850 970 3915 quod
990 3853 1235 3907 similiter
1263 3865 1343 3908 est
1362 3858 1641 3911 incertum.
1662 3859 1715 3912 Si
1735 3871 1913 3913 autem
1936 3862 1964 3913 b
1984 3860 2048 3914 ad
2074 3878 2100 3914 c
2121 3862 2199 3915 sic
2219 3876 2277 3914 se

701 3937 864 3991 habet
901 3948 959 3992 ut
989 3941 1127 3995 idem
1160 3946 1247 4009 sit,
1280 3956 1372 3999 aut
1416 3950 1751 4005 manifestum
1785 3954 1924 4022 quod
1955 3966 2279 4009 convertun-

702 4038 808 4093 tur,
853 4042 944 4083 aut
976 4034 1110 4087 inest
1156 4036 1380 4091 alterum
1413 4042 1587 4107 alteri,
1620 4045 1761 4111 quod
1788 4058 1789 4061 ‘
1812 4045 1864 4098 in
1910 4048 2170 4115 principio
2197 4058 2279 4102 est

701 4125 851 4191 petit,
882 4141 1002 4178 nam
1035 4136 1086 4179 ct
1116 4133 1365 4196 quoniam
1397 4148 1426 4184 a
1455 4134 1591 4187 inest
1617 4136 1665 4199 b,
1700 4152 1795 4205 per
1825 4138 1910 4190 illa
1964 4139 2279 4192 monstrabit

697 4215 742 4265 si
773 4226 1171 4281 convertantur,
1217 4236 1353 4275 nunc
1386 4233 1561 4277 autem
1601 4226 1700 4280 hoc
1741 4229 2004 4295 prohibet,
2047 4232 2139 4284 sed
2171 4245 2276 4284 non

701 4305 911 4359 modus.
946 4305 1001 4359 Si
1025 4317 1199 4360 autem
1232 4309 1333 4361 hoe
1362 4310 1536 4375 faciat,
1569 4317 1708 4380 quod
1750 4318 1950 4370 dictum
1985 4330 2063 4372 est
2098 4320 2271 4384 faciet,

698 4406 751 4445 et
784 4406 1061 4449 convertet
1094 4412 1186 4464 per
1218 4399 1313 4450 tria
1338 4440 1352 4457 .
1401 4399 1539 4452 simil
1568 4414 1648 4455 ter
1677 4414 1768 4457 aut
1805 4422 1853 4457 tn
1886 4418 1940 4459 et
1974 4409 2018 4460 si
2046 4410 2073 4459 b
2102 4418 2277 4461 sumat

700 4488 876 4542 inesse
931 4506 977 4557 c,
1029 4491 1168 4558 quod
1216 4491 1461 4545 similiter
1512 4495 1771 4549 incertum
1826 4498 1918 4563 sit,
1968 4510 2023 4553 ut
2054 4508 2110 4553 et
2153 4499 2197 4553 si
2243 4518 2274 4552 a

700 4579 835 4631 inest
864 4595 910 4645 c,
944 4583 1177 4635 nondum
1205 4582 1343 4651 quod
1374 4598 1436 4636 ex
1468 4586 1726 4653 principio
1773 4590 1923 4657 petit,
1957 4592 2049 4644 sed
2102 4606 2273 4661 neque

696 4669 1049 4726 demonstrat.
1081 4672 1137 4727 Si
1186 4684 1362 4727 autem
1412 4674 1550 4728 idem
1579 4678 1647 4731 sit
1678 4694 1708 4730 a
1739 4689 1791 4733 et
1822 4681 1871 4747 ὁ,
1922 4691 2011 4742 aut
2039 4697 2104 4735 eo
2130 4681 2269 4751 quod

695 4771 1106 4827 convertuntur,
1133 4776 1223 4817 aut
1244 4781 1308 4817 eo
1337 4766 1476 4834 quod
1511 4784 1541 4818 a
1577 4771 1815 4838 sequitur
1865 4772 1912 4823 ci
1942 4774 2080 4839 quod
2110 4782 2190 4826 e‘st
2220 4773 2268 4832 ι).
2304 4824 2311 4831 .

694 4850 834 4913 quod
867 4866 932 4904 ex
962 4854 1221 4921 principio
1242 4866 1324 4909 est
1355 4858 1486 4923 petit
1518 4870 1731 4925 promer
1758 4861 1998 4914 eamdem
2029 4878 2266 4928 causam,

697 4954 817 4992 nam
848 4956 910 4995 ex
943 4944 1202 5012 principio
1230 4949 1369 5012 quod
1401 4948 1560 5007 valet,
1591 4950 1734 5013 prius
1764 4950 1961 5003 dictum
2007 4962 2089 5005 est
2114 4970 2142 5005 a
2176 4969 2269 5006 no-

694 5028 795 5096 bis,
836 5035 1081 5100 quoniam
1118 5049 1210 5100 per
1243 5050 1301 5087 se
1333 5038 1721 5092 monstrabitur
1747 5042 1884 5106 quod
1932 5056 2035 5095 non
2068 5054 2148 5097 est
2177 5060 2272 5113 per

692 5134 751 5173 se
774 5124 1135 5178 manifestum.
1162 5126 1216 5181 Si
1246 5143 1374 5197 ergo
1400 5140 1479 5183 est
1506 5134 1556 5181 in
1593 5131 1855 5200 principio
1878 5142 2059 5199 petere
2092 5152 2183 5203 per
2214 5154 2271 5191 se

694 5225 991 5270 monstrare
1042 5220 1181 5285 quod
1240 5236 1344 5273 non
1407 5236 1500 5289 per
1530 5237 1587 5276 se
1615 5232 1696 5277 est
1742 5226 2121 5291 manifestum,
2171 5230 2269 5285 hoc

691 5312 867 5357 autem
892 5318 969 5360 est
1001 5324 1103 5362 non
1136 5311 1420 5367 ostendere
1450 5315 1661 5382 quando
1692 5316 1937 5371 similiter
1964 5320 2270 5375 dubitantur

691 5398 831 5462 quod
884 5414 1208 5457 monstratur
1260 5415 1313 5459 et
1361 5422 1455 5474 per
1495 5410 1634 5476 quod
1686 5420 2031 5478 monstratur,
2078 5416 2154 5467 vel
2205 5430 2268 5467 eo

694 5489 831 5554 quod
862 5495 1046 5546 eadem
1072 5496 1267 5558 eidem,
1300 5499 1381 5552 vel
1428 5515 1491 5553 eo
1516 5501 1656 5569 quod
1695 5501 1827 5555 idem
1858 5503 2060 5558 eisdrm
2094 5506 2269 5558 inesse

688 5586 938 5647 sumitur,
988 5589 1036 5639 iu
1064 5590 1234 5643 media
1267 5593 1480 5660 quidem
1533 5596 1696 5665 ﬁgura
1732 5607 1783 5649 et
1816 5600 1970 5652 tertia
2001 5608 2269 5651 utrorum-

686 5688 792 5740 que
820 5678 1091 5745 eontinget
1117 5681 1365 5736 similiter
1391 5685 1531 5753 quod
1556 5697 1637 5739 est
1679 5687 1729 5740 in
1762 5688 2025 5756 principio
2061 5696 2266 5755 petere,

692 5763 745 5817 in
777 5769 1123 5834 praedicativo
1153 5774 1365 5840 quidem
1388 5777 1695 5847 syllogismo
1726 5788 1778 5834 et
1805 5781 1857 5835 in
1905 5780 2057 5833 tertia
2078 5778 2267 5849 ﬁgura,

2385 3334 2487 3371 non
2518 3328 2599 3372 est
2628 3332 2810 3382 causa,
2841 3328 2897 3369 ut
2934 3329 3148 3368 causam
3191 3328 3391 3382 ponere
3424 3314 3524 3366 hoc
3555 3322 3667 3375 est;
3698 3320 3755 3363 ut
3794 3311 3835 3362 si
3866 3323 3956 3361 vo-

2384 3412 2495 3462 lens
2520 3410 2806 3462 ostendere
2834 3408 3083 3476 quoniam
3128 3414 3398 3477 asymeter
3431 3415 3513 3459 est
3558 3403 3837 3462 diameter,
3867 3416 3960 3454 co-

2384 3510 2542 3553 netur
2570 3499 2803 3552 Zenoois
2840 3499 3048 3551 ratione
3103 3497 3354 3566 quoniam
3388 3511 3491 3549 non
3521 3504 3599 3548 est
3631 3494 3851 3557 moveri,
3910 3502 3962 3545 et

2381 3593 2444 3644 ad
2480 3592 2580 3644 hoc
2618 3589 2834 3643 inducat
2865 3590 3216 3658 impossibiIe.
3265 3588 3415 3642 nullo
3454 3587 3597 3642 enim
3630 3585 3790 3639 modo
3836 3599 3962 3637 coa-

2384 3684 2587 3735 tintmm
2622 3690 2706 3736 est
2751 3681 2942 3734 falsum
2992 3681 3250 3734 locutioni
3301 3694 3420 3749 qum
3467 3687 3645 3733 estex
3679 3678 3959 3746 principio.

2383 3775 2532 3828 Alius
2560 3783 2737 3828 autem
2763 3772 2973 3837 modus,
3008 3774 3052 3826 si
3071 3774 3383 3826 continuum
3407 3770 3621 3840 quidem
3650 3770 3721 3822 sit
3766 3768 3963 3836 impos-

2380 3866 2534 3920 s?bile
2577 3864 2879 3933 hypothesi,
2924 3880 3031 3916 non
3087 3872 3265 3917 tamen
3312 3873 3532 3933 propter
3563 3862 3705 3914 illam
3735 3858 3960 3917 accidat.

2383 3963 2481 4011 hoc
2502 3967 2678 4011 autem
2709 3956 2963 4026 possibile
2986 3963 3069 4010 est
3101 3956 3236 4021 ﬁeri,
3285 3964 3337 4008 et
3371 3956 3421 4007 in
3477 3953 3579 4007 hoe
3623 3952 3767 4023 quod
3797 3965 3961 4019 supe-

2381 4052 2511 4117 rius,
2544 4062 2598 4105 et
2626 4052 2675 4101 in
2702 4049 2803 4104 hoc
2828 4048 2969 4118 quod
3000 4046 3221 4101 inferius
3251 4048 3486 4101 sumenti
3536 4047 3871 4108 continuum,
3907 4054 3989 4095 ut-

2380 4145 2475 4196 sia
2507 4152 2729 4212 ponatur
2759 4142 2936 4196 inesse
2964 4140 3013 4205 b,
3047 4140 3076 4191 b
3119 4147 3298 4192 autem
3340 4156 3387 4203 c,
3421 4156 3449 4190 c
3479 4152 3605 4191 vero
3634 4137 3687 4200 d,
3719 4137 3822 4189 hoc
3863 4151 3958 4187 au-

2382 4245 2486 4288 tem
2519 4235 2586 4288 sit
2632 4232 2825 4287 falsum
2868 4232 2896 4283 b
2925 4233 3102 4285 inesse
3128 4230 3185 4299 d,
3218 4245 3341 4282 nam
3373 4228 3437 4297 (si
3469 4228 3647 4279 ablato
3682 4241 3733 4287 α,
3763 4225 3960 4277 nihilo-

2381 4327 2555 4378 minus
2583 4324 2778 4377 b‘inest
2806 4340 2854 4389 ο,
2886 4332 2988 4377 etc
3018 4323 3074 4389 ά)
3104 4336 3206 4373 ηοη
3230 4321 3332 4372 erit
3362 4317 3549 4370 falsum
3586 4324 3809 4383 pr0pter
3838 4329 3959 4366 eam

2378 4431 2497 4484 quae
2529 4430 2593 4469 ex
2623 4414 2886 4483 principio
2912 4422 2995 4467 est
3017 4410 3351 4482 hypothesin.
3386 4408 3491 4461 Aut
3525 4420 3738 4459 rursum
3763 4405 3805 4457 si
3838 4404 3961 4473 quis

2381 4506 2431 4559 in
2460 4506 2719 4575 superiori
2750 4515 2927 4559 sumat
2956 4502 3284 4566 continuum,
3326 4510 3386 4552 ut
3413 4499 3456 4551 si
3504 4514 3537 4550 a
3590 4496 3805 4565 quidem
3836 4496 3886 4559 b,
3936 4514 3963 4548 e

2379 4606 2553 4649 autem
2583 4613 2635 4658 a,
2670 4597 2841 4666 {vero
2870 4612 2916 4658 ρ,
2951 4595 3141 4648 Ialsum
3171 4602 3350 4645 auten
3387 4591 3450 4643 sit
3483 4590 3507 4655 f
3541 4589 3718 4641 inesse
3749 4605 3800 4653 a,
3835 4603 3954 4640 nam

2376 4698 2427 4741 et
2451 4688 2526 4740 sic
2554 4687 2901 4740 nihilominus
2951 4687 3056 4738 erit
3089 4683 3441 4753 impossibile.
3490 4682 3808 4749 interempta
3843 4696 3959 4747 qua:

2376 4791 2456 4833 est
2487 4794 2549 4833 ex
2582 4778 2844 4848 principio
2878 4776 3186 4848 hypothesi.
3219 4774 3326 4830 Sed
3374 4783 3585 4842 Oportet
3626 4772 3692 4824 ad
3748 4786 3839 4825 eos
3868 4770 3957 4837 qui

2375 4887 2440 4924 ex
2491 4870 2756 4938 principio
2809 4869 3066 4922 terminos
3133 4866 3387 4933 copulare
3457 4863 3824 4931 impossibile,
3881 4863 3959 4915 sic

2373 4962 2518 5015 enim
2551 4962 2653 5013 erit
2694 4969 2913 5028 propter
2957 4957 3313 5027 hypothesin,
3346 4964 3403 5008 ut
3455 4956 3515 5006 in
3555 4954 3791 5006 inferiori
3838 4954 3959 5021 qui-

2380 5051 2501 5103 dem
2534 5050 2765 5104 sumenti
2807 5050 3119 5104 continuum
3143 5047 3207 5100 ad
3242 5046 3590 5115 praedicatum
3630 5046 3953 5107 terminum;

2377 5157 2498 5195 nam
2526 5142 2569 5195 si
2595 5143 2921 5210 impossibile
2952 5151 3031 5195 est
3059 5157 3091 5192 a
3124 5140 3299 5193 inesse
3330 5138 3385 5203 ά,
3416 5139 3740 5205 interempto
3766 5154 3817 5203 a,
3853 5153 3955 5188 non

2377 5236 2603 5301 amplius
2630 5235 2729 5289 erit
2761 5235 2969 5287 falsum.
3008 5233 3061 5286 In
3087 5231 3348 5300 soperiori
3379 5240 3555 5283 autem
3578 5228 3645 5282 de
3676 5244 3783 5296 quo
3816 5241 3957 5295 prae-

2375 5327 2617 5391 dicatur;
2652 5340 2772 5380 nam
2804 5326 2850 5379 si
2877 5327 2903 5394 f
2930 5341 3032 5379 non
3067 5324 3321 5394 possibile
3348 5330 3430 5375 est
3481 5321 3657 5374 inesse
3702 5320 3752 5383 ὁ,
3791 5321 3952 5372 inter-

2376 5427 2553 5485 empto
2594 5419 2622 5469 b
2668 5431 2771 5469 non
2815 5416 3041 5484 amplius
3061 5414 3162 5468 erit
3192 5411 3548 5480 impossibile;
3580 5409 3827 5463 similiter
3857 5425 3954 5462 au.-

2375 5516 2479 5558 t-tn
2537 5516 2587 5559 et
2637 5521 2755 5559 cum
2805 5505 3052 5574 privativi
3100 5505 3207 5557 sint
3252 5501 3571 5571 sy’logismi.
3624 5500 3955 5553 Manifestum

2375 5614 2500 5665 ergo
2527 5598 2775 5668 quoniam
2807 5612 2927 5651 cum
2984 5596 3315 5664 impossibile
3347 5609 3454 5647 non
3506 5593 3569 5645 ad
3606 5592 3812 5660 priores
3850 5601 3950 5644 ter.

2376 5690 2569 5753 minos,
2597 5707 2700 5743 non
2744 5699 2959 5756 prapter
2990 5687 3312 5757 positionem
3364 5684 3558 5739 accidit
3609 5684 3845 5745 falsum;
3885 5695 3956 5734 an

2378 5794 2474 5834 nec
2498 5782 2575 5835 sic
2600 5796 2807 5849 semper
2840 5788 3057 5849 propter
3088 5776 3418 5849 hypothe~in
3450 5776 3553 5832 erit
3580 5775 3809 5830 falsum?
3832 5786 3959 5828 nam
