4288 6262
360 342 462 398 7οἛ

993 337 1293 393 PRIORUM
1334 335 1877 392 ΑὺᾹυιἸΊΟΟιὶΙΙΜ
1920 338 2364 395 ARISTOTELIS
2404 288 2686 397 l.\Tr.lil‘ll

1285 338 1293 392 Ι
1334 335 1877 392 ΑὺΑυιἸΊΟΟιὶΙΙΜ
1920 338 2364 395 ARISTOTELIS
2404 342 2978 399 l.\Tr.lil‘lil§’lAl.O.

3502 353 3606 406 7υῦ

359 459 402 511 si
435 470 538 509 non
562 455 611 508 ei
638 453 781 522 quod
825 461 907 507 est
936 453 983 517 b,
1013 451 1105 505 sed
1155 452 1205 505 ei
1237 449 1373 518 quod
1395 458 1477 503 est
1502 449 1531 500 κ
1562 450 1791 516 positum
1848 455 1924 500 est
1958 450 2003 505 Α
2034 453 2075 500 si
2096 448 2235 527 nihil
2268 450 2497 519 positum
2545 455 2614 506 sit
2642 457 2929 511 secundum
2960 462 3356 527 responsionem
3392 465 3609 520 unis-cr-

358 549 534 601 inesse
556 564 607 609 ιι,
630 545 659 597 k
683 555 860 596 autem
884 559 931 607 ε,
964 552 1016 595 ει
1047 542 1145 595 hoc
1176 541 1232 607 ά,
1283 548 1337 593 ει
1380 541 1456 593 sic
1485 548 1665 593 manet
1686 539 1932 605 impossi-

358 639 497 701 bile;
524 636 772 691 similiter
793 643 969 688 autem
992 644 1045 688 et
1075 633 1126 686 iu
1158 646 1369 686 sursum
1393 629 1620 683 sumcnti
1651 630 1927 692 terminos,

352 746 526 798 quare
558 728 831 798 (quoniam
862 741 980 781 cum
1010 734 1110 788 cst,
1141 732 1195 777 et
1221 739 1341 777 cum
1381 738 1484 775 non
1518 730 1622 786 est,
1654 722 1751 774 hoc
1791 722 1931 773 acci-

359 822 438 875 dit
463 816 812 887 impossibile)
840 831 944 870 non
971 817 1071 869 erit
1098 823 1314 882 propter
1334 812 1675 880 positionem,
1694 818 1783 863 aut
1812 826 1930 863 cum

363 927 467 966 non
490 921 571 966 est
594 910 714 973 hoc,
742 908 1086 962 nihilominus
1122 906 1235 959 ﬁeri
1286 903 1499 957 falsum.
1553 901 1660 956 Nec
1714 903 1793 955 sic
1843 916 1933 954 su-

365 1006 613 1060 mendum
671 1011 728 1056 ut
786 1002 889 1055 alio
937 999 1112 1069 posito
1165 997 1374 1051 accidat
1422 994 1794 1064 impossibile,
1836 993 1930 1047 sed

362 1102 572 1169 quando
596 1097 773 1150 ablato
801 1093 903 1146 hoc
955 1092 1097 1145 idem
1133 1105 1226 1158 per
1257 1090 1491 1156 reliquas
1538 1086 1932 1156 preposit'tones

362 1189 693 1244 concluditur
722 1184 1071 1254 impossibile,
1103 1196 1167 1234 eo
1194 1179 1334 1249 quod
1378 1177 1517 1232 idem
1551 1177 1738 1229 lalsum
1798 1173 1934 1227 acci-

362 1284 490 1336 dere
516 1296 609 1351 per
640 1279 821 1346 plures
847 1275 1174 1346 hypbtheses
1224 1272 1357 1326 nihil
1389 1270 1614 1324 fortasse
1668 1270 1934 1321 inconve—

362 1379 515 1431 niens
539 1385 645 1439 est,
681 1382 737 1426 ut
763 1371 1073 1441 parallelos,
1105 1368 1417 1435 contingere
1436 1408 1449 1427 ,
1501 1374 1556 1420 et
1583 1367 1625 1418 si
1655 1365 1826 1432 major
1854 1373 1936 1417 est

360 1469 450 1538 qui
480 1468 704 1521 interius
731 1473 836 1529 est,
867 1478 931 1517 eo
954 1463 1041 1529 qui
1091 1459 1353 1523 exterius,
1386 1470 1438 1512 et
1461 1456 1508 1511 si
1535 1456 1828 1525 triangulus
1854 1455 1938 1507 ha-

362 1562 453 1616 bet
485 1560 666 1628 plures
695 1564 873 1611 rectos
903 1553 1133 1608 duobus.
1788 1564 1791 1565 ν

963 1663 1188 1718 CAPUT
1227 1661 1342 1715 XX.

366 1764 439 1817 De
463 1764 598 1834 falsa
620 1759 1032 1834 rat'ocin_ati9ue,_
1056 1756 1483 1834 catasyllo‘gim'to,
1530 1753 1624 1805 hoc
1662 1759 1734 1803 es!
1761 1765 1935 1802 corra-

802 1827 1131 1880 tiocinatiune
1150 1865 1163 1886 ,
1189 1822 1235 1876 et
1262 1822 1486 1875 elencho.

398 1952 411 1967 ι
433 1926 588 1979 Falsa
620 1933 794 1976 autem
820 1920 992 1973 oratio
1023 1916 1081 1969 lit
1104 1925 1318 1985 propter
1342 1916 1566 1982 primum
1592 1911 1813 1973 falsum;
1841 1919 1932 1963 aut

361 2020 504 2072 enim
527 2032 593 2071 ex
614 2015 818 2067 duabus
847 2007 1301 2081 propositionibus
1331 2012 1421 2057 aut
1449 2020 1513 2057 ex
1538 2004 1774 2070 pluribus
1815 2016 1930 2053 om-

363 2110 446 2162 nis
476 2117 557 2160 est
599 2104 972 2175 syllogismus;
1002 2114 1126 2168 ergo
1152 2097 1195 2151 si
1238 2112 1298 2148 ex
1333 2095 1536 2148 duabus
1561 2093 1793 2161 quidem,
1837 2090 1931 2142 lia-

362 2216 485 2253 rum
517 2212 737 2252 necesse
762 2203 843 2248 est
886 2194 1127 2255 alteram,
1176 2199 1267 2243 aut
1308 2189 1466 2242 etiam
1520 2196 1769 2253 utrasque
1807 2197 1931 2237 esse

360 2293 539 2355 falsas,
568 2305 688 2343 nam
715 2303 779 2341 ex
819 2286 960 2339 veris
1000 2299 1104 2337 non
1144 2294 1257 2336 erat
1289 2281 1450 2333 falsus
1481 2277 1857 2348 syllogismus;
1884 2276 1928 2327 si

362 2400 486 2439 vero
508 2398 572 2436 ex
601 2379 843 2450 pluribus
876 2378 955 2448 (ut
988 2377 1063 2447 sic
1090 2376 1303 2445 quidem
1337 2389 1431 2439 per
1452 2389 1482 2425 a
1525 2371 1574 2434 b,
1624 2370 1725 2423 hoc
1751 2375 1926 2421 autem

362 2490 456 2543 per
482 2475 516 2525 ά
544 2472 669 2543 fg),
705 2472 893 2523 horum
921 2468 1023 2523 crit
1047 2467 1244 2536 aliquid
1277 2466 1612 2534 superiorum
1637 2461 1852 2521 falsum,
1877 2470 1929 2511 et

361 2574 578 2634 propter
610 2563 710 2615 hoc
734 2561 927 2620 oratio,
954 2573 1072 2610 nam
1096 2575 1126 2609 a
1147 2567 1198 2610 et
1222 2558 1249 2607 b
1272 2572 1366 2625 per
1398 2555 1482 2607 illa
1518 2551 1925 2614 concluduntur,

360 2674 523 2729 quate
571 2664 782 2724 propter
841 2654 1052 2706 illorum
1094 2649 1317 2717 aliquid,
1363 2646 1553 2701 accidit
1574 2642 1845 2698 conclusio
1876 2653 1929 2695 et

361 2751 574 2804 falsum.
591 2747 659 2802 Ut
679 2759 854 2800 autem
876 2760 980 2797 non
1003 2741 1486 2810 catasyllugizetur,
1509 2734 1925 2794 observandum,

360 2839 575 2910 quando
605 2839 720 2891 sine
747 2826 1174 2889 conclusionibus
1205 2831 1498 2896 interrogat
1525 2825 1842 2882 orationem,
1872 2830 1925 2871 ut

362 2950 469 2987 non
494 2931 653 2985 detur
684 2930 764 2981 bis
791 2927 926 2981 idem
958 2926 1009 2978 in
1040 2919 1512 2994 propositionibus,
1564 2930 1629 2969 eo
1655 2913 1796 2983 quod
1824 2912 1928 2964 sci-

360 3040 480 3078 mus
520 3022 782 3090 quoniam
812 3020 928 3071 sine
956 3015 1130 3069 medio
1159 3011 1498 3082 syllogismus
1550 3022 1655 3059 non
1702 3007 1778 3069 lit,
1811 3018 1924 3056 me-

360 3115 508 3168 dium
532 3086 705 3164 autem
740 3117 821 3162 est
864 3106 1001 3177 quod
1034 3106 1344 3173 plerumque
1385 3099 1601 3152 dicitur.
1649 3086 1926 3159 Quomodo

361 3215 539 3257 autem
568 3210 774 3268 oportet
794 3202 857 3251 ad
881 3206 1305 3263 unamquamque
1330 3187 1725 3243 conclusionem
1748 3183 1932 3238 obser-

362 3311 486 3348 vare
508 3294 737 3347 medium
765 3290 1099 3344 manifestum
1123 3295 1222 3349 est,
1247 3299 1311 3339 eo
1333 3282 1472 3352 quod
1501 3282 1664 3343 scitur
1694 3276 1851 3345 quale
1880 3276 1929 3327 in

356 3402 669 3457 unaquaque
700 3384 867 3455 ﬁgura
890 3382 1209 3439 ostenditur.
1238 3379 1339 3431 hoc
1380 3388 1556 3429 autem
1588 3388 1684 3426 nos
1712 3385 1818 3425 non
1859 3369 1934 3421 la-

363 3483 509 3545 tebit,
534 3497 597 3534 eo
626 3478 766 3548 quod
790 3477 1032 3531 videmus
1057 3471 1321 3543 quomodo
1343 3466 1703 3523 subtnittimus
1732 3464 1933 3518 oratio-

366 3588 505 3627 nem.
536 3572 755 3639 Oportet
782 3580 958 3623 autem
1016 3565 1159 3633 quod
1176 3563 1441 3617 cu-todire
1489 3559 1822 3629 prtecipimus
1853 3570 1935 3610 re-

366 3665 707 3731 spondentes,
740 3661 886 3729 ipsus
925 3664 1357 3728 argumentantes
1386 3662 1588 3708 tentare
1613 3653 1803 3713 latere,
1835 3648 1935 3700 huc

366 3767 538 3809 autem
591 3754 689 3807 erit
759 3753 983 3819 primum
1030 3747 1242 3817 quidem
1307 3747 1351 3798 si
1408 3743 1777 3798 conclusiones
1832 3754 1936 3792 non

368 3845 512 3913 prius
543 3842 879 3912 syllogizent,
905 3840 995 3895 sed
1022 3838 1245 3907 sumptis
1276 3836 1589 3891 necessariis
1634 3850 1737 3887 non
1770 3831 1940 3885 manl-

352 3938 518 4007 testae
550 3936 676 3985 sint.
708 3933 946 3999 Amplius
971 3941 1144 3984 autem
1174 3929 1215 3983 si
1244 3945 1347 3982 non
1373 3928 1662 3995 propinqua
1712 3927 1939 3979 interro-

371 4034 517 4095 gant,
548 4025 638 4095 sed
670 4039 826 4092 quam
860 4023 1085 4075 maxime
1106 4023 1256 4088 longe
1280 4020 1470 4081 media,
1507 4032 1559 4069 ut
1583 4018 1625 4070 si
1655 4017 1721 4068 sit
1747 4030 1940 4083 oppor-

372 4129 555 4172 tunum
581 4117 900 4171 concludere
927 4132 957 4168 a
986 4116 1020 4167 ά
1038 4115 1117 4185 ef,
1144 4114 1314 4168 media
1344 4112 1372 4164 ὁ
1404 4113 1477 4163 ed
1507 4126 1554 4175 e,
1580 4118 1791 4177 oportet
1816 4122 1942 4175 ergo

354 4210 642 4277 inquirere
672 4208 714 4260 si
742 4224 773 4259 a
804 4209 855 4269 ὁ,
885 4218 936 4261 ει
966 4221 1173 4259 rursum
1208 4220 1311 4257 non
1356 4202 1401 4256 si
1451 4202 1478 4253 b
1532 4217 1580 4263 ε,
1611 4201 1703 4253 sed
1736 4199 1778 4251 si
1810 4200 1843 4248 ιι
1894 4214 1940 4263 e,

369 4298 562 4352 deinde
590 4299 633 4351 si
666 4298 693 4348 ὑ
722 4313 766 4355 c,
797 4305 851 4350 et
872 4296 947 4350 sic
976 4297 1199 4364 reliqua,
1228 4304 1282 4348 et
1316 4294 1357 4347 si
1398 4307 1490 4361 per
1517 4306 1678 4344 unum
1712 4290 1941 4343 medium

372 4392 441 4442 sit
467 4388 825 4458 syllogismus,
852 4404 877 4439 a
915 4387 1091 4442 medio
1136 4385 1388 4452 incipere,
1421 4383 1658 4437 maxime
1697 4383 1837 4436 enim
1869 4381 1946 4434 sic

2034 530 2251 602 saliter;
2312 556 2432 593 nam
2506 543 2692 596 eadem
2751 546 2853 599 erit
2920 546 3157 602 delinitio
3208 553 3498 621 syllogismi
3543 565 3611 625 zet

2033 629 2263 684 elenchi.

2611 700 2832 755 CAPUT
2875 704 3011 757 XXI.

2346 789 2421 842 De
2447 792 2655 859 fallacia
2682 796 2957 846 secundum
2987 794 3294 862 Opinionem.

2113 878 2319 933 Accidit
2354 890 2529 934 autem
2561 882 2875 949 quandoque
2902 884 3362 951 (quemadmodum
3397 893 3445 943 in
3471 895 3609 958 posi-

2038 970 2180 1022 tione
2197 972 2543 1025 terminorum
2567 971 2901 1037 fallebamur)
2922 982 2974 1026 et
2995 990 3065 1026 SCl
3086 976 3282 1029 undttm
3306 982 3608 1047 opinionem

2038 1056 2471 1125 fieriiallaciam,
2513 1070 2568 1113 ιιι
2596 1062 2637 1113 si
2662 1064 2933 1130 contingat
2968 1063 3105 1115 idem
3141 1066 3373 1129 pluribus
3411 1070 3537 1135 print
3562 1070 3608 1123 l-

2038 1147 2225 1214 paliter
2253 1148 2514 1215 inesse,et
2543 1148 2639 1201 hoc
2656 1150 2866 1216 quidem
2886 1152 3050 1206 latere
3078 1155 3329 1227 aliquem,
3362 1168 3610 1223 etputare

2039 1236 2164 1289 nulli
2191 1237 2395 1303 inesse,
2423 1238 2549 1291 illud
2579 1247 2754 1293 autem
2797 1244 2964 1305 scire,
3010 1253 3064 1295 ut
3096 1244 3219 1297 insit
3247 1262 3277 1297 a
3314 1247 3341 1298 b
3373 1256 3424 1299 et
3451 1264 3477 1299 ο
3518 1263 3610 1316 per

2039 1343 2125 1387 se.
2167 1337 2219 1381 et
2250 1328 2362 1382 haec
2390 1330 2532 1381 omni
2565 1335 2597 1381 ιι
2620 1332 2882 1387 similiter.
2934 1333 2989 1388 Si
3025 1337 3181 1403 igitur
3211 1338 3238 1389 b
3270 1339 3481 1404 quidem
3516 1357 3611 1409 pu-

2040 1426 2113 1470 ιει
2144 1417 2350 1472 omnia
2388 1419 2595 1483 ine~se,
2636 1431 2689 1473 et
2716 1422 2815 1475 hoc
2841 1423 2903 1486 ά,
2931 1440 2957 1476 c
2980 1436 3155 1478 autem
3181 1428 3304 1479 nulli
3333 1446 3383 1493 a,
3427 1439 3477 1482 et
3513 1431 3610 1485 ltoc

2038 1506 2180 1560 omni
2211 1510 2264 1570 ά,
2283 1508 2521 1575 ejusdem
2546 1511 2838 1563 secundum
2870 1513 3008 1565 idem
3039 1514 3251 1569 habebit
3278 1517 3607 1586 disciplinam

2037 1604 2090 1647 et
2119 1595 2488 1663 ignorantiam.
2522 1599 2750 1654 Rursum
2775 1604 2817 1655 si
2848 1603 2961 1666 quis
2994 1604 3206 1657 fallatur
3234 1608 3371 1661 circa
3403 1625 3463 1662 ea
3491 1626 3607 1677 quas

2038 1695 2162 1739 sunt
2190 1702 2252 1739 cx
2277 1688 2461 1741 eadem
2475 1689 2864 1757 coniugatione.
2894 1704 2953 1747 ut
2971 1696 3015 1748 si
3041 1712 3071 1747 a
3095 1696 3291 1761 inestb,
3323 1702 3606 1756 hocautem

1964 1801 2011 1858 Β
2038 1792 2085 1843 c,
2117 1786 2213 1830 etc
2238 1780 2302 1842 ά,
2321 1780 2568 1846 opinetur
2594 1790 2769 1834 autem
2793 1800 2823 1833 a
2856 1781 3031 1838 inesse
3057 1787 3199 1839 omni
3232 1787 3286 1851 b,
3321 1798 3369 1840 et
3399 1805 3607 1844 rursum

2038 1867 2165 1919 nulli
2189 1884 2235 1921 c.
2281 1869 2444 1921 Simul
2472 1872 2610 1925 enim
2643 1873 2797 1936 sciet,
2846 1882 2898 1925 et
2930 1890 3032 1927 non
3064 1878 3366 1944 opinabitur
3397 1879 3603 1942 inesse;

2032 1971 2160 2021 ergo
2210 1958 2336 2011 nihil
2369 1959 2509 2011 aliud
2542 1962 2810 2014 existimat
2834 1978 2895 2013 ex
2928 1962 2989 2014 iis
3018 1978 3172 2032 quam
3210 1968 3339 2027 scit,
3372 1967 3471 2020 hoc
3502 1983 3606 2022 non

2031 2050 2267 2115 opinari,
2305 2049 2403 2101 scit
2428 2051 2570 2101 enim
2610 2051 2784 2118 aliquo
2826 2051 2982 2105 modo
3027 2056 3272 2121 quoniam
3335 2072 3364 2105 a
3402 2058 3605 2109 int-St.c

2032 2154 2129 2207 per
2170 2138 2226 2201 b,
2260 2140 2397 2192 velut
2432 2140 2480 2191 in
2515 2140 2793 2193 universali
2828 2142 2925 2194 hoc
2950 2145 3088 2211 quod
3133 2154 3211 2197 est
3247 2147 3600 2212 particulare;

2032 2241 2193 2294 quare
2238 2227 2375 2295 quod
2407 2226 2586 2294 aliquo
2634 2230 2792 2281 modo
2842 2229 2972 2293 scit,
3025 2230 3124 2283 hoc
3160 2234 3376 2285 omnino
3422 2236 3603 2288 exiSti-

2031 2327 2140 2369 mat
2166 2333 2267 2370 non
2308 2317 2534 2385 opinari,
2566 2319 2703 2383 quod
2733 2329 2813 2372 est
2843 2321 3187 2386 impossibile.
3237 2324 3289 2377 In
3320 2340 3386 2378 eo
3424 2336 3600 2381 autem

2031 2411 2169 2477 quod
2202 2410 2343 2478 prius
2377 2411 2572 2463 dictum
2602 2421 2702 2469 est,
2725 2413 2766 2463 si
2800 2427 2902 2464 non
2924 2427 2988 2466 ex
3013 2415 3195 2468 eadem
3232 2416 3602 2486 conjugatione

2031 2500 2098 2553 sit
2141 2502 2409 2563 medium,
2461 2501 2749 2554 secundum
2798 2513 3080 2571 utrumque
3126 2506 3337 2573 quidem
3401 2509 3602 2561 medio-

2032 2608 2145 2643 rum
2173 2592 2354 2643 ambas
2401 2592 2788 2659 propositiones
2815 2608 2918 2646 non
2964 2595 3217 2661 possihile
3261 2606 3339 2650 est
3369 2598 3597 2664 Opinari,

2031 2694 2135 2737 uta
2158 2684 2406 2753 bquidem
2434 2685 2599 2750 omni,
2625 2702 2651 2736 ε
2678 2697 2852 2739 autem
2880 2689 3032 2751 nulli,
3058 2690 3169 2743 hare
3188 2699 3600 2761 antemutraque

2030 2774 2172 2825 omni
2209 2773 2273 2837 d;
2317 2773 2509 2826 accidit
2547 2783 2722 2827 autem
2754 2786 2840 2827 aut
2868 2777 3182 2845 simpliciter
3206 2790 3300 2834 aut
3331 2783 3382 2835 in
3424 2783 3601 2852 aliquo

2029 2863 2348 2914 contrariam
2388 2878 2599 2940 sumere
2630 2866 2852 2932 primam
2886 2869 3323 2933 propositionem.
3369 2870 3422 2925 Si
3454 2876 3597 2925 enim

2028 2951 2111 3003 cui
2161 2951 2189 3002 b
2237 2952 2375 3005 inest
2418 2954 2560 3005 Omni
2614 2970 2645 3005 a
2698 2955 2946 3020 opinatur
2990 2953 3209 3021 inesse,
3276 2958 3304 3009 ὁ
3345 2972 3520 3012 autem
3566 2962 3600 3011 ά

2032 3043 2207 3106 ιιυνίι,
2250 3052 2304 3095 ει
2342 3059 2423 3107 (ιυη
2452 3044 2591 3095 niam
2647 3059 2677 3093 a
2721 3043 2755 3093 ιι
2786 3043 2969 3109 novit,
3012 3054 3176 3113 quare
3205 3048 3247 3098 si
3277 3063 3483 3100 rursum
3515 3049 3599 3102 cui

1958 3151 2003 3214 ο
2033 3148 2059 3183 c
2086 3132 2245 3197 nulli,
2288 3141 2435 3201 putat
2483 3149 2515 3185 a
2565 3134 2762 3196 inesse,
2802 3136 2885 3186 cui
2912 3136 2939 3186 b
2965 3138 3116 3188 alicui
3142 3137 3310 3201 inest,
3345 3137 3467 3192 huic
3495 3155 3597 3192 non

2035 3232 2181 3291 putat
2220 3240 2249 3273 a
2281 3223 2474 3287 ine~se,
2505 3222 2645 3291 quod
2677 3233 2851 3276 autem
2887 3226 3028 3277 omni
3072 3237 3208 3293 putat
3248 3228 3331 3280 cui
3366 3229 3393 3280 b
3417 3271 3433 3295 ,
3486 3244 3600 3282 rura

2034 3328 2151 3367 sum
2185 3311 2341 3366 alicui
2365 3328 2469 3365 non
2493 3323 2677 3380 putare
2707 3313 2789 3366 cui
2820 3314 2847 3365 b
2869 3355 2882 3378 ,
2919 3316 3380 3384 aut'situpliciter,
3408 3315 3503 3372 'aut
3548 3321 3600 3373 in

2036 3402 2217 3472 aliquo
2245 3404 2564 3455 contrarium
2593 3419 2621 3455 e
2656 3412 2704 3467 t;
2755 3404 2831 3457 sic
2872 3420 2997 3472 ergo
3038 3420 3141 3457 non
3187 3410 3446 3476 contingit
3484 3411 3601 3478 upi-'

2038 3490 2173 3544 nari.
2220 3489 2521 3545 Secundum
2552 3501 2831 3559 utrumque
2854 3502 3029 3546 autem
3062 3508 3216 3545 unam
3238 3536 3251 3558 ,
3282 3505 3373 3547 aut
3414 3512 3603 3551 secutis

2037 3582 2159 3635 dttm
2183 3583 2406 3635 alterum
2429 3592 2698 3651 utrasque,
2721 3584 2848 3636 nihil
2876 3585 3119 3652 prohibet
3142 3604 3169 3637 α
3189 3588 3330 3640 omni
3355 3588 3402 3653 b,
3429 3592 3525 3642 etb
3548 3593 3602 3649 d.

2039 3682 2089 3724 et
2122 3685 2330 3723 rursum
2362 3686 2393 3722 a
2424 3671 2551 3723 nulli
2581 3687 2628 3723 ε.
2668 3670 2795 3724 Nam
2824 3673 3013 3727 similis
3048 3673 3348 3742 hujusmodi
3376 3676 3603 3741 fallacia,

2040 3760 2202 3813 veluti
2224 3759 2455 3813 fallimur
2476 3762 2613 3813 circa
2641 3761 3000 3828 particularia,
3032 3764 3144 3816 utsi
3166 3781 3197 3816 a
3218 3767 3361 3819 omni
3389 3767 3416 3818 ὁ
3448 3770 3604 3832 inest,

2042 3849 2070 3900 b
2096 3857 2270 3902 autem
2294 3850 2435 3901 omni
2470 3866 2516 3913 υ,
2545 3865 2576 3900 a
2600 3850 2742 3901 onmi
2766 3867 2791 3900 c
2812 3852 2994 3913 inerit;
3022 3852 3062 3902 si
3095 3866 3222 3919 ergo
3252 3855 3441 3922 aliquis
3464 3856 3608 3912 novit

2042 3941 2335 4008 qumtiama
2358 3941 2442 3993 cui
2476 3940 2503 3991 b
2536 3940 2855 4003 inestomni,
2886 3942 3029 3992 novit
3054 3944 3368 4007 etquoniam
3400 3946 3446 3997 ei
3467 3947 3608 4013 quod

2042 4037 2124 4083 est
2148 4045 2207 4091 c;
2229 4028 2320 4081 sed
2348 4028 2474 4080 nihil
2501 4028 2740 4095 prohibet
2764 4028 3006 4095 ignorare
3028 4044 3055 4079 ο
3076 4030 3325 4093 quoniam
3351 4042 3453 4095 est,
3478 4044 3535 4085 ut
3562 4036 3607 4089 si

2042 4136 2073 4172 a
2102 4118 2308 4187 quidem
2330 4117 2434 4170 duo
2458 4117 2607 4177 recti,
2634 4116 2684 4167 in
2703 4130 2807 4182 quo
2829 4127 3004 4167 autem
3031 4116 3058 4167 b
3078 4118 3390 4186 triangulus,
3428 4122 3477 4173 in
3501 4138 3609 4190 quo

2043 4222 2173 4261 vero
2201 4224 2227 4259 c
2254 4204 2520 4260 sensibilis
2551 4206 2616 4258 tri
2654 4205 2869 4271 ngulus;
2913 4206 3218 4273 opinabitur
3244 4210 3384 4261 enim
3417 4212 3609 4279 aliquis

2046 4314 2149 4352 non
2179 4311 2298 4350 esse
2337 4312 2394 4363 c,
2427 4297 2601 4349 sciens
2634 4296 2883 4365 quoniam
2927 4297 3097 4349 omnis
3130 4298 3420 4366 triangulus
3452 4299 3610 4356 habet

2047 4389 2179 4442 duos
2212 4400 2381 4442 rectOs
2416 4401 2430 4441 :
2473 4402 2638 4453 quare
2679 4386 2831 4439 simul
2865 4387 2996 4439 sciet
3033 4396 3086 4441 et
3126 4388 3395 4457 ignorabit
3426 4386 3591 4456 idem,

373 4480 558 4533 latebit
628 4478 1057 4547 respondentem.
1138 4476 1398 4542 Quoniam
1471 4490 1597 4541 ergo
1686 4472 1945 4526 habemus
1978 4512 2023 4570 υ
2050 4495 2167 4531 nam
2197 4479 2334 4531 scire
2349 4493 2559 4531 omnem
2580 4478 2890 4544 triangulum
2914 4477 3159 4547 quoniam
3192 4478 3398 4533 duobus
3423 4482 3607 4547 rectis,

369 4569 584 4639 quando
614 4578 665 4623 et
690 4570 956 4639 quomodo
986 4583 1049 4625 se
1077 4567 1390 4625 habentibus
1413 4564 1657 4621 terminis
1697 4563 1751 4617 ﬁt
1783 4563 1949 4635 syllo-

371 4665 594 4730 gismus,
627 4662 963 4716 manifestum
984 4670 1039 4716 et
1086 4661 1300 4731 quando
1323 4659 1446 4724 erit,
1493 4669 1547 4713 et
1585 4656 1798 4727 quando
1842 4668 1949 4708 non

372 4754 474 4807 erit
495 4754 771 4816 elencltus,’
801 4768 920 4805 nam
950 4753 1196 4806 omnibus
1221 4751 1574 4815 aiiirmativis,
1608 4748 1691 4802 vel
1730 4762 1947 4815 permu-

376 4846 520 4899 tatim
551 4847 735 4914 positis
764 4845 1200 4915 responsionibus
1236 4845 1316 4911 (ut
1354 4844 1450 4897 hac
1472 4842 1687 4911 quidem
1717 4841 1952 4895 afﬁrma-

379 4936 506 5000 tiva,
533 4936 617 4989 illa
664 4952 794 4991 vero
841 4937 1127 5005 negativa),
1153 4936 1419 5004 contingit
1474 4934 1587 4988 ﬁeri
1618 4932 1897 4989 elenchum
1931 4949 1946 4987 :

375 5029 473 5082 erit
499 5029 640 5083 enim
671 5029 1045 5098 syllogismus,
1089 5037 1145 5082 et
1172 5029 1249 5082 sic
1276 5028 1325 5080 in
1357 5026 1446 5081 illo
1479 5025 1638 5081 modo
1665 5040 1726 5081 se
1753 5025 1947 5080 haben.

377 5120 518 5174 tibus
546 5120 821 5183 terminis;
853 5134 1019 5187 quare
1049 5118 1095 5173 si
1139 5118 1192 5173 id
1226 5119 1366 5188 quod
1402 5118 1629 5186 positum
1687 5125 1771 5172 est
1816 5132 1949 5171 con-

380 5214 595 5266 trarium
625 5212 694 5266 sit
721 5212 1050 5267 conclusioni
1077 5252 1090 5274 ,
1124 5227 1347 5267 necesse
1378 5221 1460 5267 est
1487 5211 1598 5267 lieri
1623 5209 1907 5266 elenchum
1934 5251 1949 5275 ,

379 5318 499 5356 nam
557 5302 814 5356 elenchus
867 5303 1208 5372 syllogismus
1259 5303 1693 5357 contradictiouis
1740 5314 1842 5358 est.
1895 5304 1951 5359 Si

378 5405 506 5445 vero
533 5392 669 5447 nihil
696 5391 1014 5459 afﬁrmetur,
1040 5394 1369 5462 impossibile
1395 5402 1476 5448 est
1501 5395 1611 5449 lieri
1642 5393 1947 5457 elenchum,

381 5499 487 5535 non
511 5484 654 5537 enim
680 5494 799 5539 erat
817 5485 1183 5555 syllogismus,
1209 5501 1331 5540 cum
1357 5499 1542 5539 omnes
1565 5482 1775 5537 termini
1801 5493 1953 5536 erant

381 5574 648 5643 privativi,
680 5593 847 5646 quare
874 5594 972 5633 nec
1004 5579 1258 5633 eleuclms
1287 5597 1298 5633 :
1335 5594 1454 5632 nam
1483 5578 1526 5630 si
1550 5575 1822 5639 elenclms,
1856 5588 1950 5628 ne-

375 5678 533 5719 cesse
558 5674 643 5720 est
662 5667 1030 5737 syllogismum
1054 5683 1213 5733 esse;
1243 5682 1363 5722 cum
1393 5676 1571 5722 autem
1602 5675 1681 5718 est
1703 5666 1951 5735 syllogiso

378 5767 526 5819 mus,
556 5770 664 5811 non
686 5770 906 5812 necesse
925 5764 1009 5812 est
1027 5756 1307 5813 elenchum
1330 5770 1468 5811 esse.
1496 5753 1752 5810 Similiter
1778 5764 1950 5809 autem

2053 4584 2156 4621 non
2170 4568 2387 4635 simplex
2402 4567 2607 4631 est,sed
2625 4565 2944 4634 liocquidem
2970 4566 3324 4621 universalem
3348 4570 3505 4626 habet
3531 4572 3611 4626 di-

2050 4658 2345 4726 sciplinam,
2367 4656 2493 4709 illud
2510 4671 2634 4709 vero
2655 4646 2991 4724 singularem.
3011 4656 3098 4709 Sic
3113 4671 3241 4724 ergo
3259 4658 3309 4710 in
3324 4662 3612 4716 universali

2053 4747 2199 4801 novit
2218 4762 2264 4809 c,
2282 4746 2527 4815 quoniam
2551 4744 2755 4798 duobus
2770 4743 2949 4808 rectis‘,
2971 4744 3020 4796 in
3038 4743 3292 4813 singulari
3307 4758 3482 4802 autem
3506 4765 3613 4815 non

2052 4838 2218 4903 novit,
2234 4850 2395 4905 quare
2412 4849 2516 4889 non
2533 4833 2741 4888 habebit
2756 4833 3513 4891 contrarias.Similiterantem
3532 4845 3614 4893 est

2054 4943 2171 4999 qua:
2197 4928 2249 4981 in
2278 4927 2501 4981 Menone
2529 4932 2613 4980 est
2637 4923 2825 4986 oratio,
2848 4924 3094 4991 quoniam
3116 4924 3394 4992 disciplina
3424 4937 3507 4980 est
3529 4942 3614 4982 re-

2054 5019 2419 5084 miniscentia;
2458 5029 2722 5085 nunquam
2764 5015 2903 5068 enim
2945 5014 3137 5069 accidit
3172 5017 3426 5082 praescire
3467 5017 3611 5084 quod

2053 5114 2319 5184 singulare
2347 5122 2450 5175 est,
2473 5109 2563 5163 sed
2580 5107 2736 5162 simul
2766 5107 3071 5160 inductione
3091 5120 3301 5161 sumere
3328 5108 3614 5175 particula-

2053 5207 2190 5261 rium
2214 5204 2561 5272 disciplinam,
2584 5200 2724 5253 velut
2745 5206 3203 5267 recognoscentes.
3222 5199 3348 5252 Nam
3368 5200 3610 5267 quaedam

2054 5296 2299 5357 scientes,
2325 5296 2499 5345 statim
2529 5290 2745 5353 scimus,
2781 5299 2835 5341 ut
2862 5289 3111 5357 quoniam
3134 5287 3339 5341 duobus
3358 5290 3541 5353 rectis,
3570 5288 3614 5344 sl

2054 5390 2250 5444 scimus
2274 5384 2518 5452 quoniam
2542 5382 2855 5449 triangulus,
2871 5381 3111 5433 similiter
3130 5389 3303 5433 autem
3333 5390 3384 5433 et
3402 5380 3450 5432 in
3475 5380 3613 5445 aliis.

2058 5479 2199 5545 Ergo
2216 5473 2499 5528 universali
2523 5470 2732 5537 quidem
2756 5470 3091 5535 Speculamur
3111 5469 3467 5535 particularia,
3495 5483 3615 5535 pro-

2058 5568 2165 5637 pria
2180 5575 2353 5618 autem
2371 5578 2473 5616 non
2487 5562 2713 5623 scimus;
2732 5573 2894 5627 quare
2910 5558 3167 5625 contingit
3182 5568 3234 5611 et
3252 5559 3358 5611 falli
3372 5560 3515 5612 circa
3529 5575 3614 5624 ea,
3636 5590 3639 5595 ι

2057 5673 2236 5713 verum
2269 5670 2368 5708 non
2395 5651 2677 5714 contrarie,
2708 5648 2802 5703 sed
2831 5648 3029 5702 habere
3053 5647 3267 5716 quidem
3297 5650 3614 5712 universale,

2058 5752 2224 5821 decipi
2243 5758 2415 5803 autem
2437 5742 2755 5813 particulari.
2774 5740 3025 5796 Similiter
3041 5756 3085 5795 at
3112 5748 3215 5795 tem
3244 5740 3295 5795 in
3324 5741 3613 5809 praedictis.
