4296 6266
675 330 772 391 707

1880 312 1986 368 AN.
2030 310 2238 365 MANL.
2281 306 2429 361 SEV.
2473 306 2684 365 BOETII

3815 295 3912 347 708

676 463 779 503 non
800 438 1227 501 enim'contraria
1253 448 1370 505 qua:
1385 441 1463 486 est
1486 428 1772 483 secundum
1798 422 2025 475 medium
2056 420 2101 471 ei
2130 431 2247 487 quae
2275 420 2326 476 Λ
2351 398 2694 482 corruptibile
2727 414 2921 468 factum
2954 428 3092 475 esse,
3134 410 3243 465 duo
3282 408 3425 464 enim
3461 407 3750 477 syllogismi
3777 418 3911 458 con-

677 546 761 593 est
775 532 1064 589 secundum
1084 524 1444 597 syllogismum
1465 515 1775 581 disciplinte,
1796 523 1892 563 nec
1911 523 2028 574 qua:
2044 514 2127 559 est
2156 519 2242 558 se-

679 626 908 682 cuudutn
926 632 1207 685 utrumque
1225 613 1517 667 mediorum
1535 604 1791 672 Opinatio,
1807 599 1933 651 nihil
1952 597 2092 651 enim
2123 608 2244 661 pro-

684 721 832 774 hibet
861 716 1137 773 scientem,
1166 716 1216 760 et
1247 701 1491 771 quoniam
1515 715 1543 748 ιι
1574 696 1665 747 toli
1687 693 1713 744 b
1742 692 1912 754 inest,
1953 696 2007 739 et
2033 697 2242 738 rursum

688 808 787 861 hoc
806 804 899 857 loti
918 819 963 866 c,
986 811 1169 869 putare
1186 808 1291 846 non
1323 792 1517 845 inesse.
1554 795 1609 837 ut
1635 780 1885 847 quoniam
1910 776 2086 830 omnis
2104 773 2247 826 mula

687 897 915 959 sterilis,
948 866 1000 944 et
1026 889 1136 940 hare
1165 882 1325 943 mula,
1362 887 1544 946 putare
1576 875 1707 925 hanc
1734 870 1929 923 habere
1970 866 2023 918 in
2054 874 2205 917 utero
2233 874 2249 925 ;

691 1003 794 1043 non
824 948 960 1037 enim
1006 977 1105 1030 scit
1132 970 1378 1039 quoniam
1405 983 1456 1028 a,
1490 980 1515 1015 c
1544 964 1633 1030 qui
1666 976 1770 1013 non
1797 954 2080 1022 conspicit,
2108 948 2250 1020 quod

688 1086 770 1133 est
790 1069 1079 1128 secundum
1111 1073 1415 1127 utrumque.
1447 1055 1622 1120 Quare
1642 1048 1975 1103 manifestum
2001 1044 2250 1111 quoniam

687 1131 740 1222 et
764 1166 809 1219 si
840 1164 939 1215 hoc
962 1155 1172 1226 quidem
1204 1149 1368 1210 novit,
1393 1144 1522 1199 illud
1545 1157 1671 1196 vero
1697 1136 1801 1193 non
1827 1135 1996 1198 novit,
2023 1131 2252 1192 falletur,

685 1252 826 1324 quod
854 1220 1051 1303 habent
1077 1238 1403 1297 universales
1431 1233 1496 1287 ad
1526 1229 1875 1301 particulares
1904 1220 2210 1290 disciplinas
2237 1234 2251 1283 ;

687 1308 888 1400 nullum
920 1337 1062 1393 enim
1117 1327 1447 1385 sensibilium
1486 1336 1605 1375 cum
1630 1327 1777 1372 extra
1809 1328 2022 1369 sensum
2056 1312 2112 1363 lit
2156 1308 2259 1363 sei-

685 1449 827 1495 mus,
844 1445 941 1484 nec
962 1427 1005 1480 si
1036 1421 1329 1479 sentientes
1354 1412 1607 1468 fuerimus
1635 1409 1853 1468 scimus,
1869 1404 1967 1457 nisi
1992 1410 2048 1454 ut
2066 1392 2127 1453 'in
2143 1398 2260 1451 uni-

688 1487 902 1585 versali,
927 1528 981 1573 et
1005 1517 1057 1569 in
1076 1528 1140 1566 eo
1163 1508 1303 1579 quod
1322 1506 1481 1559 habet
1499 1499 1766 1570 prottriam
1790 1493 2146 1560 disciplinam,
2166 1487 2258 1542 sed

691 1629 796 1669 non
825 1613 876 1664 in
890 1578 964 1663 eo
991 1603 1129 1674 quod
1145 1578 1229 1653 εει
1250 1601 1299 1651 in
1318 1605 1515 1650 actum.
1534 1591 1663 1644 Nam
1679 1588 1817 1642 scire
1842 1578 2263 1652 tripliciterdici-

692 1717 794 1767 tur,
818 1708 983 1754 autut
1010 1672 1317 1750 universali,
1356 1692 1446 1739 aut
1475 1693 1530 1735 ut
1561 1679 1797 1749 propria,
1829 1683 1922 1728 aut
1952 1683 2008 1726 ut
2038 1672 2091 1725 iu
2114 1676 2256 1729 actu,

2345 508 2511 560 stiluti
2530 514 2671 559 sunt.
2691 506 2919 558 Rursum
2933 504 2976 558 si
2994 503 3138 557 omni
3162 501 3399 570 quidem,
3424 516 3454 551 a
3472 497 3554 550 vel
3580 496 3729 559 b,etc
3749 495 3833 548 vel
3854 497 3909 556 ά,

2345 599 2503 653 simul
2525 608 2705 653 autem
2733 598 3116 662 nouittsitnt,si
3137 594 3468 657 convertitur
3496 604 3592 644 aet
3621 608 3667 655 ι’,
3692 602 3743 643 et
3765 589 3790 640 b
3812 598 3862 640 et
3882 587 3916 638 τι

2347 701 2713 748 convertetur.
2746 692 2876 743 Nam
2897 691 2940 742 si
2962 690 3118 741 alicui
3148 704 3252 740 non
3287 689 3423 739 inest
3452 685 3501 749 b,
3533 683 3619 736 cui
3652 682 3709 747 ἀ,
3746 681 3915 747 palam

2348 783 2593 851 quoniam
2619 799 2651 832 a
2678 781 2839 842 inest;
2861 780 2902 832 si
2925 792 3099 832 autem
3122 795 3173 837 a.
3198 787 3251 831 et
3272 792 3319 840 ε,
3344 782 3726 829 contertuntur
3748 772 3917 832 enim;

2349 885 2513 938 quare
2540 868 2695 922 simul
2741 885 2766 920 c
2789 877 2841 922 et
2876 868 2910 921 ἃ
2931 908 2946 931 ,
2986 867 3084 920 hoc
3112 874 3289 920 autem
3312 863 3664 931 impossibile.
3701 860 3923 927 Quando

2352 969 2525 1013 autem
2556 976 2585 1011 a
2610 960 2701 1012 toti
2727 962 2752 1011 b
2781 967 2835 1012 et
2858 974 2884 1010 ε
2907 957 3067 1020 inest,
3096 956 3237 1009 etde
3267 948 3409 1008 nullo
3446 953 3552 1005 alio
3586 951 3922 1019 prtedicatur,

2355 1050 2493 1103 inest
2520 1062 2696 1102 autem
2735 1058 2789 1102 et
2819 1048 2846 1099 b
2875 1046 3019 1100 omni
3049 1064 3090 1111 c,
3129 1059 3346 1098 necesse
3366 1056 3443 1097 ρει
3473 1060 3505 1095 a
3526 1042 3623 1096 etb
3653 1040 3923 1103 converti,

2356 1143 2602 1211 quoniam
2625 1140 2764 1196 enim
2782 1140 2849 1194 de
2869 1140 2996 1193 solis
3018 1138 3046 1191 b
3067 1154 3094 1191 c
3116 1137 3307 1191 dicitur
3327 1153 3376 1198 a,
3399 1135 3714 1202 prmdieatur
3743 1142 3926 1184 autem

2358 1232 2386 1284 ὸ
2409 1241 2461 1285 et
2482 1232 2618 1284 idem
2641 1230 2708 1283 de
2720 1244 2777 1282 se
2797 1240 2848 1282 el
2870 1228 2939 1282 de
2953 1244 3001 1287 ε,
3027 1226 3362 1280 manifestum
3383 1226 3631 1292 quoniam
3647 1222 3712 1273 de
3732 1219 3930 1287 quibus

2359 1340 2391 1376 a
2414 1366 2427 1385 ,
2474 1332 2528 1376 et
2557 1324 2583 1373 ὑ
2626 1322 2830 1374 dicetur
2857 1319 3104 1373 omnibus
3126 1357 3141 1379 ,
3193 1328 3377 1369 verum
3407 1322 3462 1367 et
3502 1313 3570 1365 de
3599 1328 3653 1362 a.
3699 1310 3929 1361 Rursum

2360 1414 2570 1483 quando
2598 1428 2629 1464 a
2658 1420 2710 1465 et
2753 1412 2813 1475 b,
2848 1410 2942 1463 toti
2984 1426 3008 1460 c
3034 1409 3212 1463 insunt
3242 1403 3568 1459 convertitur
3608 1408 3781 1454 autem
3813 1416 3839 1451 ε
3867 1400 3926 1464 b,

2363 1519 2581 1559 necesse
2612 1514 2693 1557 est
2716 1520 2747 1555 a
2775 1501 2963 1555 omnib
2995 1496 3457 1566 inesse,quoniatn
3488 1494 3631 1547 enim
3663 1490 3804 1544 omni
3825 1506 3854 1541 ε
3874 1508 3925 1550 a,

2363 1616 2390 1651 ο
2420 1607 2597 1651 autem
2629 1596 2687 1659 b,
2707 1610 2771 1649 eo
2793 1593 2930 1663 quod
2963 1598 3366 1651 convertuntur,
3389 1597 3443 1641 et
3481 1602 3514 1639 a
3539 1585 3681 1638 omni
3706 1584 3732 1635 ὁ
3754 1582 3925 1636 inerit.

2365 1689 2586 1756 Quando
2600 1695 2776 1740 autem
2794 1686 2900 1738 tluo
2918 1683 3112 1737 fuerint
3134 1683 3397 1749 opposita,
3418 1684 3528 1731 uta
3554 1675 3718 1742 magis
3736 1673 3927 1739 eligen-

689 1808 852 1862 quare
873 1800 925 1843 et
950 1785 1120 1851 decipi
1152 1778 1370 1834 totidem
1398 1767 1739 1862 tnodis,uibil
1769 1778 1896 1831 ergo
1928 1760 2176 1831 prohibet
2205 1767 2258 1811 et
2289 1775 2335 1834 Β
2362 1780 2573 1835 dumsi,
2594 1794 2751 1847 quam
2769 1778 2819 1840 θ’
2842 1790 2961 1828 cum
2984 1770 3368 1840 simopposila’
3392 1777 3445 1820 et
3466 1768 3499 1819 ά
3520 1781 3674 1834 quam
3698 1781 3724 1816 ε
3748 1763 3929 1816 simil}.

690 1860 850 1944 seire.
877 1889 931 1934 et
955 1878 1235 1941 deceptum
1269 1881 1389 1922 esse
1410 1865 1550 1917 circa
1571 1860 1733 1921 idem,
1758 1863 2125 1912 verumtamen
2155 1862 2258 1900 non

694 1969 978 2026 contrarie.
1004 1961 1155 2029 Quod
1186 1956 1378 2011 accidit
1408 1960 1461 2006 et
1490 1953 1538 2004 ei
1561 1949 1647 2018 qui
1676 1943 1968 2000 secundum
1987 1950 2263 2007 utramque

694 2061 792 2116 scit
808 2054 1246 2128 propositionum,
1265 2054 1321 2099 et
1335 2057 1439 2096 non
1455 2036 1797 2109 pertractavit
1817 2034 1983 2101 prius,
2010 2024 2131 2083 naui
2152 2027 2263 2095 opi-

695 2118 829 2204 nans
870 2118 922 2198 in
964 2153 1115 2197 utero
1157 2138 1353 2191 habere
1401 2130 1629 2192 mulam,
1662 2141 1765 2179 non
1791 2124 1947 2176 habet
1975 2118 2263 2174 secundum

696 2254 871 2297 acum
889 2233 1243 2303 disciplinam,
1265 2238 1438 2294 neque
1458 2230 1671 2289 propter
1687 2210 1986 2285 opinionem
2008 2209 2266 2263 fallaciam

699 2299 1356 2388 contrariamvdiseipliuat,
1379 2310 1718 2382 syllogismus
1739 2305 1880 2359 enim
1908 2299 2268 2355 cstcontraria

700 2420 907 2479 fallacia
929 2419 980 2470 itt
1004 2406 1421 2472 universali.Qui
1444 2413 1621 2455 autem
1645 2400 1889 2467 opinatur
1912 2392 2051 2463 quod
2074 2392 2268 2445 bonum

700 2527 821 2567 esse
858 2516 943 2562 est
988 2505 1183 2558 malum
1227 2513 1380 2560 esse,
1425 2495 1563 2548 idem
1593 2488 1894 2559 opinabitur
1931 2486 2125 2539 bonum
2154 2496 2273 2535 esse

702 2614 756 2660 et
773 2602 989 2655 malum.
1010 2598 1089 2651 Sit
1110 2594 1246 2647 enim
1263 2590 1459 2641 bonum
1481 2600 1602 2639 esse
1619 2583 1669 2635 in
1688 2596 1856 2650 quoa,
1877 2579 2070 2631 malum
2097 2586 2270 2626 autem

703 2707 825 2749 esse
855 2692 905 2742 in
929 2702 1034 2757 quo
1064 2686 1112 2748 ὸ,
1142 2696 1351 2736 rursum
1378 2679 1573 2730 bonum
1604 2689 1723 2727 esse
1745 2673 1795 2726 in
1814 2687 1923 2741 quo
1944 2687 1999 2733 c;
2025 2667 2272 2738 quoniam

704 2784 863 2853 igitur
883 2780 1021 2834 idem
1035 2776 1281 2844 Opinatur
1303 2772 1394 2824 etb
1412 2777 1531 2829 etc,
1555 2776 1608 2820 et
1628 2779 1747 2818 esse
1769 2780 1795 2816 c
1820 2764 1846 2816 b
1877 2761 2203 2831 apinabitur,
2220 2764 2277 2811 'et

704 2886 915 2932 rursum
946 2871 972 2923 b
999 2882 1117 2923 esse
1146 2882 1177 2918 a
1205 2862 1657 2926 similiter,quare
1682 2865 1783 2909 etc
1802 2870 1854 2917 a,
1874 2868 1993 2905 nam
2024 2848 2277 2919 quemad—

706 2954 919 3022 t'nOdum
944 2960 989 3015 si
1018 2968 1133 3013 erat
1161 2969 1344 3010 verum
1370 2952 1437 3005 de
1464 2964 1568 3019 quo
1595 2948 1682 3012 ob,
1712 2955 1765 3000 ct
1787 2945 1852 3000 de
1875 2959 1981 3014 quo
2007 2943 2034 2993 b
2057 2958 2111 3004 α,
2141 2938 2280 2994 etde

706 3069 812 3126 quo
832 3070 903 3106 ca
926 3064 1109 3105 verum
1132 3055 1265 3109 erat,
1284 3050 1362 3098 s'e
1387 3048 1443 3097 et
1471 3041 1523 3094 in
1547 3038 1877 3108 opinatione.
1904 3032 2160 3089 Similiter
2180 3044 2277 3082 au-

2366 1883 2465 1935 ter,
2492 1872 2534 1924 si
2565 1869 2733 1937 magis
2758 1864 2999 1934 eligenda
3022 1871 3143 1916 sunt
3171 1878 3203 1913 a
3231 1877 3257 1913 c
3280 1874 3436 1929 quam
3470 1857 3497 1908 b
3518 1858 3571 1919 ἀ,
3589 1873 3620 1907 a
3645 1853 3808 1921 magis
3835 1851 3929 1904 eli.

2365 1962 2591 2031 gendum
2616 1973 2772 2027 quam
2801 1956 2856 2008 ά.
2901 1952 3319 2016 Situilitcrenim
3341 1947 3667 2016 sequendum
3697 1960 3750 2005 a,
3770 1951 3824 1996 et
3857 1946 3930 1993 lu-
4004 1952 4009 1955 ‘

2366 2050 2614 2119 giendum
2638 2049 2688 2111 b,
2714 2054 2958 2114 Opposua
2981 2042 3144 2104 enim,
3171 2048 3225 2093 et
3254 2056 3279 2092 c
3307 2038 3355 2093 ei
3377 2034 3517 2105 quod
3542 2042 3622 2088 est
3649 2034 3702 2095 d,
3732 2045 3853 2084 nam
3883 2039 3935 2083 et

2372 2142 2483 2195 haec
2508 2149 2878 2208 cppununtur;
2907 2133 2953 2187 si
2973 2147 3101 2201 ergo
3128 2149 3158 2183 a
3185 2131 3231 2184 ei
3260 2128 3398 2197 quod
3419 2139 3497 2181 est
3528 2126 3561 2177 ὀ
3587 2122 3934 2179 similitereli.

2368 2233 2620 2303 gendum,
2643 2238 2694 2284 et
2719 2230 2747 2281 b
2769 2228 2815 2280 ci
2836 2225 2973 2295 quod
2995 2232 3073 2278 est
3094 2239 3119 2272 ι·
3144 2220 3464 2288 fugiendum.
3487 2227 3770 2283 utrumque
3794 2214 3937 2267 enim

2373 2325 2579 2390 utrique
2604 2318 2845 2372 similiter
2871 2313 3169 2384 fugiendum
3207 2308 3449 2377 eligendo
3475 2323 3488 2370 ;
3516 2320 3684 2374 quare
3723 2312 3778 2357 et
3827 2303 3939 2357 haec

2371 2413 2524 2465 ambo
2540 2428 2568 2461 a
2590 2426 2618 2461 c
2640 2409 2702 2461 iis
2718 2421 2836 2475 qum
2858 2410 2983 2457 sunt
3005 2403 3033 2455 b
3059 2402 3115 2465 ἀ,
3143 2399 3391 2469 quoniam
3415 2405 3589 2461 autem
3615 2394 3809 2460 magis,
3835 2406 3942 2445 uott

2374 2504 2622 2574 possibile
2636 2498 2903 2561 similiter,
2929 2510 3048 2548 nam
3067 2501 3120 2545 et
3141 2492 3168 2543 b
3183 2492 3214 2541 ά
3232 2488 3475 2543 similiter
3490 2493 3668 2540 erunt.
3685 2484 3741 2537 Si
3766 2492 3944 2536 autem

2375 2601 2407 2652 ά
2436 2596 2601 2665 magis
2623 2591 2923 2661 eligendum
2954 2601 3108 2655 quam
3137 2582 3299 2647 a,etb
3320 2594 3477 2649 quam
3495 2595 3523 2631 ο
3545 2578 3721 2630 minus
3742 2574 3943 2643 fugien-

2378 2691 2536 2749 dum;
2565 2703 2683 2741 nam
2714 2684 2853 2753 quod
2884 2683 3061 2736 minus
3088 2689 3171 2732 est
3202 2674 3393 2729 minori
3422 2672 3738 2741 opponitur;
3770 2668 3945 2736 magis

2380 2792 2556 2834 autem
2588 2777 2890 2847 eligendum
2922 2782 3005 2827 est
3026 2769 3204 2837 {majus
3230 2768 3425 2820 bonum
3458 2773 3511 2816 et
3541 2763 3717 2816 minus
3754 2759 3946 2813 tnalutn

2380 2886 2538 2941 quam
2589 2869 2762 2922 minus
2812 2865 3008 2918 bonum
3060 2869 3115 2914 et
3156 2857 3327 2925 majus
3369 2854 3592 2909 malum.
3635 2851 3947 2908 Universum

2382 2960 2537 3028 igitur
2565 2959 2593 3010 b
2638 2958 2673 3009 ά
2703 2954 2871 3022 magis
2916 2948 3219 3019 eligendum
3270 2960 3426 3015 quam
3467 2960 3497 2996 a
3526 2961 3574 3009 c,
3609 2957 3749 2996 nunc
3774 2950 3948 2996 autem

2386 3064 2491 3104 non
2512 3058 2624 3113 est,
2664 3059 2790 3114 t-rgo
2836 3043 3003 3111 magis
3025 3055 3057 3095 ιι
3082 3038 3383 3109 eligendum
3411 3046 3569 3105 quam
3594 3036 3628 3088 d
3647 3074 3663 3099 ,
3693 3042 3747 3089 et
3770 3050 3795 3085 ε
3825 3047 3950 3101 ergo

709 3159 816 3217 tem
846 3135 900 3199 et
931 3146 981 3198 in
1008 3156 1073 3195 eo
1103 3138 1239 3208 quod
1270 3145 1350 3190 est
1370 3149 1509 3190 esse.
1537 3132 1667 3186 Nam
1684 3144 1804 3185 eum
1830 3127 1970 3181 idem
2002 3126 2072 3217 sit
2097 3141 2122 3175 c
2148 3130 2202 3217 et
2227 3122 2276 3187 ὁ,
2310 3128 2357 3191 C
2388 3144 2561 3196 minus
2584 3137 2888 3203 fugiendum
2908 3149 3064 3202 quam
3090 3130 3209 3186 (λεί
3238 3143 3364 3197 ergo
3384 3127 3545 3195 eligat
3571 3124 3743 3178 omnis
3769 3134 3951 3176 amans

708 3249 758 3294 et
790 3213 998 3290 rursum
1028 3232 1055 3283 b
1083 3241 1134 3284 et
1164 3246 1216 3291 a,
1248 3244 1273 3279 c
1302 3242 1333 3277 a
1360 3225 1495 3277 idem
1522 3222 1644 3287 erit,
1686 3234 1852 3287 quare
1888 3224 1942 3269 et
1975 3213 2283 3280 opinatione

711 3325 997 3384 similiter;
1029 3334 1156 3386 ergo
1204 3317 1301 3368 hoc
1346 3312 1561 3380 quidem
1592 3305 1950 3361 necessarium
1981 3301 2025 3353 si
2054 3301 2172 3368 quis
2194 3300 2283 3353 det

711 3416 960 3483 primum.
1009 3408 1113 3461 Sed
1167 3405 1393 3457 fortasse
1436 3399 1560 3453 illud
1589 3397 1777 3448 falsum
1819 3393 2021 3459 opinari
2051 3390 2279 3456 aliquem

712 3500 854 3573 quod
904 3497 1095 3550 malum
1135 3508 1253 3549 esse
1300 3501 1382 3545 est
1422 3491 1620 3543 bonum
1651 3499 1804 3547 esse,
1856 3484 1954 3535 nisi
1987 3479 2280 3535 secundum

713 3583 1369 3652 accidens;multipliciter
1390 3581 1531 3633 enim
1559 3575 1809 3643 possibile
1836 3575 2037 3629 esthoc
2052 3572 2278 3639 opinari,

716 3677 1137 3751 perspiciendum
1164 3683 1342 3727 autem
1375 3672 1474 3723 hoc
1503 3668 1715 3722 melius.

1279 3782 1507 3839 CAPUT
1545 3779 1714 3834 XXII.

1072 3876 1148 3929 De
1175 3873 1582 3929 conversionibus
1605 3871 1954 3925 terminorum.

783 3968 1006 4039 Quando
1034 3982 1161 4023 vero
1187 3972 1573 4020 convertuntur
1612 3961 2015 4020 extremitates.
2067 3970 2285 4010 necesse

712 4074 797 4119 est
822 4070 877 4117 et
901 4060 1133 4115 medium
1174 4057 1413 4112 converti
1435 4057 1499 4110 ad
1530 4066 1843 4123 utramque;
1875 4052 1920 4106 si
1941 4051 2083 4105 enim
2109 4066 2140 4101 a
2160 4048 2228 4103 de
2259 4064 2285 4101 c

713 4170 812 4225 per
836 4153 863 4205 b
890 4161 993 4215 est,
1019 4150 1065 4204 si
1094 4149 1422 4205 convertitur
1447 4156 1499 4200 et
1521 4148 1660 4201 inest
1679 4145 1765 4201 cui
1788 4160 1823 4196 α
1843 4144 2022 4209 omni,
2068 4158 2094 4193 ο
2117 4149 2172 4195 et
2198 4141 2226 4191 ὸ
2255 4158 2287 4194 a

711 4246 1063 4305 convertitur,
1079 4241 1283 4294 elinest
1306 4239 1439 4292 cuia
1459 4237 1669 4305 omni,b
1692 4250 1788 4303 per
1805 4235 2038 4289 medimn
2063 4249 2110 4299 c,
2133 4241 2186 4285 et
2210 4248 2235 4282 c
2258 4232 2285 4282 ὁ

717 4335 1041 4391 convertitur
1065 4346 1155 4397 per
1186 4329 1417 4383 medium
1446 4344 1497 4378 a.
1527 4328 1587 4379 Et
1622 4329 1670 4378 iu
1703 4340 1807 4378 non
1840 4340 1962 4377 esse
1994 4326 2197 4387 itidem,
2231 4331 2287 4375 ut

710 4427 810 4480 sib
844 4428 984 4478 inest
1010 4437 1068 4483 ο,
1097 4437 1127 4472 a
1156 4432 1284 4473 vero
1308 4432 1412 4481 non
1440 4416 1576 4469 inest
1605 4414 1664 4478 b,
1709 4429 1880 4483 neque
1906 4430 1937 4465 a
1969 4414 2123 4466 inerit
2153 4428 2199 4466 ο.
2232 4413 2287 4465 Si

2387 3232 2675 3287 secundum
2704 3241 2939 3281 amorem
2967 3242 2998 3277 a
3019 3225 3096 3278 sic
3118 3237 3178 3277 se
3206 3222 3400 3275 habere
3420 3261 3434 3282 ,
3468 3228 3523 3271 ιιι
3542 3216 3836 3272 concedere
3854 3255 3869 3278 ,
3901 3222 3954 3267 et

2388 3339 2492 3376 non
2521 3320 2815 3374 concedere
2846 3320 2894 3370 in
2937 3330 3043 3384 quo
3070 3322 3242 3376 c.7aut
3269 3309 3558 3366 concedere
3588 3308 3638 3361 in
3666 3320 3771 3373 quo
3801 3304 3868 3381 d_,
3899 3312 3954 3356 et

2387 3428 2492 3465 non
2517 3411 2620 3462 tale
2641 3423 2759 3462 esse
2779 3416 2837 3459 ut
2860 3403 3156 3459 concedere
3185 3404 3235 3456 in
3259 3416 3366 3471 quo
3386 3403 3434 3462 b,
3468 3397 3797 3452 manifestum
3816 3409 3953 3464 quo-

2387 3505 2526 3558 niam
2566 3518 2600 3553 a
2640 3500 2941 3569 hujusmodi
2971 3513 3093 3552 esse
3113 3538 3128 3563 ,
3161 3497 3329 3565 magis
3358 3492 3660 3563 eligendum
3690 3500 3770 3545 est
3796 3502 3956 3558 quam

2386 3593 2709 3653 conectere;
2749 3603 2877 3658 ergo
2899 3588 3219 3656 diligiquam
3240 3586 3525 3640 conventio
3555 3584 3723 3651 magis
3751 3582 3956 3649 eligen-

2386 3684 2511 3737 dum
2535 3680 2827 3736 secundum
2853 3694 3090 3733 amorem
3112 3678 3311 3745 ;ntagis
3332 3690 3460 3745 ergo
3484 3689 3632 3728 amor
3654 3673 3801 3725 estin
3823 3670 3958 3723 ami-

2386 3773 2510 3827 ciia
2551 3786 2707 3839 quam
2740 3768 3044 3821 convenire.
3095 3767 3151 3821 Si
3202 3776 3377 3820 autem
3410 3765 3638 3819 maxime
3662 3762 3872 3829 .hujus,
3903 3768 3957 3814 et

2388 3862 2508 3915 linis
2537 3862 2677 3924 bare,
2712 3874 2840 3927 ergo
2869 3859 3158 3912 convenire
3188 3869 3280 3910 aut
3318 3872 3423 3911 non
3462 3867 3543 3910 est
3581 3855 3828 3914 omnino,
3866 3862 3959 3906 aut

2388 3952 2638 4021 diligendi
2680 3950 2872 4017 gratia,
2899 3964 3018 4003 nam
3045 3957 3093 4001 et
3126 3948 3245 4002 alite
3266 3946 3792 4021 enttcttpiscentizect
3820 3953 3959 3996 artes

2389 4044 2466 4098 sic
2496 4042 2643 4096 ﬁunt.
2664 4041 2941 4109 Quomodo
2969 4054 3097 4106 ergo
3127 4056 3187 4095 sc
3217 4039 3414 4094 habent
3436 4013 3956 4092 terminiseeundum

2390 4133 2800 4197 conversiones,
2845 4141 2899 4186 et
2940 4132 2992 4185 in
3022 4145 3087 4185 co
3125 4131 3267 4200 quod
3320 4130 3485 4198 magis
3524 4127 3828 4196 fugiendum
3874 4127 3958 4181 vel

2391 4226 2561 4294 magis
2589 4224 2890 4294 eligendum
2916 4222 3016 4287 sit,
3048 4220 3383 4276 manifestum
3412 4227 3512 4272 est.

2951 4336 3174 4391 CAPUT
3210 4332 3397 4387 XXIII.

2754 4439 2826 4483 be
2853 4446 3096 4500 epagoge,
3113 4428 3167 4480 id
3194 4438 3265 4480 est
3291 4424 3603 4478 inductione.

717 4530 846 4583 ergo
871 4514 898 4565 δ
937 4518 1274 4566 “Momm”
1303 4506 1368 4560 ad
1397 4523 1457 4571 θ’
1490 4514 1545 4559 ει
1579 4522 1605 4557 θ
1640 4506 1702 4558 ad
1744 4522 1774 4556 α
1806 4515 2183 4560 θθηνθνίθίυτε
2218 4505 2288 4557 δίε
2316 4486 2369 4544 D
2462 4519 2723 4588 Quoniam
2752 4486 2927 4574 autem
2952 4486 3057 4574 non
3081 4486 3250 4574 solum
3269 4516 3527 4572 dialectici
3549 4523 3600 4568 et
3623 4513 3960 4567 demonstra-

712 4610 859 4663 enim
894 4605 921 4657 l1
948 4603 1076 4657 nulli
1105 4618 1137 4653 a
1169 4590 1479 4659 inexistens,
1507 4612 1633 4665 ergo
1660 4611 1829 4665 neque
1850 4613 1899 4661 c,
1929 4596 2073 4649 omni
2096 4596 2238 4649 enim
2263 4613 2290 4647 c

722 4700 894 4751 inerat
920 4695 967 4759 b,
995 4702 1047 4745 et
1076 4693 1117 4743 si
1150 4692 1178 4742 b
1204 4689 1529 4742 convertitur
1557 4688 1623 4742 ad
1653 4705 1696 4751 c,
1722 4698 1774 4741 et
1803 4705 1833 4739 a
1856 4699 2197 4742 convertetur
2226 4689 2289 4741 ad

717 4801 784 4850 ις
808 4799 928 4837 nam
953 4784 1018 4835 de
1039 4794 1355 4849 quocunque
1377 4781 1591 4831 omnino
1612 4779 1663 4844 b,
1686 4789 1805 4832 etc.
1824 4779 1890 4831 Et
1910 4781 1954 4832 si
1981 4796 2007 4831 ε
2027 4779 2091 4831 ad
2113 4795 2145 4831 a
2166 4792 2293 4831 con-

724 4877 964 4937 vertitur,
990 4873 1086 4926 etb
1111 4877 1448 4922 convertatur
1470 4869 1535 4921 ad
1560 4884 1589 4919 α
1608 4882 1625 4919 :
1646 4870 1727 4921 cui
1757 4870 1896 4922 enim
1919 4868 1948 4919 ὁ
1972 4873 2129 4932 inest,
2158 4877 2290 4931 etc;

721 4966 806 5020 cui
830 4974 1009 5017 autem
1033 4977 1078 5025 ο,
1100 4975 1130 5011 a
1157 4973 1260 5012 non
1288 4959 1457 5019 inest;
1492 4966 1547 5010 et
1562 4958 1730 5009 solum
1762 4958 1862 5009 hoc
1892 4972 1920 5008 a
1949 4958 2292 5012 conclusione

722 5055 930 5124 incipit,
948 5053 1049 5104 alia
1070 5060 1246 5104 autent
1265 5066 1369 5101 nou
1397 5048 1663 5111 similiter,
1682 5047 1802 5097 utin
1832 5046 2169 5111 przedicativo
2185 5048 2293 5115 syl-

725 5147 973 5215 logismo.
1025 5143 1255 5195 Rursum
1295 5142 1337 5192 si
1385 5156 1415 5190 a
1444 5148 1497 5191 et
1528 5138 1555 5189 b
1593 5146 2002 5199 convertuntur,
2042 5148 2093 5191 et
2123 5157 2149 5190 c
2178 5150 2229 5193 et
2258 5141 2292 5191 d

722 5237 1001 5297 similiter,
1034 5232 1179 5287 omni
1206 5241 1383 5285 autem
1417 5242 1634 5281 necesse
1660 5239 1741 5280 est
1770 5246 1800 5280 a
1824 5240 1911 5280 aut
1934 5244 1959 5279 ο
1987 5236 2190 5293 inesse,
2243 5242 2297 5284 et

728 5324 870 5378 betd
888 5323 966 5377 sic
992 5339 1050 5376 se
1082 5322 1369 5380 habebunt,
1394 5327 1449 5371 ut
1469 5318 1847 5370 omuialteruut
1865 5318 1981 5371 insit
2006 5337 2019 5381 ;
2047 5322 2293 5387 quoniam

720 5416 866 5469 enim
895 5414 979 5484 cui
1010 5415 1119 5475 ab,
1151 5427 1195 5465 e'
1234 5412 1315 5465 eui
1346 5411 1455 5475 c'd,
1485 5412 1627 5463 omni
1659 5419 1834 5464 autem
1858 5427 1887 5462 α
1914 5423 2002 5463 aut
2030 5431 2081 5476 c,
2114 5422 2165 5465 et
2192 5430 2293 5465 ttun

684 5538 685 5541 η
728 5502 922 5567 simul,
961 5502 1298 5555 manifestum
1331 5504 1577 5570 quoniam
1608 5511 1658 5554 ct
1681 5501 1707 5553 b
1737 5512 1827 5555 aut
1854 5502 2079 5565 domui,
2114 5515 2163 5555 et
2193 5520 2292 5555 non

725 5592 910 5653 simul,
924 5601 981 5644 ut
1003 5591 1046 5644 si
1060 5592 1373 5658 ingenitum,
1390 5595 1807 5663 incorruptibilc,
1824 5605 1875 5648 et
1894 5596 2294 5661 incorruptibile

727 5681 1045 5750 ingenitum,
1070 5697 1285 5736 necesse
1314 5694 1397 5740 est
1419 5687 1556 5753 quod
1575 5687 1768 5740 factum
1786 5697 1867 5740 cst
1882 5686 2229 5752 corruptibile
2244 5698 2294 5741 et

2394 4613 2486 4667 tivi
2517 4610 2805 4683 syllogismi
2853 4625 2945 4677 per
2988 4610 3268 4679 prtedictas
3313 4607 3443 4661 fiunt
3491 4606 3726 4674 ﬁguras,
3774 4602 3866 4656 sed
3910 4610 3964 4653 et

2396 4702 2667 4764 rhetorici,
2697 4700 2790 4755 sed
2818 4708 2871 4753 et
2905 4699 3223 4766 simpliciter
3248 4688 3579 4767 quoscunque
3607 4693 3738 4746 lides
3772 4699 3881 4756 est,
3913 4701 3965 4743 et

2395 4794 2686 4850 secundum
2719 4806 3147 4859 unamquamque
3164 4799 3354 4853 artem,
3382 4803 3518 4842 nunc
3540 4787 3639 4840 erit
3658 4784 3957 4839 dicendum.

2396 4885 2583 4940 Omnia
2624 4884 2766 4937 enim
2795 4883 3061 4937 credimus
3084 4896 3178 4949 per
3204 4881 3572 4950 syllogismum
3602 4885 3693 4929 aut
3713 4889 3777 4929 es
3807 4874 3962 4927 indu-

2396 4976 2600 5037 ctione;
2634 4988 2759 5040 ergo
2784 4973 2828 5025 si
2858 4972 3093 5025 induetio
3122 4972 3333 5039 quidem
3364 4979 3467 5032 est,
3493 4976 3551 5021 et
3579 4982 3642 5025 ex
3666 4963 3965 5018 inductione

2396 5063 2735 5132 syllogismus
2757 5078 2849 5129 per
2869 5064 3087 5117 alteram
3121 5062 3512 5115 extremitatem
3544 5056 3721 5110 medio
3750 5055 3967 5125 syllogl-

2399 5167 2540 5204 zare.
2574 5150 2640 5204 Ut
2665 5153 2707 5203 si
2738 5166 2924 5204 eorum
2955 5168 3072 5221 qua:
3102 5160 3225 5205 sunt
3251 5169 3281 5203 a
3306 5167 3336 5203 c
3364 5149 3596 5201 medium
3642 5147 3710 5199 sit
3737 5150 3797 5211 b,
3832 5160 3967 5214 perc

2400 5241 2682 5295 ostendere
2710 5258 2743 5294 a
2777 5243 2949 5295 inesse
2976 5243 3036 5309 b,
3080 5244 3157 5296 sic
3185 5243 3326 5296 euitn
3360 5241 3578 5292 facimus
3610 5237 3965 5291 inductiones.

2404 5333 2471 5388 Ut
2501 5335 2625 5387 sita
2663 5333 2992 5402 longaevum,
3047 5335 3099 5386 in
3140 5350 3245 5402 qtto
3285 5342 3458 5385 autem
3492 5331 3520 5382 b
3557 5329 3835 5383 choleram
3866 5340 3971 5379 non

2404 5423 2618 5487 habere,
2649 5425 2701 5476 in
2730 5440 2834 5490 quo
2869 5440 2993 5477 vero
3016 5440 3041 5475 c
3072 5424 3340 5489 siugulare
3364 5423 3680 5490 longzevum,
3710 5430 3766 5472 ut
3790 5419 3972 5481 homo,

2399 5529 2587 5581 equus,
2612 5515 2875 5568 ettuulus.
2900 5514 3036 5581 Ergo
3052 5516 3141 5567 tuti
3170 5514 3199 5565 b
3232 5514 3369 5567 inest
3389 5530 3442 5575 a,
3476 5527 3636 5565 omne
3657 5512 3801 5563 enim
3834 5506 3974 5577 quod

2399 5604 2498 5657 sibi
2525 5606 2740 5659 cholera
2769 5616 2870 5670 est,
2902 5606 3221 5673 longa-vum,
3251 5606 3345 5660 sed
3367 5616 3421 5659 et
3448 5606 3597 5658 bnon
3620 5603 3818 5655 habere
3848 5600 3979 5653 cho-

2400 5695 2561 5749 leram
2584 5737 2597 5756 ,
2628 5698 2771 5751 omni
2805 5701 2942 5761 iues_t
2982 5714 3006 5748 τ
3034 5714 3050 5760 ;
3096 5697 3141 5751 si
3171 5712 3298 5766 ergo
3329 5705 3677 5753 convertatur
3706 5710 3733 5746 ε
3757 5693 3807 5747 ci
3837 5686 3982 5760 quod
