4296 6266
396 329 424 382 7
432 328 498 383 09

1022 329 1324 387 PRIORUM
1365 331 1896 394 ANALYTICOIIUII
1940 338 2388 399 ARISTOTELIS
2428 345 3003 407 INTERPRETATIO.
3543 360 3642 412 7IU

393 444 538 509 estb,
555 452 609 499 et
630 458 737 499 non
764 447 1103 502 transcendat
1119 450 1373 514 medium,
1395 466 1611 506 necesse
1635 461 1715 505 est
1738 470 1763 506 ρ
1786 455 1962 509 inesse
1990 461 2035 517 Α
2068 456 2169 511 lem
2186 459 2295 511 ﬁeri
2313 462 2587 517 rectilineo
2605 466 2858 521 circulum
2882 469 3229 540 propinquius
3251 470 3354 524 erit
3376 472 3636 529 scientizr.

395 540 442 589 Iv.
489 538 779 591 Ostensum
810 538 950 592 enim
990 549 1071 592 est
1111 541 1256 619 prius
1286 544 1553 609 quoniam,
1580 543 1622 597 si
1653 544 1758 597 duo
1786 547 1961 615 aliqua

392 627 568 680 cidem
601 628 811 692 insunt,
858 637 911 681 et
939 629 1002 681 ad
1034 631 1251 682 alteram
1288 648 1470 685 eorum
1499 644 1844 690 convertatur
1872 654 1962 690 ex-
1994 653 1998 657 ”

393 728 655 786 tremum,
703 733 962 772 converso
990 728 1045 773 et
1072 722 1292 774 alterum
1347 724 1502 775 inerit
1532 725 1958 790 prasdicatorum.

392 812 614 876 Oportet
660 820 836 863 autem
894 809 1186 878 intelligere
1218 828 1245 863 ο
1282 828 1345 865 ex
1390 814 1751 883 singularibus
1790 817 1963 870 omni-

395 904 492 958 bus
523 903 897 971 compositum,
939 919 1058 956 nam
1110 904 1346 958 inductio
1395 921 1489 974 per
1530 909 1728 961 omnia.
1781 908 1955 977 Syllo-

393 997 591 1064 gismus
613 1004 785 1048 autem
803 994 1101 1060 hujusmoili
1121 1005 1204 1048 est
1226 998 1407 1064 prima:
1426 1006 1478 1050 et
1498 999 1814 1052 immediata:
1837 1016 1962 1068 pro-

393 1088 695 1154 positionis:
722 1102 941 1153 quarum
970 1087 1110 1138 cnim
1138 1096 1221 1140 est
1247 1089 1497 1153 medium,
1524 1106 1617 1157 per
1638 1090 1961 1144 mcdiumest

389 1178 750 1245 syllogismus;
775 1192 1004 1245 quorum
1037 1193 1163 1230 vero
1194 1195 1299 1232 non
1330 1191 1432 1244 est,
1455 1197 1548 1245 per
1574 1182 1953 1234 inductionem.

308 1246 319 1262 ’
391 1266 453 1317 Et
474 1265 700 1334 quodam
726 1268 885 1319 modo
907 1267 1194 1334 OppOltiIUI‘
1223 1267 1459 1320 inductio
1481 1271 1807 1337 syllogismo,
1834 1288 1954 1323 nam

390 1354 476 1409 hic
499 1356 708 1423 quidem
736 1372 829 1424 per
854 1358 1084 1410 medium
1116 1369 1411 1411 extremum
1435 1359 1501 1412 de
1530 1364 1684 1413 tertio
1706 1372 1800 1415 ost:
1822 1364 1953 1428 ndit,

388 1450 475 1501 illa
515 1456 692 1503 autem
739 1466 829 1517 per
886 1452 1097 1504 tertium
1138 1460 1439 1505 extremum
1480 1453 1547 1507 de
1579 1455 1772 1508 medio.
1816 1456 1957 1526 Ergo

391 1552 575 1593 natura
610 1540 824 1609 quidem
869 1541 1017 1608 prior
1055 1551 1108 1594 et
1157 1543 1335 1594 notior
1380 1558 1475 1610 per
1518 1545 1745 1597 medium
1791 1546 1955 1615 syllo-

385 1632 619 1699 gismus,
655 1630 806 1685 nobis
837 1639 1013 1686 autem
1052 1632 1390 1687 manifestior
1424 1634 1515 1703 qui
1567 1643 1651 1688 est
1683 1650 1775 1703 per
1802 1635 1955 1688 indu-

384 1722 639 1774 ctionem.
998 1788 1001 1789 ν

945 1811 1169 1867 CAPUT
1198 1802 1399 1868 XXIV.

686 1903 758 1956 De
782 1905 1154 1975 paradigmate,
1184 1906 1278 1959 hoc
1298 1916 1371 1959 est
1398 1907 1645 1976 exemplo.

452 1996 762 2065 Exemplum
794 2007 969 2049 autem
1020 2007 1137 2061 est,
1186 1996 1401 2064 quando
1440 1997 1616 2051 medio
1653 2010 1948 2051 extremum

381 2088 559 2141 inesse
583 2086 878 2139 ostenditur
900 2087 1054 2151 perid
1071 2087 1211 2155 quod
1235 2094 1317 2140 est
1335 2087 1511 2141 simile
1531 2088 1706 2141 tertio.
1728 2089 1952 2156 Oportet

380 2188 553 2231 autem
572 2190 620 2232 et
642 2178 869 2231 medium
891 2178 1070 2241 tertio,
1093 2188 1141 2231 ct
1165 2179 1388 2243 primum
1417 2180 1573 2232 simili
1603 2180 1778 2233 notius
1805 2195 1947 2243 esse,

377 2270 571 2323 inesse.
607 2268 673 2322 Ut
704 2268 773 2321 sit
801 2286 831 2321 a
871 2268 1087 2333 malum,
1124 2269 1151 2319 b
1183 2277 1356 2321 autem
1387 2283 1574 2321 con'ra
1606 2269 1842 2323 conﬁnes
1870 2269 1951 2321 in-

377 2359 514 2413 ferre
544 2360 759 2425 bellum,
789 2360 839 2412 in
858 2374 964 2429 quo
987 2370 1162 2414 autem
1178 2377 1204 2412 c
1230 2361 1588 2415 Athenienses
1608 2370 1794 2414 contra
1817 2361 1950 2413 The-

376 2449 559 2515 banos,
591 2450 640 2502 in
671 2463 777 2516 quo
807 2460 983 2501 autem
1021 2449 1054 2500 ά
1083 2449 1367 2502 Thebanos
1409 2460 1593 2503 contra
1621 2450 1943 2504 Phocenses.

375 2542 433 2594 Si
455 2557 580 2610 ergo
598 2541 841 2595 volumus
856 2542 1142 2595 ostendere
1167 2543 1415 2610 quoniam
1430 2542 1699 2597 Thebanis
1712 2556 1948 2610 pugnare

377 2631 569 2684 malum
601 2640 710 2692 est,
744 2631 1064 2685 sumendum
1095 2630 1346 2699 quoniam
1375 2640 1558 2684 contra
1587 2631 1826 2684 conﬁnes
1852 2646 1947 2698 pu—

377 2735 537 2789 gnare
556 2721 638 2775 cst.
662 2722 890 2785 malum,
923 2721 1078 2790 hujus
1118 2732 1297 2775 autem
1324 2721 1455 2774 ﬁdes
1478 2736 1540 2773 ex
1574 2719 1855 2782 similibus,
1891 2727 1947 2772 ut

378 2810 625 2880 quoniam
654 2811 921 2864 Thebanis
950 2819 1135 2863 eontra
1164 2810 1489 2864 Phocenses.
1525 2808 1786 2873 Quoniam
1814 2824 1944 2878 ergo

376 2905 555 2951 cantra
578 2898 816 2951 conﬁnes
847 2899 1063 2963 malum,
1100 2906 1288 2951 contra
1308 2897 1590 2953 Thebanos
1616 2904 1795 2950 autem
1815 2911 1943 2951 con-

375 2997 451 3043 tra
469 2990 706 3043 conﬁnes
717 2997 818 3053 est,
842 2986 1179 3041 manifestum
1197 2988 1443 3055 quoniam
1458 2996 1642 3040 contra
1659 2987 1941 3042 Thebanos

374 3094 603 3148 pugnare
632 3080 850 3133 malum.
882 3078 1139 3145 Quoniam
1171 3092 1298 3145 ergo
1338 3077 1414 3128 b‘c
1438 3086 1491 3131 et
1513 3078 1546 3129 ά
1575 3078 1742 3139 inest,
1768 3078 1941 3131 mani-

375 3173 594 3235 festum,
641 3184 925 3241 utrumque
962 3172 1105 3225 enim
1139 3180 1221 3223 est
1247 3179 1430 3222 contra
1470 3170 1708 3223 conﬁnes
1744 3169 1942 3223 inferre
1971 3174 2016 3236 C
2048 3205 2127 3242 ρος

374 3264 597 3329 bellum,
624 3266 946 3332 etquoniam
972 3280 1003 3314 α
1024 3264 1077 3326 d,
1106 3262 1375 3315 Thebanis
1401 3250 1540 3315 enim
1564 3275 1667 3315 non
1700 3262 1797 3314 fuit
1815 3262 1944 3315 utile

378 3367 556 3411 contra
584 3356 886 3410 Phocenses
914 3356 1132 3408 bellum.
1167 3354 1426 3419 Quoniam
1454 3363 1630 3407 autem
1659 3370 1689 3404 a
1726 3354 1864 3407 inest
1892 3354 1942 3421 ὁ,

376 3462 469 3513 per
490 3447 524 3498 d
549 3446 875 3509 ostendetur,
909 3446 1097 3500 eodem
1128 3455 1305 3499 autem
1331 3444 1490 3498 modo
1521 3456 1575 3499 et
1596 3446 1638 3499 si
1674 3461 1767 3512 per
1798 3448 1943 3514 plura

377 3535 565 3588 similia
613 3534 744 3589 ﬁdes
783 3535 813 3587 ﬁ
853 3544 871 3588 t
916 3536 1074 3589 medii
1118 3535 1183 3588 ad
1228 3545 1547 3590 extremum.
1609 3536 1943 3591 Manifestum

375 3637 499 3691 ergo
526 3625 771 3693 quoniam
798 3623 1099 3692 exemplum
1127 3634 1208 3675 est
1241 3638 1411 3691 neque
1436 3636 1489 3676 ut
1515 3632 1682 3678 totum
1731 3625 1795 3678 ad
1828 3640 1946 3693 par-

375 3723 501 3777 tem,
547 3729 718 3782 neque
745 3723 802 3767 ut
823 3730 943 3782 pars
970 3715 1035 3767 ad
1069 3723 1256 3779 totum,
1288 3716 1379 3768 sed
1405 3726 1457 3768 ut
1478 3731 1595 3783 pars
1622 3716 1688 3770 ad
1718 3726 1941 3785 partem,

374 3803 587 3870 quando
599 3803 759 3856 ambo
781 3803 1001 3869 quidem
1018 3804 1190 3855 insunt
1211 3804 1310 3858 sub
1328 3805 1539 3869 eodem,
1557 3816 1739 3861 notum
1763 3818 1943 3863 autem

374 3894 889 3950 aIternm.EtdiIIert
906 3894 976 3947 ab
990 3895 1312 3963 inductione,
1328 3898 1576 3964 quoniam
1598 3900 1711 3953 ha-c
1728 3901 1942 3967 quidem

374 4000 440 4039 ex
468 3984 717 4039 omnibus
753 3985 1038 4038 individuis
1070 3987 1384 4042 ostendebat
1425 3989 1608 4043 inesse
1645 4003 1943 4045 extremum

377 4073 578 4139 medio,
603 4083 656 4128 et
678 4073 743 4127 ad
778 4082 1074 4130 extremum
1107 4091 1210 4128 non
1240 4078 1520 4145 copulabat
1548 4078 1941 4148 syllogismum,

378 4166 479 4221 hoc
504 4170 684 4222 autem
710 4175 764 4222 et
788 4168 1024 4236 copulat,
1054 4164 1233 4222 etnon
1260 4185 1325 4223 ex
1348 4171 1596 4226 omnibus
1617 4172 1872 4227 ostendit.

946 4276 1169 4333 CAPUT
1211 4278 1376 4338 XXV.

780 4366 853 4421 De
873 4383 1100 4440 apagoge
1123 4370 1540 4442 deductioneque.
1942 4442 1952 4451 θ

430 4459 687 4515 Deductio
701 4470 873 4517 autem
888 4465 1099 4533 quando
1115 4465 1291 4519 medio
1304 4465 1517 4534 quidem
1533 4469 1757 4537 primum
1774 4469 1943 4538 palam

2068 546 2291 610 Quando
2337 561 2512 602 autem
2554 567 2727 621 neque
2772 557 3077 611 credibilius
3115 572 3197 613 est
3224 562 3251 612 ὁ
3281 578 3308 613 c
3342 578 3498 630 quam
3529 579 3559 614 a
3588 579 3637 629 c,

2066 651 2237 703 neque
2269 652 2433 704 pauca
2471 641 2640 693 inedia
2664 681 2679 703 ,
2734 659 2835 696 non
2868 647 2987 700 dico
3015 648 3385 705 deductionem
3409 693 3423 716 ,
3466 667 3641 721 neque

2064 728 2274 795 quando
2306 732 2609 784 itmnetiiata
2634 742 2714 785 est
2737 734 2764 784 b
2784 751 2829 797 c,
2858 736 3137 804 disciplina
3170 742 3310 794 enim
3340 743 3478 812 quod
3498 744 3640 813 ejus-

2065 816 2203 870 modi
2235 825 2338 871 est.

2618 956 2841 1013 CAPUT
2884 960 3074 1015 XXVI.

2340 1064 2412 1119 De
2437 1067 2702 1135 instantia,
2733 1087 2883 1139 quam
2914 1075 3135 1127 cnstasin
3167 1077 3360 1133 dicunt.

2132 1196 2383 1252 lnstautia
2408 1209 2586 1255 autem
2612 1211 2693 1257 est
2716 1207 3006 1274 pr0positio
3037 1209 3386 1276 [ιι-οροείιίοηί
3418 1223 3634 1267 contra-

2058 1288 2155 1338 ria.
2184 1288 2364 1343 Dil‘fert
2394 1301 2574 1346 autem
2603 1310 2630 1347 a
2663 1298 3057 1365 proposntionc,
3096 1301 3347 1370 quoniam
3371 1304 3635 1374 contingit

2057 1378 2271 1443 quidem
2301 1380 2605 1436 instantiam
2630 1400 2750 1439 esse
2778 1388 2827 1439 in
2861 1399 3031 1456 parte,
3054 1392 3469 1458 propositionem
3510 1411 3635 1451 vero

2055 1482 2143 1520 aut
2170 1471 2387 1525 omnino
2415 1490 2517 1525 non
2560 1479 2818 1545 contingit
2843 1520 2856 1542 ,
2907 1490 2999 1533 aut
3028 1498 3129 1534 non
3163 1484 3215 1535 in
3251 1484 3636 1541 nniversalibus

2056 1558 2417 1626 syllogisnlus.
2454 1560 2646 1617 Fertur
2703 1575 2879 1621 autem
2913 1570 3158 1626 instantia
3208 1573 3415 1627 duobus
3462 1578 3634 1631 modis

2053 1657 2102 1696 οι
2134 1662 2226 1713 per
2250 1648 2384 1701 duas
2418 1653 2611 1718 ﬁguras
2642 1670 2653 1705 :
2681 1655 2890 1709 duobus
2923 1658 3095 1710 modis
3122 1661 3358 1727 quidem,
3383 1666 3633 1731 quoniam

2052 1746 2141 1787 aut
2168 1739 2487 1792 universalis
2524 1752 2616 1794 aut
2656 1745 2993 1810 particularis
3024 1752 3198 1801 omnis
3221 1750 3507 1821 instantia;
3542 1771 3633 1823 per

1986 1826 2027 1883 Β
2055 1823 2184 1878 duas
2210 1834 2388 1880 autem
2414 1827 2642 1898 ﬁguras,
2667 1848 2750 1900 qui
2776 1834 2917 1887 niam
2959 1837 3222 1904 opposita:
3246 1840 3489 1895 feruntur
3513 1858 3633 1910 pro-

2057 1920 2324 1985 positioni,
2359 1925 2603 1990 opposita
2648 1941 2829 1982 autem
2874 1934 2921 1981 in
2959 1932 3125 1996 prima
3169 1944 3221 1986 et
3255 1936 3408 1989 tertia
3466 1939 3633 2009 ﬁgura

2055 2009 2406 2075 perﬁciuntur
2462 2016 2612 2067 solis.
2670 2017 2800 2071 Nam
2866 2021 3080 2087 quando
3140 2027 3440 2090 postulatur
3487 2033 3632 2085 omni

2052 2098 2264 2164 inesse,
2296 2101 2553 2156 instamus
2588 2107 2838 2173 quoniam
2873 2109 3037 2171 nulli,
3065 2122 3157 2165 aut
3185 2116 3435 2181 quoniam
3472 2119 3631 2174 alicui

2054 2206 2159 2242 non
2215 2193 2375 2245 inest.
2412 2193 2611 2248 llorum
2645 2207 2820 2251 autem
2854 2200 2982 2251 nulli
3028 2201 3240 2268 quidem
3273 2219 3336 2257 ex
3374 2206 3541 2271 prima
3572 2209 3631 2261 ﬁ—

2048 2299 2209 2353 gura,
2260 2287 2413 2341 alicui
2465 2298 2640 2341 autem
2706 2305 2810 2345 non
2870 2308 2934 2346 ex
2997 2301 3285 2361 postrema.
3358 2297 3424 2352 Ut
3477 2303 3545 2353 sit
3598 2318 3631 2354 a

2051 2388 2208 2426 unam
2239 2390 2358 2428 csse
2389 2374 2751 2446 disciplinam,
2776 2382 2827 2434 in
2858 2396 2966 2449 quo
2993 2382 3021 2435 ὁ
3052 2387 3318 2440 contraria
3346 2403 3359 2452 ;
3387 2392 3631 2459 proponit

2050 2477 2177 2530 ergo
2220 2480 2374 2516 unam
2408 2480 2528 2520 esse
2572 2472 2966 2525 contrariorum
2998 2472 3358 2543 disciplinam,
3390 2493 3478 2532 aut
3501 2498 3631 2551 quo-

2052 2553 2192 2603 niam
2242 2554 2462 2606 omnino
2491 2570 2592 2609 non
2637 2568 2719 2611 est
2755 2561 2941 2614 eadem
2991 2566 3357 2632 oppositorum
3411 2570 3630 2628 instant.

2046 2639 2325 2694 Contraria
2381 2654 2555 2698 autem
2608 2650 2883 2717 opposita,
2917 2667 3081 2722 quare
3129 2656 3188 2710 ﬁt
3221 2661 3390 2728 prima
3424 2662 3586 2732 ﬁgura
3614 2682 3628 2729 ;

2047 2744 2137 2783 aut
2186 2736 2436 2801 quoniam
2478 2738 2598 2790 noti
2643 2750 2699 2794 et
2752 2743 2917 2810 ignoti
2952 2762 3056 2799 non
3105 2764 3205 2803 una
3234 2791 3247 2814 ,
3298 2752 3412 2807 htec
3453 2767 3629 2811 autem

2049 2824 2221 2876 tertia.
2276 2824 2407 2879 Nam
2466 2833 2760 2885 secundum
2814 2835 3023 2889 tertiam
3074 2849 3254 2894 uotum
3303 2853 3356 2895 et
3394 2845 3630 2912 ignotum

2046 2914 2312 2966 contraria
2363 2916 2578 2984 quidem
2634 2937 2756 2977 esse
2806 2940 2991 2979 verum
3021 2968 3035 2991 ,
3088 2944 3245 2983 uuam
3298 2943 3473 2986 autem
3511 2944 3632 2990 esse

2048 3018 2233 3057 eorum
2264 3006 2624 3078 disciplinam,
2657 3012 3118 3071 falsnm.Rursum
3144 3021 3195 3073 in
3222 3021 3479 3089 privativa
3509 3028 3632 3094 pro-

2047 3100 2311 3165 positione
2367 3103 2659 3159 similiter:
2707 3118 2827 3162 cum
2879 3113 3112 3179 postulat
3154 3115 3293 3168 enim
3348 3133 3453 3169 non
3508 3134 3631 3174 esse

2136 3192 2439 3247 xtrariorum
2493 3211 2649 3249 unam
2680 3199 3037 3266 disciplinam,
3075 3211 3165 3257 aut
3214 3205 3462 3270 quoniam
3508 3223 3629 3262 om-

2056 3280 2202 3334 nium
2250 3284 2646 3351 oppositorum,
2679 3296 2765 3339 aut
2817 3290 3067 3356 quoniam
3111 3294 3502 3350 contrariorum
3533 3298 3630 3350 ali-

2047 3387 2272 3439 quorum
2320 3385 2401 3428 est
2447 3380 2633 3429 eadem
2668 3379 2968 3447 disciplina,
3002 3382 3260 3451 dicimus,
3314 3396 3371 3439 ut
3413 3388 3527 3441 sani
3579 3399 3633 3444 et

2048 3462 2196 3529 :rgri,
2233 3479 2361 3532 ergo
2387 3467 2627 3519 omnium
2676 3470 2892 3537 quidem
2942 3489 3005 3525 cx
3063 3474 3229 3542 prima
3261 3519 3274 3544 ,
3329 3476 3629 3545 aliquorum

2046 3567 2175 3605 vero
2219 3568 2281 3607 ex
2328 3557 2481 3609 tertia
2516 3557 2700 3626 ﬁgura.
2736 3559 3063 3629 Simpliciter
3091 3574 3268 3619 autem
3302 3566 3352 3619 in
3384 3569 3633 3623 omnibus

2048 3644 2428 3699 tmiversaliter
2453 3649 2667 3715 quidem
2720 3651 3041 3706 instantibus
3067 3695 3081 3716 ,
3112 3669 3333 3709 necesse
3374 3666 3455 3710 est
3478 3658 3542 3709 ad
3577 3658 3631 3711 id

2046 3735 2186 3801 quod
2218 3736 2518 3791 universale
2548 3750 2628 3793 cst
2660 3743 2933 3810 proposito
2977 3747 3455 3801 contradictionem
3486 3748 3633 3802 dice-

2050 3839 2109 3878 re
2141 3824 2225 3891 (ut
2256 3826 2299 3879 si
2324 3842 2428 3880 non
2460 3845 2615 3882 unam
2646 3833 2913 3886 exi-timet
2942 3838 3335 3890 contrariorum
3370 3840 3628 3903 omnium,

2047 3916 2228 3971 dicere
2274 3924 2639 3986 oppositorum
2682 3940 2869 3986 uuam;
2928 3925 3006 3977 sic
3053 3938 3228 3979 autem
3282 3944 3500 3984 necesse
3549 3939 3633 3985 est

2050 4011 2268 4079 primam
2300 4026 2419 4066 esse
2458 4012 2677 4082 ﬁguram
2703 4052 2716 4076 ,
2749 4015 2981 4068 medium
3034 4016 3176 4068 enim
3226 4018 3283 4070 ﬁt
3327 4022 3631 4076 universale

2045 4103 2110 4153 ad
2138 4100 2238 4152 hoc
2253 4102 2392 4167 quod
2411 4118 2472 4153 ex
2503 4104 2786 4170 principio)
2806 4106 2975 4171 ;quod
2999 4114 3176 4159 autem
3199 4107 3263 4158 ad
3292 4107 3392 4162 hoc
3414 4110 3464 4162 in
3483 4121 3630 4176 parte

2047 4200 2130 4246 est
2160 4191 2485 4258 universale,
2543 4192 2739 4247 dicitur
2769 4197 3094 4264 propositio,
3124 4208 3180 4251 ut
3226 4199 3339 4253 noti
3370 4210 3424 4254 et
3456 4202 3627 4269 ignoti

2049 4300 2153 4339 non
2199 4284 2470 4351 eamdem,
2503 4300 2625 4341 nam
2671 4288 2937 4343 contraria
2978 4290 3281 4345 universale
3310 4290 3374 4345 ad
3403 4294 3538 4355 hrcc,
3568 4304 3624 4346 et

2050 4376 2107 4430 ﬁt
2130 4378 2282 4431 tertia
2314 4378 2500 4449 ﬁgura,
2532 4380 2765 4435 medium
2793 4382 2933 4435 enim
2978 4382 3031 4435 in
3075 4390 3224 4450 parte
3253 4394 3541 4452 sumptum,
3569 4392 3629 4436 ut

2052 4478 2236 4522 notum
2285 4479 2340 4524 et
2366 4470 2623 4540 ignotum.
2671 4471 2802 4525 Nam
2854 4487 2917 4525 ex
2960 4472 3151 4540 quibus
3180 4481 3262 4525 est
3310 4473 3630 4542 syllogizare

377 4561 460 4603 est
490 4550 684 4619 inesse,
706 4562 975 4623 postremo
1000 4567 1176 4610 autem
1209 4558 1442 4613 medium
1462 4560 1680 4616 dubium
1708 4564 1943 4631 quidem,
1975 4527 2024 4587 Ι)
2053 4562 2379 4614 contrarium
2406 4603 2421 4627 ,
2474 4578 2536 4617 ex
2580 4562 2646 4616 iis
2692 4572 2745 4617 et
2794 4563 3074 4617 instantias
3127 4578 3383 4617 conamur
3423 4564 3627 4629 dicere,

378 4642 624 4697 similiter
644 4654 817 4699 autem
842 4648 1097 4702 credibile
1119 4658 1209 4701 aut
1235 4649 1403 4719 magis
1426 4652 1792 4707 conclusione.
1822 4653 1949 4706 Am-

378 4734 537 4802 plius,
588 4736 629 4787 si
675 4737 922 4803 pauciora
954 4738 1078 4791 sunt
1118 4740 1290 4792 media
1338 4751 1608 4808 postremo
1652 4755 1702 4795 et
1749 4744 1944 4811 medio,

379 4822 596 4878 omnino
631 4827 769 4879 enim
812 4830 1157 4898 prapinquins
1187 4846 1305 4884 esse
1346 4833 1538 4885 accidit
1578 4833 1833 4886 scientiae.
1883 4834 1951 4887 Ut
1998 4890 2003 4894 ,

380 4918 449 4972 sit
481 4935 512 4969 a
543 4919 804 4985 docibile,
848 4921 900 4974 in
928 4937 1032 4990 quo
1062 4923 1090 4975 b
1122 4924 1400 4993 disciplina
1421 4965 1435 4989 ,
1473 4942 1499 4977 c
1524 4925 1728 4993 justitia
1754 4964 1769 4989 ,
1820 4939 1950 4994 ergo

379 5009 655 5076 disciplina
704 5002 951 5078 quoniam
1006 5014 1283 5079 docibilis,
1331 5018 1709 5081 manifestum;
1747 5017 1949 5085 justitia

380 5112 553 5155 autem
595 5104 639 5156 si
683 5102 982 5172 dsciplina,
1014 5107 1254 5161 dubium.
1304 5109 1357 5163 Si
1400 5110 1557 5178 igitur
1589 5111 1835 5163 similiter
1864 5116 1971 5181 aut,

380 5194 547 5263 magis
571 5195 828 5250 credibile
858 5201 929 5250 sit
968 5198 996 5249 b
1027 5216 1052 5249 c
1074 5215 1232 5267 quam
1263 5217 1294 5252 a
1323 5218 1379 5263 ο,
1414 5200 1658 5254 deductio
1685 5211 1797 5262 est,
1833 5215 1953 5270 pro-

384 5284 627 5353 pinquius
656 5288 796 5339 enim
825 5288 1091 5351 scientiae,
1128 5303 1223 5355 per
1252 5291 1389 5357 quod
1425 5293 1811 5359 assumpscrint
1843 5310 1873 5345 a
1902 5309 1949 5359 c,

380 5371 715 5441 disciplinam
744 5377 893 5443 prius
925 5394 1029 5431 non
1057 5380 1335 5435 habentes.
1375 5382 1477 5434 Aut
1510 5397 1719 5435 rursum
1755 5385 1797 5435 si
1829 5396 1957 5450 pau-

382 5465 529 5516 eiora
568 5464 743 5519 media
785 5466 954 5537 siml;
991 5484 1047 5532 ε,
1096 5485 1217 5521 nam
1257 5480 1313 5523 ct
1356 5472 1433 5524 sic
1479 5474 1821 5541 propinquius
1876 5485 1957 5526 est

383 5550 642 5603 scientiae.
692 5551 759 5604 Ut
802 5554 845 5604 si
878 5555 909 5604 ά
942 5555 1009 5607 sit
1042 5560 1493 5626 quadrangulare,
1527 5562 1576 5612 in
1606 5578 1710 5628 quo
1732 5572 1906 5616 autem
1933 5580 1959 5617 ε

384 5640 752 5703 rectilincum,
788 5643 838 5694 in
868 5658 973 5710 quo
1004 5647 1306 5713 [.circulus,
1345 5653 1388 5703 si
1412 5666 1539 5718 ergo
1568 5653 1684 5719 ejus
1714 5654 1850 5722 quod
1881 5666 1960 5710 est

386 5750 413 5787 ε
434 5737 640 5803 [unum
660 5734 830 5789 solum
850 5733 922 5787 sit
939 5738 1193 5804 medium,
1220 5756 1311 5808 per
1336 5743 1547 5796 lunares
1572 5746 1763 5813 ﬁguras
1781 5762 1950 5816 mqua-

2055 4666 2217 4719 qnare
2244 4660 2295 4704 et
2323 4667 2385 4704 ex
2414 4652 2497 4705 his
2525 4652 2654 4705 solis
2681 4652 2862 4720 ﬁguris
2891 4650 3131 4715 ferimus,
3167 4668 3286 4705 nam
3317 4657 3367 4707 in
3396 4656 3477 4708 his
3500 4658 3629 4709 solis

2056 4743 2282 4809 Oppositi
2329 4743 2652 4812 syllogismi,
2698 4759 2789 4811 per
2837 4745 3062 4797 mediam
3094 4746 3238 4799 enim
3274 4748 3491 4816 ﬁguram
3525 4765 3627 4801 non

2060 4834 2157 4887 fuit
2202 4834 2488 4887 afﬁrmare.
2532 4835 2773 4901 Amplius
2802 4845 2975 4887 autem
3003 4836 3125 4888 etsi
3157 4839 3247 4902 sit,
3276 4842 3516 4893 oratione
3548 4839 3596 4890 in
3618 4866 3629 4877 -

2016 4948 2039 4968 ο
2059 4924 2203 4992 diget
2231 4923 2451 4993 plurima
2473 4964 2487 4987 ,
2534 4939 2652 4991 qum
2700 4933 2781 4976 est
2834 4939 2924 4990 per
2955 4924 3184 4978 mediam
3219 4926 3435 4994 ﬁguram
3459 4968 3473 4991 ,
3503 4938 3558 4980 ut
3588 4926 3631 4980 si

2058 5030 2162 5067 non
2191 5012 2486 5067 concedant
2514 5031 2545 5065 a
2584 5015 2759 5068 inesse
2789 5016 2847 5079 b,
2874 5012 2938 5068 eo
2964 5016 3104 5083 quod
3135 5032 3240 5069 non
3272 5018 3507 5085 sequitur
3533 5019 3632 5069 h‘oc

2058 5122 2102 5171 τ,
2140 5108 2241 5160 hoc
2266 5107 2404 5159 enim
2437 5121 2534 5173 per
2558 5106 2692 5158 alias
2718 5107 3107 5174 propositiones
3133 5108 3501 5171 manifestum;
3528 5122 3633 5160 non

2060 5209 2270 5263 oportct
2292 5207 2467 5251 autem
2512 5200 2817 5251 instantiam
2860 5200 3098 5251 converti
3138 5198 3202 5250 ad
3243 5200 3369 5264 alia,
3404 5199 3497 5252 sed
3528 5209 3634 5251 sta-

2063 5287 2155 5341 tim
2181 5287 2514 5355 manifestam
2548 5288 2746 5341 habere
2768 5288 2991 5341 alteram
3024 5290 3461 5357 propositionem.
3490 5290 3624 5353 Qua-

2066 5392 2281 5446 prop'er
2306 5388 2359 5430 et
2403 5379 2608 5445 signum
2643 5394 2706 5431 ex
2737 5379 2849 5431 sola
2894 5378 2993 5431 hac
3027 5380 3189 5445 ﬁgura
3242 5394 3346 5432 non
3380 5388 3479 5432 est.
3512 5381 3635 5433 Per-

2063 5468 2394 5536 spiciendum
2422 5476 2596 5520 autem
2624 5482 2675 5521 et
2707 5470 2772 5521 de
2802 5469 2924 5521 aliis
2946 5468 3235 5529 iustantiis,
3261 5478 3319 5521 ut
3339 5470 3404 5522 dc
3432 5470 3495 5522 iis
3516 5486 3638 5537 qum

2063 5570 2273 5616 suntex
2302 5562 2590 5625 contrario,
2620 5571 2673 5614 ct
2697 5562 2874 5627 simili,
2908 5572 2959 5613 et
2989 5561 3275 5613 secundum
3308 5564 3634 5629 opinionem,

2064 5666 2110 5706 ct
2138 5656 2180 5708 si
2216 5652 2595 5721 particularetn
2614 5668 2676 5705 ex
2708 5652 2897 5719 prima,
2920 5655 2998 5706 vel
3031 5654 3341 5721 privativam
3371 5668 3435 5721 ex
3460 5652 3635 5707 media

2067 5745 2318 5800 possibile
2355 5751 2432 5797 est
2456 5756 2683 5796 sumere.
