4296 6266
631 327 735 385 7H

1207 431 1429 490 CAPUT
1460 424 1674 485 XXVII.

743 532 819 587 De
839 532 1016 595 eicote,
1041 527 1135 581 hoc
1157 536 1227 580 est
1244 531 1574 578 consentanea
1591 521 1738 589 signa
1758 557 1771 581 ,
1817 513 2031 577 indicio,
2057 520 2102 563 ct

1228 595 1613 663 enthymemate.

710 714 861 767 Eicos
894 717 1073 764 autem
1105 716 1158 761 et
1202 705 1407 772 signum
1458 714 1561 752 non
1602 696 1739 749 idem
1772 701 1888 754 est,
1934 689 2029 744 sed
2066 689 2212 742 eicos

636 806 850 876 quidem
884 812 965 857 est
1010 795 1307 869 propositio
1355 788 1664 860 probabilis.
1710 782 1861 851 Quod
1896 781 2038 868 enim
2069 786 2124 831 ut
2164 780 2217 830 in

641 896 884 967 pluribus
912 892 1090 946 sciunt
1117 887 1195 940 sic
1233 884 1458 944 factum;
1494 878 1576 931 vel
1601 891 1707 930 non
1732 876 1950 937 factum,
1978 880 2068 924 aut
2100 882 2222 922 esse

638 956 723 1041 vel
752 1000 853 1039 non
885 995 1027 1043 esse,
1063 977 1264 1030 hocest
1292 971 1458 1029 eicos.
1487 977 1546 1022 ut
1586 966 1739 1020 odire
1768 963 2102 1021 invidentes,
2136 956 2222 1011 vel

642 1078 865 1143 diligere
889 1074 1150 1124 amantes.
1177 1063 1399 1132 Signum
1423 1068 1601 1112 autem
1633 1056 1749 1109 vult
1784 1067 1905 1107 esse
1930 1048 2225 1119 propositio

641 1141 1056 1222 demonstrativa
1085 1198 1099 1222 ,
1140 1154 1226 1209 vel
1252 1150 1584 1213 necessaria,
1613 1147 1694 1201 vel
1738 1141 2071 1214 probabilis;
2104 1152 2225 1191 nam

640 1269 746 1324 quo
776 1251 1049 1307 existente
1078 1254 1183 1311 est,
1211 1242 1296 1297 vel
1328 1255 1432 1310 quo
1460 1239 1599 1292 facto
1627 1236 1775 1306 prius
1828 1232 1917 1287 vel
1957 1228 2226 1300 posterius

638 1321 749 1408 res,
783 1340 993 1408 signum
1015 1346 1099 1390 est
1123 1333 1208 1388 vel
1234 1332 1399 1384 fuisse
1436 1328 1517 1382 vel
1541 1340 1683 1381 esse.
1716 1321 2075 1391 Enthymema
2100 1331 2229 1386 ergo

638 1406 1116 1502 estrsyllogismus
1164 1419 1512 1491 imperfectus
1541 1432 1604 1470 ex
1653 1413 1917 1469 eicotibus
1954 1418 2010 1463 et
2039 1406 2230 1477 signis.

638 1524 912 1594 Accipitur
939 1532 1117 1575 autem
1170 1515 1382 1584 signum
1429 1508 1729 1579 tripliciter,
1763 1506 1986 1575 quoties,
2012 1512 2071 1555 et
2117 1514 2232 1553 me-

641 1618 787 1671 dium
818 1616 870 1667 in
902 1610 1086 1681 ﬁguris
1109 1650 1123 1673 ,
1156 1615 1247 1660 aut
1276 1604 1417 1659 enim
1446 1612 1503 1655 ut
1533 1603 1582 1653 in
1613 1600 1804 1667 prima,
1838 1604 1930 1648 aut
1958 1602 2015 1646 ut
2043 1593 2094 1644 in
2127 1605 2237 1644 me-

642 1708 751 1772 dia,
786 1713 876 1758 aut
901 1709 959 1754 ut
984 1702 1036 1753 in
1068 1696 1222 1752 tertia
1249 1712 1263 1747 :
1290 1705 1345 1747 ut
1370 1690 1661 1747 omeudere
1690 1686 1906 1756 quidem
1941 1682 2234 1751 parientem

1881 311 1988 367 AN.
2028 305 2233 362 MANln
2276 302 2425 361 SEV.
2470 300 2691 355 BOE‘I‘II

2243 419 2292 475 A
2323 428 2462 469 scire
2504 413 2633 466 facu
2656 451 2670 476 ,
2720 410 2827 464 tale
2854 424 3035 464 amem
3092 407 3322 463 maxime
3359 404 3598 461 medium
3623 443 3638 469 ,
3666 418 3735 458 an
3774 415 3905 456 vero

3802 290 3905 342 712

2315 519 2433 574 qua:
2464 503 2681 572 quidem
2715 501 2785 559 ab
2813 501 3241 555 extremitatibus
3288 500 3438 567 signa
3484 495 3708 550 dicenda
3734 537 3749 561 ,
3783 507 3901 563 qua

2320 606 2497 649 autem
2548 609 2616 648 ex
2675 593 2852 646 medio
2898 589 3191 645 iudicium?
3236 588 3720 658 probabilissimum
3764 584 3904 639 enim

2320 697 2376 742 et
2403 687 2633 741 maxime
2660 700 2847 739 verum
2874 693 2957 762 est.
2985 683 3127 752 quod
3150 690 3233 737 est
3262 696 3356 750 per
3393 682 3620 750 primam
3666 677 3903 747 figuram.

2868 822 3093 878 CAPUT
3133 820 3365 875 XXVIII.

2685 913 2761 967 De
2790 913 3090 984 syllogismo
3121 912 3562 983 physiognomico.

2399 1049 2622 1105 Naturas
2669 1058 2847 1103 autem
2896 1061 3225 1117 cognoscere
3273 1044 3529 1113 possibile
3561 1052 3664 1105 est,
3699 1042 3742 1096 si
3795 1040 3917 1109 quis

2329 1139 2587 1195 concedat
2615 1138 2772 1191 simul
2806 1145 3161 1191 transmulare
3192 1148 3387 1201 corpus
3416 1141 3470 1187 et
3489 1133 3744 1193 animum,
3770 1145 3920 1197 qum-

2330 1242 2469 1296 Conq
2493 1235 2689 1281 uesunt
2706 1226 2977 1280 naturales
3000 1225 3307 1293 passiones;
3328 1222 3540 1275 discens
3559 1220 3702 1273 enim
3726 1217 3921 1285 aliquis

2335 1318 2559 1372 fortasse
2588 1318 2876 1379 musicam,
2918 1313 3295 1368 transmutavit
3320 1311 3613 1365 secundum
3645 1308 3771 1377 quid
3800 1308 3922 1360 aui-

2338 1424 2500 1472 mam,
2536 1408 2629 1462 sed
2664 1421 2770 1460 non
2800 1420 2988 1460 earum
3015 1420 3135 1474 quae
3179 1412 3363 1457 natura
3392 1400 3545 1455 nobis
3576 1401 3776 1464 insunt,
3808 1398 3922 1451 hmo

2338 1510 2421 1555 est
2449 1500 2650 1569 passio,
2685 1499 2778 1552 sed
2813 1506 2869 1551 ut
2909 1498 3003 1551 irae
3033 1505 3086 1550 et
3114 1493 3586 1562 concupiscentim,
3620 1501 3673 1545 et
3704 1501 3921 1545 natura-

2338 1592 2467 1646 lium
2500 1590 2817 1643 motionum.
2853 1587 2911 1643 Si
2941 1587 3104 1656 igitur
3133 1584 3313 1639 ethoc
3341 1581 3452 1647 det,
3484 1591 3536 1637 et
3568 1598 3729 1635 unum
3768 1581 3921 1634 unius

2341 1683 2548 1749 signum
2578 1695 2698 1735 esse
2720 1720 2734 1745 ,
2768 1688 2822 1733 et
2852 1692 3141 1748 possumus
3189 1690 3402 1729 sumere
3442 1674 3712 1742 proprium
3744 1672 3922 1725 unius-

646 1812 801 1861 csse,
828 1809 893 1849 eo
927 1789 1069 1861 quod
1100 1788 1181 1841 lac
1213 1786 1428 1851 habeat,
1462 1798 1526 1836 ex
1555 1798 1600 1849 pl
1619 1781 1724 1832 ima
1776 1779 1975 1846 figura,
2004 1772 2236 1827 medium
2272 1781 2318 1838 Β
2344 1774 2601 1843 cujusque
2638 1774 2850 1841 generis
2903 1769 3208 1839 passionem
3248 1776 3303 1821 et
3348 1767 3580 1835 signum,
3632 1764 3925 1832 poterimus

646 1888 788 1952 enim
820 1885 899 1938 lac
932 1882 1132 1936 habere
1155 1920 1168 1941 ,
1197 1878 1249 1931 in
1277 1891 1383 1945 quo
1407 1890 1436 1925 a
1464 1887 1653 1942 parere
1683 1869 1710 1920 b
1734 1908 1747 1931 ,
1780 1869 1861 1920 Iac
1892 1866 2091 1917 habere
2115 1877 2234 1914 mu-

645 1980 743 2033 lier
761 1978 811 2029 in
836 1991 941 2044 quo
964 1989 1011 2025 c.
1036 1969 1297 2036 Quoniam
1312 1975 1488 2017 autem
1514 1960 1810 2027 sapientes,
1833 1954 2084 2017 studiosi,
2114 1965 2235 2002 nam

648 2043 886 2123 Pittacus
934 2071 1014 2117 est
1060 2057 1376 2120 studiosus,
1428 2066 1523 2120 per
1569 2057 1937 2117 postremam,
1973 2043 2025 2095 in
2059 2055 2164 2109 quo
2207 2055 2240 2092 a

648 2159 945 2216 studiosum
971 2194 986 2219 ,
1036 2156 1088 2205 in
1120 2163 1225 2221 quo
1255 2148 1282 2200 b
1315 2143 1588 2212 sapientes
1613 2180 1626 2205 ,
1662 2139 1715 2192 in
1757 2151 1860 2206 quo
1910 2152 1935 2187 c
1981 2134 2237 2187 Pittatus.

650 2252 851 2306 Verum
882 2246 1039 2315 igitur
1067 2258 1098 2294 a
1131 2251 1184 2293 et
1208 2238 1235 2292 b
1266 2236 1333 2290 de
1362 2251 1387 2287 c
1420 2231 1728 2302 priedicari;
1762 2227 1859 2282 sed
1890 2227 1991 2279 hoc
2023 2223 2239 2292 quidem

652 2355 758 2395 non
789 2314 976 2392 dicunt
1005 2331 1125 2401 quia
1171 2337 1356 2383 notum
1396 2324 1504 2387 sit,
1538 2319 1668 2375 illud
1702 2334 1830 2373 vero
1864 2323 2096 2371 sumunt.
2135 2314 2235 2367 Pe-

653 2430 857 2500 perisse
879 2437 1057 2480 autem
1098 2420 1349 2490 quoniam
1379 2414 1605 2486 pallida,
1633 2427 1728 2481 per
1759 2408 1989 2464 mediam
2022 2408 2243 2474 figuram

656 2495 769 2575 vult
798 2532 949 2579 esse;
983 2510 1236 2582 quoniam
1287 2506 1429 2560 enim
1476 2504 1717 2571 sequitur
1747 2499 2017 2568 parientes
2049 2495 2240 2563 pallor,

654 2610 897 2679 sequitur
927 2610 1108 2657 autem
1140 2610 1193 2652 et
1223 2599 1360 2650 hanc
1382 2635 1397 2659 ,
1431 2605 1707 2648 ostensum
1758 2604 1880 2644 esse
1921 2588 2247 2643 arbitrantur

655 2674 907 2768 quoniam
957 2689 1182 2760 peperit.
1220 2685 1396 2739 I‘allor
1428 2685 1482 2736 in
1512 2696 1621 2751 quo
1655 2697 1718 2745 a,
1752 2694 1942 2747 parere
1976 2679 2029 2729 in
2059 2692 2164 2744 quo
2194 2674 2244 2739 b,

658 2787 855 2842 mulier
882 2785 936 2837 in
965 2796 1069 2851 quo
1101 2795 1147 2831 ο.
1183 2776 1327 2844 Ergo
1354 2774 1400 2828 si
1431 2789 1532 2827 una
1565 2771 1781 2841 quidem
1818 2770 2023 2823 dicatur
2052 2782 2249 2835 prOpo-

658 2876 806 2942 sitio,
840 2876 1047 2944 signum
1079 2870 1137 2922 ﬁt
1164 2868 1334 2923 solum
1357 2906 1374 2931 ,
1421 2866 1466 2918 si
1502 2873 1678 2918 autem
1711 2872 1766 2916 et
1802 2860 1968 2914 altera
1998 2857 2248 2923 sumitur,

658 2970 1021 3043 syllogismus.
1055 2963 1121 3019 Ut
1159 2963 1392 3016 Pittacus
1422 2958 1694 3021 liberalis,
1728 2969 1851 3009 nam
1885 2950 2159 3005 ambitiosi
2192 2950 2252 3003 li—

660 3062 893 3124 beralcs,
928 3059 1160 3112 Pittacus
1180 3061 1359 3106 autem
1384 3050 1725 3104 ambitiosus.
1748 3047 1849 3101 Aut
1878 3058 2085 3106 rursus,
2120 3056 2252 3108 quo-

2344 1874 2560 1918 naturas
2576 1875 2933 1931 cognoscere.
2964 1860 3021 1914 Si
3045 1859 3190 1913 enim
3218 1868 3299 1912 est
3323 1856 3536 1925 proprie
3558 1854 3712 1908 alicui
3736 1853 3924 1921 generi

2342 1954 2621 2008 individuo
2662 1951 2901 2006 existens
2931 1950 3128 2017 passio,
3162 1956 3219 2001 ut
3258 1948 3303 2001 si
3333 1946 3578 2000 leonibus
3628 1943 3880 1997 fortitudo
3906 1982 3922 2006 ,

2343 2060 2567 2100 necesse
2597 2059 2676 2099 εει
2707 2053 2760 2097 ει
2804 2044 3015 2111 signum
3059 2056 3177 2095 esse
3223 2039 3472 2108 aliquod,
3502 2037 3731 2105 compati
3782 2036 3923 2089 enim

2341 2137 2443 2191 sibi
2464 2137 2701 2191 invicem
2728 2134 2957 2204 positum
2990 2143 3093 2197 εει,
3127 2140 3179 2185 ει
3202 2131 3271 2183 sit
3314 2131 3415 2183 hoc
3446 2142 3665 2196 magnas
3704 2125 3929 2181 summi-

2340 2242 2480 2287 tates
2509 2232 2730 2294 habere,
2763 2228 2903 2298 quod
2933 2238 2984 2281 et
3011 2226 3129 2278 aliis
3158 2223 3466 2293 generibus,
3504 2237 3608 2273 non
3641 2221 3767 2274 totis
3801 2233 3931 2272 con-

2347 2325 2520 2394 tingit.
2553 2324 2683 2378 Nam
2708 2323 2918 2390 signum
2942 2319 3018 2372 sic
3048 2317 3321 2385 prOprium
3350 2324 3453 2378 est,
3483 2313 3736 2380 quoniam
3768 2310 3932 2364 totius

2345 2414 2556 2484 generis
2590 2411 2800 2480 propria
2842 2409 3020 2476 passio
3050 2414 3162 2469 est,
3201 2412 3257 2457 et
3289 2418 3391 2456 non
3418 2401 3585 2455 solius
3617 2398 3930 2468 proprium,

2345 2505 2483 2559 sicut
2508 2505 2745 2557 solemus
2765 2500 2965 2553 dicere.
2990 2497 3104 2550 Erit
3131 2509 3258 2562 ergo
3286 2501 3339 2547 et
3369 2494 3420 2545 in
3452 2493 3557 2544 alio
3580 2504 3780 2559 genere
3808 2489 3933 2551 hoc,

2348 2606 2402 2649 et
2430 2595 2533 2647 erit
2560 2592 2719 2647 fortis
2755 2590 2937 2653 homo,
2963 2596 3017 2641 et
3040 2584 3256 2654 aliquod
3285 2583 3424 2636 aliud
3456 2580 3650 2634 animal
3674 2595 3689 2644 ;
3723 2579 3937 2633 habebit

2350 2700 2479 2754 ergo
2527 2684 2769 2752 signum,
2809 2695 2971 2735 unum
3017 2678 3159 2732 enim
3193 2676 3348 2729 unius
3392 2682 3530 2728 erat.
3577 2672 3631 2727 Si
3664 2687 3790 2738 ergo
3824 2672 3937 2724 ΙηΡο

2352 2786 2497 2838 sunt,
2534 2774 2827 2843 poterimus
2865 2771 2987 2823 talia
3016 2772 3166 2837 signa
3195 2766 3451 2836 colligere
3493 2766 3544 2816 in
3588 2762 3653 2815 iis
3692 2761 3939 2815 animali-

2357 2867 2459 2921 bus
2500 2880 2618 2934 qme
2668 2864 2840 2918 solum
2887 2875 3045 2914 unam
3098 2858 3397 2926 passionem
3462 2854 3659 2907 habent
3708 2854 3936 2921 aliquam

2358 2960 2650 3031 propriam,
2686 2967 3021 3022 unaquaeque
3067 2960 3246 3003 autem
3279 2949 3437 3002 habet
3468 2948 3704 3015 signum,
3731 2954 3784 2997 et
3810 2959 3940 3011 quo-

2362 3054 2502 3106 niam
2541 3064 2704 3103 unum
2738 3046 2936 3100 habere
2983 3056 3203 3097 neces.~e
3244 3047 3358 3106 est,
3389 3039 3686 3107 poterimus
3728 3046 3941 3090 naturas

662 3153 804 3209 niam
847 3151 1121 3219 sapientes
1164 3145 1315 3209 boui,
1349 3143 1587 3197 Pittacus
1613 3151 1792 3196 autem
1826 3139 2000 3193 bonus
2022 3180 2037 3203 ,
2073 3134 2167 3189 sed
2205 3143 2260 3189 et
2283 3140 2331 3203 ο

2244 3140 2331 3203 lC
2362 3157 2710 3214 cognoscere.
2735 3139 2790 3193 Si
2819 3150 2948 3190 vero
2977 3135 3082 3187 duo
3105 3133 3266 3186 habet
3294 3133 3509 3201 propria
3543 3140 3709 3183 totum
3732 3142 3898 3198 genus
3924 3169 3940 3195 ,

662 3243 917 3309 sapiens,
970 3239 1048 3294 sic
1078 3250 1208 3307 ergo
1239 3233 1374 3287 ﬁunt
1425 3233 1745 3304 syllogismi.
1791 3230 1988 3284 Verum
2038 3228 2256 3296 quidem

664 3348 759 3403 per
790 3334 1013 3401 primam
1063 3329 1286 3398 ﬁguram
1339 3326 1669 3389 insolubilis,
1704 3325 1750 3377 si
1785 3335 1947 3375 verus
1975 3319 2089 3384 sit,
2140 3316 2257 3371 uni-

668 3422 894 3478 versalis
944 3420 1087 3472 enim
1118 3428 1221 3472 est.
1267 3417 1367 3482 Qui
1399 3424 1579 3469 autem
1621 3429 1715 3481 per
1757 3419 2084 3479 postremam
2112 3448 2128 3473 ,
2176 3417 2259 3462 est

669 3509 929 3570 solubilis,
954 3517 1009 3559 et
1035 3506 1079 3558 si
1108 3519 1234 3558 vera
1284 3505 1355 3556 sit
1393 3501 1690 3567 conclusio,
1716 3515 1783 3553 eo
1811 3498 1954 3567 quod
1998 3513 2103 3549 tum
2134 3496 2260 3550 uni-

670 3598 916 3661 versalis,
940 3604 1024 3648 est
1052 3594 1104 3647 in
1132 3594 1321 3657 tertia,
1364 3606 1464 3645 nec
1490 3594 1555 3645 ad
1589 3606 1703 3645 rem
1734 3589 2079 3660 syllogismus
2104 3629 2118 3654 ,
2150 3603 2256 3642 non

672 3691 813 3747 enim
854 3687 898 3742 si
946 3686 1181 3740 Pittacus
1209 3693 1294 3737 est
1321 3683 1595 3736 studiosus
1617 3722 1632 3747 ,
1666 3692 1883 3750 propter
1915 3682 2017 3733 hoc
2045 3688 2099 3732 et
2128 3660 2271 3734 alios

674 3792 898 3835 necesse
921 3785 1005 3832 εει
1034 3790 1155 3830 εεεε
1184 3775 1477 3843 sapientes.
1516 3775 1617 3841 Qui
1656 3790 1785 3828 vero
1810 3789 1904 3843 per
1935 3774 2165 3826 mediam
2199 3773 2263 3824 ti-

674 3887 860 3944 gnram
879 3881 983 3936 est,
1007 3885 1221 3940 semper
1238 3880 1293 3925 et
1308 3869 1527 3923 omnino
1554 3870 1819 3935 solubilis,
1836 3883 2105 3937 nunquam
2122 3867 2265 3922 enim

676 3964 1022 4035 syllogismus
1047 3963 1124 4026 ﬁt,
1158 3965 1236 4015 sic
1258 3977 1316 4016 se
1340 3961 1663 4016 habentibus
1689 3960 1954 4015 terminis.
1982 3960 2095 4013 Non
2117 3959 2259 4013 enim

676 4058 717 4110 si
747 4070 865 4126 qua:
904 4054 1109 4124 peperit
1142 4053 1357 4123 pallidi,
1377 4053 1572 4121 pa'lida
1600 4062 1774 4106 autem
1808 4058 1864 4105 et
1885 4051 2021 4115 base,
2047 4063 2270 4105 necesse

678 4159 758 4204 est
789 4163 977 4219 parere
1002 4147 1176 4210 hanc;
1209 4161 1335 4215 ergo
1362 4161 1542 4199 verum
1572 4156 1654 4199 est
1684 4143 1898 4214 quidem
1932 4145 1983 4198 in
2014 4144 2269 4197 omnibus

680 4241 883 4310 ﬁguris,
940 4238 1267 4292 differentias
1320 4246 1502 4291 autem
1558 4238 1755 4292 habent
1790 4238 1902 4306 jam
1949 4238 2140 4291 dictas.
2189 4239 2269 4291 An

679 4332 838 4404 igitur
859 4328 935 4381 sic
956 4325 1304 4379 dividendum
1328 4325 1584 4394 signum?
1610 4325 1801 4377 borum
1832 4334 2008 4379 autem
2038 4325 2270 4378 medium

682 4419 937 4474 indicium
966 4415 1310 4480 sumendum,
1343 4430 1466 4468 nam
1498 4414 1753 4468 indicium
1776 4415 1960 4469 dicunt
1988 4430 2109 4469 esse
2130 4414 2272 4483 quod

2362 3246 2419 3290 ut
2449 3236 2557 3299 leo,
2592 3234 2727 3285 forte
2764 3232 2816 3283 et
2847 3222 3378 3289 communicativum,
3423 3221 3692 3290 quomodo
3748 3233 3945 3287 cogno-

2362 3340 2573 3383 scemus
2614 3336 2793 3378 utrum
2844 3318 3015 3372 utrius
3048 3317 3118 3370 sit
3167 3316 3627 3384 signum,‘eorum
3672 3313 3943 3379 signorum

2363 3433 2482 3489 quae
2513 3415 2727 3482 proprie
2757 3408 3092 3479 sequuntur?
3126 3410 3204 3459 Au
3234 3407 3278 3459 si
3309 3415 3363 3459 et
3388 3404 3477 3457 alii
3515 3403 3671 3455 alicui
3717 3415 3818 3453 non
3849 3396 3947 3452 toti

2365 3507 2544 3570 ambo,
2577 3514 2631 3559 et
2659 3508 2710 3557 in
2739 3502 2933 3572 quibus
2965 3514 3071 3553 non
3118 3498 3244 3552 totis
3269 3506 3577 3563 utrumque,
3605 3492 3816 3563 quando
3843 3489 3948 3543 hoc

2366 3598 2579 3669 quidem
2602 3595 2785 3657 habet,
2811 3592 2941 3646 illud
2965 3601 3143 3645 autem
3167 3590 3312 3644 non?
3331 3603 3450 3643 nam
3474 3588 3519 3640 si
3541 3586 3694 3639 fortis
3715 3584 3951 3653 quidem,

2368 3688 2604 3745 liberalis
2630 3696 2806 3739 autem
2835 3699 2964 3746 non,
2999 3682 3158 3735 habet
3180 3687 3355 3734 autem
3380 3678 3609 3732 duorum
3639 3676 3760 3740 hoc,
3783 3673 3952 3740 palam

2369 3782 2620 3849 quoniam
2645 3786 2696 3832 et
2721 3777 2772 3829 in
2798 3776 2952 3829 leone
2976 3774 3076 3827 hoc
3101 3773 3310 3840 signum
3341 3767 3685 3823 fortitudinis.
3717 3765 3807 3818 Est
3827 3779 3955 3817 vero

2371 3884 2590 3928 naturas
2618 3882 2946 3937 cognoscere
2978 3867 3030 3919 in
3063 3866 3233 3933 prima
3257 3864 3471 3933 quidem
3504 3864 3691 3931 ﬁgura,
3724 3875 3787 3914 eo
3813 3858 3953 3927 quod

2375 3961 2608 4016 medium
2636 3959 2796 4027 priori
2816 3955 3149 4011 extremitati
3170 3956 3523 4015 convertitur,
3545 3953 3754 4005 tertiam
3782 3958 3957 4003 autem

2374 4050 2735 4111 transcendit,
2765 4057 2819 4102 et
2850 4062 2954 4101 non
3004 4046 3337 4099 convertitur
3357 4086 3370 4109 ,
3407 4052 3466 4096 ut
3496 4044 3583 4095 sit
3616 4040 3873 4095 fortitudo
3898 4056 3949 4100 a,

2375 4145 2707 4199 summitates
2755 4153 2971 4207 magnas
3019 4136 3217 4189 habere
3252 4137 3301 4188 iu
3325 4150 3430 4201 quo
3460 4134 3521 4196 ιι,
3554 4148 3581 4184 c
3612 4140 3789 4183 autem
3844 4130 3957 4191 leo;

2376 4253 2505 4306 ergo
2532 4236 2613 4290 cui
2642 4251 2688 4298 c,
2717 4234 2745 4285 ὑ
2769 4231 2933 4289 omni.
2960 4230 3052 4285 sed
3084 4237 3138 4282 et
3167 4229 3305 4291 aliis,
3335 4228 3417 4281 cui
3448 4233 3623 4277 autem
3654 4224 3703 4287 b,
3732 4240 3763 4274 α
3788 4223 3956 4283 omni,

2375 4338 2428 4382 et
2460 4342 2563 4380 non
2594 4323 2862 4393 pluribus,
2886 4322 3012 4383 sed;
3044 4319 3369 4374 convertitur
3397 4317 3441 4370 si
3474 4322 3654 4368 autem
3687 4328 3815 4376 non,
3848 4328 3956 4365 non

2363 4418 2477 4471 'erit
2510 4430 2671 4469 unum
2696 4413 2855 4467 unius
2883 4413 3089 4480 signum

2596 4528 3928 4552 ﬂ

702 4543 3166 4561 ________._______________,________

867 4638 1786 4742 POSTERIORUM
1842 4633 2871 4744 ANALYTICORUM
2928 4627 3771 4732 ARISTOTELIS

2112 4798 2318 4858 LIBRI
2356 4796 2515 4857 DUO
2541 4839 2557 4867 ,

1215 4941 1398 5012 AN.
1481 4941 1819 5012 MANL.
1908 4941 2143 5012 SEV.
2222 4932 2638 5016 ΒὈΕΤΙΟ
2712 4932 3447 5005 ΙΝΤΕΒΡΒΕΤΕ.

2183 5081 2469 5094 --“

1963 5153 2250 5231 LIBER
2311 5152 2716 5229 PRIMUS.

2250 5292 2422 5305 ———~

1125 5342 1137 5355 “
1215 5349 1439 5407 CAPUT
1480 5348 1760 5405 PRIMUM.

1277 5444 1353 5498 De
1378 5443 1720 5514 pra'cogm'lis.

676 5560 687 5567 -
774 5538 959 5595 Omnis
998 5538 1235 5595 doctrina
1266 5545 1323 5594 et
1345 5538 1520 5591 omnis
1546 5536 1825 5603 disciplina
1857 5534 2185 5592 intellectura
2214 5550 2282 5587 ex

702 5628 1080 5699 praeexistente
1119 5628 1178 5683 ﬁt
1216 5628 1540 5697 cognitione.
1576 5627 1910 5681 Manifestum
1953 5639 2130 5679 autem
2185 5624 2284 5677 hoc

704 5715 1105 5783 speculantibus
1135 5718 1187 5772 in
1227 5718 1497 5786 omnibus,
1528 5717 1918 5777 mathematica.-
1942 5716 2080 5769 enim
2113 5714 2284 5777 scieq-

2390 5348 2475 5403 tice
2509 5366 2603 5417 per
2649 5350 2789 5403 hunc
2836 5351 3052 5405 modum
3107 5350 3257 5413 ﬁunt,
3289 5358 3342 5403 et
3388 5348 3613 5403 aiiarum
3643 5362 3976 5419 unaqumque

2388 5443 2603 5495 artium.
2637 5443 2899 5497 Similiter
2930 5453 3107 5496 autem
3151 5452 3204 5497 et
3233 5441 3369 5497 circa
3398 5443 3670 5497 orationes
3693 5483 3707 5506 ,
3732 5456 3855 5509 qure
3884 5454 3976 5508 per

2391 5534 2730 5603 syllogismos
2765 5546 2817 5589 et
2867 5552 2986 5601 qum
3019 5552 3112 5604 per
3140 5534 3534 5589 inductionem:
3570 5546 3807 5604 utrmque
3836 5534 3979 5588 enim

2391 5640 2485 5693 per
2517 5627 2661 5693 prius
2689 5636 2809 5679 uota
2844 5627 3042 5681 faciunt
3098 5628 3417 5694 doctrinam,
3454 5626 3535 5681 Ita:
3582 5626 3798 5696 quidem
3831 5628 3978 5679 acci-

2390 5719 2595 5781 pientes
2640 5731 2888 5789 tauquam
2919 5736 2944 5773 a
2978 5724 3141 5785 notis,
3176 5720 3276 5774 illa:
3307 5735 3433 5775 vero
3470 5728 3831 5774 monstrantes
3863 5716 3984 5772 uni-
