4296 6266
370 356 477 423 115

941 345 1427 409 POSTERIORUM
1465 339 1981 401 ANALYTICORUI

2047 336 2501 397 ARISTOTELIS
2540 332 3120 396 ΙΝΤΕΒΡΒΕΤᾹΤΙΟ.

3547 342 3655 401 7η

373 456 600 542 versate,
632 488 730 547 per
756 471 812 529 id
842 469 1005 544 (quod
1030 466 1367 524 manifestum
1406 463 1513 534 εει)
1544 461 1833 532 singulare.
1866 460 1952 515 Si-
1979 463 2037 522 Α
2061 460 2265 516 tionem
2287 431 2613 527 intelligere.
2644 458 3170 516 Demonstrationem
3193 466 3371 518 antem
3397 461 3519 518 dico
3542 466 3655 536 syl-

370 570 573 626 sniliter
603 576 779 621 autem
802 572 858 620 et
883 563 1169 619 rhetoricae
1202 556 1542 629 persuadent,
1570 562 1662 609 aut
1686 554 1832 609 enim
1861 568 1959 623 per

380 658 644 726 exerpla,
686 655 826 726 quod
863 663 948 710 est
984 652 1242 718 inductio,
1283 658 1374 705 aut
1409 663 1501 717 per
1526 646 1959 716 enthymemata,

377 749 521 820 quod
567 748 781 819 quidem
807 756 889 802 est
921 744 1282 817 syllogismus.
1337 738 1624 811 Dupliciter
1655 748 1832 793 autem
1879 748 1965 791 est

379 838 747 900 necessarium
778 852 1234 910 przecognosccre,
1267 836 1369 890 alia
1402 848 1633 904 namque
1682 832 1806 901 quia
1839 839 1965 885 sunt

382 934 699 1005 prmopinari
728 946 948 988 necesse
968 940 1073 997 est,
1103 930 1206 984 alia
1232 943 1363 984 vero
1393 927 1520 997 quid
1548 934 1635 981 est
1664 923 1805 995 quod
1832 922 1966 976 dici-

383 1040 470 1083 tur
512 1025 807 1094 intelligere
852 1028 1084 1091 oportet,
1115 1018 1359 1090 quaedam
1408 1026 1590 1070 autem
1623 1024 1869 1083 utraque.
1895 1011 1967 1068 Ut

382 1121 631 1191 quoniam
664 1117 876 1187 quidem
901 1130 1061 1170 omne
1093 1124 1187 1167 aut
1208 1112 1499 1176 afﬁrmare,
1533 1118 1621 1163 aut
1650 1122 1845 1178 negare
1873 1120 1968 1161 ve-

384 1226 498 1267 rum
545 1219 648 1277 est,
678 1209 800 1279 quia
832 1216 947 1273 est,
980 1204 1301 1276 triangulum
1332 1211 1536 1269 autem,
1581 1200 1832 1270 quoniam
1864 1197 1968 1252 hoc

384 1305 681 1373 signiﬁcat,
717 1301 811 1357 sed
859 1300 1116 1355 unitatem
1149 1306 1404 1366 utraque,
1439 1304 1495 1350 et
1541 1292 1667 1363 quid
1708 1292 1970 1360 significat

383 1395 625 1465 quidem,
653 1391 845 1461 etquia
867 1398 971 1455 est,
993 1404 1098 1443 non
1122 1389 1264 1443 enim
1287 1386 1537 1440 similiter
1560 1387 1748 1438 horum
1778 1398 1971 1437 unum-

385 1487 637 1557 quodque
660 1485 1005 1539 manifestum
1030 1492 1114 1538 est
1132 1482 1302 1537 nobis.
1324 1480 1420 1534 Est
1442 1487 1619 1533 autem
1646 1491 1972 1547 cognoscere

388 1581 493 1633 alia
524 1579 738 1648 quidem
769 1578 915 1647 prius
943 1586 1383 1647 cognoscentem,
1411 1571 1763 1643 quorumdam
1795 1580 1973 1626 autem

389 1674 551 1728 simttl
602 1672 847 1740 accipere
877 1670 1151 1734 notitiam,
1183 1678 1241 1722 ut
1281 1680 1612 1736 quaecunque
1656 1666 1975 1734 contingunt

388 1778 515 1819 esse
538 1764 636 1817 sub
662 1761 1053 1817 nniversalibus
1083 1776 1310 1831 quorum
1344 1760 1543 1815 habent
1574 1758 1969 1829 cognitionem;

2068 553 2353 623 logismum
2383 550 2831 618 epistemonicon,
2863 551 2914 605 id
2945 562 3025 607 est
3057 552 3340 611 facientem
3368 558 3529 625 scire,
3559 557 3659 615 sed

2067 643 2493 714 epistemonicon
2536 642 2689 706 dico,
2736 646 3027 701 secundum
3074 664 3232 716 quem
3275 650 3369 721 (in
3410 652 3659 708 habendo

2068 739 2242 807 ipsum
2271 736 2289 805 j
2314 735 2533 791 scimus.
2570 733 2628 788 Si
2671 734 2828 803 igitur
2867 745 2949 789 est
2977 737 3112 793 scire
3142 751 3196 795 ut
3226 743 3530 810 posuimus.
3562 760 3661 799 ne-

2067 843 2224 885 cesse
2247 838 2329 883 est
2356 837 2411 883 et
2437 827 2913 881 demonstrativam
2940 830 3221 886 scientiam
3251 849 3315 887 ex
3346 838 3488 891 veris
3518 851 3657 899 esse.

2072 929 2127 975 et
2159 918 2365 989 primis,
2398 925 2450 973 et
2476 916 2823 984 immediatis,
2850 925 2906 970 ct
2932 918 3253 985 notioribus,
3285 932 3340 977 et
3367 925 3660 993 prioribus,

2074 1012 2359 1081 causisque
2386 1008 2771 1063 conclusionis.
2794 1009 2883 1062 Sic
2905 1009 3047 1063 enim
3076 1012 3332 1081 principia
3359 1027 3511 1070 erunt
3541 1032 3664 1087 pro-

2073 1108 2193 1177 pria
2233 1104 2352 1175 ejus
2381 1103 2523 1173 quod
2554 1102 2978 1168 demonstratur,
3011 1118 3132 1156 nam
3164 1102 3503 1174 syllogismus
3546 1109 3665 1179 qui-

2076 1197 2199 1253 dem
2232 1197 2370 1262 erit,
2402 1202 2458 1250 et
2480 1196 2597 1250 sine
2627 1194 2732 1263 his,
2762 1194 3151 1250 demonstratio
3189 1206 3365 1252 autem
3398 1212 3502 1253 non
3528 1202 3664 1265 erit,

2078 1301 2187 1343 non
2219 1286 2363 1342 enim
2390 1285 2550 1342 faciet
2579 1286 2877 1341 scientiam.
2908 1287 3045 1341 Vera
3068 1289 3285 1357 quidem
3318 1291 3475 1360 igitur
3506 1306 3669 1359 otior-

2082 1388 2154 1434 tet
2186 1392 2340 1446 esse,
2389 1378 2642 1449 quoniam
2687 1379 2828 1448 quod
2863 1394 2968 1433 non
3003 1389 3114 1447 est,
3147 1396 3253 1435 non
3285 1393 3367 1436 est
3395 1385 3566 1448 scire,
3612 1392 3671 1437 ut

2081 1470 2224 1540 quod
2250 1469 2507 1525 diameter
2532 1472 2603 1525 sit
2627 1478 2883 1541 symeter.
2914 1470 3001 1539 Ex,
3020 1472 3206 1543 primis
3225 1484 3401 1529 autem
3434 1486 3488 1529 et
3518 1474 3667 1532 inde-

2082 1546 2527 1618 monstra‘nilibus
2554 1570 2674 1628 est,
2712 1562 2834 1631 quia
2867 1577 2973 1615 non
3004 1564 3168 1630 sciet,
3198 1579 3302 1618 non
3335 1566 3536 1620 habens
3575 1565 3673 1622 de-

2084 1653 2536 1708 monstrationem
2566 1653 2826 1721 ipsorum,
2856 1652 2995 1707 scire
3022 1653 3164 1707 enim
3193 1668 3417 1720 quorum
3448 1656 3672 1711 demon-

2083 1745 2274 1801 stratio
2314 1754 2400 1801 est
2444 1759 2551 1800 non
2585 1743 2879 1799 secundum
2925 1743 3208 1810 accidens,
3242 1754 3326 1800 est
3356 1745 3553 1802 habere
3580 1748 3673 1802 de-

389 1854 531 1924 quod
555 1855 696 1907 enim
715 1852 889 1906 omnis
911 1852 1207 1922 triangulus
1240 1852 1432 1907 habeat
1454 1860 1564 1906 tres
1585 1852 1813 1919 angulos
1838 1851 1974 1906 duo-

2020 1844 2055 1906 B
2083 1841 2557 1895 monstrationem.
2588 1836 2792 1894 Causas
2836 1854 3080 1909 quoque,
3124 1850 3175 1895 et
3206 1841 3418 1897 notiora
3460 1852 3674 1912 oportet

389 1949 489 2002 bus
513 1945 675 2001 rectis
704 1943 955 2013 mquales,
1002 1943 1287 2012 prtescivit,
1319 1943 1462 2012 quod
1495 1959 1620 1997 vero
1654 1943 1739 1997 hic
1768 1944 1858 2011 qui
1889 1951 1975 1998 est

389 2042 447 2094 in
483 2037 822 2093 semicirculo
851 2036 1145 2105 triangulus
1172 2035 1260 2100 sit,
1295 2036 1453 2090 simul
1486 2036 1747 2090 inducens
1777 2050 1978 2106 cogno-

393 2133 487 2187 vit.
518 2129 883 2199 Quorumdam
914 2128 1053 2182 enim
1089 2128 1189 2182 hoc
1228 2128 1388 2183 modo
1436 2128 1720 2197 disciplina
1766 2139 1879 2193 εει,
1922 2136 1978 2183 et

396 2240 502 2279 non
537 2239 630 2294 per
661 2221 893 2277 medium
948 2222 1194 2275 ultimum
1243 2222 1607 2292 cognoscitur,
1641 2230 1697 2274 ιιι
1724 2234 1980 2290 qntecun-

393 2331 499 2385 que
516 2314 625 2383 jam
656 2313 1004 2383 Singularium
1033 2313 1502 2383 continguntesse,
1536 2321 1590 2367 et
1616 2327 1722 2367 non
1756 2312 1822 2368 de
1848 2312 1980 2366 sub-

395 2407 535 2476 jecto
554 2404 757 2475 aliquo.
790 2403 1088 2474 Antequam
1111 2414 1289 2459 autem
1318 2404 1385 2459 sit
1409 2405 1684 2469 inducere,
1718 2414 1808 2457 ant
1837 2404 1980 2459 acci-

400 2513 525 2569 pere
572 2495 967 2567 syllogismum,
1002 2497 1231 2567 quodam
1279 2497 1493 2567 quidem
1544 2497 1704 2551 modo
1754 2496 1981 2553 fortasse

398 2586 680 2641 dicendum
729 2594 815 2642 est
859 2586 1028 2651 scire,
1079 2588 1239 2641 modo
1281 2597 1458 2642 autem
1510 2589 1651 2655 alio,
1684 2604 1787 2643 non
1836 2589 1981 2659 quod

399 2676 543 2732 enim
572 2678 796 2733 nescivit
824 2678 869 2732 si
914 2689 999 2733 est
1034 2678 1385 2749 simpliciter,
1419 2680 1518 2733 hoc
1558 2680 1787 2748 quodam
1818 2680 1981 2736 modo

400 2768 553 2823 scivit
581 2768 722 2837 quod
761 2766 896 2822 duos
920 2764 1083 2823 habet
1110 2778 1287 2823 rectos
1316 2771 1652 2839 simpliciter,
1680 2771 1775 2825 sed
1807 2772 1981 2825 mani-

403 2859 592 2914 festum
614 2868 696 2914 est
711 2859 851 2929 quod
873 2859 951 2913 sic
974 2860 1190 2930 quidem
1208 2861 1308 2914 scit
1326 2860 1577 2930 quoniam
1599 2859 1985 2915 universaliter

402 2951 577 3017 scivit,
605 2950 920 3019 simpliciter
963 2959 1139 3005 autem
1174 2966 1279 3005 non
1308 2952 1409 3004 scit
1434 2967 1449 3014 ;
1474 2951 1516 3003 si
1548 2965 1677 3005 vero
1707 2966 1811 3005 non
1833 2991 1849 3017 ,
1878 2950 1983 3005 lle-

294 3075 309 3089 ο
402 3042 558 3097 nonis
610 3042 933 3112 ambiguitas
974 3043 1283 3113 continget,
1315 3054 1405 3096 aut
1436 3042 1576 3097 enim
1608 3043 1743 3098 nihil
1774 3043 1981 3109 discet,

403 3142 495 3188 aut
523 3150 641 3205 quae
673 3134 837 3188 novit.
868 3134 981 3189 Non
998 3134 1163 3201 enim,
1186 3135 1328 3191 sicut
1357 3136 1572 3206 quidam
1593 3144 1854 3191 conantur
1877 3138 1987 3191 sol-

2083 1948 2223 1999 esse,
2250 1942 2305 1988 et
2326 1933 2524 2003 priora.
2548 1929 2753 1987 Causas
2769 1932 3009 2002 quidem,
3030 1935 3280 2002 quoniam
3306 1947 3430 1991 tunc
3450 1938 3673 2004 scimus,

2085 2040 2208 2080 cum
2237 2038 2452 2079 causam
2480 2023 2880 2093 cognoscimus,
2904 2033 2959 2078 et
2986 2025 3183 2094 priora,
3212 2027 3475 2097 siquidem
3498 2046 3672 2085 causai

2086 2127 2247 2182 sunt,
2279 2128 2336 2173 et
2361 2119 2599 2187 notiora,
2646 2133 2752 2172 non
2784 2119 2956 2173 solum
2985 2119 3153 2174 altero
3182 2121 3339 2177 modo
3367 2123 3673 2193 inlelligen-

2084 2211 2189 2278 do,
2231 2212 2326 2266 sed
2370 2212 2421 2266 in
2465 2211 2689 2267 sciendo
2727 2212 2978 2284 quoniam
3010 2222 3152 2269 sunt.
3191 2215 3372 2272 Priora
3405 2228 3579 2272 autem
3621 2230 3674 2276 et

2088 2303 2300 2358 notiora
2340 2302 2628 2372 dupliciter
2656 2312 2816 2371 sunt,
2859 2318 2963 2359 non
2995 2307 3135 2360 enim
3176 2305 3315 2362 idem
3363 2318 3445 2365 est
3487 2317 3673 2367 natura

2088 2394 2270 2466 prius,
2304 2403 2359 2451 et
2385 2394 2452 2450 ad
2482 2409 2579 2451 nos
2615 2396 2795 2466 prius,
2828 2411 3002 2468 neque
3034 2398 3214 2455 notius
3242 2408 3426 2457 natura
3449 2445 3462 2471 ,
3493 2410 3545 2459 et
3574 2419 3673 2462 no-

2089 2488 2172 2542 his
2202 2487 2401 2542 notius.

2164 2578 2295 2634 Dico
2315 2588 2494 2634 autem
2522 2580 2588 2635 ad
2618 2595 2717 2636 nos
2743 2582 2942 2651 priora,
2968 2594 3020 2638 et
3042 2585 3271 2655 notiora,
3297 2592 3677 2661 propinquiora

2090 2672 2295 2726 sensui.
2347 2670 2677 2741 Simpliciter
2722 2681 2900 2728 autem
2936 2674 3145 2743 priora,
3193 2686 3248 2733 et
3288 2680 3527 2748 nOtiora,
3563 2700 3679 2754 quat

2093 2764 2303 2834 longius
2322 2771 2464 2819 sunt.
2490 2765 2629 2819 Sunt
2648 2774 2824 2821 autem
2848 2766 3290 2840 longinquissima
3310 2773 3545 2841 quidem,
3567 2777 3682 2832 uni-

2092 2857 2323 2912 versalia
2375 2858 2627 2913 maxime.
2679 2858 2931 2913 Proxima
2987 2872 3204 2929 autem,
3260 2864 3578 2935 singularia,
3629 2881 3682 2926 et

2093 2960 2437 3021 opponuntur
2466 2950 2581 3005 haec
2612 2951 2676 3005 ad
2705 2965 2764 3006 se
2794 2951 3047 3008 invicem.
3080 2953 3153 3008 Ex
3183 2955 3369 3025 primis
3391 2968 3568 3013 autem
3598 2971 3683 3016 est

2094 3044 2237 3113 quod
2272 3058 2338 3099 ex
2369 3045 2600 3114 propriis
2629 3043 2907 3113 principiis
2938 3053 3054 3112 est,
3085 3045 3224 3102 idem
3256 3049 3401 3103 enim
3430 3050 3549 3104 dico
3578 3053 3682 3117 pri.

2095 3152 2242 3191 mum
2294 3145 2349 3191 et
2394 3137 2734 3207 principium.
2772 3137 2865 3191 Est
2895 3145 3073 3192 autem
3109 3138 3425 3208 principium
3460 3142 3683 3200 demon.

405 3238 554 3290 vere,
585 3225 869 3280 dicendum
889 3236 991 3291 est,
1026 3226 1260 3296 nunquid
1282 3227 1483 3280 scivisti
1509 3240 1725 3281 omnem
1759 3226 1985 3281 dualita-
2013 3223 2063 3284 C
2096 3228 2377 3283 strationis
2426 3228 2721 3298 propositio
2769 3228 3096 3283 immediata.
3146 3230 3458 3289 ltnmediata
3501 3246 3682 3292 autem

407 3328 511 3373 tem
542 3319 791 3389 quoniam
822 3334 915 3389 par
946 3316 1047 3383 est,
1077 3328 1168 3373 aut
1200 3319 1339 3374 non?
1372 3319 1584 3374 dicente
1613 3328 1816 3385 autem,
1838 3328 1983 3374 attu-

407 3412 541 3466 lerat
582 3411 867 3482 quamdam
912 3410 1255 3478 dualitatem,
1288 3425 1449 3481 quam
1480 3424 1585 3465 non
1625 3410 1874 3480 opinatus
1904 3421 1986 3467 est

404 3515 545 3568 esse,
576 3517 746 3571 quare
769 3516 941 3573 neque
968 3516 1171 3571 parem.
1206 3501 1431 3558 Solvunt
1450 3501 1594 3555 enim
1618 3500 1857 3555 dicentes
1875 3515 1981 3555 non

404 3607 729 3663 cognoscere
754 3609 970 3648 omnem
997 3594 1310 3650 dualitatem
1334 3608 1515 3663 parem
1537 3607 1681 3659 esse,
1704 3594 1798 3648 sed
1824 3609 1985 3663 quam

404 3685 582 3742 sciunt
601 3686 743 3755 quod
769 3686 1001 3741 dualitas
1026 3684 1105 3742 ﬁt.
1130 3688 1379 3740 Attamen
1407 3684 1808 3755 sciuntquidem
1831 3684 1985 3756 cujus

406 3793 533 3835 vere
552 3778 1069 3835 demonstrationem
1102 3778 1320 3842 habent,
1351 3785 1407 3832 et
1441 3776 1595 3847 cujus
1625 3786 1981 3846 acceperunt:

405 3881 730 3941 acceperunt
756 3881 932 3927 autem
958 3887 1066 3925 non
1099 3872 1167 3925 de
1195 3872 1341 3926 omni
1366 3872 1523 3941 cujus
1557 3871 1740 3941 utique
1770 3871 1983 3934 sciunt,

408 3962 552 4032 quod
580 3961 875 4030 triangulus
895 3962 1141 4030 autquod
1166 3976 1419 4017 numerus
1444 3962 1534 4025 sit,
1556 3962 1651 4017 sed
1672 3962 1987 4030 simpliciter

410 4054 481 4127 de
505 4054 649 4105 omni
672 4066 893 4107 numero
918 4062 972 4107 et
996 4053 1278 4123 triangulo,
1301 4069 1474 4123 neque
1499 4054 1639 4110 enim
1669 4068 1770 4108 una
1799 4068 1989 4123 propo-

410 4145 537 4199 sitio
566 4143 824 4213 accipitur
864 4144 1021 4214 hujus
1049 4145 1187 4215 quod
1216 4162 1377 4215 quem
1406 4157 1459 4201 tu
1490 4148 1631 4202 nosti
1668 4159 1949 4201 numerum
1969 4189 1985 4212 ,

408 4245 502 4290 aut
523 4235 662 4303 quod
690 4246 743 4291 ιιι
766 4237 905 4291 nosti
932 4237 1289 4307 rectilineum,
1312 4238 1407 4293 sed
1438 4240 1505 4295 de
1526 4239 1693 4295 omni.
1724 4237 1829 4293 Sed
1855 4237 1991 4292 nihil

410 4327 491 4397 (ιιι
520 4328 730 4397 opinor)
767 4328 1011 4396 prohibet
1040 4329 1180 4398 quod
1202 4329 1363 4385 discit
1386 4332 1531 4400 quis,
1552 4332 1620 4385 sit
1647 4338 1705 4385 ut
1727 4331 1887 4395 scire,
1919 4328 1993 4383 sit

411 4417 572 4471 etiam
604 4424 662 4470 ut
684 4416 952 4487 ignorare,
979 4420 1362 4476 inconveniens
1381 4422 1527 4477 enim
1559 4438 1665 4477 non
1690 4432 1790 4488 est,
1817 4422 1860 4477 si
1891 4421 1994 4476 scit

411 4507 641 4576 quodam
674 4509 829 4562 modo
868 4510 1008 4579 quod
1058 4510 1239 4577 discit,
1270 4512 1366 4568 sed
1398 4514 1445 4568 si
1489 4515 1593 4570 hoc
1619 4516 1780 4571 modo
1800 4553 1816 4581 ,
1851 4524 1907 4568 ut
1936 4512 1993 4568 in

413 4612 667 4671 quantum
693 4601 870 4671 discit,
900 4612 953 4658 et
982 4604 1104 4657 scit.

1035 4716 1261 4772 CAPUT
1305 4704 1365 4769 Il.

664 4808 742 4864 De
768 4810 930 4864 modis
956 4811 1181 4875 sciendi,
1213 4820 1258 4866 et
1288 4810 1740 4864 demonstratione.

483 4898 633 4955 Scire
659 4915 836 4955 autem
866 4902 1147 4970 opinamur
1188 4901 1602 4971 unumquodque
1650 4897 1988 4968 simpliciter,

412 4992 506 5047 sed
533 5008 636 5047 non
653 4994 944 5063 sopltistico
966 4994 1144 5059 modo,
1174 4994 1263 5065 qui
1282 5004 1369 5049 est
1388 4991 1688 5057 secundum
1714 4991 1989 5057 accidens,

409 5097 530 5138 cum
559 5097 772 5139 causam
816 5086 1141 5141 arbitramur
1184 5100 1532 5156 cognoscere,
1568 5099 1787 5155 promer
1828 5096 1987 5153 quam

412 5190 498 5232 res
520 5187 621 5240 est,
644 5178 892 5248 quoniam
916 5179 1061 5233 illius
1073 5193 1232 5234 causa
1254 5188 1357 5243 est,
1378 5188 1433 5234 et
1454 5194 1557 5233 non
1580 5178 1992 5248 estcontingere

412 5267 513 5323 hoc
541 5270 695 5323 aliter
713 5284 773 5324 se
803 5270 1020 5326 habere.
1065 5270 1401 5324 Manifestum
1444 5271 1603 5341 igitur
1630 5278 1716 5324 est
1737 5270 1991 5339 quoniam

410 5358 715 5427 hujusmodi
736 5360 933 5429 aliquid
955 5361 1094 5415 scire
1112 5361 1200 5427 sit,
1216 5369 1269 5416 et
1290 5374 1520 5429 namque
1538 5374 1643 5413 non
1657 5360 1915 5422 scientes,
1933 5368 1991 5415 et

407 5451 642 5504 scientes
683 5452 898 5517 quidem
921 5453 1210 5519 opinantur
1251 5452 1355 5521 ipsi
1397 5453 1475 5507 sic
1501 5467 1560 5507 se
1583 5452 1992 5516 habere,scien-

410 5550 491 5597 tes
511 5548 689 5593 autem
701 5540 882 5603 etiam,
897 5542 1403 5599 habentscientiam.
1421 5544 1600 5612 Quare
1616 5546 1768 5612 cujus
1794 5543 1996 5612 simpli-

408 5632 541 5689 citer
556 5638 640 5686 est
656 5629 899 5695 scientia,
923 5632 1025 5688 hoc
1044 5644 1128 5688 est
1156 5635 1487 5704 impossibile
1509 5637 1664 5690 aliter
1686 5648 1746 5690 se
1767 5634 1990 5693 habere.

407 5726 469 5785 Si
493 5726 707 5798 quidem
736 5725 900 5797 igitur
921 5736 977 5782 et
1004 5728 1141 5785 alius
1180 5739 1265 5786 est
1293 5730 1497 5787 sciendi
1547 5731 1787 5797 modus,‘
1811 5741 1995 5802 poste-

411 5820 521 5879 rius
542 5819 800 5877 dicemus.
827 5818 1061 5874 Dicimus
1081 5830 1259 5879 autem
1280 5824 1441 5894 scire,
1464 5832 1520 5881 et
1542 5837 1635 5895 per
1657 5822 1997 5883 demonstra-

728 5939 1000 6002 ΡΑτιωι..
1048 5938 1270 6003 LXIV.

2091 3330 2177 3375 est
2202 3335 2305 3390 qua
2330 3335 2437 3374 non
2464 3328 2548 3374 est
2568 3320 2669 3374 alia
2694 3321 2860 3390 prior.
2884 3320 3186 3391 Pr0p0sitio
3211 3331 3389 3379 autem
3413 3335 3494 3381 est
3516 3341 3684 3385 enun~

2095 3412 2331 3466 tiationis
2363 3413 2527 3466 altera
2568 3426 2707 3482 pars,
2734 3429 2896 3468 tinum
2919 3414 2987 3469 de
3007 3429 3137 3471 uno.
3161 3413 3444 3473 Dialectica
3462 3419 3682 3490 quidem

2094 3517 2178 3561 est
2205 3504 2453 3560 similiter
2481 3506 2752 3575 accipiens
2778 3506 3097 3577 quamlibet.
3127 3508 3555 3569 Demonstrativa
3585 3529 3684 3571 au-

2095 3607 2203 3651 tem
2232 3596 2604 3652 determinatus
2632 3598 2858 3657 alterum
2883 3600 3133 3672 quoniam
3160 3617 3348 3658 verum
3370 3614 3471 3661 est.
3504 3607 3683 3665 Enun-

2096 3688 2244 3742 tiatio
2289 3698 2466 3744 autem
2506 3691 2945 3747 contradictionis
2986 3693 3241 3763 quaelibet
3284 3710 3427 3765 pars.
3461 3699 3685 3757 Contra.

2093 3779 2261 3834 dictio
2308 3790 2486 3835 autem
2533 3791 2615 3836 est
2654 3785 2923 3852 Oppositio
2970 3787 3125 3855 cujus
3171 3801 3276 3842 non
3321 3800 3405 3845 est
3447 3793 3684 3852 medium

2092 3870 2387 3923 secundum
2416 3885 2494 3926 se.
2529 3870 2660 3925 Pars
2703 3882 2880 3927 autem
2920 3877 3390 3946 contradictionis,
3420 3897 3539 3951 qua:
3566 3888 3686 3955 qui.

2092 3961 2217 4017 dem
2244 3962 2443 4033 aliquid
2473 3963 2540 4018 de
2580 3964 2760 4033 aliquo
2786 3974 2899 4031 est,
2932 3964 3220 4022 afﬁrmatio
3260 3978 3362 4024 est.
3393 3973 3524 4038 Quae
3552 3993 3685 4035 vero

2093 4062 2180 4108 est
2207 4053 2406 4122 aliquid
2436 4053 2504 4108 ab
2533 4052 2741 4122 aliquo,
2775 4053 2987 4122 negatio
3018 4063 3120 4109 est.
3169 4056 3465 4116 lmmediati
3504 4075 3684 4125 autem

2096 4144 2344 4215 principii
2372 4143 2718 4213 syIIOgistici,
2752 4144 3070 4213 positionem
3101 4146 3318 4217 quidem
3350 4150 3492 4219 dico,
3525 4170 3683 4223 quam

2098 4251 2205 4290 non
2230 4244 2311 4290 est
2334 4245 2658 4304 monstrare,
2689 4251 2788 4291 nec
2812 4251 3033 4294 necesse
3054 4246 3138 4293 est
3164 4239 3361 4297 habere
3381 4242 3682 4303 docendum

2097 4328 2317 4399 aliquid.
2366 4328 2535 4395 Quam
2579 4343 2712 4383 vero
2754 4344 2979 4385 necesse
3023 4340 3106 4387 εει
3151 4331 3349 4390 habere
3391 4338 3684 4406 quemlibet

2101 4422 2401 4477 docendum
2427 4463 2440 4485 ,
2471 4420 2808 4491 dignitatem.
2846 4420 2985 4477 Sunt
3028 4424 3171 4479 enim
3211 4427 3455 4495 quaedam
3502 4428 3683 4500 hujus-

2101 4513 2282 4578 modi,
2314 4512 2415 4566 hoc
2444 4512 2586 4566 enim
2618 4515 2847 4568 maxime
2890 4514 2942 4568 in
2986 4514 3357 4584 hujuscemodi
3395 4522 3684 4577 consuevi-

2020 4591 2075 4653 D
2099 4620 2218 4659 mus
2266 4616 2461 4656 nomen
2494 4604 2694 4656 dicere.
2733 4602 3022 4658 Positionis
3051 4616 3261 4670 autem,
3307 4624 3427 4676 qua:
3467 4614 3683 4681 quidem

2097 4706 2181 4751 est
2219 4694 2516 4763 quamlibet
2558 4694 2793 4761 partium
2842 4693 3230 4751 enuntiationis
3275 4699 3578 4769 accipiens,
3629 4713 3687 4761 ut

2096 4787 2220 4841 dico
2243 4785 2441 4856 aliquid
2473 4798 2628 4851 esse,
2659 4794 2753 4837 aut
2782 4799 2886 4836 non
2911 4798 3063 4852 εεεε,
3098 4788 3398 4856 suppositio
3421 4800 3522 4845 est.
3555 4792 3685 4858 Quae

2096 4892 2227 4933 vero
2248 4877 2363 4931 sine
2410 4877 2532 4944 hoc,
2580 4875 2824 4930 deﬁnitio
2868 4886 2984 4942 εει,
3017 4877 3258 4935 deﬁnitio
3303 4884 3445 4937 enim
3493 4896 3686 4953 pnsttto

2096 4976 2340 5046 quaedam
2370 4986 2473 5032 est.
2506 4976 2663 5031 Ponit
2689 4975 2832 5031 enim
2861 4977 3234 5035 aritlnneticus
3277 4984 3537 5038 unitatem
3558 5025 3575 5051 ,
3605 4988 3686 5041 in-

2097 5070 2367 5127 divisihile
2417 5085 2540 5126 esse
2592 5070 2886 5126 secundum
2944 5075 3334 5142 quantitatem,
3389 5080 3685 5147 suppositio

2096 5174 2275 5219 autem
2304 5179 2408 5219 non
2436 5173 2519 5219 est
2539 5204 2554 5228 ,
2584 5162 2635 5217 id
2657 5165 2799 5219 enim
2821 5164 2964 5235 quod
2986 5166 3111 5236 quid
3137 5178 3214 5221 εει
3246 5170 3419 5222 unitas
3441 5211 3457 5236 ,
3484 5179 3539 5224 et
3562 5161 3686 5228 esse

2099 5259 2393 5324 unitatem,
2443 5274 2547 5313 non
2588 5257 2733 5313 idem
2779 5266 2883 5313 est.
2934 5258 3197 5323 Quoniam
3246 5270 3422 5316 autem
3472 5275 3685 5331 oportet

2097 5350 2354 5418 credere,
2387 5359 2442 5405 et
2468 5353 2609 5407 scire
2639 5366 2783 5415 rem,
2815 5350 2867 5404 itt
2900 5349 3204 5419 hnjusmodi
3246 5351 3490 5406 habendo
3520 5356 3681 5425 syllo-

2097 5444 2326 5515 gismum
2355 5456 2514 5514 quem
2538 5457 2794 5497 vocamus
2817 5440 3352 5496 demonstrationem.
3386 5442 3479 5497 Est
3501 5453 3679 5517 autem

2099 5537 2187 5593 hic
2214 5551 2281 5593 eo
2309 5538 2452 5608 quod
2479 5553 2539 5591 ea
2571 5544 2725 5600 sunt,
2754 5550 2819 5591 ex
2848 5533 3042 5605 quibus
3067 5545 3150 5589 est
3175 5537 3517 5607 syllogismus
3535 5579 3550 5603 ,
3585 5556 3681 5597 ne-

2098 5645 2248 5687 cesse
2273 5640 2356 5687 est
2383 5645 2489 5684 non
2517 5628 2691 5684 solum
2734 5641 3175 5697 praecognoscete
3218 5629 3419 5699 prima,
3451 5643 3543 5686 aut
3569 5648 3681 5690 om-

2098 5736 2218 5800 nia,
2261 5741 2351 5787 aut
2397 5730 2717 5801 quamdam,
2767 5727 2864 5784 sed
2910 5736 2966 5784 et
3016 5729 3207 5802 magis.
3262 5729 3490 5813 Semper
3534 5734 3679 5791 enim

2100 5835 2318 5898 propter
2356 5824 2500 5896 quod
2528 5822 2945 5895 unumquodque
2971 5834 3084 5890 estj,
3117 5823 3248 5880 illud
3280 5824 3448 5896 magis
3477 5837 3590 5896 est,
3621 5837 3683 5887 ut
