4296 6266
741 385 843 448 115

1969 388 2075 446 AN.
2118 389 2327 446 MANL.
2370 388 2521 448 SEV.
2556 388 2787 447 ’ΒΟΕΤῙῙ

3912 395 4016 454 716

735 517 952 579 propter
1000 506 1140 578 quod
1190 519 1464 573 amamus,
1522 505 1647 560 illud
1696 505 1862 574 magis
1915 503 2144 560 amicum
2199 506 2313 573 est',
2344 511 2395 570 Α
2426 510 2623 562 multos
2652 508 2827 576 enim,
2862 517 2952 563 aut
2992 522 3090 581 per
3119 523 3315 580 paucos
3346 510 3627 567 reflectere
3663 511 3838 568 dicere
3875 516 4015 573 nihil

735 616 900 665 quare
945 599 1208 671 siquidem
1258 601 1451 655 scimus
1480 608 1696 669 propter
1728 599 1895 667 prima
1928 607 1981 651 et
2008 598 2277 653 credimus
2299 638 2317 664 ,

735 704 788 748 et
837 693 925 747 illa
965 694 1165 748 scimus
1194 702 1246 748 et
1273 693 1543 748 credimus
1578 692 1777 761 magis,
1813 692 2064 758 quoniam
2098 702 2317 761 prOpter

734 784 821 839 illa
869 792 923 841 et
969 785 1284 855 posteriora.
1314 784 1428 838 Non
1467 792 1638 852 potest
1674 795 1855 838 autem
1888 784 2111 838 credere
2142 784 2312 853 magis

732 893 853 949 qua:
898 876 1036 945 scit,
1081 891 1198 947 qua:
1242 891 1346 959 non
1389 874 1646 945 contingit
1686 891 1861 946 neque
1894 877 2104 945 sciens,
2134 891 2313 946 neque
2356 958 2359 959 ν

734 969 917 1024 melius
952 970 1239 1038 dispositus
1273 983 1430 1037 quam
1472 969 1517 1022 si
1554 969 1837 1037 contigerit
1863 970 2072 1033 sciens,
2104 969 2313 1025 accidet

732 1070 903 1116 autem
935 1060 1035 1113 hoc
1080 1059 1180 1113 nisi
1223 1059 1416 1129 aliquis
1467 1062 1888 1131 praecoguoverit
1943 1074 2166 1131 propter
2215 1064 2315 1120 de-

729 1153 1163 1205 monstrationem
1195 1151 1557 1217 credentium,
1591 1152 1761 1223 magis
1788 1155 1933 1207 enim
1968 1170 2191 1211 necesse
2232 1166 2314 1212 est

728 1243 944 1297 credere
989 1243 1291 1311 principiis,
1332 1252 1424 1297 aut
1472 1244 1762 1310 omnibus,
1806 1253 1898 1299 aut
1939 1246 2264 1314 quibusdam
2293 1291 2309 1314 ,

724 1350 881 1405 quam
904 1336 1255 1391 conclusioni.
1282 1334 1568 1393 Debentem
1595 1347 1773 1393 autem
1801 1338 1832 1392 li
1855 1340 1999 1395 ibere
2027 1342 2309 1419 scientiam

726 1444 821 1499 per
860 1430 1369 1485 demonStrationem
1392 1473 1407 1499 ,
1452 1447 1556 1485 non
1596 1431 1770 1485 solum
1803 1440 2021 1500 Oportet
2051 1433 2312 1503 principia

726 1520 895 1591 magis
938 1535 1265 1591 cognoscere
1308 1533 1361 1576 et
1402 1521 1573 1591 magis
1619 1520 1752 1590 ipsis
1793 1522 2015 1578 credere
2060 1538 2222 1593 quam
2262 1523 2313 1578 ei

725 1615 863 1685 quod
897 1614 1316 1678 demonstratur,
1347 1613 1443 1669 sed
1477 1629 1649 1683 neque
1679 1613 1820 1669 aliud
1870 1615 1966 1685 ipsi
1999 1614 2311 1670 credibilius

724 1722 873 1775 esse,
924 1724 1093 1777 neque
1140 1706 1316 1762 notius
1361 1708 1618 1777 oppositis
1665 1708 1971 1778 principiis,
2017 1726 2082 1763 cx
2112 1710 2309 1779 quibus

720 1798 825 1852 erit
864 1798 1209 1869 syllogismus
1254 1798 1536 1853 contrariae
1583 1798 1951 1869 deceptionis,
1998 1799 2040 1853 si
2089 1796 2305 1869 quidem

721 1898 933 1959 Oportet
961 1891 1274 1960 simpliciter
1302 1892 1557 1945 scientem
1580 1935 1595 1957 ,
1630 1890 2019 1947 immutabilem
2060 1907 2199 1948 esse.

1329 2001 1552 2058 CAPUT
1594 2002 1677 2057 Ill.

856 2092 1002 2157 Quod
1031 2110 1129 2147 non
1158 2095 1383 2147 omnium
1411 2096 1475 2147 sit
1503 2096 1902 2148 demonstrativa
1934 2098 2169 2151 scientia.

796 2184 1125 2250 Quibusdam
1153 2194 1329 2239 autem
1363 2186 1521 2255 igitur
1563 2197 1777 2255 prOpter
1822 2188 1871 2241 id
1918 2190 2058 2257 quod
2095 2199 2309 2257 Oportet

720 2276 892 2346 prima
942 2276 1119 2341 scire.
1163 2263 1268 2330 rion
1300 2277 1506 2331 videtur
1535 2278 1756 2331 scientia
1797 2293 1936 2335 esse.
1974 2280 2303 2343 Quibusdam

718 2378 893 2422 autem
926 2383 1047 2424 esse
1068 2367 1303 2438 quidem,
1341 2369 1578 2423 omnium
1610 2378 1785 2424 tamen
1817 2371 2305 2429 demonstrationes

717 2474 872 2527 esse,
921 2476 1147 2529 quorum
1199 2473 1447 2515 nemrum
1506 2476 1680 2531 neque
1729 2477 1912 2515 verum
1970 2479 2145 2534 neque
2202 2481 2301 2519 ηρ-

717 2550 1029 2605 cessarium.

786 2644 1053 2696 Ponentes
1078 2651 1255 2697 autem
1289 2658 1390 2699 non
1424 2659 1542 2699 esse
1574 2646 1793 2700 omnino
1824 2645 1965 2701 scire
1985 2687 1999 2711 ,
2037 2646 2088 2700 lii
2120 2646 2185 2701 ad
2212 2646 2296 2703 in-

715 2733 918 2787 ﬁnitum
948 2733 1133 2787 volunt
1160 2734 1376 2800 reduci,
1405 2746 1652 2806 tanquam
1686 2753 1788 2790 non
1820 2739 1890 2792 sit
1921 2741 2101 2808 utique
2123 2738 2299 2794 scicn-

714 2829 793 2880 lcs
817 2825 1111 2893 posteriora
1135 2835 1350 2894 propter
1374 2828 1572 2894 priora,
1591 2844 1821 2897 quorum
1847 2846 1951 2883 non
1978 2831 2085 2884 sint
2105 2832 2296 2899 prima,

714 2924 856 2971 recte
880 2914 1138 2970 dicentes.
1168 2916 1496 2985 impossibile
1522 2920 1663 2973 enim
1687 2932 1764 2973 ρει
1796 2919 1999 2975 inﬁnita
2028 2932 2300 2991 pertrans-

711 3006 821 3072 ire,
862 3016 916 3061 et
941 3008 985 3061 si
1013 2996 1155 3062 stent
1194 3018 1248 3062 et
1286 3010 1395 3062 sint
1437 3010 1694 3078 prncipia
1741 3014 1884 3077 haec,
1933 3015 2105 3081 ignOta
2138 3029 2291 3079 esse,

713 3113 830 3154 cum
876 3098 1261 3153 demonstratio
1309 3116 1413 3153 non
1457 3100 1525 3153 sit
1570 3101 1845 3170 ipsormn,
1888 3105 2029 3173 quod
2077 3105 2295 3175 quidem

713 3192 893 3245 dicunt
920 3205 1040 3245 esse
1063 3192 1199 3245 scire
1222 3190 1414 3246 solum.
1448 3194 1503 3247 Si
1535 3209 1663 3248 vero
1688 3211 1791 3248 non
1821 3206 1903 3251 est
1930 3197 2097 3264 prima
2128 3199 2287 3264 scire,

712 3299 883 3353 neque
924 3300 969 3352 q'
996 3298 1041 3336 :B
1067 3298 1131 3337 ex
1164 3284 1240 3338 eis
1271 3292 1426 3351 sunt,
1457 3294 1539 3339 est
1568 3286 1737 3350 scire,
1778 3302 1951 3353 neque
1981 3288 2297 3355 simpliciter
2323 3280 2375 3345 C

715 3388 885 3442 neque
936 3373 1183 3441 proprie,
1229 3375 1319 3428 sed
1367 3391 1430 3429 ex
1473 3376 1811 3443 conditione,
1843 3381 1887 3432 si
1938 3378 2025 3431 illa
2073 3380 2198 3433 sint.
2234 3379 2298 3435 lli

711 3471 886 3515 autem
916 3462 983 3515 de
1024 3477 1087 3515 eo
1119 3463 1259 3531 quod
1288 3466 1498 3533 quidem
1532 3478 1613 3521 est
1648 3467 1785 3522 scire
1805 3508 1819 3533 ,
1849 3468 1925 3522 sic
1951 3468 2293 3535 conﬁtentur,

714 3568 806 3621 pcr
833 3552 1349 3619 demonstrationem
1382 3558 1523 3611 enim
1553 3574 1671 3613 esse
1697 3560 1898 3625 solum,
1929 3561 2021 3614 sed
2053 3560 2296 3615 ninnium

712 3657 830 3698 esse
858 3641 1366 3699 demonstrationem
1400 3648 1527 3702 nihil
1564 3650 1827 3718 prohibet,
1861 3652 2118 3720 contingit
2150 3652 2297 3706 enim

708 3731 914 3787 circulo
959 3733 1071 3787 lieri
1112 3732 1665 3804 demonstrationem,
1714 3752 1766 3792 et
1807 3756 1874 3792 ex
1919 3740 1981 3794 iis
2023 3756 2140 3807 quae
2170 3747 2296 3794 sunt

711 3826 773 3878 ad
798 3824 1043 3879 invicem.
1069 3822 1176 3879 Nos
1198 3834 1374 3881 autem
1402 3825 1644 3883 dicemus
1675 3844 1847 3899 neque
1875 3844 2089 3883 omnem
2119 3831 2295 3885 scien-

660 3930 663 3933 ·
711 3918 837 3968 tiam
868 3916 1340 3972 demonstrativam
1372 3934 1523 3985 esse,
1564 3921 1657 3975 sed
1691 3921 2127 3976 immediatorum
2174 3938 2297 3979 esse

710 4006 1272 4078 indemonstrabtlem,
1324 4021 1377 4065 ct
1424 4013 1567 4082 quod
1622 4012 1723 4066 huc
1775 4019 2136 4069 neceSsarium
2190 4018 2291 4083 sit,

709 4102 1051 4157 manifestum
1081 4114 1181 4157 est.
1221 4103 1278 4159 Si
1315 4106 1459 4159 enim
1506 4120 1726 4161 necesse
1770 4109 2109 4179 estquidem
2154 4110 2294 4167 scire

706 4195 916 4265 priora,
967 4210 1036 4247 ex
1087 4196 1278 4264 quibus
1319 4205 1401 4250 est
1450 4197 1870 4266 demonstratio,
1921 4211 2064 4255 stant
2113 4213 2291 4258 autem

706 4283 990 4354 aliquando
1020 4283 1353 4345 iutmediata,
1389 4286 1503 4340 haec
1530 4287 1747 4354 quidem
1791 4288 2290 4347 indcmunstrabilia

706 4389 926 4431 necesse
966 4384 1047 4429 est
1089 4384 1241 4439 esse,
1273 4386 1323 4428 ct
1369 4375 1471 4429 hoc
1501 4376 1664 4445 igitur
1704 4380 1782 4429 sic
1811 4379 2069 4445 dicimus,
2097 4391 2152 4435 et
2180 4397 2287 4435 non

705 4469 875 4525 solum
924 4468 1235 4533 scientiam,
1271 4468 1365 4522 sed
1407 4476 1461 4522 et
1507 4469 1825 4539 principium
1879 4474 2121 4528 scientia:
2169 4490 2290 4531 esse

668 4570 671 4575 ‘
706 4561 971 4627 quoddam
992 4560 1237 4625 dicimus,
1256 4560 1306 4614 iu
1327 4572 1581 4630 quantum
1608 4564 1866 4617 terminos
1890 4568 2288 4634 cognoscimus.

704 4648 917 4705 Circulo
970 4664 1147 4708 autem
1204 4653 1345 4724 quod
1405 4654 1738 4724 impossibile
1796 4655 1865 4710 sit
1915 4654 2373 4715 detnoustrarcD

709 4743 1031 4813 simpliciter
1070 4747 1410 4802 manifestum
1452 4756 1565 4814 est,
1608 4748 1651 4802 Si
1682 4751 1893 4819 quidem
1926 4766 1993 4805 ex
2026 4754 2293 4821 prioribus

708 4844 925 4905 opertet
949 4837 1459 4893 demonstrationem
1491 4856 1630 4905 esse,
1665 4854 1718 4895 et
1747 4841 2071 4909 notioribus,
2102 4846 2292 4915 impos-

711 4929 867 4984 sibile
897 4931 1038 4984 enim
1066 4940 1148 4984 est
1178 4932 1364 4985 eadem
1392 4932 1495 4984 sibi
1523 4934 1752 4987 invicem
1793 4935 1952 4989 simul
1999 4938 2199 5003 priora,
2239 4944 2294 4990 et

707 5023 1004 5092 pasteriora
1034 5037 1187 5085 esse,
1228 5024 1329 5077 nisi
1379 5025 1551 5078 altero
1597 5028 1788 5088 modo,
1822 5036 1879 5079 ut
1918 5028 2032 5082 haec
2074 5031 2287 5098 quidem

703 5116 771 5168 ad
808 5128 937 5177 nos,
969 5114 1056 5167 illa
1088 5128 1221 5167 vero
1248 5115 1584 5182 simpliciter,
1612 5131 1718 5184 quo
1746 5124 1895 5169 certe
1924 5118 2085 5171 modo
2130 5120 2290 5175 indu-

697 5205 808 5259 ctio
840 5204 963 5258 facit
992 5214 1195 5257 nOtum.
1225 5204 1278 5257 Si
1318 5215 1493 5257 autem
1527 5206 1605 5259 sic
1646 5214 1756 5274 est,
1788 5220 1894 5261 non
1946 5207 2127 5278 utique
2180 5215 2288 5267 erit

695 5295 1019 5362 simpliciter
1042 5296 1181 5351 scire
1219 5297 1355 5351 bene
1393 5293 1697 5364 deﬁnitum,
1744 5299 1839 5355 sed
1868 5299 2172 5371 dupliciter.
2202 5307 2285 5363 Au

697 5403 803 5443 non
854 5388 1170 5458 simpliciter
1195 5392 1362 5444 altera
1387 5388 1774 5447 demonstratio
1810 5392 1868 5449 lit
1896 5409 1963 5451 ex
2001 5397 2156 5451 nobis
2186 5417 2283 5455 no-

697 5483 963 5541 tioribus?
986 5485 1196 5542 Accidit
1221 5503 1352 5544 vero
1380 5486 1676 5544 dicentibus
1704 5490 1907 5548 circulo
1947 5491 2284 5552 demonstra-

608 5626 613 5627 ,
695 5572 896 5633 tlouem
924 5591 1075 5645 esse,
1102 5594 1206 5632 non
1232 5582 1404 5634 solum
1436 5583 1573 5650 quod
1604 5597 1745 5637 nunc
1788 5585 1985 5641 dictum
2032 5598 2146 5657 est,
2180 5591 2277 5644 sed

695 5666 833 5723 nihil
861 5667 1004 5722 aliud
1026 5668 1202 5725 dicere
1228 5686 1385 5741 quam
1411 5676 1659 5743 quoniam
1686 5676 1786 5732 hoc
1809 5690 1889 5733 est
1906 5721 1923 5747 ,
1959 5680 2006 5736 si
2034 5680 2135 5734 hoc
2171 5694 2277 5750 est,

696 5760 778 5815 sic
804 5769 978 5821 autem
1010 5760 1164 5817 facile
1192 5772 1273 5818 est
1298 5767 1669 5824 demonstrare
1699 5772 1898 5826 omnia.
1932 5772 2266 5830 Matiilestum

696 5855 874 5903 autem
896 5860 979 5904 est
1000 5856 1142 5919 quod
1166 5858 1266 5911 hoc
1288 5858 1667 5919 accidittribus
1687 5868 1927 5925 terminis
1958 5872 2166 5947 positis,
2186 5888 2279 5943 per

2424 603 2632 669 differt,
2666 620 2758 672 per
2788 619 2988 674 paucos
3030 615 3208 661 autem
3234 649 3248 673 ,
3280 616 3370 660 aut
3403 623 3497 676 per
3523 607 3677 663 duos.
3710 605 3841 662 Cum
3870 612 4012 667 enim

2425 698 2493 752 sit
2520 714 2582 764 a,
2613 699 2684 752 sit
2708 714 2774 753 ex
2806 701 3127 756 necessitate
3165 701 3214 764 ὁ,
3250 701 3350 755 hoc
3379 710 3556 756 autem
3587 716 3704 756 cum
3739 702 3838 769 sit,
3870 713 3922 757 et
3947 719 4008 770 c,

2421 805 2543 847 cum
2574 790 2734 860 igitur
2763 808 2795 844 a
2819 790 2918 854 sit,
2953 792 3054 846 erit
3083 802 3137 845 et
3178 807 3235 858 c;
3279 791 3323 845 si
3369 793 3524 862 igitur
3565 809 3685 849 cum
3730 794 3886 858 sita,
3920 810 4011 850 ne-

2420 895 2571 936 cesse
2619 892 2699 935 cst
2743 880 2773 935 b
2819 896 2977 949 esse,
3029 881 3133 937 hoc
3181 892 3359 937 autem
3406 900 3527 938 cum
3575 886 3675 950 sit,
3704 904 3735 939 a
3767 896 3867 941 est.
3901 887 4010 943 Hoc

2419 970 2560 1026 enim
2587 971 2690 1025 erit
2719 971 2947 1027 circulo:
2976 983 3205 1041 ponatur
3227 983 3406 1030 autem
3432 992 3463 1028 a
3489 977 3540 1029 in
3573 992 3678 1046 quo
3706 993 3764 1043 c,
3798 978 3827 1030 b
3855 978 4010 1048 igitur

2419 1076 2540 1115 cum
2574 1061 2675 1127 sit,
2706 1079 2738 1116 a
2767 1078 2886 1119 esse
2928 1065 3136 1133 dicere,
3172 1074 3255 1121 est
3297 1075 3352 1121 et
3391 1067 3563 1135 ipsum
3595 1084 3622 1120 c
3652 1068 3837 1124 dicere
3868 1084 4009 1125 esse.

2422 1152 2530 1208 lloc
2557 1163 2734 1208 autem
2764 1156 2943 1211 dicere
2971 1170 3070 1224 cst,
3095 1159 3257 1228 quuni
3277 1174 3343 1211 im
3372 1173 3493 1213 cum
3518 1159 3590 1214 sit
3615 1177 3647 1212 a
3671 1172 3748 1215 est
3775 1180 3831 1228 c,
3861 1178 3888 1213 c
3912 1178 4009 1216 au-

2419 1258 2527 1304 tem
2556 1249 2655 1317 ipsi
2680 1264 2712 1302 α
2740 1248 2878 1305 idem
2909 1259 3018 1316 cst,
3042 1267 3206 1321 quare
3237 1252 3427 1307 accidit
3453 1252 3662 1316 dicere,
3696 1258 3902 1309 c‘rculo
3932 1258 4013 1310 ἀξε-

2417 1351 2602 1396 centes
2641 1357 2761 1398 esse
2805 1342 3315 1411 demonstrationem
3364 1346 3492 1399 nihil
3540 1344 3681 1399 a‘iud
3736 1348 3842 1401 nisi
3888 1363 4010 1403 cum

2364 1420 2367 1421 ν
2418 1433 2489 1486 sit
2535 1450 2565 1484 a
2613 1442 2696 1487 est
2735 1451 2796 1503 a,
2829 1434 2907 1488 sic
2948 1445 3123 1489 autem
3154 1436 3332 1490 omnia
3364 1435 3736 1489 demonstrare
3764 1435 3880 1491 leve
3906 1446 4007 1492 est.

2419 1523 2486 1577 At
2514 1540 2641 1579 vero
2670 1540 2843 1595 neque
2875 1526 2974 1579 hoc
3006 1525 3285 1595 possibile,
3320 1527 3420 1580 nisi
3453 1526 3505 1580 in
3537 1527 3601 1582 iis
3631 1542 3749 1597 quze
3778 1528 4004 1585 alterna-

2415 1616 2508 1670 tim
2553 1631 2615 1671 se
2649 1628 3070 1687 consequuntur,
3113 1620 3252 1675 sicut
3293 1630 3417 1675 sunt
3461 1622 3697 1690 propria.
3747 1619 3861 1676 Uno
3890 1620 4003 1692 quis

2414 1707 2534 1761 dem
2567 1706 2724 1777 igitur
2758 1707 2933 1777 posito
2962 1719 3235 1765 ostensum
3266 1720 3348 1766 est
3376 1710 3517 1780 quod
3552 1726 3883 1781 nequaquam
3912 1727 4002 1767 ηας

2413 1813 2564 1855 cesse
2590 1799 2789 1870 aliquid
2816 1816 2935 1856 esse
2959 1802 3210 1857 alterum.
3240 1804 3367 1858 Dico
3392 1813 3568 1857 autem
3600 1820 3723 1869 uno,
3751 1806 4001 1879 quoniam

2339 1887 2390 1950 B
2419 1904 2519 1945 nec
2548 1890 2780 1945 termino
2808 1908 2945 1959 uno,
2977 1909 3074 1948 nec
3104 1894 3367 1962 positione
3400 1910 3500 1948 una
3549 1894 3746 1964 posita,
3779 1911 3842 1949 ex
3873 1896 4001 1950 dua-

2416 1980 2515 2036 bus
2546 1989 2728 2036 autem‘
2758 1984 3108 2051 positionibus
3141 1984 3326 2054 primis
3358 1992 3412 2039 et
3439 1986 3705 2050 min‘mis,
3736 1986 4000 2055 siquidem

2415 2072 2677 2144 contingit
2704 2083 2756 2128 et
2786 2074 3122 2145 syllogizare.
3154 2074 3209 2129 Si
3244 2076 3402 2146 igitur
3422 2085 3478 2130 et
3503 2093 3533 2129 a
3564 2077 3663 2147 ipsi
3693 2077 3753 2141 b,
3783 2086 3838 2130 et
3866 2093 3891 2128 c
3916 2092 3999 2132 se-

2413 2178 2627 2232 quatur,
2657 2174 2712 2219 et
2741 2166 2855 2220 haec
2884 2166 2949 2219 ad
2983 2167 3210 2222 invicem
3231 2208 3244 2232 ,
3278 2178 3330 2222 et
3356 2170 3453 2237 ipsi
3481 2186 3543 2237 a,
3580 2170 3624 2223 si
3657 2170 3871 2240 quidem
3907 2170 3999 2240 ἱείς

2416 2265 2500 2311 tur
2531 2258 2787 2329 contingit
2818 2275 2878 2313 ex
2911 2260 3129 2313 alternis
3159 2270 3458 2316 monstrare
3488 2264 3668 2317 omnia
3701 2262 3923 2331 quaesita
3946 2265 3999 2322 in

2412 2352 2582 2417 prima
2619 2352 2810 2420 Iigura,
2846 2351 2984 2405 sicut
3012 2359 3285 2405 ostensum
3317 2364 3399 2407 est
3426 2354 3478 2405 in
3510 2351 3576 2406 iis
3606 2353 3696 2423 qui
3727 2353 3795 2408 de
3835 2353 3999 2423 syllo-

2409 2441 2577 2511 gismo
2608 2452 2749 2496 sunt.
2782 2442 3066 2496 Ostensum
3096 2452 3179 2498 est
3208 2452 3383 2498 autem
3414 2444 3556 2514 quod
3582 2439 3640 2498 in
3668 2446 3786 2498 aliis
3814 2446 3999 2515 ﬁguris

2408 2544 2497 2585 aut
2531 2548 2635 2587 non
2662 2535 2717 2586 tit
2748 2534 3089 2604 syllogismus
3108 2577 3121 2601 ,
3151 2546 3241 2589 aut
3268 2550 3375 2589 non
3406 2535 3473 2590 de
3503 2536 3739 2606 acceptis
3766 2553 3885 2606 quae
3910 2553 3997 2592 au-

2409 2633 2513 2677 tem
2538 2639 2644 2678 non
2679 2634 2860 2680 mutuo
2890 2625 3268 2694 praedicantur,
3296 2642 3632 2698 nequaquam
3664 2638 3744 2682 est
3773 2627 3995 2685 demom

2407 2725 2581 2771 strare
2611 2716 2847 2783 circulo,
2877 2733 3042 2787 quare
3073 2718 3325 2787 quooiam
3358 2733 3525 2789 pauca
3556 2719 3769 2789 quidem
3809 2720 3994 2790 hujus-

2406 2807 2551 2861 modi
2608 2810 2659 2862 in
2711 2807 3261 2864 demonstrationibus
3312 2822 3465 2879 sunt,
3520 2811 3859 2867 manifestum
3910 2824 3993 2872 est

2406 2897 2547 2968 quod
2592 2913 2785 2952 vanum
2827 2898 3041 2969 quidem
3081 2909 3133 2954 et
3164 2900 3494 2966 impossibile
3527 2902 3596 2956 sit
3628 2903 3807 2959 dicere
3834 2920 3896 2958 ex
3926 2904 3992 2963 iis

2405 3006 2524 3060 quae
2561 3000 2684 3044 sunt
2709 2990 2774 3044 ad
2804 2991 3028 3045 invicem
3060 3006 3179 3045 esse
3211 2992 3754 3059 demonstrationem,
3794 3004 3845 3049 et
3872 3010 3989 3064 proq

2404 3092 2522 3152 pter
2542 3081 2644 3136 hoc
2669 3082 2981 3152 contingere
3010 3083 3248 3137 omnium
3280 3098 3399 3138 t-sse
3424 3083 3951 3140 demonstratiOuem.

3020 3195 3245 3252 CAPUT
3286 3198 3377 3252 IV.

2534 3290 2670 3357 Quid
2699 3290 2763 3343 de
2789 3291 2957 3359 omni,
2987 3292 3109 3361 quid
3141 3308 3230 3359 per
3254 3308 3307 3345 se
3333 3338 3344 3359 ,
3378 3303 3425 3346 et
3450 3310 3539 3364 per
3563 3297 3861 3349 universale.

2475 3402 2738 3467 Quoniam
2770 3412 2949 3457 autem
2981 3403 3311 3472 impossibile
3340 3416 3422 3460 est
3451 3407 3603 3469 aliter
3631 3423 3691 3463 se
3716 3409 3910 3465 habere
3935 3412 3987 3469 id

2403 3491 2554 3557 cujus
2598 3499 2677 3543 est
2717 3491 2938 3546 scientia
2987 3478 3331 3563 simpliciter,
3385 3500 3745 3552 necessarium
3806 3502 3989 3571 utique

2402 3583 2505 3637 erit
2534 3582 2583 3638 id
2613 3596 2734 3637 esse
2762 3583 2952 3638 scibiie
2971 3625 2988 3651 ,
3035 3587 3176 3654 quod
3210 3597 3295 3643 est
3334 3590 3626 3645 secundum
3656 3592 3989 3648 demonstra-

2404 3674 2566 3728 tivam
2611 3674 2911 3729 scientiam.
2966 3678 3390 3735 Demonstrativa
3440 3692 3617 3737 autem
3666 3697 3776 3749 εει,
3830 3701 3988 3755 quam

2402 3764 2662 3819 habemus
2683 3765 2732 3819 in
2757 3764 3002 3821 habendo
3022 3767 3537 3827 demonstrationem
3560 3789 3653 3829 :ex
3677 3777 3987 3835 necessariis

2401 3860 2579 3929 itaque
2592 3859 2912 3931 syllogismis
2923 3861 3421 3919 estdemonstratio.
3435 3867 3814 3937 Accipiendum
3829 3870 3986 3938 igitur

2400 3961 2482 4005 eat
2514 3965 2579 4006 ex
2619 3951 2811 4021 quibus
2839 3962 2896 4009 et
2916 3955 3159 4023 qualibus
3179 3955 3667 4016 demonstrationes
3688 3972 3811 4016 sunt
3829 4004 3843 4029 ,
3872 3965 3982 4033 pri-

2400 4057 2546 4097 mum
2578 4045 2791 4113 quidem
2825 4044 3301 4103 determinabimus
3325 4053 3448 4120 quid
3476 4053 3701 4108 dicimus
3721 4055 3788 4109 de
3810 4060 3983 4123 omni,

2398 4144 2454 4190 et
2481 4135 2607 4206 quid
2636 4151 2731 4205 per
2759 4150 2851 4203 se,
2880 4147 2935 4192 et
2964 4138 3086 4207 quid
3116 4140 3433 4197 universale.
3467 4142 3539 4197 De
3574 4148 3721 4199 omni
3766 4148 3982 4215 quidem

2400 4225 2503 4281 hoc
2529 4228 2681 4294 dico,
2713 4231 2854 4299 quod
2884 4232 3068 4301 utique
3106 4243 3190 4289 est
3232 4250 3335 4288 non
3366 4236 3430 4289 ‘in
3462 4238 3687 4305 quodam
3721 4240 3937 4308 quidem
3963 4283 3981 4309 ,

2399 4319 2455 4372 in
2485 4321 2713 4386 quodam
2762 4332 2942 4379 autem
2986 4340 3091 4380 non
3112 4367 3127 4393 ,
3162 4340 3333 4395 neque
3361 4328 3499 4396 quod
3543 4329 3830 4399 aliquando
3858 4335 3980 4401 qui-

2397 4408 2553 4476 dem,
2597 4412 2884 4483 aliquando
2930 4430 3059 4473 vero
3106 4433 3240 4485 non,
3283 4430 3339 4473 ut
3379 4418 3428 4475 si
3468 4419 3534 4474 de
3577 4423 3723 4475 omni
3766 4421 3981 4484 homine

2398 4504 2629 4571 animal,
2671 4508 2716 4561 si
2759 4524 2941 4564 verum
2981 4519 3066 4567 est
3092 4512 3304 4581 quidem
3336 4513 3513 4569 dicere
3547 4514 3847 4581 hominem,
3884 4531 3981 4573 ve-

2400 4612 2516 4650 rum
2545 4606 2629 4653 est
2659 4608 2712 4653 et
2736 4600 2915 4656 dicere
2944 4603 3168 4667 animal,
3198 4614 3252 4659 et
3290 4606 3336 4659 si
3370 4620 3510 4660 nunc
3537 4595 3791 4671 alterum,
3823 4616 3876 4663 et
3904 4610 3979 4662 al~

2402 4694 2607 4753 terum,
2634 4697 2689 4743 et
2733 4690 2777 4743 si
2820 4691 2870 4745 in
2912 4692 3057 4747 omni
3099 4693 3238 4750 linea
3274 4708 3559 4763 punctum,
3588 4698 3833 4753 similiter
3863 4701 3979 4765 est',

2401 4780 2609 4849 signum
2645 4791 2819 4839 autem
2864 4796 2973 4853 est,
3017 4802 3247 4856 namque
3287 4790 3564 4845 instautias
3610 4791 3690 4847 sic
3739 4792 3979 4859 ferimus,

2399 4881 2457 4926 ut
2482 4873 2550 4928 de
2573 4877 2717 4929 omni
2744 4880 2904 4932 etiam
2937 4881 3283 4950 interrogati,
3312 4894 3404 4938 aut
3432 4886 3478 4939 si
3505 4884 3557 4939 in
3585 4886 3811 4955 quodam
3843 4903 3979 4955 non,

2401 4974 2491 5018 aut
2519 4968 2562 5020 si
2592 4968 2880 5037 aliquando
2912 4987 3041 5028 non.
3078 4975 3180 5028 Per
3208 4990 3266 5031 se
3290 4986 3470 5031 autem
3500 4988 3628 5033 sunt
3655 4996 3981 5052 quaecunque

2399 5067 2523 5113 sunt
2550 5058 2601 5112 itt
2634 5076 2699 5114 eo
2728 5066 2866 5131 quod
2899 5066 3022 5134 quid
3054 5075 3159 5132 est,
3190 5079 3249 5121 ut
3276 5070 3544 5142 triangula
3576 5072 3715 5128 inest
3745 5075 3903 5143 linea,
3930 5084 3981 5136 et

2397 5157 2650 5215 punctum
2682 5151 2835 5208 lineae
2854 5198 2870 5224 ,
2897 5158 3195 5213 sitbstantia
3223 5161 3370 5217 enim
3398 5162 3632 5230 ipsorum
3665 5181 3733 5220 ex
3769 5168 3851 5221 bis
3880 5180 3981 5233 est,

2396 5248 2450 5294 et
2478 5239 2529 5293 in
2562 5243 2765 5300 ratione
2794 5247 2989 5304 dicenti
3020 5252 3145 5321 quid
3176 5262 3290 5321 est,
3325 5256 3527 5313 insunt.
3565 5259 3625 5313 Et
3657 5260 3981 5329 quibuscun-

2397 5346 2502 5402 que
2543 5348 2726 5389 eorum
2757 5354 2875 5407 quae
2905 5341 3086 5401 insunt
3120 5345 3283 5415 ipsis,
3315 5346 3429 5418 ipsa
3471 5350 3523 5405 in
3554 5353 3765 5409 ratione
3809 5356 3982 5414 insunt

2397 5424 2524 5492 quid
2569 5436 2651 5482 est
2691 5436 3034 5503 monstranti,
3069 5446 3125 5492 ttt
3154 5448 3359 5497 rectum
3388 5442 3532 5500 inest
3558 5444 3746 5509 linere.
3797 5458 3851 5502 et
3879 5450 3982 5503 cir~

2393 5516 2602 5585 cuiare,
2651 5529 2706 5576 et
2750 5538 2868 5596 par,
2916 5536 2970 5581 et
3009 5530 3179 5600 impar
3223 5548 3484 5602 numero,
3521 5546 3578 5593 et
3624 5539 3889 5608 primum,
3934 5551 3981 5600 et

2388 5616 2777 5684 compositum.
2804 5631 2857 5678 et
2890 5622 3255 5695 isopleurum,
3286 5639 3343 5685 et
3371 5631 3541 5688 altera
3570 5646 3720 5700 parte
3751 5635 3981 5708 longius,

2390 5715 2446 5763 et
2472 5722 2592 5777 qua
2621 5713 2868 5769 omnibus
2910 5717 2993 5772 bis
3032 5719 3249 5789 insunt},
3295 5724 3349 5778 in
3390 5725 3600 5782 ratione
3629 5727 3753 5796 quid
3786 5739 3867 5783 est
3901 5728 3980 5784 di-

2388 5810 2573 5871 cente,
2606 5805 2751 5861 illinc
2793 5808 3006 5878 quidem
3037 5811 3175 5869 linea
3195 5854 3215 5881 ,
3249 5816 3373 5871 hinc
3414 5833 3542 5874 vero
3584 5834 3842 5877 numerus
3865 5860 3880 5882 ,
3910 5822 3981 5874 si-

2388 5893 2587 5951 militer
2615 5906 2669 5951 et
2699 5895 2754 5952 in
2779 5899 2896 5955 aliis
2938 5898 3243 5969 hujusmodi
3267 5950 3282 5974 ,
3314 5910 3603 5982 unicuique
3633 5926 3731 5984 per
3762 5927 3821 5967 se
3861 5927 3982 5979 esse
