4296 6266
318 419 419 477 717

854 405 1338 469 POSTERIORUM
1383 403 1915 463 ANALYTICORUM
1955 404 2402 464 lRlSTOTELlS
2444 404 3017 461 INTERPRETATIO.

3473 400 3584 462 ’118

319 531 458 585 dico.
491 527 839 595 Quatcunque
861 536 993 578 vero
1018 520 1329 577 neutraliter
1357 517 1573 581 insunt,
1604 517 1898 573 accidentia
1928 526 2114 590 Aquo
2144 512 2518 572 monstratur‘:
2550 518 2613 571 iis
2658 519 2798 573 enim
2829 536 2947 587 qua:
2977 528 3102 576 sunt
3132 521 3183 576 in
3215 527 3389 591 parte,
3443 521 3588 576 inest

320 632 474 687 sunt,
500 630 559 675 ut
586 621 873 684 musicum,
901 626 991 670 aut
1014 616 1192 669 album
1218 612 1438 667 animal.
1464 609 1726 679 Amplius,
1756 610 1898 679 quod

324 729 428 769 non
460 713 527 767 de
578 710 824 780 subjecto
867 708 972 762 alio
1002 706 1233 775 quodam
1262 705 1473 768 dicitur,
1502 710 1559 756 ut
1583 702 1861 756 ambulans
1881 742 1896 765 ,

254 846 257 849 γ
323 811 413 855 aut
440 802 619 856 album
639 840 657 864 ,
688 814 810 854 cum
836 807 889 853 et
914 797 1136 851 alterum
1166 793 1417 863 quiddam
1446 794 1516 846 sit
1540 790 1816 845 ambulans
1849 800 1903 845 et

325 893 524 946 album.
572 888 876 946 Substantia
916 896 1093 940 autem
1124 894 1177 939 et
1205 894 1542 953 quiscunque
1571 881 1670 935 hoc
1698 879 1901 948 aliquid

326 983 654 1052 signiﬁcant,
700 995 806 1034 non
854 978 1077 1032 alterum
1130 976 1329 1046 aliquid
1377 984 1501 1031 sunt
1548 988 1704 1043 quam
1758 971 1901 1043 quod

327 1076 539 1145 quidem
588 1081 744 1137 sunt;
795 1085 912 1141 qua:
956 1069 1167 1138 quidem
1211 1067 1369 1136 igitur
1395 1081 1502 1120 non
1550 1064 1617 1118 de
1661 1064 1905 1132 subjecto

326 1167 430 1220 alio
454 1174 606 1230 sunt,
640 1178 737 1232 per
776 1177 835 1217 se
873 1162 1025 1223 dico,
1057 1175 1176 1230 quae
1207 1174 1334 1213 vero
1367 1158 1434 1212 de
1464 1156 1732 1225 subjecm,
1766 1153 1907 1208 acci-

327 1255 525 1308 dentia.
557 1254 691 1307 ltem
723 1251 829 1306 alio
858 1251 1017 1321 modo
1053 1248 1196 1320 quod
1239 1248 1450 1318 quidem
1483 1255 1698 1316 propter
1730 1246 1904 1316 ipsum

328 1346 464 1399 inest
493 1344 809 1414 unicuique,
844 1357 937 1410 per
963 1356 1022 1395 se
1065 1340 1217 1405 dico,
1263 1338 1405 1409 quod
1449 1352 1577 1391 vero
1630 1352 1733 1390 non
1785 1351 1911 1405 pro-

328 1446 446 1507 pter
502 1435 711 1506 ipsum,
768 1432 1016 1486 accidens
1074 1440 1185 1496 est,
1248 1438 1306 1483 ut
1364 1429 1408 1482 si
1468 1428 1749 1482 ambulans
1814 1440 1909 1481 co-

329 1530 583 1594 ruscavit,
615 1524 862 1579 accidens
913 1533 1013 1588 est,
1048 1538 1152 1576 non
1202 1522 1343 1575 enim
1396 1528 1615 1590 propter
1667 1519 1716 1572 id
1770 1518 1910 1588 quod

331 1617 658 1682 ambulavit,
709 1615 1038 1676 coruscavit,
1086 1613 1181 1668 sed
1225 1612 1472 1667 accidens
1516 1610 1742 1665 dicimus
1789 1610 1911 1663 hoc.

331 1711 387 1765 Si
434 1724 563 1763 vero
608 1717 826 1777 propter
876 1706 1082 1774 ipsum,
1130 1719 1227 1775 per
1274 1717 1361 1767 se,
1413 1712 1469 1758 ut
1510 1704 1553 1757 si
1599 1702 1795 1772 aliquid
1835 1702 1917 1757 in-

334 1799 499 1855 terfec
526 1814 613 1852 um
665 1797 900 1865 interiit,
948 1797 1240 1851 secundum
1288 1795 1712 1851 interfectionem
1737 1836 1751 1859 ,
1781 1810 1913 1866 quo-

2011 608 2226 678 quidem
2258 608 2663 671 demonstratio,
2713 618 2767 663 et
2808 611 2909 663 erit
2949 610 3017 665 de
3056 611 3227 684 omni,
3272 611 3365 666 sed
3408 620 3587 667 tamen

2012 717 2117 754 non
2147 699 2304 769 hujus
2329 700 2432 753 erit
2464 698 2622 767 primi
2669 700 2980 753 universalis
3011 702 3417 766 demonstratio,
3466 703 3588 758 dico

2011 801 2188 845 autem
2222 790 2377 859 hujus
2404 789 2559 859 primi
2587 789 2880 844 secundum
2903 790 3044 858 quod
3070 790 3225 846 huius
3251 793 3589 849 demonstra-

2012 881 2233 945 tionem,
2258 895 2380 935 cum
2412 880 2483 935 sit
2534 880 2693 948 primi
2744 879 3080 934 universalis.
3138 880 3195 935 Si
3244 897 3369 952 ergo
3399 868 3591 951 aliquis

2013 972 2331 1028 monsu'abit
2356 970 2573 1041 quidem
2610 970 2751 1041 quod
2778 976 2922 1025 recte
2952 984 3057 1024 non
3088 970 3424 1038 intercidant,
3452 972 3594 1028 vide-

2014 1064 2157 1118 bitur
2208 1053 2391 1132 utique
2437 1061 2597 1132 hujus
2647 1076 2769 1116 esse
2812 1060 3225 1125 demonstratio,
3280 1070 3498 1130 propter
3539 1062 3594 1118 id

2014 1154 2156 1225 quod
2184 1155 2237 1210 in
2255 1153 2505 1208 omnibus
2523 1160 2619 1207 est
2647 1156 2830 1207 rectis.
2857 1151 2972 1207 Non
3001 1159 3176 1207 autem
3203 1160 3306 1215 est,
3349 1152 3447 1206 nisi
3470 1154 3595 1221 qui-

2015 1246 2138 1301 dem
2167 1246 2440 1315 (quoniatn
2466 1244 2546 1298 sic
2571 1243 2803 1313 mquales
2832 1244 2960 1311 sint)
2991 1242 3083 1297 ﬁat
3118 1243 3238 1309 hoc,
3280 1241 3373 1296 sed
3404 1256 3595 1296 secun-

2017 1336 2144 1391 dum
2166 1336 2308 1404 quod
2355 1334 2751 1404 quontodolibet
2794 1334 3050 1403 aequales.
3104 1332 3172 1387 Et
3207 1332 3252 1389 si
3302 1334 3599 1403 triangulus

2019 1443 2123 1485 non
2147 1436 2293 1482 esset
2314 1427 2450 1482 alius
2493 1442 2649 1497 quam
2691 1426 2966 1492 isosceles,
2995 1426 3290 1482 secundum
3326 1428 3467 1497 quod
3491 1427 3600 1483 iso-

2019 1519 2194 1572 sceles
2247 1506 2520 1572 videretur
2569 1520 2754 1585 utique
2810 1519 3007 1571 inesse.
3070 1516 3133 1570 Et
3200 1518 3601 1587 proportionale

2021 1610 2162 1679 quod
2190 1609 2711 1666 communicabiliter
2737 1618 2842 1676 est,
2866 1607 3159 1663 secundum
3208 1609 3353 1679 quod
3391 1610 3601 1673 numeri

2008 1710 2168 1769 ‘sunt,
2193 1714 2246 1758 et
2274 1704 2567 1760 secundum
2597 1704 2739 1775 quod
2757 1705 2932 1773 linere,
2948 1714 3004 1761 et
3022 1706 3315 1761 secundum
3344 1708 3485 1778 quod
3514 1722 3604 1765 se-

2023 1796 2151 1864 lida,
2182 1806 2236 1852 et
2268 1797 2573 1851 secundum
2623 1798 2763 1867 quod
2808 1808 3049 1867 tempora
3089 1807 3236 1866 sunt,
3269 1800 3607 1869 quemadmo-

337 1892 479 1946 niam
531 1904 641 1959 pro;
667 1898 748 1942 ter
792 1887 842 1941 id
883 1886 1028 1957 quod
1064 1888 1399 1941 interfectum
1430 1899 1513 1941 est
1558 1886 1786 1953 interiit,
1819 1886 1915 1941 sed
1946 1898 1996 1960 Β
2022 1893 2150 1947 dum
2180 1892 2605 1946 demonstratum
2627 1899 2710 1945 est
2748 1890 3039 1960 aliquando
3076 1906 3343 1958 seorsum,
3388 1893 3607 1949 comin.

336 1996 440 2037 n0n
472 1980 612 2051 quod
641 1978 848 2034 accidat
878 1978 1211 2033 interfectum
1246 1979 1480 2033 interire.
1520 1979 1648 2045 Quae
1677 1993 1802 2049 ergo
1831 1978 1913 2031 di-

338 2080 530 2127 cuntur
556 2072 607 2123 in
635 2070 949 2138 simpliciter
973 2068 1247 2123 scibilibus
1278 2084 1374 2138 per
1402 2085 1460 2124 se
1490 2070 1566 2125 sic
1593 2079 1748 2136 sunt,
1778 2071 1916 2125 sicut

338 2179 463 2219 esse
496 2162 827 2233 praedicatis,
862 2174 950 2215 aut
980 2162 1185 2229 inesse,
1220 2172 1436 2231 prapter
1467 2163 1683 2232 ipsaque
1712 2174 1835 2217 sunt
1864 2173 1918 2217 et

339 2271 406 2311 ex
434 2255 785 2320 necessitate,
814 2270 920 2308 non
946 2255 1087 2309 enim
1114 2254 1427 2323 contingunt
1452 2270 1557 2308 non
1586 2254 1760 2309 inesse
1781 2295 1797 2320 ,
1828 2264 1920 2307 aut

341 2347 678 2415 simpliciter,
725 2354 817 2400 aut
846 2346 1088 2415 opposita
1112 2388 1128 2413 ,
1161 2354 1219 2399 ut
1261 2346 1413 2400 linea“:
1442 2355 1533 2399 aut
1564 2354 1799 2411 rectum,
1830 2353 1922 2399 aut

343 2446 651 2515 obliquum,
680 2454 734 2500 et
780 2458 1005 2498 numero
1048 2452 1141 2497 aut
1181 2457 1277 2511 par
1315 2451 1404 2495 aut
1436 2441 1626 2511 impar,
1670 2452 1750 2496 est
1776 2443 1919 2497 enim

346 2537 737 2591 contrariorum
762 2575 777 2601 ,
810 2544 903 2589 aut
941 2534 1165 2604 privatio
1185 2574 1200 2600 ,
1231 2542 1323 2587 aut
1360 2533 1793 2588 comradictio‘in
1823 2550 1922 2589 eo-

347 2629 465 2683 dem
500 2643 695 2699 genere
714 2668 728 2693 ,
758 2637 812 2681 ttt
841 2642 937 2695 par
967 2635 1056 2680 aut
1083 2629 1253 2694 impar
1282 2625 1333 2680 in
1366 2626 1604 2681 numeris
1630 2627 1924 2681 secundum

348 2720 487 2789 quod
536 2720 908 2788 consequitur;
941 2732 1104 2787 quare
1152 2717 1197 2771 si
1248 2731 1466 2771 necesse
1516 2727 1597 2771 est
1627 2714 1924 2781 afﬁrmare,

349 2802 455 2865 aut'
468 2825 665 2881 negare
686 2852 701 2876 ,
734 2824 951 2864 necesse
980 2817 1063 2863 est
1090 2817 1145 2863 et
1171 2824 1290 2879 quas
1318 2817 1441 2862 sunt
1471 2823 1566 2878 per
1597 2824 1685 2877 se,
1731 2810 1925 2863 inesse.

352 2902 428 2956 De
474 2901 616 2954 omni
657 2900 901 2969 quidem,
941 2909 995 2955 et
1040 2916 1131 2967 per
1156 2915 1248 2966 se,
1289 2899 1383 2955 sed
1423 2900 1828 2955 detcrntinatum
1860 2901 1932 2956 sit

351 2991 450 3044 hoc
474 2989 651 3043 modo.
684 2989 997 3044 Universale
1015 2999 1193 3043 autem
1216 2989 1367 3057 dico,
1390 2992 1529 3060 quod
1552 3005 1671 3045 cum
1696 2992 1761 3045 de
1782 2992 1931 3046 omni

349 3086 446 3150 sit,
479 3091 533 3136 et
561 3098 655 3151 per
684 3097 743 3136 se
766 3088 878 3145 est,
906 3090 961 3135 et
987 3082 1280 3137 secundum
1310 3083 1449 3150 quod
1482 3081 1656 3151 ipsum
1687 3094 1785 3137 est.
1822 3083 1931 3137 Ma-

352 3174 600 3227 nifestum
630 3174 788 3242 igitur
816 3181 900 3226 est
926 3172 1066 3242 quod
1098 3188 1426 3243 quamunque
1452 3184 1577 3227 sunt
1602 3176 1929 3229 universalia

2023 1998 2155 2053 gens
2174 1991 2353 2036 autem
2382 1981 2449 2034 de
2490 1981 2737 2037 omnibus
2786 1996 2892 2036 una
2940 1982 3401 2039 demonstratione
3448 2001 3603 2040 manv

2020 2073 2199 2139 strari,
2251 2073 2345 2127 sed
2387 2081 2605 2142 propter
2659 2072 2711 2126 id
2768 2071 2908 2142 quod
2976 2088 3081 2127 non
3136 2083 3219 2129 est
3275 2076 3606 2135 nominatum

2020 2162 2222 2233 aliquid
2282 2162 2575 2217 secundum
2639 2161 2784 2231 quod
2849 2161 2965 2217 haec
3020 2163 3197 2217 omnia
3255 2178 3417 2218 unum
3456 2174 3602 2232 sunt,

2024 2256 2252 2320 numeri,
2281 2253 2665 2323 longitudines,
2696 2261 2959 2322 tempora,
2993 2254 3185 2318 solida,
3214 2263 3270 2310 et
3294 2258 3474 2324 specie
3502 2255 3610 2311 dif-

2027 2346 2271 2410 ferentia,
2296 2360 2539 2401 seorsum
2565 2345 2633 2403 ab
2661 2345 2889 2400 invicem
2908 2356 3128 2416 accepta
3155 2358 3303 2413 sunt,
3346 2362 3487 2402 nunc
3515 2363 3613 2404 au.

2025 2445 2132 2492 tem
2183 2436 2487 2492 universale
2535 2443 2890 2492 monstratur.
2951 2436 3067 2493 Non
3119 2438 3263 2495 enim
3317 2440 3612 2499 secundum
3642 2438 3657 2451 ’

2026 2531 2167 2599 quod
2197 2532 2356 2586 lineae
2390 2540 2535 2601 sunt,
2566 2538 2661 2586 aut
2684 2531 2977 2587 secundum
3002 2533 3143 2603 quod
3166 2534 3397 2599 numeri,
3415 2534 3616 2606 inerat,

2027 2623 2122 2678 sed
2154 2625 2448 2677 secundum
2477 2624 2618 2691 quod
2643 2624 2746 2679 hoc
2770 2632 2875 2691 est,
2908 2625 3051 2695 quod
3086 2628 3390 2683 universale
3416 2641 3619 2697 suppo-

2030 2726 2162 2768 nunt
2190 2729 2328 2770 esse.
2356 2715 2580 2785 Propter
2610 2716 2713 2771 hoc
2738 2732 2834 2771 nec
2856 2717 2906 2771 si
2924 2718 3117 2785 aliquis
3148 2730 3411 2775 monstret
3431 2736 3619 2777 unum-

2030 2820 2298 2877 quemque
2340 2807 2656 2877 triangulum
2707 2808 3167 2866 demonstratione
3210 2823 3299 2866 aut
3347 2827 3473 2879 una,
3524 2820 3620 2870 aut

2030 2896 2220 2961 altera,
2254 2898 2397 2965 quod
2446 2899 2584 2953 duos
2638 2909 2817 2954 rectos
2868 2900 3029 2954 habet
3079 2903 3464 2971 unusquisque,
3516 2905 3621 2960 iso-

2031 2986 2256 3053 pleuron
2303 3002 2569 3053 seorsum,
2601 2998 2657 3043 et
2689 2988 2964 3055 scalenon,
2989 2999 3044 3045 et
3072 2990 3346 3056 isosce'es,
3378 2994 3618 3053 nondum

2033 3078 2280 3147 cognovit
2326 3078 2650 3147 triangulum
2695 3080 2837 3147 quod
2877 3080 3013 3134 duos
3060 3093 3237 3135 rectos
3286 3082 3465 3149 habet,
3513 3084 3618 3144 nisi

2033 3169 2325 3238 sophistico
2362 3171 2545 3235 modo,
2576 3186 2747 3238 neque
2778 3173 3147 3229 universaliter
3173 3175 3514 3246 triangulum,
3546 3191 3619 3235 no

352 3278 417 3317 ex
450 3264 766 3316 necessitate
799 3261 978 3317 insunt
1006 3265 1185 3317 rebus.
1222 3262 1326 3317 Per
1364 3279 1422 3318 se
1456 3274 1631 3317 autem
1662 3275 1713 3319 et
1740 3281 1930 3319 secttn-
1961 3277 2008 3343 ε
2041 3261 2253 3329 quidem
2284 3262 2329 3315 si
2359 3264 2535 3317 nullus
2578 3272 2661 3317 est
2715 3275 2910 3331 prmter
2962 3266 3075 3319 hac
3120 3267 3417 3335 triangulus
3457 3270 3616 3340 alter,

353 3354 477 3408 dum
501 3354 642 3423 quod
668 3355 835 3423 ip~um
853 3365 953 3419 εει,
976 3365 1032 3408 ut
1058 3370 1152 3424 per
1178 3370 1234 3409 se
1258 3356 1411 3409 linea:
1433 3355 1571 3409 inest
1595 3366 1865 3425 punctum,
1882 3366 1939 3412 et

353 3446 633 3510 reetitudo,
652 3457 703 3500 et
727 3461 954 3515 namque
968 3445 1129 3520 [inest
1146 3444 1312 3516 enim]
1326 3447 1616 3501 secundum
1636 3446 1775 3515 quod
1796 3448 1937 3504 linea

356 3546 454 3601 est,
476 3547 528 3590 et
553 3537 815 3605 triangulo
836 3539 1129 3591 secundum
1152 3537 1293 3606 quod
1318 3537 1611 3606 triangulus
1632 3547 1731 3603 est,
1756 3540 1938 3596 insunt

356 3626 459 3680 dbo
500 3628 670 3690 recti,
704 3630 900 3683 etenim
949 3644 1045 3698 per
1092 3644 1151 3683 se
1196 3628 1490 3699 triangulus
1537 3631 1745 3685 duobus
1772 3634 1936 3688 rectis

357 3718 576 3786 aequalis
607 3728 707 3773 est.
746 3719 1060 3775 Universale
1090 3727 1264 3774 autem
1295 3731 1375 3773 est
1405 3732 1547 3786 tunc,
1580 3736 1699 3775 cum
1729 3723 1779 3776 in
1805 3738 1936 3792 quo-

357 3807 483 3860 libet
504 3851 518 3873 ,
550 3817 605 3861 et
635 3810 806 3876 primo
836 3819 1182 3875 monstretur,
1232 3818 1291 3863 ut
1336 3810 1472 3864 duos
1500 3820 1674 3865 rectos
1705 3813 1932 3880 habere,
1972 3815 1985 3829 '

360 3913 536 3967 neque
583 3900 805 3954 cuilibet
850 3902 1033 3969 ﬁgurae
1074 3901 1210 3956 inest
1246 3902 1642 3971 universaliter,
1674 3912 1726 3959 et
1757 3914 1934 3960 tamen

360 4006 443 4048 est
471 4004 773 4049 monstrare
801 3996 870 4050 de
898 3996 1066 4067 ﬁgura
1096 3998 1231 4066 quod
1263 3998 1395 4054 duos
1425 4009 1601 4055 rectos
1631 4000 1934 4068 habet,sed

360 4100 470 4141 non
502 4084 569 4140 de
613 4086 776 4157 ﬁgura
825 4090 1091 4157 qualibet,
1143 4104 1239 4144 nec
1284 4092 1448 4145 utitur
1488 4091 1723 4161 qualibet
1769 4091 1934 4160 ﬁgura

356 4188 687 4245 monstrans,
720 4178 1112 4250 quadrangulus
1146 4180 1283 4235 enim
1330 4181 1493 4250 ﬁgura
1545 4180 1758 4251 quidem
1814 4189 1931 4247 est,

359 4285 465 4325 non
496 4270 656 4324 habet
683 4279 859 4325 autem
889 4270 1092 4325 duobus
1125 4272 1286 4326 rectis
1316 4272 1579 4341 mquales,
1610 4271 1705 4325 sed
1744 4273 1939 4325 isosce-

359 4360 439 4415 les
470 4362 628 4415 habet
671 4361 883 4432 quidem
927 4362 1199 4430 quodlibet
1239 4362 1448 4417 duohus
1479 4364 1639 4418 rectis
1670 4362 1936 4433 aequales,

360 4452 457 4506 sed
485 4468 586 4505 non
620 4453 880 4521 primum,
911 4454 1005 4509 sed
1049 4455 1342 4525 triangulus
1374 4457 1542 4526 prius.
1576 4456 1939 4526 Quodcunque

358 4542 525 4612 igitur
554 4543 780 4611 primum
827 4553 1156 4600 monstratur
1198 4546 1330 4601 duos
1373 4546 1575 4601 habere
1614 4557 1819 4611 rectos,
1849 4555 1939 4600 aut

2042 3369 2144 3409 non
2174 3356 2317 3409 enim
2344 3357 2641 3410 secundum
2685 3358 2837 3426 quod
2869 3356 3161 3429 triangulus
3211 3370 3314 3428 est,
3345 3366 3617 3437 cognovit,

2039 3461 2211 3515 neque
2232 3462 2447 3503 omnem
2476 3450 2823 3519 triangulum,
2855 3452 2948 3505 sed
2984 3454 3281 3509 secundum
3311 3470 3615 3527 numerum,

2036 3538 2329 3593 secundum
2358 3540 2612 3607 {speciem
2640 3549 2816 3594 autem
2870 3556 2974 3597 non
3008 3557 3246 3610 omnem,
3274 3554 3329 3602 et
3353 3549 3397 3601 si
3443 3549 3621 3606 nullus

2037 3637 2116 3682 est
2150 3644 2305 3691 quem
2340 3644 2447 3684 non
2486 3632 2653 3684 novit.
2705 3631 2931 3698 Quando
2978 3649 3107 3703 ergo
3156 3652 3260 3692 non
3308 3639 3455 3694 novit
3500 3643 3622 3696 uni—

2038 3719 2341 3786 versaliter,
2375 3730 2428 3775 et
2458 3722 2673 3790 quando
2716 3724 2863 3779 novit
2902 3725 3242 3796 simpliciter,
3279 3730 3620 3789 manifestum

2039 3820 2144 3875 est,
2174 3812 2425 3875 quoniam
2458 3813 2502 3866 si
2530 3813 3075 3884 idem-erittriangulo
3098 3831 3309 3883 esse,et
3330 3823 3620 3891 isopleuro,

2037 3913 2131 3956 aut
2159 3904 2468 3973 unicuique,
2492 3912 2580 3958 aut
2619 3905 2889 3969 omnibus,
2931 3907 2977 3959 si
3010 3922 3136 3961 vero
3182 3912 3490 3979 nonfidem,
3521 3914 3619 3975 sed

2037 3992 2288 4061 alterum,
2320 4000 2403 4048 est
2440 4003 2617 4048 autem
2661 3995 2950 4049 secundum
3001 3998 3141 4064 quod
3179 4008 3263 4054 est
3300 4004 3619 4074 triangulus.

2041 4098 2147 4137 non
2175 4084 2342 4140 novit.
2366 4083 2552 4139 Utrum
2574 4094 2753 4139 autem
2784 4088 3073 4141 secundum
3102 4091 3241 4158 quod
3271 4102 3352 4146 est
3381 4096 3621 4165 triangu-

2038 4173 2143 4237 lus,
2174 4182 2265 4229 aut
2287 4172 2579 4228 secundum
2608 4176 2748 4242 quod
2775 4185 2858 4231 est
2887 4177 3138 4233 isosceles
3159 4179 3304 4252 insit,
3336 4192 3388 4239 et
3409 4188 3623 4253 quando

2041 4263 2107 4317 de
2134 4263 2238 4318 hoc
2265 4272 2349 4319 est
2372 4264 2598 4333 primum
2626 4273 2683 4320 et
2733 4266 3049 4333 universale,
3078 4273 3234 4340 cujus
3275 4270 3359 4329 cst
3398 4275 3623 4332 demon-

2042 4352 2251 4416 stratio,
2275 4352 2617 4411 manifestum
2636 4363 2738 4422 est,
2764 4358 2976 4427 quando
2996 4363 3216 4420 remotis
3229 4364 3353 4421 insit
3371 4364 3622 4436 primunt,

2043 4452 2102 4497 ut
2131 4442 2341 4500 isosceli
2368 4458 2522 4501 aueo
2552 4446 2817 4515 triangula
2844 4450 3025 4505 insunt
3070 4452 3178 4509 duo
3222 4456 3381 4524 necti,
3409 4458 3504 4512 sed
3546 4475 3624 4515 ω-

2041 4548 2203 4599 neutn
2249 4549 2369 4591 esse
2415 4546 2623 4591 remoto
2666 4549 2718 4593 et
2748 4540 2996 4603 isoscele,
3044 4544 3140 4599 sed
3190 4561 3294 4601 non
3340 4548 3504 4619 ﬁgura
3532 4561 3626 4610 aut

360 4632 717 4702 quodcunque
761 4632 900 4689 aliud
919 4675 934 4701 ,
979 4635 1103 4691 huic
1150 4638 1323 4705 primo
1354 4638 1493 4691 inest
1522 4637 1820 4690 universale
1841 4680 1854 4702 ,
1888 4645 1940 4690 et
1967 4646 2022 4709 D
2047 4627 2297 4693 termino,
2329 4627 2423 4683 sed
2446 4644 2552 4683 non
2577 4629 2779 4697 primis.
2811 4631 2929 4698 Quo
2959 4632 3120 4701 igitur
3146 4637 3418 4705 printoisi
3442 4642 3622 4710 itaque

360 4721 749 4777 demonstratio
798 4740 893 4794 per
936 4741 996 4781 se
1038 4728 1192 4796 hujus
1220 4727 1540 4783 universalis
1571 4737 1681 4794 est,
1710 4728 1938 4783 aliorum

360 4823 537 4869 autem
567 4817 961 4885 quodammodo
983 4861 999 4885 ,
1029 4828 1083 4874 ct
1113 4835 1216 4875 non
1248 4836 1343 4891 per
1371 4834 1430 4875 se
1450 4862 1465 4887 ,
1492 4835 1668 4891 neque
1699 4822 1941 4877 isoscelis

360 4915 444 4960 est
468 4907 861 4982 universaliter,
890 4911 981 4966 sed
1014 4914 1064 4965 in
1096 4912 1234 4979 plus.

993 5028 1221 5086 CAPUT
1260 5032 1323 5087 V.

362 5112 477 5181 Quo
496 5126 643 5185 pacto
655 5119 913 5190 contingat
927 5122 1224 5178 allucinatio
1241 5126 1377 5180 circa
1400 5126 1682 5184 universale
1694 5129 1935 5199 primum.

432 5228 655 5294 Oportet
683 5239 860 5287 autem
886 5248 996 5288 non
1024 5235 1191 5291 latere
1230 5240 1481 5305 quoniam
1515 5242 1785 5297 muitoties
1810 5258 1939 5298 con-

366 5320 526 5389 tingit
558 5335 805 5390 peccare,
844 5337 898 5382 et
925 5342 1029 5381 non
1072 5343 1192 5384 esse
1223 5331 1365 5397 qttod
1406 5334 1800 5388 demonstratur
1836 5337 1942 5403 pri-

346 5426 506 5465 munt
562 5414 893 5482 universale,
951 5419 1247 5474 secundum
1298 5422 1441 5488 quod
1491 5424 1697 5479 videtur
1726 5424 1948 5479 demon-

342 5505 519 5561 strari
541 5506 847 5563 universale
874 5510 1143 5579 primum;
1173 5514 1486 5571 aberramus
1518 5528 1696 5573 autem
1727 5519 1826 5572 hac
1852 5519 1947 5572 de-

335 5592 632 5665 ceptione.
656 5609 778 5650 cum
804 5606 897 5652 aut
916 5601 1071 5656 aliud
1102 5604 1232 5657 nihil
1258 5606 1327 5659 sit
1357 5607 1600 5676 accipere
1624 5624 1652 5661 a
1682 5610 1947 5677 superiori

340 5697 514 5747 extra
538 5684 544 5689 ’
568 5686 867 5755 singulare,
902 5691 986 5745 vel
1016 5694 1329 5764 singularia,
1364 5706 1456 5751 aut
1504 5700 1547 5752 si
1598 5709 1669 5754 stt
1700 5699 1942 5769 quidem,

340 5781 456 5839 sed
515 5779 903 5836 innominatum
960 5782 1030 5838 sit
1093 5785 1145 5840 in
1191 5786 1563 5846 diﬁ’erentihus
1618 5793 1801 5861 specie
1858 5809 1943 5849 re-

343 5874 496 5939 bus,
528 5882 616 5928 aut
654 5870 921 5943 contingat
969 5889 1090 5933 esse
1135 5877 1272 5934 sicut
1319 5880 1370 5935 in
1420 5892 1601 5950 parte,
1653 5895 1818 5941 totum
1868 5886 1973 5963 ing

2046 4719 2311 4787 triangula
2337 4727 2441 4786 est,
2473 4727 2528 4774 et
2544 4719 2834 4775 secundum
2867 4723 2965 4777 hoc
2986 4724 3146 4792 inest,
3180 4737 3236 4783 et
3278 4729 3418 4796 aliis.
3447 4742 3502 4789 et
3519 4734 3624 4789 ltu-

2043 4814 2129 4881 jus
2154 4809 2468 4866 universalis
2488 4809 2984 4869 estdemonstratio.

2048 4968 2541 5026 Demonstrationem
2607 4900 3018 5030 chArtlzgﬁaXili-s
3090 4989 3137 5032 et
3194 4984 3628 5053 propositionibus

2664 5060 2752 5113 per
2779 5062 2833 5099 se
2880 5062 3002 5101 esse.

2121 5153 2181 5208 Si
2227 5154 2386 5223 igitur
2422 5162 2505 5209 est
2525 5154 2948 5212 demonstrativa
2991 5161 3235 5229 scicntia,
3259 5174 3312 5218 et
3337 5180 3399 5220 ex
3443 5182 3632 5225 neces-

2051 5247 2206 5302 snriis
2230 5248 2526 5317 principiis,
2556 5248 2696 5318 quod
2725 5251 2866 5304 enim
2900 5253 3068 5306 scitur
3108 5269 3212 5309 non
3244 5264 3419 5324 potest
3453 5275 3509 5314 sc
3538 5262 3633 5317 ali-

2052 5348 2135 5391 ter
2164 5337 2382 5392 habere.
2414 5338 2546 5405 Quae
2570 5350 2749 5394 autem
2776 5356 2871 5411 per
2894 5357 2952 5396 se
2974 5356 3098 5398 sunt
3128 5350 3428 5403 necessario
3454 5351 3634 5408 insunt

2058 5431 2238 5496 rebus,
2268 5433 2381 5485 Ιιτεε
2410 5434 2553 5486 enim
2582 5433 2763 5486 insunt
2791 5435 2840 5486 in
2871 5450 2935 5487 eo
2960 5437 3097 5503 quod
3127 5439 3250 5506 quid
3284 5452 3382 5505 est,
3414 5458 3481 5512 qu
3507 5445 3629 5499 bus-

2056 5524 2176 5579 dam
2204 5535 2383 5582 autem
2414 5528 2530 5582 haec
2567 5529 2747 5581 insunt
2788 5530 2837 5581 in
2871 5545 2935 5583 co
2977 5534 3115 5600 quod
3145 5536 3267 5602 quid
3299 5548 3399 5604 est,
3434 5541 3630 5608 prmiti-

2056 5617 2301 5671 cantibus
2331 5619 2399 5671 de
2430 5618 2580 5685 ipsis,
2608 5631 2832 5688 quorum
2880 5620 3103 5675 alterum
3134 5628 3499 5694 oppositorum
3533 5646 3630 5685 ne-

2054 5721 2206 5763 cesse
2236 5717 2319 5763 est
2350 5710 2547 5765 inesse.
2581 5711 2917 5767 Manifcsutm
2947 5716 3210 5786 estigitur
3246 5722 3384 5787 quod
3417 5737 3483 5777 ex
3530 5723 3630 5777 ltu-

2050 5797 2282 5899 jusmodi
2313 5797 2628 5900 quibusdam
2659 5802 2840 5874 utique
2878 5803 2937 5859 ﬁt
2974 5806 3423 5869 demonstrativus
3465 5816 3627 5887 syilo-

2048 5896 2274 5954 gismus.
2304 5902 2462 5945 omne
2491 5896 2633 5947 enim
2670 5903 2761 5950 aut
2802 5896 2880 5951 sic
2908 5898 3069 5964 inest,
3098 5908 3188 5954 aut
3212 5904 3505 5961 secundum
3539 5923 3628 5961 ac-
