4296 6266
653 414 751 472 719

651 530 858 590 eidens,
895 514 1192 577 accidentia
1233 521 1413 565 autem
1464 498 1761 559 necessaria
1808 509 1913 550 non
1954 500 2097 547 sunt.
2134 489 2239 543 Aut
2269 487 2324 549 Α

654 623 817 692 igitur
838 579 917 671 sic
946 608 1251 670 dicendum,
1281 612 1371 656 aut
1392 593 1713 670 principium
1746 584 2069 657 ponentibus
2096 579 2238 649 quod

656 678 1042 767 demonstratio
1070 690 1367 752 necessaria
1408 686 1498 748 sit,
1533 690 1586 735 et
1622 681 1667 734 si
1694 678 2097 733 demonstretur
2126 683 2233 722 non

660 803 818 860 aliter
840 796 1038 853 habere
1058 802 1234 860 posse,
1266 797 1334 836 ex
1366 773 1686 833 necessariis
1708 772 1868 841 igitur
1883 771 2094 836 oportet
2120 775 2243 815 esse

661 855 1075 965 syllogismum;
1105 894 1169 931 ex
1213 872 1353 927 veris
1394 866 1611 937 quidem
1660 869 1766 927 est,
1798 867 1854 913 et
1883 872 1989 911 non
2016 855 2246 909 demon—

1618 957 1648 965 ..
1770 962 1777 965 _
2148 944 2238 965 η,

661 944 916 1043 εἶιειιιῖειη
934 970 1266 1046 syllogizare,
1282 979 1345 1018 ex
1365 957 1683 1016 necessariis
1694 962 1872 1008 autem
1886 965 1991 1005 non
2024 956 2127 1012 est,
2145 944 2242 1001 sed

659 1041 1209 1133 autdemonstrantem
1220 1100 1235 1126 ,
1251 1056 1353 1111 hoc
1365 1053 1508 1109 enim
1520 1048 1791 1119 proprium
1802 1045 1912 1114 jam
1925 1041 2255 1097 demonstra-

662 1166 820 1224 tionis
833 1168 933 1217 est.
948 1156 1171 1226 Signum
1183 1157 1359 1204 autem
1375 1154 1459 1201 est
1473 1141 1614 1213 quod
1639 1133 2032 1193 demonstratio
2057 1145 2124 1185 ex
2153 1142 2254 1183 ne.

660 1252 907 1314 eessariis
918 1222 1269 1318 sit,quoniam
1284 1246 1337 1293 et
1348 1233 1625 1291 instantias
1636 1230 1714 1285 sic
1725 1227 1946 1284 ferimus
1957 1222 2022 1278 ad
2037 1222 2255 1289 epinan-

664 1356 747 1405 tes
757 1316 1150 1401 demonstrare.
1163 1329 1425 1401 Quoniam
1439 1341 1544 1381 non
1556 1316 1859 1379 sit'necesse
1876 1319 1923 1373 si
1940 1316 2249 1399 opinamur,

662 1448 756 1495 aut
800 1433 1018 1490 omnino
1047 1424 1358 1494 contingere
1402 1420 1583 1483 aliter,
1628 1422 1722 1469 aut
1763 1409 2025 1465 orationis
2071 1394 2251 1461 causa.

657 1527 1011 1589 Manifestum
1043 1529 1219 1575 autem
1247 1531 1311 1571 ex
1342 1514 1405 1568 iis
1438 1518 1539 1577 est,
1572 1515 1628 1563 et
1668 1504 1926 1577 quoniam
1973 1498 2117 1555 stulti
2164 1496 2253 1566 qui

666 1619 872 1694 opinati
901 1622 1027 1672 sunt
1048 1613 1294 1679 accipere
1316 1605 1452 1660 bene
1473 1597 1756 1671 principia,
1790 1594 1835 1649 si
1867 1590 2159 1663 probabilis
2183 1588 2254 1641 sit

667 1678 986 1780 propositio,
1014 1706 1070 1754 et
1095 1678 1242 1759 vera,
1271 1699 1329 1746 ut
1344 1687 1600 1758 sophista:
1616 1682 1867 1753 quoniam
1885 1678 2047 1743 scire,
2072 1678 2252 1731 scien~

666 1764 797 1854 iiam
825 1764 1138 1864 esthabere,
1156 1801 1262 1841 non
1275 1781 1418 1837 enim
1438 1776 1583 1849 quod
1611 1771 1886 1845 probabile
1905 1779 1992 1824 est
2007 1776 2101 1823 aut
2122 1764 2252 1830 neu,

668 1857 994 1964 principium
1022 1891 1124 1945 est,
1156 1877 1252 1933 sed
1274 1873 1504 1945 primum
1531 1871 1582 1923 in
1609 1880 1811 1937 genere
1835 1864 1978 1917 circa
2003 1858 2143 1930 quod
2163 1857 2257 1912 de-
2286 1859 2336 1921 B

668 1950 1021 2041 monstratur,
1067 1982 1124 2029 et
1165 1983 1355 2025 verum
1398 1978 1505 2020 non
1535 1974 1718 2025 omne,
1766 1954 2064 2026 proprium.
2107 1950 2262 2019 Quod

672 2082 852 2130 autem
881 2083 948 2123 ex
973 2059 1290 2120 necessariis
1313 2061 1528 2126 Oportet
1551 2056 1671 2105 esse
1713 2047 2115 2118 syllogismum;
2143 2058 2261 2096 ma-

672 2165 929 2223 nifestum
960 2173 1028 2213 ex
1074 2154 1157 2208 his
1185 2159 1288 2214 est,
1320 2148 1367 2203 si
1398 2146 1540 2201 enim
1576 2156 1681 2197 non
1718 2147 1803 2194 est
1846 2138 2051 2192 habens
2094 2136 2260 2189 ratio-

674 2272 800 2315 nem
828 2260 1045 2325 propter
1073 2245 1199 2315 quid
1229 2242 1494 2299 existente
1521 2230 2004 2295 demonstratione,
2040 2242 2149 2282 non
2179 2234 2265 2280 est

675 2316 875 2412 sciens,
906 2316 975 2398 sit
1001 2348 1180 2395 autem
1206 2335 1387 2402 utique
1411 2337 1467 2383 ut
1495 2325 1637 2397 quod
1668 2340 1723 2391 α,
1753 2322 1821 2377 de
1851 2338 1879 2374 c
1923 2334 1992 2375 ex
2022 2316 2265 2373 necessi-

636 2424 789 2496 ‘tate
815 2411 956 2502 esse,
993 2432 1024 2485 b
1064 2436 1241 2483 autem
1272 2420 1505 2479 medium
1543 2413 1791 2487 perquod
1835 2411 2265 2466 demonstratum

680 2540 765 2589 est
790 2544 895 2584 non
926 2540 994 2580 ex
1016 2521 1364 2582 necessitate,
1395 2529 1501 2567 non
1529 2509 1687 2565 scivit
1717 2512 1938 2577 propter
1968 2502 2132 2573 quod,
2161 2515 2266 2555 non

679 2618 824 2677 enim
846 2623 929 2671 est
948 2613 1070 2677 hoc,
1100 2616 1319 2680 pr0pter
1341 2603 1600 2664 medium,
1632 2600 1735 2653 hoc
1759 2596 1977 2666 quidem
2008 2591 2268 2659 contingit

681 2724 793 2767 non
818 2707 1016 2768 inesse,
1035 2697 1313 2756 conclusio
1353 2700 1533 2746 autem
1582 2686 1908 2743 necessaria.
1951 2682 2194 2751 Amplius
2223 2679 2267 2733 si

684 2797 880 2867 aliquis
906 2791 1097 2856 nescit,
1123 2802 1266 2844 nunc
1292 2784 1497 2839 habens
1528 2781 1812 2841 rationem,
1832 2784 1889 2830 et
1904 2775 2135 2829 salvatus
2165 2780 2268 2839 est,

688 2902 743 2950 et
766 2891 916 2947 salva
942 2901 1023 2955 re,
1040 2898 1141 2940 nec
1160 2881 1359 2937 oblitus
1372 2888 1453 2933 est
1471 2887 1641 2943 neque
1663 2873 1809 2941 prius
1836 2868 2010 2927 scivit.
2025 2879 2267 2921 corrum-

686 2993 845 3057 petur
872 2988 1051 3035 autem
1102 2975 1286 3044 utique
1336 2968 1571 3025 medium
1618 2964 1719 3019 nisi
1767 2961 1839 3017 sit
1884 2956 2268 3015 necessatium.

688 3051 865 3145 Quare
888 3070 1104 3127 habebit
1129 3065 1344 3138 quidem
1372 3062 1638 3117 rationem
1668 3054 1867 3119 salvus,
1884 3051 2029 3106 salva
2059 3064 2140 3112 re,
2171 3061 2269 3100 ne-

689 3168 1013 3228 scitantem,
1039 3174 1139 3216 nec
1165 3170 1293 3227 ergo
1315 3153 1464 3225 prius
1488 3149 1665 3215 scivit,
1689 3147 1735 3201 si
1764 3159 1893 3200 vero
1922 3158 2028 3197 non
2048 3153 2268 3207 corrup-

692 3269 805 3316 tum
830 3263 934 3321 est,
961 3249 1224 3319 contingit
1251 3254 1429 3300 autem
1451 3236 1723 3307 corrumpi
1744 3235 1886 3304 quod
1919 3231 2136 3297 accidit,
2163 3228 2272 3283 uti-
2301 3243 2350 3309 ο

690 3364 799 3420 que
827 3345 931 3402 erit
951 3340 1225 3413 possibile,
1255 3347 1310 3393 et
1328 3336 1667 3404 contingens,
1690 3328 1785 3383 sed
1815 3334 1899 3381 est
1919 3321 2276 3391 impossibile,

693 3412 773 3494 sic
800 3451 863 3491 se
881 3412 1165 3488 habentem
1194 3430 1355 3484 scire.
1384 3428 1515 3481 Cum
1560 3424 1721 3491 igitur
1745 3416 2022 3473 conclusio
2062 3412 2277 3481 quidem

696 3548 767 3590 ex
797 3529 1113 3587 necessitate
1140 3532 1243 3589 est,
1275 3521 1409 3576 nihil
1452 3516 1699 3589 prohibet
1746 3510 1981 3568 medium
2027 3523 2131 3563 non
2160 3521 2282 3562 esse

696 3615 1193 3683 necessarium,‘per
1203 3610 1344 3680 quod
1361 3615 1656 3663 monstrata
1665 3613 1767 3669 est,
1780 3614 1863 3657 εει
1878 3600 2021 3657 enim
2038 3609 2285 3653 necessa-

700 3710 839 3773 riu'm
862 3720 918 3768 et
940 3726 1008 3766 ex
1040 3722 1147 3763 non
1175 3702 1495 3761 necessariis
1538 3698 1877 3771 syllogizare,
1912 3694 1980 3748 sit
2018 3700 2072 3747 et
2098 3703 2283 3745 verum

704 3824 773 3867 ex
804 3822 912 3862 non
939 3803 1099 3860 veris.
1121 3802 1255 3856 Cum
1285 3804 1468 3851 autem
1498 3792 1737 3848 medium
1759 3803 1822 3845 ex
1848 3785 2166 3842 necessitate
2180 3788 2285 3845 est,

700 3914 758 3962 et
780 3901 1055 3960 conclusio
1083 3906 1168 3954 est
1194 3911 1258 3951 ex
1295 3892 1636 3955 necessitate,
1671 3888 1810 3942 sicut
1839 3900 1904 3940 ex
1929 3883 2071 3939 veris
2100 3891 2287 3936 verum

703 4004 788 4053 est
812 4006 1043 4064 semper.
1070 3987 1154 4044 Sit
1180 3986 1325 4042 enim
1352 4001 1383 4037 a
1405 3982 1472 4038 de
1498 3981 1526 4034 b
1548 3996 1613 4036 ex
1638 3978 1982 4041 necessitate,
2006 3980 2062 4028 et
2089 3973 2192 4025 hoc
2221 3967 2291 4021 de

706 4105 756 4155 ο,
784 4098 1005 4141 necesse
1032 4090 1116 4137 est
1140 4094 1266 4148 ergo
1288 4085 1344 4131 et
1369 4092 1402 4129 a
1432 4090 1458 4127 c
1481 4074 1683 4136 inesse,
1708 4068 1804 4125 sed
1835 4081 1955 4122 cum
1979 4079 2086 4119 non
2108 4077 2173 4117 ex
2196 4074 2291 4113 ne-

707 4177 959 4236 cessitate
998 4174 1068 4227 sit
1094 4167 1389 4233 conclusio,
1442 4177 1617 4234 neque
1660 4160 1895 4215 medium
1936 4150 2292 4211 necessarium

710 4282 834 4325 esse
858 4263 1114 4337 possibile
1141 4268 1243 4324 est,
1278 4258 1347 4312 sit
1367 4256 1510 4309 enim
1541 4270 1572 4306 a
1598 4252 1652 4306 in
1685 4266 1713 4304 ο
1734 4264 1840 4305 non
1878 4262 1945 4301 ex
1975 4241 2294 4299 necessitate

713 4328 915 4425 inesse,
942 4354 997 4407 in
1022 4352 1051 4406 b
1073 4356 1252 4404 autem
1286 4362 1339 4411 a,
1365 4351 1421 4398 et
1454 4343 1556 4396 hoc
1584 4341 1639 4394 in
1668 4355 1696 4391 ο
1721 4352 1787 4392 ex
1829 4333 2145 4390 necessitate
2170 4328 2294 4393 erit,

635 4492 641 4497 ~
714 4452 810 4509 sed
838 4422 945 4505 non
994 4459 1116 4503 esse
1155 4438 1572 4511 supponebatur.
1625 4432 1888 4500 Quoniam
1932 4427 2095 4497 igitur
2124 4424 2170 4477 si
2196 4422 2300 4477 scit

714 4538 1155 4600 detnonstrative.
1187 4538 1399 4603 oportet
1439 4542 1509 4582 ex
1542 4523 1862 4581 necessitate
1888 4520 2088 4581 inesse,
2128 4512 2302 4569 mani.

1872 376 1980 433 AN.
2020 372 2229 431 MANL.
2271 366 2425 427 SEV.
2467 361 2689 420 BOETII

3814 342 3921 401 720

2347 485 2704 551 interrogatus
2729 478 3112 548 contingentta,
3134 480 3321 544 postea
3336 469 3481 525 dicat
3500 463 3917 527 conclusionem,

2343 582 2552 641 Oportet
2584 580 2759 625 autem
2783 569 3119 637 interrogare
3143 581 3248 620 non
3281 573 3533 629 tanquam
3563 554 3918 611 necessarium

2345 678 2463 725 esse
2486 670 2702 732 propter
2733 661 3075 726 interrogata,
3104 656 3198 711 sed
3230 653 3372 725 quod
3402 651 3584 705 dicere
3608 660 3825 702 necesse
3843 652 3926 698 est

2348 753 2438 808 illa
2468 752 2686 817 dicenti,
2716 760 2771 804 et
2795 764 2919 804 vere
2944 748 3125 802 dicere
3142 747 3186 800 si
3216 759 3359 799 verae
3382 750 3508 797 sunt
3536 754 3656 809 qua:
3688 740 3886 793 insunt.

2949 864 3172 922 CAPUT
3214 863 3320 917 VII.

2353 962 2816 1020 Demonstratianes
2859 975 2921 1014 ea:
2948 959 3010 1011 iis
3037 972 3149 1026 qua:
3174 972 3265 1025 per
3291 970 3344 1007 se
3371 959 3492 1007 sunt
3520 959 3568 1005 et
3592 966 3654 1005 ea:
3677 946 3931 1020 perpetuis

3075 1043 3201 1080 €886.

2414 1172 2674 1239 Quoniam
2692 1178 2867 1222 autem
2881 1181 2943 1221 ex
2959 1162 3279 1219 necessitate
3294 1167 3415 1214 sunt
3427 1159 3570 1213 circa
3582 1170 3745 1211 unum
3759 1153 3933 1224 quod-

2358 1278 2462 1333 que
2489 1274 2659 1333 genus
2682 1269 3012 1328 quaecunque
3028 1268 3121 1322 per
3143 1267 3201 1306 se
3230 1258 3441 1313 sunt,et
3463 1246 3755 1303 secundum
3783 1242 3933 1312 quod

2360 1332 2784 1418 unumquodque
2796 1354 2899 1410 est,
2917 1340 3256 1397 manifestum
3282 1337 3625 1404 estquoniam
3648 1334 3716 1388 de
3741 1332 3806 1387 iis
3822 1346 3941 1402 quae

2361 1454 2487 1501 sunt
2515 1459 2609 1513 per
2634 1457 2712 1507 se,
2731 1437 3039 1519 scientilicae
3066 1430 3571 1493 demonstrationes,
3591 1436 3646 1483 et
3669 1442 3733 1483 ex
3751 1426 3941 1480 talibus

2362 1535 2507 1594 su‘nt.
2529 1531 2840 1589 Accidentia
2855 1528 2996 1585 enim
3022 1541 3125 1581 non
3151 1521 3451 1578 necessaria
3474 1528 3617 1574 sunt.
3637 1518 3811 1584 Quare
3836 1532 3939 1571 non

2364 1628 2720 1686 necessarium
2738 1622 3134 1680 conclusionem
3147 1618 3284 1673 scire
3301 1621 3517 1685 propter
3531 1612 3656 1682 quid
3667 1610 3757 1675 sit,
3775 1626 3942 1678 neque

2363 1724 2411 1779 si
2455 1734 2667 1791 semper
2697 1719 2825 1780 sint,
2856 1729 2963 1768 non
2994 1727 3087 1783 per
3113 1724 3174 1764 se
3201 1716 3403 1769 autem,
3432 1713 3488 1757 nt
3517 1711 3642 1757 sunt
3672 1716 3767 1771 per
3794 1700 3942 1768 signa

2364 1812 2680 1888 syllogismi,
2714 1811 2816 1864 hoc
2845 1806 2986 1862 enim
3010 1818 3104 1874 per
3133 1816 3212 1867 se,
3248 1814 3352 1853 non
3376 1812 3471 1867 per
3498 1810 3557 1851 se
3582 1794 3739 1858 sciet,
3773 1806 3945 1861 neque

2368 1921 2583 1980 propter
2608 1903 2770 1974 quod.
2803 1901 3028 1968 Propter
3051 1894 3178 1966 quid
3208 1900 3386 1949 autem
3423 1890 3559 1943 seire
3588 1894 3669 1941 est
3695 1899 3785 1953 per
3813 1898 3942 1937 cau-

2365 1978 2481 2060 sam
2528 2000 2689 2055 scire.
2721 1997 2944 2064 Propter
2967 1993 3069 2047 hoc
3098 1992 3272 2059 ipsum
3303 1999 3431 2055 ergo
3461 1989 3671 2052 oportet
3697 1989 3751 2036 et
3781 1978 3942 2034 tertio

2368 2092 2626 2157 medium,
2672 2098 2726 2145 et
2770 2087 3001 2157 primum
3032 2081 3209 2136 medio
3240 2080 3437 2133 inesse.
3468 2074 3583 2128 Non
3612 2085 3741 2141 ergo
3767 2078 3851 2125 est
3879 2084 3945 2121 ex

2368 2187 2474 2241 alio
2516 2196 2711 2254 genere
2755 2177 3169 2233 descendentem
3209 2172 3601 2229 demonstrare,
3653 2174 3713 2217 ut
3737 2175 3949 2232 geome-

2370 2253 2561 2332 tricum
2610 2274 2661 2326 in
2706 2267 3116 2324 arithmeticam.
3170 2259 3291 2314 Tria
3323 2257 3464 2313 enim
3496 2254 3701 2309 suntin
3733 2253 3952 2306 demon-

2369 2364 2711 2424 strationibus
2744 2380 2754 2413 :
2782 2373 2945 2415 unum
2992 2354 3204 2425 quidem
3236 2364 3355 2419 qua:
3388 2348 3786 2402 demonstratur
3814 2356 3952 2397 con-

2369 2458 2558 2522 clusio,
2580 2455 2685 2510 hoc
2708 2462 2881 2506 autem
2903 2456 2984 2503 est
3011 2446 3150 2516 quod
3173 2442 3309 2497 inest
3334 2438 3495 2493 alicui
3525 2435 3707 2505 generi
3736 2449 3831 2503 per
3858 2448 3951 2498 se;

2377 2566 2539 2606 unum
2590 2555 2770 2602 autem
2818 2543 3123 2613 dignitates,
3178 2534 3459 2605 dignitates
3506 2540 3685 2584 autem
3722 2537 3848 2583 sunt
3886 2543 3953 2584 ex

2374 2643 2564 2714 quibus
2594 2649 2675 2694 est
2700 2631 3116 2693 demonstratio;
3151 2628 3363 2682 tertium
3410 2631 3590 2677 autem
3623 2635 3788 2690 genus
3827 2620 3955 2675 sub~

2371 2736 2596 2806 jectum,
2628 2728 2778 2798 cujus
2804 2725 3105 2795 passiones,
3129 2729 3183 2775 et
3201 2733 3293 2790 per
3317 2731 3374 2771 se
3402 2712 3694 2769 accidentia
3724 2710 3957 2767 ostendit

2377 2804 2784 2884 demonstratio.
2810 2818 2886 2872 Ex
2913 2814 3104 2886 quibus
3131 2813 3291 2879 igitur
3306 2804 3692 2863 demonstratio
3709 2805 3801 2870 'llt,
3826 2815 3955 2871 eon-

2378 2919 2533 2987 tingit
2561 2913 2744 2969 eadem
2771 2924 2910 2965 esse.
2943 2907 3180 2973 Quorum
3206 2911 3380 2956 autem
3408 2912 3576 2969 genus
3601 2896 3826 2950 alterum
3852 2899 3953 2955 est,

2377 3014 2515 3066 sicut
2563 3003 2910 3060 arithmetica:
2961 3007 3017 3053 et
3065 2994 3392 3067 geometriae,
3437 3005 3542 3045 non
3590 2996 3675 3044 est
3702 2986 3956 3041 arithme-

2380 3099 2540 3154 ticam
2572 3091 3077 3151 demonstrationem
3106 3085 3393 3142 convenire
3420 3083 3471 3137 in
3502 3077 3955 3150 magnitudinibus

2380 3188 2694 3250 accidentia,
2730 3182 2830 3236 nisi
2857 3176 3244 3250 magnitudines
3266 3173 3473 3228 numeri
3499 3171 3610 3226 sint
3633 3170 3759 3242 (hoc
3779 3176 3959 3223 autem

2380 3296 2486 3351 quo
2512 3275 2673 3333 modo
2698 3273 2956 3342 contingit
2982 3271 3033 3324 in
3057 3266 3369 3339 quibusdam
3403 3261 3668 3334 posterius
3694 3257 3958 3327 dicetur),

2381 3348 2476 3426 sed
2493 3365 2822 3423 arithmetica
2836 3363 3139 3416 demonstra
3148 3356 3222 3411 tio
3235 3369 3448 3425 semper
3467 3352 3800 3420 habetgenus
3816 3348 3959 3403 circa

2382 3462 2522 3534 quod
2576 3462 2634 3514 ﬁt
2662 3453 3068 3519 demonstratio,
3102 3459 3155 3506 et
3196 3448 3315 3503 alia
3368 3444 3635 3502 similiter.
3665 3444 3843 3512 Quare
3870 3451 3965 3497 aut

2384 3531 2697 3620 simpliciter
2727 3552 2948 3601 necesSe
2978 3552 3062 3597 est
3093 3542 3230 3595 idem
3273 3552 3394 3594 esse
3432 3551 3622 3607 genus,
3668 3542 3761 3588 aut
3785 3531 3964 3602 aliquo

2386 3645 2566 3710 modo,
2592 3642 2636 3696 si
2682 3641 2842 3695 debet
2890 3633 3273 3693 demonstratio
3304 3628 3653 3694 descendere,
3685 3627 3842 3681 aliter
3870 3638 3965 3677 au-

2386 3745 2492 3791 tem
2524 3733 2768 3804 quoniam
2793 3726 3144 3798 impossibile,
3174 3723 3516 3779 manifestum
3549 3729 3653 3787 est,
3682 3733 3745 3773 ex
3778 3715 3965 3771 eodem

2389 3826 2530 3882 enim
2557 3837 2753 3893 genere
2792 3832 3012 3875 necesse
3059 3825 3140 3871 est
3164 3816 3371 3878 ultima,
3422 3818 3481 3866 et
3528 3808 3701 3863 media
3747 3819 3886 3870 esse,
3922 3805 3989 3871 si,

2390 3930 2621 3985 namque
2668 3929 2772 3968 non
2824 3918 2948 3965 sunt
2978 3924 3072 3977 per
3101 3922 3180 3975 se,
3212 3904 3507 3959 accidentia
3541 3908 3718 3956 erunt.
3750 3897 3969 3963 Propter

2392 4011 2497 4065 hoc
2520 4007 2826 4080 geometrias
2851 4017 2956 4058 non
2989 4009 3071 4057 est
3096 4002 3471 4055 demonstrare
3496 3995 3637 4066 quod
3678 3991 3969 4047 contrario~

2396 4118 2515 4159 rum
2559 4116 2658 4155 una
2703 4099 2772 4152 sit
2812 4095 3054 4157 scientia,
3104 4092 3199 4147 sed
3247 4105 3417 4160 neque
3446 4087 3588 4157 quod
3612 4086 3719 4139 duo
3754 4083 3875 4138 cuhi
3908 4082 3972 4137 sit

2400 4207 2535 4247 unus
2578 4190 2762 4252 cubus,
2815 4199 2989 4253 neque
3017 4183 3236 4238 alterius
3262 4179 3519 4242 scientize,
3568 4174 3709 4243 quod
3751 4173 3974 4226 alterius

2400 4292 2503 4349 est,
2536 4280 2630 4335 sed
2662 4287 2753 4332 aut
2776 4290 3106 4347 quaecunque
3130 4274 3205 4327 sic
3229 4288 3287 4326 se
3314 4269 3509 4324 habent
3536 4266 3603 4320 ad
3639 4264 3889 4325 invicem.
3917 4273 3975 4318 ut

2404 4370 2545 4443 quod
2590 4369 2815 4423 alterum
2867 4367 2936 4422 sit
2961 4366 3059 4419 sub
3085 4364 3274 4425 altero,
3304 4370 3362 4414 ut
3391 4355 3722 4427 perspectiva
3748 4354 3816 4408 ad
3849 4360 3976 4423 geo-

2406 4462 2669 4526 metriam,
2711 4468 2767 4513 et
2794 4455 3141 4513 consonantia
3187 4453 3253 4508 ad
3281 4449 3692 4513 aritmethicam,
3737 4461 3909 4515 neque
3934 4446 3977 4501 si

2408 4554 2608 4624 aliquid
2631 4553 2769 4607 inest
2792 4551 2942 4605 lineis
2984 4564 3089 4603 non
3121 4546 3411 4604 secundum
3457 4543 3597 4613 quod
3627 4542 3783 4596 lineae
3825 4545 3977 4602 sunt,

713 4635 911 4693 “sum
937 4644 1191 4702 quomam
1219 4638 1274 4683 et
1302 4640 1400 4696 per
1425 4621 1657 4677 medmm
1698 4628 2061 4717 “ece‘fs‘i’m'”
2085 4616 2300 4713 (moria
2326 4625 2380 4686 D
2411 4659 2464 4704 et
2491 4616 2596 4703 non
2626 4647 2677 4701 in
2702 4652 2955 4717 quantum
2984 4659 3049 4699 ex
3077 4642 3307 4712 propriis
3338 4636 3630 4709 principiis,
3683 4642 3743 4689 ut
3783 4634 3829 4687 si
3868 4631 3980 4703 pul-

714 4730 919 4786 habere
946 4721 1456 4780 demonstrationem
1489 4756 1505 4781 ,
1536 4723 1628 4769 aut
1652 4728 1759 4767 non
1787 4709 1941 4775 sciet,
1968 4718 2142 4775 neque
2155 4701 2296 4757 enim

716 4829 937 4891 propter
986 4813 1134 4885 quid,
1182 4824 1355 4879 neque
1410 4807 1551 4877 quia,
1608 4817 1774 4874 quare
1813 4812 2034 4855 necesse
2061 4804 2145 4850 est
2170 4791 2300 4848 illud

718 4930 861 4981 esse,
892 4911 987 4967 sed
1012 4917 1102 4963 aut
1129 4904 1455 4975 opinabitur,
1484 4900 1755 4962 nesciens,
1785 4894 1830 4948 si
1856 4890 2162 4963 opinabitur
2188 4899 2297 4940 non

718 5002 1084 5064 necessarium
1155 5009 1406 5064 tanquam
1474 4987 1877 5053 necessarium,
1954 4990 2048 5037 aut
2126 4991 2300 5047 neque

720 5098 1025 5170 opinabitur
1100 5088 1391 5151 similiter,
1473 5084 1586 5138 sive
1666 5077 1919 5148 quoniam
2003 5072 2139 5125 sciat
2205 5084 2301 5139 per

720 5161 919 5256 media,
951 5188 1063 5243 sive
1108 5189 1327 5254 propter
1378 5174 1526 5247 quid,
1577 5184 1629 5227 et
1660 5184 1756 5242 per
1785 5163 2114 5223 immediata.
2147 5161 2306 5217 Acci-

724 5285 963 5342 dentium
1012 5288 1188 5334 autem
1235 5287 1339 5329 non
1371 5283 1466 5341 per
1488 5282 1545 5322 se
1569 5279 1677 5336 quo
1703 5262 1862 5318 modo
1891 5256 2166 5315 definitum
2209 5260 2314 5320 est,

726 5401 824 5458 per
844 5399 903 5441 se
931 5379 1146 5453 quidem
1182 5391 1286 5430 non
1318 5379 1403 5429 est
1448 5367 1672 5425 scientia
1716 5361 2159 5425 demonstrativa,
2204 5368 2313 5411 non

728 5489 872 5545 enim
904 5492 986 5541 est
1013 5497 1079 5538 ex
1100 5476 1419 5535 necessitate
1443 5477 1745 5527 monstrare
1773 5460 2193 5525 conclusionem,
2225 5469 2318 5512 ac-

730 5588 916 5645 cidens
941 5584 1085 5641 enim
1131 5578 1391 5647 contingit
1436 5588 1543 5629 non
1582 5584 1723 5634 esse,
1754 5566 1823 5623 de
1853 5565 1942 5619 tali
1988 5570 2166 5617 autem
2194 5558 2316 5613 dico

732 5688 1032 5745 accidente.
1063 5683 1128 5737 Et
1158 5691 1332 5735 tamen
1376 5673 1613 5743 ambiget
1660 5671 1888 5725 fortasse
1922 5662 2137 5731 aliquis,
2168 5659 2319 5728 cujus

736 5798 893 5838 causa
926 5785 1039 5835 tunc
1065 5788 1273 5843 oportet
1297 5778 1634 5838 interrogare
1661 5768 1727 5821 de
1758 5768 1860 5830 his,
1889 5764 1933 5817 si
1965 5776 2069 5816 non
2095 5771 2319 5814 necesse

740 5884 823 5931 est
845 5870 1238 5928 conclusionem
1266 5880 1409 5928 esse,
1435 5863 1567 5918 nihil
1617 5860 1761 5915 enim
1815 5856 1995 5911 diil‘ert
2037 5856 2085 5911 si
2129 5852 2321 5921 aliquis

2412 4744 2675 4801 cherrima
2704 4741 2962 4795 linearum
2992 4748 3134 4793 recta
3162 4748 3263 4799 εει,
3297 4743 3387 4786 aut
3431 4729 3477 4784 si
3523 4727 3791 4784 contrario
3824 4725 3982 4779 modo

2410 4853 2471 4894 se
2498 4837 2692 4891 habeat
2715 4830 3015 4894 eireularis,
3049 4844 3155 4884 non
3177 4827 3321 4884 enim
3349 4822 3643 4880 secundum
3671 4818 3814 4891 quod
3864 4833 3983 4888 pros

2410 4929 2583 5000 prium
2612 4930 2843 4998 ipsarum
2871 4937 3036 4991 genus
3066 4928 3167 4984 est,
3209 4909 3315 4972 sed
3334 4917 3386 4971 in
3413 4899 3668 4985 quantum
3700 4924 3986 4969 commune

2412 5017 2700 5088 quoddam.
2730 5011 3064 5071 Manifestum
3104 5019 3281 5064 autem
3312 5015 3417 5075 est,
3442 5014 3496 5062 et
3530 5004 3581 5061 si
3609 5003 3719 5059 sint
3747 5001 3988 5072 proposi~

2415 5110 2588 5165 tiones
2616 5104 2946 5162 universales
2988 5117 3053 5157 ex
3085 5100 3275 5170 quibus
3321 5108 3403 5153 est
3444 5094 3811 5168 syllogismus,
3847 5089 3988 5159 quod

2417 5213 2636 5255 necesse
2664 5206 2827 5252 est-et
2872 5192 3267 5249 conclusionem
3312 5197 3623 5259 perpetuam
3666 5198 3787 5242 esse
3817 5183 3992 5252 hujus-

2420 5292 2563 5349 modi
2593 5287 3084 5353 demonstrationis,
3116 5292 3173 5340 et
3205 5282 3519 5352 simpliciter
3569 5280 3651 5351 (ut
3681 5286 3767 5332 est
3796 5272 3991 5341 dicere]

2422 5382 2910 5443 demonstrationis.
2964 5378 3077 5434 Non
3124 5386 3209 5432 est
3255 5389 3383 5446 ergo
3447 5368 3835 5428 demonstratio
3884 5380 3994 5420 cor-

2424 5480 2775 5553 ruptibilium,
2808 5490 2982 5548 neque
3023 5473 3247 5529 scientia
3304 5466 3640 5538 simpliciter,
3692 5462 3786 5518 sed
3818 5463 3893 5517 sic
3921 5468 3996 5517 est

2423 5576 2562 5633 sicut
2603 5569 2893 5629 secundum
2946 5564 3218 5631 accidens,
3249 5568 3304 5616 et
3352 5574 3457 5613 non
3489 5555 3817 5633 universalis
3838 5550 3999 5621 ipsius

2424 5678 2525 5738 est,
2558 5667 2652 5724 sed
2695 5660 2980 5734 aliquando
3028 5668 3082 5714 et
3125 5658 3238 5719 sic;
3272 5669 3391 5709 cum
3422 5662 3599 5706 autem
3650 5650 3722 5704 ita
3770 5648 3856 5713 sit,
3909 5658 4000 5699 ne-

2425 5775 2578 5817 cesse
2601 5766 2687 5815 est
2712 5757 2932 5811 alteram
2964 5766 3068 5806 non
3109 5745 3466 5805 universalem
3515 5756 3639 5799 esse
3682 5737 3999 5810 propositio-

2426 5864 2545 5905 nem
2587 5857 2641 5903 et
2683 5841 3079 5912 corruptibilem
3114 5857 3124 5893 :
3173 5835 3575 5906 corruptibilem
3604 5831 3839 5903 quidem,
3872 5840 3997 5896 qnoc
