4296 6266
338 322 458 423 ἀει

905 366 1386 427 POSTERIORUM
1425 358 1956 421 ANALYTICORUM
1995 363 2441 428 ARISTOTELIS
2472 371 3045 436 INTERPRETATIO.

3515 386 3618 441 72')

359 489 499 541 niam
550 497 603 541 et
654 484 928 541 conclusio
976 495 1108 550 est;
1165 499 1267 539 non
1321 483 1676 537 universalem
1727 490 1927 548 autem,
1958 481 3052 563 Aquadam]necesseestaccipere,alia
3070 511 3198 552 vero
3217 501 3614 566 demonstrare;

356 582 493 647 quo!
530 579 629 632 hoc
652 579 866 647 quidem
896 579 1026 640 erit;
1075 577 1176 630 hoc
1222 585 1394 629 autem
1429 591 1531 628 non
1583 574 1685 628 erit
1714 588 1780 627 ex
1815 573 1934 642 qui-

355 669 456 723 bus
499 680 601 733 εει,
630 683 797 738 quare
823 683 927 722 non
958 679 1037 720 εει
1069 667 1387 734 syllogizare
1413 664 1807 729 universaliter,
1838 663 1932 717 sed

331 740 605 830 quoniam
667 774 808 813 nunc
827 744 928 812 est.
958 757 1218 811 Similiter
1238 772 1295 810 se
1319 757 1474 811 habet
1502 755 1568 809 de
1599 754 1928 822 definitione,

354 851 606 920 quoniam
637 850 850 918 quidem
877 858 957 902 est
976 848 1216 902 deﬁnitio
1246 857 1336 902 aut
1364 848 1681 916 principium
1711 848 1932 902 demon-

353 943 646 1007 strationis,
693 952 782 995 aut
831 941 1216 996 demonStratio
1242 941 1511 1009 positione
1536 939 1810 1005 differens,
1841 949 1933 995 aut

351 1037 623 1092 conclusio
670 1035 912 1103 quaedam
963 1035 1467 1090 demonstrationis.
1502 1035 1702 1089 Eorum
1753 1046 1928 1089 autem

352 1143 472 1197 qnze
518 1141 661 1196 sape
690 1127 845 1193 ﬁunt,
887 1135 1012 1180 sunt
1056 1114 1542 1181 demonstrationes
1591 1136 1644 1180 et
1694 1126 1931 1181 scientia:

354 1220 576 1288 (utilunae
593 1217 883 1286 defectus),
903 1217 1245 1272 manifestum
1267 1225 1351 1272 est
1368 1217 1614 1285 quoniam
1635 1218 1929 1271 secundum

347 1313 486 1381 quod
521 1310 824 1380 huiusmodi
873 1317 1015 1374 sunt,
1049 1323 1260 1377 semper
1290 1318 1432 1372 sunt,
1471 1308 1522 1362 in
1551 1317 1803 1377 quantum
1836 1322 1930 1362 au-

347 1412 452 1459 tem
501 1422 605 1459 non
653 1417 868 1473 semper
923 1400 1217 1456 secundum
1260 1411 1463 1470 partem
1495 1409 1640 1456 sunt.
1672 1400 1815 1454 Sicut
1837 1414 1930 1454 au-

346 1504 454 1551 tem
485 1494 726 1549 defectus
756 1503 860 1561 est,
891 1493 1139 1547 similiter
1164 1499 1218 1546 et
1259 1493 1310 1546 in
1361 1493 1502 1548 aliis.

416 1588 680 1653 Quoniam
711 1596 890 1640 autem
920 1584 1262 1639 manifestum
1287 1594 1368 1638 est
1393 1584 1532 1654 quod
1560 1583 1930 1640 demonstrare

343 1678 761 1748 unumquodque
797 1692 902 1731 non
945 1687 1048 1743 est,
1078 1677 1170 1731 sed
1200 1686 1291 1731 aut
1317 1693 1383 1731 ex
1415 1691 1730 1746 unoquoque
1774 1677 1926 1745 prin-

342 1769 628 1836 cipiorum,
651 1769 694 1823 si
718 1767 769 1822 id
793 1768 933 1837 quod
951 1767 1350 1823 demonstratur
1381 1769 1448 1822 sit
1468 1768 1761 1822 secundum
1784 1768 1926 1838 quod

2040 574 2233 643 utquid
2251 578 2444 643 unitas,
2461 588 2550 634 aut
2564 580 2691 649 quid
2708 594 2930 654 rectum,
2946 597 3000 642 et
3019 591 3142 658 quid
3168 590 3480 663 triangulus,
3497 610 3618 652 esse

2039 675 2147 721 tem
2177 668 2431 723 unitatem
2461 673 2725 742 accipere,
2755 686 2808 731 et
2829 682 3269 749 magnitudinem,
3290 686 3457 743 altera
3486 705 3615 745 vero

2034 767 2360 814 monstrare.
2385 759 2524 816 Sunt
2549 774 2724 818 autem
2749 768 2938 834 quibus
2961 781 3178 828 utuntur
3203 775 3254 829 in
3280 776 3618 836 demonstra-

2036 850 2156 944 tivis
2205 852 2470 923 scientiis,
2519 856 2623 911 alia
2682 861 2893 928 quidem
2936 867 3146 934 propria
3196 870 3618 944 uniuscujusque

2034 941 2293 1007 scientias,
2334 947 2437 1000 alia
2483 963 2611 1004 vero
2645 955 2969 1008 communia.
3000 956 3312 1018 Communia
3357 941 3486 1022 vero
3526 941 3616 1023 se-

2033 1033 2266 1089 cundum
2306 1038 2627 1110 analogiam,
2652 1045 2902 1113 quoniam
2932 1049 3063 1104 utile
3101 1061 3185 1107 est
3228 1070 3617 1124 quantumcun-

2033 1140 2136 1222 que
2161 1136 2245 1222 est
2271 1128 2323 1184 in
2355 1145 2421 1186 eo
2446 1133 2607 1202 (quod
2631 1145 2716 1190 est
2739 1137 2839 1191 sub
2862 1139 3106 1214 scientia)
3131 1158 3348 1214 genere.
3397 1149 3618 1222 Propria

2032 1220 2288 1290 principia
2314 1223 2553 1293 quidem,
2598 1237 2659 1282 ut
2685 1229 2878 1286 lineam
2925 1247 3044 1290 esse
3082 1236 3364 1304 ejusmodi,
3397 1250 3452 1296 et
3495 1220 3618 1299 rec-

2031 1316 2168 1364 tum.
2215 1313 2528 1369 Communia
2571 1327 2769 1387 autem,
2808 1329 2883 1388 ut,
2910 1325 3134 1393 aequalia
3165 1327 3231 1383 ab
3256 1331 3548 1401 aequalibus
3572 1335 3618 1398 si

2032 1401 2264 1469 auferas,
2303 1406 2442 1474 quod
2483 1411 2702 1477 mqualia
2728 1413 2930 1484 reliqua
2971 1428 3112 1473 sunt.
3146 1421 3484 1484 Sufﬁcientes
3512 1443 3618 1485 auo

2033 1503 2138 1549 tem
2179 1501 2597 1593 unumquodque
2639 1505 2852 1576 horum,
2908 1523 3380 1589 quantumcunque
3424 1521 3479 1576 in
3525 1538 3618 1593 ge-

2030 1602 2158 1641 nere
2183 1600 2284 1644 est.
2311 1590 2452 1646 Idem
2477 1595 2618 1648 enim
2642 1596 2822 1662 faciet,
2876 1602 2975 1656 etsi
3008 1618 3110 1658 non
3141 1605 3207 1661 de
3233 1611 3483 1669 omnibus
3521 1590 3614 1671 ac-

2029 1680 2210 1749 cipiat,
2235 1683 2328 1736 sed
2354 1683 2407 1736 in
2433 1684 2883 1755 magnitudinibus
2907 1694 3103 1762 solum,
3127 1698 3477 1759 arithmeticae
3515 1690 3620 1761 au;

2030 1780 2139 1866 tem
2161 1773 2211 1866 in
2261 1777 2519 1831 numeris.
2549 1778 2682 1832 Sunt
2705 1790 2882 1836 autem
2911 1786 3122 1854 propria
3145 1790 3381 1860 quidem,
3420 1802 3475 1849 et
3496 1809 3616 1866 qua!

343 1866 423 1913 est
447 1858 595 1921 illud,
615 1873 718 1912 non
748 1868 926 1912 autem
952 1865 1035 1912 est
1054 1857 1194 1912 scire
1209 1864 1312 1911 hoc
1335 1857 1570 1926 quidem,
1596 1858 1641 1911 si
1678 1873 1741 1913 ex
1777 1859 1918 1912 veris
1956 1851 2006 1911 Β
2032 1865 2362 1934 accipiuntur
2383 1882 2525 1932 esse,
2567 1870 2704 1924 circa
2734 1888 2849 1941 qua:
2877 1851 3103 1932 scientia
3141 1851 3469 1953 speculatur,
3495 1851 3615 1958 qua:

343 1962 395 2007 et
452 1951 1015 2007 indemonstrabilibus
1067 1960 1423 2018 monstretur,
1480 1960 1533 2005 et
1578 1952 1919 2005 immediatis.

342 2043 439 2097 Est
474 2045 614 2098 enim
638 2043 715 2097 sic
743 2052 1043 2098 monstrare
1071 2042 1207 2097 sicut
1231 2042 1434 2112 Bryson
1467 2043 1919 2113 tetragonismon;

340 2135 630 2190 secundum
658 2151 941 2190 commune
971 2136 1110 2191 enim
1144 2145 1442 2191 monstrant
1467 2138 1704 2191 rationes
1735 2137 1923 2206 hujus-

339 2227 480 2281 modi
508 2227 647 2297 quod
676 2238 731 2282 et
750 2228 902 2283 alteri
929 2228 1084 2294 inest,
1113 2227 1255 2281 unde
1278 2236 1332 2282 et
1353 2227 1405 2281 in
1430 2227 1550 2281 aliis
1597 2227 1924 2282 conveniunt

339 2317 421 2370 hae
450 2319 681 2373 rationes
722 2333 828 2373 non
878 2321 1182 2388 congeneis.
1235 2318 1352 2372 Non
1403 2319 1579 2388 itaque
1624 2320 1919 2374 secundum

340 2409 466 2464 illud
490 2411 608 2479 scit,
633 2411 726 2466 sed
758 2412 1050 2467 secundum
1076 2412 1342 2476 accidens,
1372 2427 1476 2466 non
1505 2413 1646 2467 enim
1669 2415 1920 2469 convenit

342 2502 722 2558 demonstratio
770 2513 824 2558 et
869 2505 919 2558 in
967 2504 1110 2558 aliud
1139 2520 1328 2573 genus.
1363 2505 1788 2574 Unumquodque
1819 2521 1918 2558 au-

341 2604 446 2650 tem
471 2597 666 2650 scimus
689 2612 790 2651 non
819 2599 1109 2652 secundum
1137 2598 1406 2664 accidens,
1455 2613 1574 2653 cum
1622 2598 1916 2652 secundum

341 2684 464 2741 illud
493 2687 880 2756 cognoscimus,
915 2689 1205 2744 secundum
1239 2690 1379 2759 quod
1411 2701 1494 2744 εει
1522 2706 1586 2745 ex
1634 2692 1916 2759 principiis

340 2778 480 2832 illius
525 2780 575 2832 in
606 2791 857 2849 quantum
889 2780 1013 2834 illud
1043 2791 1142 2845 est,
1166 2789 1227 2834 ut
1250 2782 1458 2835 duobus
1492 2781 1653 2835 rectis
1687 2782 1920 2851 :equales

338 2865 556 2936 habere,
589 2871 670 2924 cui
703 2871 839 2926 inest
867 2887 961 2942 per
1003 2887 1061 2926 se
1097 2875 1237 2942 quod
1283 2874 1486 2926 dictum
1511 2885 1611 2938 est,
1637 2888 1701 2927 ex
1726 2873 1921 2942 princi-

339 2960 440 3030 piis
461 2960 618 3014 illius.
640 2960 811 3027 Quare
840 2962 882 3015 si
916 2977 1008 3029 per
1041 2978 1100 3016 se
1125 2972 1179 3017 et
1200 2963 1330 3016 illud
1359 2963 1495 3017 inest
1520 2963 1603 3017 cui
1637 2964 1792 3028 ineSI,
1827 2980 1919 3019 ne-

339 3067 488 3107 cesse
532 3064 613 3107 est
663 3053 892 3109 medium
946 3055 1000 3107 in
1046 3055 1232 3109 eadem
1287 3055 1626 3123 proximitate
1673 3070 1830 3121 esse;
1872 3055 1918 3110 si

343 3159 471 3200 vero
502 3162 606 3199 non
635 3145 724 3210 sit,
751 3147 841 3200 sed
864 3147 1001 3201 sicut
1033 3147 1341 3200 harmonit-a
1378 3162 1470 3212 per
1498 3146 1915 3211 arithmeticam,

341 3234 644 3305 huiusmodi
662 3239 1285 3292 autemdemonstrantur
1298 3237 1510 3305 quidem
1531 3237 1800 3301 similiter,
1824 3240 1916 3291 sed
1945 3217 1996 3283 θ

341 3328 605 3384 differunt.
655 3329 782 3384 Nam
816 3332 984 3400 ipsum
1017 3331 1227 3398 quidem
1270 3332 1391 3401 quia
1430 3331 1649 3385 alterius
1702 3330 1914 3399 quidem

341 3423 575 3477 scientia:
601 3432 702 3488 est,
728 3423 1025 3490 subjectum
1049 3424 1190 3477 enim
1221 3439 1387 3493 genus
1415 3425 1640 3478 alterum
1671 3434 1772 3484 est.
1821 3423 1917 3478 sed

341 3525 556 3584 promer
583 3516 726 3584 quid,
776 3525 858 3570 est
897 3517 1209 3585 superioris,
1241 3518 1394 3586 cujus
1427 3532 1520 3586 per
1557 3533 1613 3571 se
1642 3519 1916 3585 passiones

340 3616 478 3661 sunt.
509 3608 680 3672 Quare
707 3622 769 3661 ex
805 3607 886 3660 his
918 3607 1254 3661 manifestum
1286 3617 1367 3661 est
1390 3608 1529 3676 quod
1569 3624 1672 3660 non
1722 3609 1790 3661 sit
1825 3608 1917 3662 de-

341 3707 635 3752 monstrare
666 3700 1080 3768 unumquodque
1100 3698 1438 3767 simpliciter,
1481 3699 1635 3752 aliter
1663 3715 1818 3768 quam
1850 3715 1916 3754 ex

340 3789 567 3856 propriis
598 3788 1014 3856 uniuscujusque
1045 3789 1339 3856 principiis,
1389 3788 1482 3841 sed
1527 3789 1713 3842 horum
1763 3792 1916 3858 prin-

340 3884 475 3951 cipia
508 3882 708 3934 habent
755 3896 1057 3935 commune.
1110 3882 1164 3937 Si
1209 3891 1383 3934 autem
1419 3882 1758 3936 manifestum
1793 3884 1914 3950 hoc,

338 3977 678 4029 manifestum
731 3985 783 4028 et
828 3974 1074 4043 quoniam
1114 3991 1215 4028 non
1247 3986 1330 4028 est
1358 3976 1774 4045 uniuscujusque
1797 3991 1917 4044 pro-

339 4071 450 4138 pria
483 4069 737 4137 principia
766 4069 1150 4123 demonstrare.
1184 4070 1351 4123 Erunt
1378 4071 1521 4124 enim
1553 4071 1642 4123 illa
1674 4072 1916 4125 omnium

339 4160 620 4229 principia,
681 4169 734 4215 et
785 4161 1006 4214 scientia
1057 4175 1237 4214 eorum
1290 4161 1506 4215 domina
1555 4163 1815 4228 omnium,
1864 4171 1920 4217 et

338 4270 566 4322 namque
604 4253 703 4308 scit
733 4239 901 4324 magis
932 4269 997 4308 ex
1028 4255 1394 4323 superioribus
1423 4257 1599 4309 causis
1627 4256 1822 4319 sciens,
1850 4271 1917 4310 ex

336 4346 602 4413 prioribus
622 4346 764 4399 enim
784 4347 908 4411 scit,
933 4360 1052 4399 cum
1076 4361 1177 4400 non
1203 4362 1264 4400 ex
1296 4350 1526 4400 causalis
1548 4347 1678 4401 sciat
1705 4347 1914 4412 causis;

338 4453 503 4506 quare
533 4438 576 4489 si
607 4441 770 4507 magis
801 4430 919 4502 scit',
954 4448 1008 4492 et
1038 4440 1288 4501 maxime,
1341 4448 1396 4491 et
1444 4439 1663 4492 scicntia
1695 4439 1782 4492 illa
1814 4438 1918 4493 erit

336 4540 387 4583 et
409 4529 595 4598 magis,
618 4538 670 4582 et
699 4531 946 4584 maxime.
979 4530 1082 4586 Sed
1112 4530 1503 4584 demonstratio
1527 4546 1632 4584 non
1662 4532 1917 4585 convenit

286 4616 288 4618 ’
335 4625 390 4677 in
432 4619 571 4673 aliud
617 4635 780 4688 genus
826 4621 982 4675 aliter
1029 4636 1205 4690 quam,
1258 4629 1316 4674 ut
1343 4619 1542 4674 dictum
1573 4630 1916 4688 cst,geome-

334 4711 479 4766 lriczc
526 4713 576 4766 in
603 4713 1008 4776 machinativas,
1037 4722 1128 4766 aut
1154 4713 1542 4781 perspectivas,
1573 4722 1627 4767 et
1658 4713 1916 4768 arithme-

335 4806 453 4858 tica:
508 4807 558 4859 in
589 4806 948 4860 harmonicas.
983 4806 1206 4861 Difﬁcile
1247 4815 1425 4859 autem
1473 4814 1555 4859 est
1585 4820 1743 4859 nosse
1770 4807 1815 4859 si
1846 4822 1917 4861 ex

334 4897 746 4965 uniuscujusque
769 4896 1041 4965 principiis
1071 4897 1290 4965 scimus,
1326 4905 1413 4949 aut
1446 4909 1573 4960 non,
1617 4896 1758 4965 quod
1790 4897 1910 4964 qni-

333 4986 454 5041 dem
485 4998 566 5041 est
596 4990 752 5054 scire,
786 4989 1068 5056 opinamur
1098 4996 1276 5042 autem
1300 4987 1425 5053 hoc,
1455 4989 1498 5041 si
1530 4987 1821 5042 habeamus
1844 5004 1911 5043 ex

336 5082 476 5135 veris
503 5081 764 5150 aliquibus
788 5082 1156 5152 syllogismum
1181 5092 1233 5137 et
1263 5083 1452 5152 primis
1483 5083 1622 5137 scire
1649 5100 1662 5149 ;
1696 5083 1789 5139 sed
1813 5082 1914 5138 hoc

334 5187 439 5225 non
463 5181 561 5238 est,
586 5173 687 5227 'sed
717 5189 983 5244 congenea
1017 5182 1230 5242 oportet
1253 5188 1373 5229 esse
1403 5175 1611 5244 primis.

918 5284 1144 5340 CAPUT
1194 5284 1325 5339 Vlll.

334 5376 409 5429 De
431 5379 694 5448 principiis
719 5383 826 5429 tum
853 5377 993 5445 vagis
1023 5378 1476 5498 cogznunibusque
1502 5416 1516 5444 ,
1551 5386 1656 5430 tum
1689 5378 1915 5446 propriis

959 5463 1018 5498 ac
1045 5463 1075 5498 a
1154 5461 1288 5498 ictis.

959 5463 1018 5498 ac
1045 5461 1288 5499 αααιειιε.

402 5578 532 5631 Dico
555 5584 728 5627 autem
751 5573 1001 5642 principia
1025 5576 1076 5628 in
1097 5590 1422 5646 unoquoque
1446 5592 1665 5646 genere,
1688 5577 1777 5630 illa
1796 5592 1916 5645 quae

328 5666 703 5739 quoniamsint
727 5679 830 5717 non
847 5665 1110 5733 contingit
1138 5667 1524 5722 demonstrare.
1544 5667 1682 5734 Quid
1702 5668 1914 5737 quidem

329 5763 486 5830 igitur
503 5757 803 5828 signiﬁcent
827 5767 881 5811 et
905 5757 1073 5826 prima
1101 5767 1154 5812 et
1178 5775 1295 5828 quas
1320 5770 1521 5815 suntex
1553 5763 1757 5830 primis,
1779 5766 1916 5819 acci-

327 5853 580 5918 piendum
597 5867 611 5917 ;
627 5849 769 5917 quod
782 5847 796 5890 ῖ
805 5849 864 5908 ι’.
881 5846 1077 5910 auuadl
1095 5859 1270 5909 autem
1287 5851 1566 5925 principia,
1583 5855 1793 5925 quidem
1801 5855 1910 5928 [αη.

2029 1965 2152 2010 sunt
2184 1973 2278 2024 per
2300 1974 2378 2023 se,
2405 1973 2456 2012 ut
2482 1962 2816 2018 arithmetica
2841 1969 3092 2037 unitates,
3116 1976 3410 2040 geometria
3431 1986 3613 2036 autem

2029 2050 2177 2118 signa
2199 2061 2253 2105 et
2283 2052 2469 2120 lineas,
2501 2054 2613 2109 haec
2635 2058 2774 2110 enim
2806 2060 3067 2130 recipiunt
3093 2077 3233 2131 esse,
3266 2078 3319 2122 et
3343 2070 3444 2125 hoc
3468 2086 3613 2140 esse,

2028 2141 2220 2196 horum
2253 2156 2430 2197 autem
2485 2147 2760 2212 passiones
2809 2164 2903 2218 per
2944 2167 3022 2207 se.
3071 2154 3205 2221 Quid
3236 2160 3448 2226 quidem
3481 2179 3611 2220 una~

2027 2247 2250 2324 quaeque
2278 2233 2559 2302 signiﬁcet,
2604 2239 2892 2307 aceipiunt,
2921 2253 2978 2296 ut
3006 2246 3336 2305 arithmetica
3361 2254 3601 2324 quidem,

2025 2323 2151 2390 quid
2179 2339 2292 2392 par,
2334 2335 2424 2378 aut
2447 2326 2639 2396 impar,
2671 2340 2760 2384 aut
2790 2333 3106 2403 quadratus,
3133 2349 3222 2394 aut
3247 2342 3435 2409 cubus,
3481 2323 3610 2414 geo-

2025 2414 2213 2467 metria
2259 2429 2384 2469 vero
2421 2417 2546 2486 quid
2568 2419 2910 2488 irrationale,
2940 2435 3030 2480 aut
3074 2427 3295 2498 inflecti,
3342 2443 3431 2488 aut
3474 2450 3608 2492 con-

2024 2519 2262 2572 currere,
2296 2510 2435 2574 quod
2467 2519 2644 2565 autem
2672 2513 2800 2579 sint,
2833 2515 3202 2577 demonstrant
3246 2539 3340 2592 per
3365 2541 3608 2584 commu-

2023 2596 2131 2660 nia,
2167 2605 2219 2650 et
2264 2607 2328 2651 e’x
2371 2598 2539 2670 iisque
2575 2601 3028 2677 demonstrantur,
3061 2622 3116 2667 et
3140 2617 3425 2688 astrologia
3454 2619 3604 2676 simi-

2023 2688 2163 2743 liter.
2192 2691 2376 2745 Omnis
2403 2692 2544 2748 enim
2591 2695 3012 2756 demonstrativa
3065 2705 3288 2761 scientia
3334 2709 3474 2766 circa
3506 2713 3610 2771 tria

2023 2789 2121 2847 est,
2154 2798 2482 2854 quascunque
2510 2803 2630 2844 esse
2684 2803 2975 2861 ponuntur.
3009 2796 3134 2852 Hrec
3157 2809 3334 2857 autem
3365 2816 3490 2861 sunt
3515 2823 3608 2877 ge~

2023 2887 2146 2938 nus,
2177 2874 2327 2943 cujus
2350 2891 2444 2945 per
2471 2891 2530 2933 se
2553 2882 2858 2949 paséionum
2901 2887 3226 2952 speculativa
3252 2904 3355 2963 est,
3405 2906 3458 2950 et
3483 2874 3606 2967 quae

2020 2978 2333 3021 communes
2381 2968 2631 3024 dicuntur
2647 2973 2957 3042 dignitates,
2986 2992 3051 3031 ex
3078 2981 3267 3047 quibus
3295 2985 3482 3053 primis
3505 2988 3604 3043 de-

2022 3069 2343 3155 monstrant,
2375 3070 2430 3117 et
2455 3067 2666 3120 tertium
2699 3071 3000 3140 passiones,
3032 3092 3256 3146 quarum
3280 3082 3404 3152 quid
3443 3086 3606 3155 signi.

2023 3152 2146 3206 licet
2185 3169 2516 3226 unaquzeque
2557 3162 2773 3230 accipit.
2823 3165 3089 3231 Quasdam
3142 3181 3320 3229 tamen
3349 3152 3606 3237 scientias

2025 3244 2154 3298 nihil
2186 3245 2431 3314 prohibet
2479 3252 2721 3319 quaedam
2766 3270 2952 3313 eorum
3005 3262 3321 3332 despicere:
3352 3276 3411 3324 tit
3438 3286 3610 3342 genus

2023 3353 2132 3391 non
2171 3354 2472 3408 supponere
2519 3359 2678 3412 esse,
2731 3348 2776 3402 si
2843 3352 2912 3406 sit
2955 3357 3291 3415 manifestum
3349 3365 3606 3433 quoniam

2024 3438 2125 3494 est,
2168 3445 2273 3484 non
2303 3433 2444 3488 enim
2471 3434 2718 3492 similiter
2741 3442 3080 3500 manifestum
3108 3457 3191 3503 est
3220 3455 3471 3520 quoniam
3503 3473 3606 3513 nu-

2023 3534 2202 3618 merus
2254 3523 2341 3592 sit,
2394 3527 2611 3597 etquod
2654 3530 2907 3600 calidum,
2956 3545 3009 3590 et
3057 3538 3330 3610 frigidum,
3380 3556 3433 3600 et
3477 3564 3605 3618 pas-

2022 3617 2201 3672 siones
2231 3635 2336 3675 non
2367 3632 2450 3677 est
2475 3626 2715 3696 recipere
2737 3633 2862 3701 quid
2889 3635 3211 3706 signiﬁcent,
3253 3640 3298 3695 si
3339 3642 3446 3697 sint
3480 3617 3606 3700 uias

1998 3708 2249 3802 'nifestte,
2297 3713 2432 3768 sicut
2463 3732 2632 3786 neque
2658 3726 2962 3780 communia
2990 3742 3095 3782 non
3143 3730 3333 3800 recipit
3373 3733 3502 3802 quid
3534 3737 3607 3789 sio

2020 3800 2274 3868 gniﬁcent
2315 3807 2453 3872 quod
2501 3823 2582 3862 est
2632 3815 2851 3882 aequalia
2893 3816 2961 3869 ab
3015 3821 3308 3885 mqualibus
3361 3800 3598 3895 demere,

2021 3895 2272 3958 quoniam
2302 3905 2484 3950 notum
2514 3911 2614 3953 est.
2645 3902 2748 3956 Sed
2781 3905 2912 3958 nihil
2941 3908 3113 3962 minus
3151 3921 3335 3965 natura
3367 3916 3463 3968 tria
3488 3917 3603 3972 haec

2021 3984 2147 4047 sint,
2175 3984 2315 4040 circa
2347 3988 2489 4057 quod
2520 3991 2871 4060 demonstrat,
2902 4006 2954 4049 et
2994 4012 3114 4065 quae
3142 4001 3497 4072 demonstrat,
3548 4020 3604 4066 et

2021 4091 2084 4129 ex
2116 4079 2328 4144 quibus.
2376 4081 2490 4135 Non
2518 4093 2601 4137 est
2643 4089 2958 4154 suppositio.
2989 4106 3161 4154 neque
3208 4098 3415 4165 petitio,
3459 4105 3602 4169 quod

2020 4181 2241 4222 necesse
2285 4178 2365 4224 est
2406 4181 2623 4241 propter
2650 4177 2882 4245 seipsum
2914 4195 3052 4250 esse,
3081 4192 3133 4238 et
3162 4185 3330 4241 videri
3383 4205 3603 4252 necesse

2020 4266 2102 4313 est
2131 4277 2143 4310 :
2188 4275 2293 4314 non
2315 4270 2397 4316 est
2417 4263 2557 4318 enim
2583 4267 2648 4320 ad
2670 4269 3219 4333 exterius-'orationem
3262 4278 3596 4339 demonstra-

2021 4356 2118 4420 tio,
2151 4358 2246 4413 sed
2277 4359 2341 4413 ad
2368 4375 2485 4415 eam
2509 4378 2626 4432 quae
2658 4374 2739 4420 est
2783 4367 2837 4421 in
2889 4370 3088 4439 anima,
3128 4375 3378 4444 quoniam
3430 4392 3600 4448 neque

2022 4450 2379 4521 syllogismus.
2423 4454 2650 4526 Semper
2694 4461 2834 4514 enim
2867 4475 2948 4517 est
2997 4465 3197 4521 instare
3247 4468 3312 4521 ad
3361 4470 3600 4527 exterius

2025 4547 2342 4613 orationem,
2372 4549 2464 4603 sed
2495 4550 2556 4603 ad
2607 4552 2829 4607 interius
2869 4556 3165 4632 orationem
3217 4573 3321 4614 non
3362 4576 3598 4632 semper.

2025 4639 2366 4709 Qumcunque
2394 4657 2520 4711 ergo
2548 4644 2761 4710 quidem
2787 4629 3218 4706 demonstrabilia
3262 4669 3380 4709 esse
3409 4629 3598 4728 accipit

2025 4731 2138 4800 ipse
2179 4747 2282 4784 non
2311 4731 2709 4794 demonstrans,
2736 4736 2850 4790 haec
2888 4739 2931 4791 si
2963 4739 3174 4808 quidem
3207 4759 3325 4813 qua:
3354 4748 3598 4805 videntur

2023 4822 2268 4891 accipiat,
2301 4822 2526 4877 discenti
2570 4827 2886 4895 suppositio,
2931 4840 2987 4885 et
3033 4848 3137 4887 non
3168 4845 3252 4890 est
3284 4838 3597 4909 simpliciter

2021 4911 2336 4982 suppositio,
2368 4913 2459 4967 sed
2506 4914 2570 4968 ad
2604 4916 2747 4970 illum
2774 4921 2966 4986 solum,
3000 4925 3043 4977 si
3067 4939 3196 4980 vero
3247 4945 3418 5000 neque
3449 4935 3599 4991 unius

2022 5006 2307 5074 opinionis,
2337 5013 2429 5059 aut
2457 5009 2724 5063 contraria
2751 5020 2855 5078 est,
2903 5015 3144 5084 accipiat,
3176 5018 3312 5074 idem
3346 5024 3497 5090 petit.
3535 5027 3599 5080 Et

2021 5097 2074 5150 in
2103 5097 2202 5152 hoc
2230 5097 2408 5152 differt
2435 5100 2751 5168 suppositio,
2801 5111 2855 5159 et
2883 5106 3089 5175 petitio,
3134 5119 3216 5164 est
3244 5113 3386 5167 enim
3417 5115 3598 5182 petitio

2019 5189 2072 5242 in
2121 5190 2443 5243 contrarium
2494 5190 2752 5246 discentis
2816 5195 3073 5263 Opinioni,
3116 5209 3204 5252 aut
3251 5203 3598 5270 quodcunque

2017 5278 2210 5346 aliquis
2231 5279 2644 5335 demonstrabile
2664 5295 2786 5338 cum
2814 5285 2900 5349 sit,
2933 5286 3180 5354 accipiat,
3213 5297 3267 5343 et
3294 5299 3470 5346 utatur
3493 5308 3598 5354 non

2020 5373 2420 5429 demonstrans.
2445 5376 2682 5432 Termini
2718 5380 2875 5446 igitur
2902 5397 3007 5436 non
3031 5393 3155 5438 sunt
3182 5388 3596 5460 suppositiones.

2022 5476 2152 5530 nihil
2175 5477 2316 5531 enim
2333 5493 2453 5533 esse
2475 5488 2562 5532 aut
2585 5482 2825 5546 nonfesse
2847 5480 3050 5547 dicunt,
3082 5484 3175 5538 sed
3197 5485 3250 5540 in
3276 5490 3595 5559 ιιι-οι)οείιίοο

2020 5577 2177 5632 uibus
2203 5587 2326 5632 sunt
2347 5577 2755 5647 suppositiones.
2788 5571 3069 5636 Terminos
3103 5583 3275 5640 solum
3299 5587 3595 5659 intelligere

2019 5687 2250 5748 Oportet,
2285 5679 2385 5734 hoc
2409 5686 2585 5732 autem
2610 5693 2714 5732 non
2747 5689 2829 5734 est
2857 5684 3173 5751 Suppositio,
3207 5687 3306 5743 nisi
3335 5696 3388 5743 et
3413 5691 3593 5746 audire

2019 5773 2206 5840 aliquis
2246 5770 2663 5840 suppositionem
2706 5786 2825 5826 esse
2871 5774 3031 5840 dicat,
3063 5778 3155 5832 sed
3196 5781 3593 5854 quibttscunquu

2018 5860 2533 5946 existentibusiueo
2555 5862 2696 5930 quod
2726 5863 2817 5921 illa
2835 5875 2982 5949 sunt,
3013 5867 3386 5948 ﬁt_conclusio.
3412 5874 3591 5941 Noqnq
