4296 6266
1874 236 1901 258 \

696 330 800 389 733

1930 329 2037 389 ΔΝ.
2077 327 2290 388 MANL.
2329 319 2486 387 SEV.
2524 327 2753 384 BOETII

3862 325 3971 380 ΗΛ

695 456 873 500 autem
895 452 1165 514 geometra
1189 445 1318 501 talsa
1332 444 1602 515 supponit,
1627 442 1989 514 sicutqutoam
2005 443 2278 499 afﬁrmant
2307 447 2361 506 Δ
2387 445 2579 515 quibus
2619 443 2942 513 geometrica
2975 451 3078 511 est,
3104 452 3195 498 aut
3221 442 3360 513 quod
3391 456 3456 497 ex
3480 441 3682 498 eisdem
3711 450 3973 496 monstra-

694 537 937 591 diceutes
961 536 1103 607 quod
1130 546 1456 606 oportetnon
1477 535 1607 591 falso
1623 538 2276 605 utgeometram,mentiri

695 637 873 684 autem
897 630 1162 685 dicentem
1193 629 1385 684 lineam
1437 643 1558 684 esse
1589 628 1742 682 unius
1786 627 1957 699 pedis,
2006 643 2128 697 quae
2169 644 2278 684 non

697 731 777 777 est
811 723 965 778 unius
1010 724 1158 792 pedis
1205 731 1299 777 aut
1328 730 1527 776 rectam
1572 721 1787 787 lineam,
1814 736 1918 776 non
1940 732 2142 777 rectam
2165 724 2282 778 exi-

696 823 946 882 stentem,
970 817 1061 870 sed
1091 824 1362 886 geometra
1401 814 1534 867 nihil
1570 813 1865 868 secundum
1909 815 2048 872 hanc
2079 817 2279 873 lineam

697 905 987 972 concludit,
1019 920 1174 981 quam
1206 904 1319 972 ipse
1351 904 1550 972 posuit,
1575 905 1667 958 sed
1692 922 1809 973 qua:
1839 922 1933 973 per
1955 906 2070 961 Ιιεεε
2099 918 2283 963 osten-

702 1000 918 1051 duntur.
968 998 1226 1063 Amplius.
1262 997 1454 1051 Petitio
1492 1006 1546 1051 et
1590 998 1889 1067 suppositio
1937 1001 2133 1065 omnis,
2189 1012 2284 1056 aut

696 1090 833 1141 sicut
865 1096 1029 1139 totum
1060 1096 1163 1154 est,
1194 1096 1287 1141 ant
1316 1088 1365 1141 in
1386 1098 1558 1157 parte,
1584 1088 1799 1143 termini
1823 1099 1997 1145 autem
2034 1102 2284 1148 neutrum

695 1178 907 1231 horum.
964 1177 1186 1246 Species
1212 1180 1425 1248 quidem
1477 1180 1639 1247 igitur
1668 1194 1808 1244 esse,
1837 1190 1929 1234 aut
1976 1196 2137 1235 unum
2184 1183 2285 1236 ali-

674 1267 817 1335 quid
847 1279 995 1323 extra
1029 1269 1190 1324 multa
1216 1284 1319 1323 non
1353 1284 1575 1326 necesse
1604 1281 1685 1325 est
1706 1284 1845 1332 esse,
1872 1270 1917 1324 si
1947 1272 2285 1329 demonstra-

698 1360 770 1413 tio
798 1363 919 1427 erit,
974 1376 1095 1417 esse
1138 1369 1312 1417 tamen
1364 1379 1525 1418 unum
1553 1363 1620 1419 de
1647 1366 1829 1422 multis
1861 1382 2045 1421 verum
2080 1368 2281 1435 dicere,

696 1466 917 1508 necesse
946 1462 1046 1509 est.
1079 1451 1194 1507 Non
1221 1455 1364 1509 enim
1407 1457 1511 1510 erit
1555 1458 1852 1513 universale
1894 1458 1995 1513 nisi
2042 1458 2145 1514 hoc
2192 1461 2284 1517 sit.

699 1544 754 1600 Si
792 1559 918 1599 vero
945 1547 1246 1601 universale
1277 1563 1381 1601 non
1421 1551 1515 1613 sit,
1565 1550 1800 1611 medium
1833 1567 1938 1605 non
1966 1553 2088 1616 erit,
2117 1568 2286 1620 quare

697 1652 873 1705 neque
902 1635 1312 1703 demonstratio,
1344 1648 1556 1707 oportet
1584 1642 1761 1710 itaque
1784 1643 1986 1712 aliquid
2012 1660 2197 1708 unum,
2230 1654 2287 1701 et

699 1729 838 1783 idem
860 1729 928 1783 de
951 1718 1190 1797 pluribus
1227 1744 1347 1785 esse
1388 1745 1492 1785 non
1525 1735 1877 1800 atquivocum.
1926 1734 2041 1789 Non
2071 1737 2285 1791 centiu-

2387 546 2472 590 tur
2500 536 2828 604 geometriae,
2850 545 2906 590 ut
2925 535 3439 600 visibilia,similiter
3460 547 3638 587 autem
3669 534 3793 588 etin
3829 533 3968 586 aliis.

2385 627 2453 681 Et
2478 626 2546 681 de
2570 627 2634 681 iis
2660 627 2876 695 quidem
2902 637 2956 681 et
2979 628 3242 683 rationem
3274 627 3575 695 ponendam
3602 641 3722 679 esse
3748 641 3817 679 ex
3843 640 3972 693 geo-

2387 717 2625 772 metricis
2649 718 2929 788 principiis
2951 728 3005 773 et
3033 705 3494 786 c0nclnsionibus,
3538 720 3631 775 sed
3683 719 3977 789 principio;

2386 825 2508 863 rum
2558 812 2820 864 rationein
2869 826 2975 865 non
3036 811 3339 879 ponendam
3388 827 3509 866 esse
3544 822 3838 882 geometrae
3894 825 3976 865 se-

2388 900 2621 955 cundum
2664 902 2805 970 quod
2855 910 2941 955 est
2982 903 3298 972 geometria,
3340 902 3590 957 similiter
3614 913 3793 957 autem
3835 912 3890 956 et
3926 903 3977 955 in

2390 992 2507 1046 aliis
2528 993 2786 1047 scientiis.
2813 993 2997 1061 Neque
3023 1010 3195 1049 omne
3210 1004 3293 1049 est
3320 996 3503 1065 utique
3535 1013 3974 1066 unumquemque

2391 1083 2652 1137 scientem
2685 1085 3147 1154 interrogandum,
3175 1101 3347 1155 neque
3371 1086 3667 1140 secundum
3710 1102 3874 1140 omne
3903 1086 3986 1138 in-

2393 1184 2715 1239 terrOgatum
2742 1190 2862 1229 esse
2906 1176 3338 1244 respondendum
3385 1176 3450 1230 de
3497 1192 3839 1245 unoquoque,
3890 1175 3985 1229 sed

2392 1280 2510 1334 quze
2539 1273 2665 1317 sunt
2689 1264 2983 1319 secundum
3008 1268 3284 1321 scientiam
3312 1267 3689 1321 determinata.
3716 1269 3775 1323 Si
3799 1277 3983 1320 autem

2392 1355 2627 1424 disputet
2651 1370 2771 1409 cum
2815 1370 3112 1424 geometra,
3155 1358 3450 1412 secundum
3477 1358 3619 1427 quod
3655 1368 3741 1411 est
3770 1373 3985 1425 geome-

2394 1456 2497 1510 tra,
2536 1445 2611 1499 sic
2665 1448 3007 1501 manifestum
3039 1459 3122 1502 est
3151 1450 3293 1517 quod
3331 1459 3385 1503 et
3410 1450 3569 1513 bene,
3604 1449 3652 1502 si
3684 1465 3748 1503 ex
3796 1449 3861 1503 iis
3889 1450 3983 1502 ali-

2394 1536 2523 1605 quid
2550 1536 2900 1604 demonstret,
2934 1538 2977 1592 si
3009 1554 3138 1594 verc
3165 1557 3294 1605 non,
3327 1556 3431 1596 non
3456 1542 3612 1608 bene,
3641 1533 3980 1597 manilestum

2395 1636 2572 1681 autem
2595 1635 2679 1682 εει
2705 1629 2847 1695 quod
2868 1643 2970 1683 non
2989 1629 3161 1698 arguit
3186 1642 3538 1700 geometram,
3558 1616 3653 1689 sed
3683 1642 3774 1687 aut
3794 1649 3982 1688 secun-

2394 1720 2521 1775 dum
2536 1720 2805 1776 accidens.
2822 1710 2996 1788 Quare
3009 1738 3113 1776 non
3131 1724 3317 1793 utique
3332 1725 3430 1778 erit
3452 1726 3505 1779 in
3522 1726 3630 1779 non
3644 1727 3985 1795 geometricis

696 1834 827 1891 gere
853 1830 1029 1876 autem
1076 1822 1216 1876 idem
1258 1822 1415 1877 simul
1444 1823 1735 1890 afﬁrmare,
1761 1836 1815 1881 et
1846 1842 2063 1896 negare,
2107 1845 2284 1899 neque
2318 1817 2368 1881 Β
2395 1810 2462 1865 de
2501 1812 2792 1899 8°9meu‘ia
2833 1812 3235 1881 disputandum:
3272 1815 3456 1870 latebit
3480 1816 3623 1870 enim
3675 1833 3837 1886 Ρτθνε
3875 1818 3986 1872 d'S'

700 1930 803 1969 una
854 1916 1040 1984 recipit
1080 1916 1488 1981 demonstratio,
1522 1918 1617 1972 sed
1663 1930 1755 1974 aut
1784 1920 1829 1974 si
1874 1918 2291 1990 indigeatmon-

699 2016 873 2063 strare
896 2008 1293 2062 conclusionem
1325 2008 1421 2072 sic,
1453 2009 1755 2064 ostenditur
1798 2020 1974 2066 autem
2023 2014 2289 2082 accipien-

700 2098 843 2158 tibus
866 2099 1097 2167 primutn
1128 2099 1195 2153 de
1222 2098 1398 2153 medio
1429 2100 1569 2169 quod
1622 2116 1831 2167 verum,
1866 2118 2062 2171 negare
2108 2114 2288 2161 autem

701 2203 809 2245 non
836 2203 1041 2253 verum,
1071 2189 1304 2244 medium
1335 2198 1517 2243 autem
1548 2190 1679 2244 nihil
1703 2190 1881 2246 dilfert
1903 2206 2048 2261 esse,
2085 2204 2140 2248 et
2180 2210 2289 2252 non

700 2289 785 2337 est
824 2281 1087 2350 accipere,
1139 2281 1387 2337 similiter
1434 2289 1613 2337 autem
1664 2294 1719 2338 et
1778 2287 2011 2348 tertium,
2058 2286 2104 2341 si
2144 2290 2290 2342 enim

703 2373 1004 2444 assignetur
1031 2373 1097 2428 de
1126 2370 1305 2443 aliquo
1355 2374 1648 2441 hominem,
1682 2390 1864 2430 verum
1894 2388 1977 2433 est
2000 2377 2202 2443 dicere,
2236 2391 2293 2434 et

702 2466 747 2521 si
788 2480 893 2521 non
924 2466 1216 2531 hominem,
1241 2482 1445 2536 verum,
1471 2467 1565 2523 sed
1597 2469 1639 2522 si
1666 2470 1842 2525 solum
1872 2471 2141 2525 hominem
2173 2476 2289 2528 ani-

703 2558 810 2613 mal
840 2573 980 2623 esse,
1004 2573 1184 2623 omne,
1211 2574 1320 2613 non
1348 2559 1546 2614 animal
1584 2569 1765 2615 autem
1816 2576 1943 2616 non.
1995 2563 2110 2617 Erit
2145 2565 2291 2619 enim

705 2663 889 2705 verum
919 2649 1097 2705 dicere
1127 2650 1367 2717 Calliam,
1392 2653 1505 2708 sive
1532 2668 1638 2708 non
1671 2655 1892 2711 Calliam
1922 2670 2043 2712 esse
2065 2658 2289 2723 animal,

660 2764 663 2765 ν
704 2752 815 2798 non
850 2742 1046 2798 animal
1075 2754 1277 2812 autem,
1326 2762 1452 2801 rion.
1486 2747 1654 2802 Causa
1684 2759 1860 2806 autem
1897 2752 2142 2821 estquod
2174 2754 2288 2821 pri-

705 2852 852 2893 mum
893 2854 998 2893 non
1044 2837 1218 2893 solum
1260 2838 1328 2893 de
1368 2837 1544 2893 medio
1615 2840 1833 2907 dicitur,
1883 2844 1980 2899 sed
2032 2843 2101 2900 de
2157 2845 2290 2911 alio,

706 2941 926 3003 propter
950 2930 1003 2987 id
1031 2932 1170 3002 quod
1193 2930 1263 2987 de
1291 2932 1550 3001 pluribus,
1581 2949 1745 3004 qnare
1770 2951 1945 3007 neque
1975 2939 2021 2995 si
2056 2940 2293 2996 medium

705 3034 760 3079 et
786 3024 927 3081 idem
953 3034 1053 3093 est,
1088 3033 1143 3081 et
1170 3040 1279 3081 non
1312 3026 1473 3093 idem,
1498 3028 1563 3083 ad
1589 3030 1986 3088 conclusionem
2032 3034 2162 3089 nihil
2191 3034 2294 3089 dif-

706 3112 830 3173 fert.
880 3120 1172 3175 Commune
1201 3130 1378 3177 autem
1443 3120 1736 3189 affirmare,
1778 3134 1868 3180 aut
1912 3141 2131 3196 negare,
2173 3140 2295 3196 quze

2398 1915 2615 1974 putans,
2662 1905 2910 1960 similiter
2938 1916 3118 1962 autem
3148 1918 3202 1962 et
3226 1909 3277 1961 in
3308 1909 3427 1963 aliis
3452 1925 3511 1964 se
3539 1909 3696 1964 habet
3719 1909 3984 1965 scientiis.

2398 1994 2667 2060 Quoniam
2716 2004 2895 2049 autem
2950 2008 3074 2051 sunt
3131 2000 3473 2066 geometrica:
3517 2000 3985 2070 interrogationes,

2399 2099 2586 2138 nonne
2612 2095 2736 2138 sunt
2764 2096 2816 2139 et
2858 2102 2963 2140 non
3004 2091 3342 2152 geometrica:
3368 2089 3390 2141 ἲ
3419 2090 3485 2144 Et
3509 2106 3627 2160 qua:
3649 2101 3772 2145 sunt
3792 2106 3989 2147 SL'CUII‘

2338 2174 2345 2177 ’
2398 2174 2526 2228 dum
2547 2189 2979 2246 unamquamque
3000 2179 3303 2243 scientiam,
3322 2190 3377 2235 et
3398 2196 3520 2248 qua:
3533 2184 3828 2237 secundum
3850 2184 3991 2254 igno-

2400 2263 2629 2317 rantiam
2670 2266 2841 2334 qualis
2868 2267 3191 2336 geometrica
3217 2268 3341 2321 est?
3372 2269 3432 2322 Et
3463 2278 3641 2324 utrum
3672 2274 3761 2341 qui
3790 2287 3990 2328 secuno

2399 2352 2525 2407 dum
2568 2354 2918 2424 ignorantiam
2952 2356 3315 2426 syllogismus,
3348 2357 3438 2427 qui
3487 2369 3571 2413 est
3618 2376 3685 2415 ex
3726 2364 3996 2431 oppositis

2398 2446 2761 2517 syllogismus,
2782 2462 2847 2500 an
2864 2447 3288 2518 paralogismus?
3307 2448 3616 2505 Secundum
3637 2455 3994 2519 geometriam

2399 2546 2601 2603 autem,
2631 2548 2723 2591 aut
2760 2553 2823 2592 ex
2854 2536 2962 2592 alia
3006 2549 3120 2593 arte
3162 2550 3217 2593 ut
3268 2544 3493 2609 musica,
3521 2551 3610 2595 est
3640 2543 3993 2613 interrogatio

2399 2642 2506 2682 non
2535 2628 2883 2697 geometrica,
2908 2629 2976 2683 de
2997 2631 3324 2707 geometrica
3354 2642 3561 2696 autem,
3590 2645 3645 2686 ut
3667 2636 3731 2689 ad
3756 2636 3988 2693 invicem

2404 2718 2685 2788 parallelas
2720 2733 3045 2775 concurrere
3096 2721 3329 2788 Opinari,
3380 2726 3702 2792 geometrica
3736 2729 3993 2796 quodam-

2401 2809 2565 2864 modo
2600 2815 2703 2877 est,
2733 2818 2788 2864 et
2826 2825 2931 2865 non
2962 2814 3291 2881 geometrica
3335 2815 3443 2869 alio
3489 2817 3669 2883 modo,
3708 2818 3992 2887 dupliciter

2401 2902 2543 2956 enim
2569 2900 3219 2971 hoceStsicutamhmon,
3249 2907 3477 2963 alterum
3503 2912 3719 2980 quidem
3747 2929 3853 2967 non
3873 2929 3992 2983 geo-

2402 2982 2686 3047 metricum
2714 3005 2796 3049 est
2822 2995 2873 3049 in
2903 3010 3009 3049 non
3044 2993 3313 3064 habendo,
3337 3000 3563 3053 alterum
3594 3017 3723 3056 vero
3750 3003 3802 3057 in
3834 3019 3993 3071 prave

2403 3082 2674 3150 habendo,
2705 3094 2759 3139 et
2789 3084 3087 3155 ignorantia
3121 3089 3236 3142 hate
3275 3105 3396 3156 qua:
3424 3101 3507 3146 est
3548 3106 3613 3146 ex
3662 3093 3776 3161 ejus
3801 3097 3994 3162 princi-

1246 3175 1253 3177 _
1452 3175 1471 3177 η
1781 3175 1868 3180 η-
1914 3175 1976 3182 _--
2019 3175 2131 3192 --η
2176 3175 2291 3196 τ.--
2444 3175 2475 3185 ..
2782 3177 2791 3184 .
3241 3178 3252 3189 .
3300 3178 3309 3188 .
3877 3186 3885 3195 ,
3953 3188 3962 3196 ,

705 3215 789 3264 εει
818 3208 884 3263 ad
911 3209 1245 3280 impossibile
1286 3208 1698 3281 demonstratio,
1729 3216 1946 3284 accipit,
1981 3175 2034 3271 ξι
2056 3218 2157 3271 hoc
2190 3234 2290 3272 ne-
2320 3191 2373 3260 θ
2398 3188 2530 3284 ΞΙῘῨῘ
2561 3184 2827 3284 to"???
2854 3184 2955 3230 δι’
2992 3177 3049 3229 In
3079 3175 3348 3284 dPCtnmi
3369 3191 3548 3234 amem
3582 3197 3686 3237 non
3718 3193 3802 3237 ρει
3836 3200 3992 3284 ,⁵”¹ῗέ’

705 3314 808 3372 que
825 3315 1059 3370 semper,
1093 3302 1596 3371 universaliter,sed
1622 3316 1877 3375 quantum
1890 3308 2164 3362 sulliciens
2189 3321 2295 3375 est,

706 3391 977 3446 sufﬁciens
1003 3402 1181 3447 autem
1204 3402 1287 3448 est
1304 3394 1357 3447 in
1379 3410 1581 3464 genere
1602 3413 1617 3459 ;
1644 3396 1763 3450 dico
1780 3406 1957 3451 autem
1979 3396 2032 3451 in
2053 3414 2254 3469 genere
2271 3441 2289 3467 ,

708 3488 764 3533 ut
815 3483 955 3535 circa
1002 3482 1146 3552 quod
1199 3498 1367 3553 genus
1415 3484 1904 3543 demonstrationes
1958 3489 2098 3559 fert,
2152 3494 2297 3549 sicut

707 3574 905 3629 dictum
933 3583 1016 3630 est
1041 3575 1208 3644 prius.
1242 3574 1653 3632 Communicant
1681 3589 1855 3634 autem
1896 3596 2086 3639 omnes
2108 3586 2293 3640 scien-

707 3670 793 3724 tia:
837 3669 1129 3723 secundum
1170 3670 1495 3724 communia.
1554 3672 1867 3729 Communia
1917 3685 2095 3731 autem
2130 3679 2294 3747 dico,

706 3760 898 3830 quibus
942 3770 1161 3816 utuntur
1200 3770 1449 3830 tanquam
1494 3778 1560 3819 ex
1606 3763 1684 3820 eis
1714 3766 2169 3837 demonstrantes,
2199 3776 2297 3831 sed

706 3864 812 3906 non
856 3866 923 3907 ex
965 3851 1158 3921 quibus
1201 3851 1595 3923 demonstrant,
1655 3873 1827 3929 neque
1888 3862 2031 3931 quod
2073 3864 2300 3921 demou-

705 3953 895 4001 strant.
969 3946 1037 4001 Et
1086 3947 1363 4003 dialectica
1418 3950 1632 4019 quidem
1693 3952 1760 4007 de
1810 3953 2081 4019 omnibus,
2144 3966 2200 4011 et
2247 3959 2297 4013 si

705 4035 878 4106 aliqua
905 4037 1280 4094 universaliter
1305 4047 1476 4094 tentet
1521 4052 1824 4097 monstrare
1878 4047 2205 4113 communia,
2236 4058 2300 4102 ut.

706 4129 845 4197 quod
886 4138 969 4183 est
996 4128 1266 4185 affirmare
1296 4146 1456 4185 omne
1496 4143 1589 4185 aut
1631 4148 1846 4201 negare,
1906 4145 2000 4189 aut
2024 4137 2162 4205 quod
2214 4148 2302 4193 est

707 4218 935 4288 aequalia
966 4219 1033 4274 ab
1061 4222 1357 4292 aequalibus
1402 4222 1641 4289 demere,
1684 4234 1778 4277 aut
1805 4226 1985 4280 talium
2016 4228 2297 4296 quaelibet,

705 4310 801 4365 sed
841 4309 1117 4365 dialectica
1164 4326 1267 4365 non
1319 4322 1401 4366 est
1443 4314 1784 4368 delinitorum
1810 4316 1885 4370 sic
1913 4319 2293 4385 quorumdam,

708 4418 881 4473 neque
920 4403 1130 4471 generis
1151 4402 1373 4471 alicujus
1402 4406 1579 4471 unius,
1600 4420 1717 4459 non
1747 4407 1890 4460 enim
1916 4408 2295 4478 interrogaret,

708 4496 1162 4551 demonstrantem
1193 4505 1374 4550 autem
1404 4512 1507 4551 non
1548 4506 1631 4552 est
1682 4500 2038 4569 interrogare,
2070 4512 2295 4571 propter

708 4585 759 4640 id
786 4586 925 4656 quod
956 4588 1322 4657 oppositurum
1346 4602 1464 4644 esse
1486 4603 1592 4643 non
1620 4600 1879 4647 monstrat
1908 4591 2071 4648 idem.
2095 4594 2290 4650 Osten-
2323 4573 2383 4639 Π

710 4694 824 4734 sum
855 4690 1032 4735 autem
1052 4679 1262 4736 esthoc
1284 4682 1334 4736 in
1367 4681 1431 4737 iis
1459 4697 1578 4752 qua:
1605 4684 1671 4739 de
1701 4685 2036 4756 syllogismo.

1316 4798 1545 4857 CAPUT
1585 4800 1676 4856 IX.

711 4884 968 4957 Cujusque
996 4879 1623 4970 disciplinqpm'priettts,
1652 4893 2161 4967 accommodamus
2185 4912 2301 4951 esse

1297 4966 1718 5028 nterrogationes.

780 5084 839 5141 Si
865 5091 1045 5139 autem
1068 5080 1208 5137 idem
1232 5089 1317 5137 est
1334 5081 1681 5152 interrogatio
1706 5086 2057 5156 syllogistica,
2088 5100 2141 5144 et
2162 5104 2294 5159 pro-

709 5176 905 5246 positio
968 5171 1440 5240 eontradictionis,
1495 5174 1887 5244 propositiones
1937 5186 2115 5233 autem
2168 5194 2299 5237 sunt

709 5267 1007 5323 secundum
1053 5276 1484 5334 unamquamque
1524 5265 1826 5335 scientiam,
1871 5283 1938 5325 ea
1985 5271 2180 5343 quibus
2208 5284 2297 5330 est

706 5359 1075 5431 syllogismus,
1106 5355 1401 5413 secundum
1429 5372 1861 5431 unamquamque
1912 5374 2071 5419 erunt
2112 5366 2298 5435 utique

711 5453 908 5522 aliqua:
958 5451 1405 5524 interrogationes
1457 5453 1785 5521 scientiales,
1846 5471 1917 5511 ex
1972 5458 2165 5527 quibus
2203 5461 2297 5529 qui

713 5553 798 5600 est
817 5545 1114 5601 secundum
1137 5560 1564 5617 unamquamque
1588 5550 1834 5619 proprius
1856 5550 1915 5605 fit
1930 5552 2298 5621 syll0gismus.

712 5635 1052 5692 Manifestum
1080 5636 1259 5709 itaque
1287 5639 1426 5709 quod
1456 5652 1562 5694 non
1588 5640 1769 5695 omnis
1795 5641 2143 5711 interrogatio
2170 5659 2299 5712 geo-

715 5729 942 5783 metrica
964 5730 1085 5793 erit,
1116 5744 1288 5800 neque
1323 5730 1680 5800 medicinalis,
1725 5734 1971 5789 similiter
2020 5745 2199 5789 autem
2243 5748 2299 5793 et

706 5815 774 5876 in
818 5818 953 5886 aliis,
1003 5818 1097 5874 sed
1140 5832 1208 5875 ex
1251 5820 1443 5889 quibus
1473 5831 1565 5879 aut
1602 5834 1933 5883 monstratur
1975 5826 2176 5902 aliquid
2226 5831 2296 5887 de

2405 3264 2532 3318 liter
2578 3267 2989 3336 paralogismus,
3040 3269 3162 3337 quia
3208 3269 3444 3325 medium
3473 3287 3687 3343 semper
3712 3278 3995 3345 estdupli-

2407 3356 2567 3422 citer,
2605 3358 2803 3411 etenim
2834 3358 2903 3413 de
2932 3357 3035 3412 hoc
3064 3359 3233 3427 onmi,
3263 3371 3314 3414 et
3340 3360 3442 3416 hoc
3470 3363 3658 3417 iterum
3688 3365 3755 3420 de
3778 3368 3886 3421 alio
3917 3370 3996 3423 di-

2406 3445 2546 3499 citur
2590 3446 2755 3512 omni,
2813 3448 2955 3515 quod
3009 3457 3187 3505 autem
3246 3452 3588 3519 praedicatur,
3642 3471 3747 3509 non
3804 3459 3997 3514 dicitur

2408 3552 2589 3592 omne.
2624 3538 2747 3593 Haic
2794 3548 2972 3593 autem
3004 3551 3130 3597 sunt
3160 3553 3213 3597 ut
3242 3555 3324 3601 est
3367 3545 3548 3601 videre
3584 3546 3639 3602 in
3671 3548 3949 3605 intellectu
3979 3569 3993 3617 ;

2408 3627 2503 3682 sed
2529 3628 2579 3681 in
2601 3628 2932 3684 orationibus
2965 3631 3113 3699 latet,
3146 3644 3319 3688 utrum
3353 3640 3528 3692 omnis
3569 3641 3802 3696 circulus
3835 3642 3997 3711 ﬁgura

2408 3719 2499 3781 sit,
2524 3720 2569 3773 si
2599 3718 2862 3774 scribatur
2892 3732 3069 3777 autem
3101 3724 3442 3782 manifestum
3476 3739 3578 3785 est.
3614 3732 3749 3798 Quid
3794 3744 3994 3798 autem,

2408 3814 2586 3869 sintne
2615 3816 2849 3871 carmina
2881 3818 3157 3873 circulus?
3207 3822 3548 3878 manifestum
3602 3829 3850 3895 quoniam
3885 3844 3991 3884 non

2410 3918 2555 3959 sunt.
2604 3904 2722 3961 Non
2751 3916 2963 3975 oportet
2993 3920 3173 3965 autem
3205 3912 3510 3968 instantiam
3561 3920 3610 3971 in
3646 3918 3816 3987 ipsum
3860 3921 3997 3977 ferre

2409 3998 2457 4053 si
2486 4000 2555 4053 sit
2581 4000 2873 4067 propositio
2906 3999 3194 4065 inductiva,
3228 4004 3367 4057 sicut
3409 4009 3552 4060 enim
3595 4025 3768 4079 neque
3798 4026 3994 4079 propo-

2410 4088 2532 4143 sitio
2553 4096 2653 4153 est,
2683 4105 2801 4158 qua:
2841 4107 2944 4143 non
2987 4099 3069 4144 est
3114 4092 3168 4145 in
3206 4094 3468 4163 pluribus,
3510 4112 3614 4150 non
3646 4102 3789 4153 enim
3817 4102 3915 4153 erit
3944 4102 3994 4155 in

2408 4182 2679 4245 omnibus,
2706 4197 2772 4235 ex
2806 4182 3193 4237 universalibus
3224 4194 3401 4239 autem
3452 4188 3793 4257 syllogismus
3825 4193 4000 4244 mani.

2408 4269 2598 4323 festum
2630 4282 2713 4324 est
2742 4271 2881 4339 quod
2920 4288 3094 4341 neque
3146 4264 3393 4328 instantia
3448 4285 3551 4341 est,
3594 4279 3796 4332 etcdem
3845 4281 3993 4335 enim

2408 4369 2534 4414 sunt
2559 4361 2950 4430 propositiones
2996 4376 3051 4419 et
3092 4365 3383 4434 instantire,
3406 4384 3575 4436 quam
3603 4369 3744 4423 enim
3777 4370 3876 4425 fert
3908 4374 3994 4426 in-

2408 4455 2685 4521 stantiam,
2738 4457 2853 4511 ba‘c
2899 4454 2990 4512 ﬁet
3020 4459 3199 4529 utique
3227 4459 3522 4529 propositio
3547 4462 3991 4527 demonstrativa,

2405 4556 2501 4599 aut
2529 4547 2822 4601 dialectica.
2852 4548 3127 4620 Contingit
3156 4540 3332 4607 autem
3378 4552 3633 4623 quosdam
3678 4571 3784 4609 non
3814 4556 3989 4625 syllo-

2404 4636 2594 4708 gistice
2634 4636 2813 4693 dicere
2866 4651 3083 4709 propter
3129 4642 3183 4695 id
3233 4645 3377 4711 quod
3430 4644 3699 4714 accipiunt
3754 4646 3995 4716 utrisque
4076 4708 4081 4713 ,

2406 4728 2814 4798 consequentia,
2848 4738 2906 4783 ut
2932 4728 3230 4787 ctCmneus
3262 4732 3389 4789 facit
3436 4735 3576 4805 quod
3618 4736 3751 4805 ignis
3780 4738 3831 4790 in
3856 4737 3998 4790 mul-

2405 4826 2641 4895 tiplicata
2665 4826 2904 4894 analogia
2929 4827 3007 4896 fit,
3034 4836 3087 4881 et
3108 4844 3341 4899 namque
3364 4830 3498 4899 ignis
3543 4831 3650 4885 cito
3682 4841 3993 4901 generatur,

2405 4921 2544 4972 sicut
2569 4918 2717 4987 dicit,
2748 4927 2802 4973 et
2832 4918 2945 4974 haec
2974 4926 3058 4975 est
3100 4921 3364 4989 analogia.
3398 4920 3487 4976 Sic
3530 4930 3708 4976 autem
3762 4939 3865 4977 non
3912 4932 3997 4979 est

2406 5009 2781 5078 syllogismus,
2805 5011 2899 5065 sed
2918 5011 2963 5065 si
2987 5011 3324 5065 velocissima
3345 5012 3586 5082 analogia
3612 5013 3853 5082 sequitur
3867 5013 4001 5068 mul-

2411 5100 2676 5167 tiplicata,
2705 5110 2759 5155 et
2786 5102 2961 5173 ignem
2987 5103 3320 5157 velocissima
3345 5105 3396 5157 in
3415 5103 3709 5158 mutatione
3734 5106 3994 5174 analogia.

2406 5190 2721 5260 Aliquando
2750 5193 2964 5261 quidem
2987 5194 3148 5263 igitur
3173 5193 3489 5264 syllogizare
3520 5210 3624 5248 non
3655 5195 3912 5264 contingit
3935 5212 3997 5248 ex

2406 5281 2668 5350 acceptis,
2703 5282 2992 5352 aliquando
3018 5298 3147 5337 vero
3176 5284 3455 5353 contingit,
3496 5286 3590 5339 sed
3623 5299 3729 5338 non
3759 5284 3989 5338 videtur.

2406 5374 2466 5429 Si
2494 5385 2678 5430 autem
2700 5386 2839 5430 esset
2856 5377 3189 5446 impossibile
3204 5393 3268 5433 ex
3290 5378 3441 5433 falsis
3459 5393 3644 5434 verum
3668 5389 3993 5444 monstrare,

2408 5466 2566 5522 facile
2596 5468 2777 5537 utique
2805 5477 2947 5524 esset
2972 5470 3266 5539 resolvere,
3290 5480 3736 5527 converterentur
3759 5474 3902 5528 enim
3932 5489 3997 5527 ex

2410 5560 2755 5615 necessitate.
2786 5559 2869 5617 Sit
2902 5561 3045 5617 enim
3076 5578 3110 5616 a
3132 5576 3251 5627 ens,
3286 5562 3388 5616 hoc
3415 5573 3590 5619 autem
3619 5578 3741 5618 cum
3794 5565 3884 5629 sit,
3936 5578 3999 5616 ea

2409 5653 2601 5723 utique
2622 5664 2747 5709 sunt
2788 5670 2907 5723 qua:
2938 5657 3058 5710 novi
3089 5657 3343 5727 quoniam
3373 5668 3499 5713 sunt
3527 5667 3585 5713 ut
3608 5660 3657 5723 ὁ,
3690 5674 3757 5714 ex
3786 5659 3867 5712 bis
3898 5658 4002 5728 igi-

2412 5752 2500 5797 tur
2521 5744 2828 5799 monstrabu
2849 5747 3100 5814 quoniam
3123 5747 3249 5801 illud
3273 5757 3378 5803 est.
3400 5749 3799 5803 Convertuntur
3819 5758 3999 5803 autem

2343 5896 2383 5919 ἓν
2409 5834 2588 5908 magis
2627 5849 2748 5908 quas
2788 5847 2914 5899 sunt
2937 5838 2992 5897 in
3021 5840 3437 5918 mathematicis,
3487 5840 3741 5918 quoniam
3788 5839 4003 5903 uultum
