4296 6266
392 368 499 437 725

945 380 1429 441 POSTERIOR-UM
1468 376 2009 439 ANALYTICORU‘M
2046 379 2498 442 ARISTOTELIS
2536 382 3113 444 INTERPRETATIO.

3547 389 3652 446 720

392 494 655 563 recipiunt
679 493 925 551 accidens
952 494 1031 564 (et
1050 488 1111 550 in
1125 497 1228 551 hoc
1244 497 1499 553 diii'ernnt
1522 497 1589 551 ab
1620 496 1685 551 iis
1708 510 1824 565 quae
1851 504 1976 549 sunt
2002 496 2058 555 Δ
2080 512 2256 554 causas
2277 509 2358 556 est
2384 501 2437 555 in
2466 502 2641 556 media
2673 503 2861 573 ﬁgura,
2895 514 2951 561 ut
2981 509 3051 561 sit
3074 521 3107 559 a
3136 504 3354 573 animal,
3386 506 3439 561 in
3468 522 3577 577 quo
3597 514 3656 574 ,ι

392 587 444 640 iu
472 585 744 657 dialogis),
796 586 891 641 sed
934 586 1290 643 deﬁnitiones.
1342 591 1836 658 Augenturautem
1868 601 1974 641 non

394 692 487 745 per
515 678 712 745 media,
743 679 836 733 sed
867 679 922 733 in
970 681 1306 746 assumendo,
1341 692 1398 735 ut
1429 698 1460 734 a
1487 682 1554 736 de
1582 682 1631 747 ὁ,
1666 681 1767 735 hoc
1794 690 1971 736 autem

392 769 460 824 de
488 786 533 824 c.
569 771 698 825 Item
730 772 829 826 hoc
855 771 923 826 de
952 772 1007 841 ά,
1039 781 1092 826 et
1122 773 1221 828 hoc
1247 775 1299 828 in
1331 774 1612 839 inﬁnitum,
1641 784 1693 828 et
1723 774 1775 828 in
1806 774 1965 840 latus,

393 872 450 916 ut
478 880 510 917 a
537 864 605 919 de
646 880 693 928 c,
726 873 779 919 et
801 865 869 919 de
895 880 942 927 ε,
977 872 1034 919 ut
1063 874 1145 919 est
1173 880 1427 920 numerus
1457 877 1709 935 quantus,
1756 866 1837 920 vel
1890 866 1972 919 in-

390 953 592 1009 ﬁnitus.
623 955 733 1009 Hoc
761 965 935 1008 autem
961 956 1014 1008 in
1037 971 1144 1024 quo
1172 956 1291 1010 sita
1319 971 1576 1011 numerus
1600 959 1770 1026 impar
1799 972 1971 1027 quan-

391 1052 476 1098 tus
505 1045 554 1099 in
581 1060 686 1113 quo
713 1045 763 1108 b,
800 1060 1058 1099 numerus
1104 1047 1276 1115 impar
1298 1048 1350 1101 in
1389 1064 1495 1118 quo
1520 1066 1565 1109 ε,
1599 1058 1679 1103 est
1707 1059 1762 1105 et
1792 1052 1968 1118 itaque

390 1152 420 1186 a
447 1136 513 1191 de
534 1152 577 1199 ε,
605 1146 657 1189 et
686 1145 767 1191 est
789 1152 883 1205 par
905 1145 1138 1207 quantus
1167 1154 1421 1194 numerus
1467 1140 1519 1194 in
1548 1155 1655 1209 quo
1682 1142 1752 1197 sit
1790 1142 1842 1208 ά,
1874 1156 1969 1211 par

387 1225 637 1280 numeru’s
665 1226 719 1280 in
747 1242 853 1295 quo
880 1237 963 1281 est
991 1244 1037 1293 ε,
1066 1236 1150 1283 est
1180 1243 1307 1298 ergo
1332 1245 1365 1281 a
1392 1229 1459 1285 de
1501 1247 1545 1283 e.

1005 1339 1228 1395 CAPUT
1270 1341 1336 1395 Χ.

524 1428 602 1483 De
629 1430 1068 1485 demonstratione
1089 1442 1295 1501 propter
1322 1436 1468 1499 autd,
1497 1442 1543 1487 et
1572 1436 1709 1503 quod
1729 1445 1820 1489 est.

406 1508 409 1509 ν
456 1518 561 1574 Sed
593 1521 715 1587 quia
749 1520 952 1585 differt,
976 1532 1029 1575 et
1053 1530 1265 1591 proptet
1294 1524 1421 1591 quid
1450 1520 1619 1590 scire,
1653 1526 1877 1592 primum
1910 1526 1964 1581 in

385 1610 574 1665 eadem
625 1611 883 1679 scientia,
924 1613 1066 1666 etin
1116 1613 1211 1668 hac
1241 1615 1542 1685 dupliciter.
1587 1616 1701 1671 Uno
1746 1619 1960 1686 quidem

384 1701 546 1755 modo
582 1702 627 1756 si
667 1718 773 1757 non
820 1719 914 1771 per
951 1703 1259 1759 immediata
1299 1706 1389 1761 ﬁat
1432 1708 1804 1779 syllogismus,
1855 1725 1958 1763 non

383 1790 525 1844 enim
557 1791 814 1859 accipitur
854 1792 1025 1860 prima
1066 1807 1260 1860 causa,
1301 1794 1393 1849 sed
1424 1811 1542 1865 quae
1580 1808 1798 1867 propter
1826 1798 1951 1867 quid

2075 594 2362 661 respirare,
2420 594 2473 648 in
2500 609 2605 663 quo
2635 611 2661 647 c
2693 598 2875 665 paries
2899 639 2913 661 ,
2955 598 3007 652 in
3037 614 3143 667 quo
3180 598 3210 652 ὁ
3236 599 3452 670 quidem
3496 600 3658 669 igitur

2075 685 2221 738 omni
2246 693 2329 739 est
2346 700 2399 748 α,
2416 701 2575 740 omne
2588 687 2731 740 enim
2752 687 3023 757 respirans
3038 697 3119 745 est
3133 691 3347 754 animal,
3362 693 3416 745 in
3434 701 3654 749 cautem

2076 775 2251 839 nullo,
2282 791 2447 846 quare
2477 793 2653 845 neque
2673 778 2699 830 b
2724 779 2778 833 in
2805 796 2833 833 ο
2860 782 3008 835 nullo
3035 791 3139 851 est,
3174 796 3279 836 non
3305 784 3464 853 igitur
3484 786 3657 854 respi-

2072 876 2155 920 rat
2212 869 2407 936 paries.
2464 869 2858 937 Comparantur
2897 880 3076 926 autem
3122 872 3421 943 huiusmodi
3474 890 3654 931 causa

2073 957 2368 1012 secundum
2401 960 2774 1015 excellentiam
2806 960 2996 1025 dictis,
3027 961 3131 1016 hoc
3156 971 3332 1018 autem
3360 974 3444 1019 est
3484 966 3651 1034 pluri-

2072 1066 2217 1105 mum
2262 1052 2468 1107 distans
2522 1052 2757 1107 medium
2804 1053 3019 1120 dicere,
3066 1053 3204 1107 sicut
3229 1054 3372 1109 enim
3413 1054 3539 1110 illud
3569 1068 3654 1113 est

2072 1142 2215 1211 quod
2252 1144 2688 1212 Anarcharsidis,
2716 1144 2861 1215 quod
2902 1147 2954 1199 in
2984 1144 3198 1214 Scythis
3226 1159 3335 1199 non
3364 1159 3483 1201 sunt
3521 1149 3651 1203 sibi»

2072 1232 2301 1296 latores,
2328 1250 2503 1306 neque
2532 1236 2673 1290 enim
2701 1238 2859 1291 vites.
2890 1235 3196 1292 Secundum
3220 1237 3383 1306 igitur
3407 1237 3651 1292 eamdem
3724 1308 3733 1313 ἢ

2069 1324 2383 1389 scientiam,
2429 1340 2484 1380 et
2518 1326 2813 1382 secundum
2856 1328 3154 1382 mediorum
3185 1328 3531 1396 positionem,
3568 1329 3650 1382 ha:

2069 1414 2386 1471 differentiae
2411 1430 2526 1471 sunt
2563 1419 2757 1486 ipsius,
2781 1420 2903 1489 quia
2928 1419 2992 1472 ad
3021 1435 3141 1475 eum
3170 1420 3260 1488 qui
3282 1428 3498 1490 propter
3523 1419 3652 1488 quid

2070 1516 2154 1560 est
2197 1506 2582 1577 syllogismum.
2642 1508 2764 1563 Alio
2811 1518 2990 1564 autem
3058 1509 3217 1563 modo
3269 1508 3449 1563 diﬁ’ert
3490 1524 3653 1578 prop-

2070 1606 2153 1650 ter
2179 1596 2305 1665 quid
2334 1598 2400 1651 ab
2425 1599 2541 1667 ipso
2563 1601 2709 1668 quia,
2739 1600 2879 1668 quod
2905 1609 2985 1653 est
3031 1614 3125 1668 per
3171 1600 3330 1654 aliam
3371 1601 3651 1657 scientiam

2068 1697 2359 1760 utrumque
2414 1692 2701 1759 speculari.
2735 1691 3051 1761 Huiusmodi
3086 1700 3262 1747 autem
3308 1703 3458 1758 sunt,
3505 1709 3653 1763 qua:-

2070 1800 2282 1854 cuuque
2312 1784 2389 1839 sic
2417 1800 2475 1839 se
2508 1785 2711 1841 habent
2740 1788 2805 1840 ad
2837 1788 3092 1850 invicem,
3128 1787 3269 1857 quod
3298 1786 3523 1842 alterum
3550 1787 3653 1843 sub

385 1881 638 1948 scientia,
671 1890 753 1937 est
778 1882 1074 1938 secundum
1119 1887 1342 1955 primam
1376 1902 1612 1945 causam.
1645 1891 1765 1945 Alio
1800 1893 1958 1947 modo
1986 1876 2038 1937 Β
2066 1891 2081 1929 ³

1986 1876 2038 1937 Β
2066 1874 2238 1929 altero
2264 1885 2367 1940 est,
2400 1886 2454 1931 ut
2482 1879 2818 1947 perspectiva
2849 1879 2915 1933 ad
2950 1880 3331 1948 geometriam,
3363 1892 3416 1935 et
3451 1882 3655 1936 machi-

382 1974 432 2028 si
458 1989 550 2042 per
589 1975 893 2031 immediata
924 1976 1172 2047 quidem,
1206 1980 1300 2035 sed
1332 1997 1439 2036 non
1472 1999 1570 2053 per
1597 1999 1834 2054 causam,
1866 1987 1959 2042 sed

382 2079 480 2133 per
501 2066 899 2133 convertentia,
930 2078 983 2123 et
1013 2084 1107 2138 per
1146 2072 1348 2136 notius,
1384 2075 1631 2141 prohibet
1660 2077 1799 2130 enim
1829 2077 1959 2132 nihil

380 2169 534 2223 aeque
592 2156 993 2225 prmdicantinm
1026 2200 1042 2225 ,
1104 2161 1280 2215 notius
1336 2163 1624 2231 aliquando
1680 2180 1799 2221 esse
1854 2183 1959 2221 non

380 2258 572 2312 causa,
600 2262 766 2314 quare
808 2263 901 2316 per
931 2248 1067 2305 hanc
1114 2252 1215 2305 erit
1262 2251 1672 2309 demonstratio.
1707 2257 1773 2312 Ut
1816 2258 1959 2327 quod

381 2350 546 2405 prOpe
586 2339 695 2392 sint
739 2340 969 2408 planetae
992 2383 1006 2407 ,
1039 2357 1131 2412 per
1165 2343 1291 2398 illud
1318 2346 1459 2412 quod
1502 2364 1607 2403 non
1638 2350 1955 2417 scintillare,

380 2426 447 2482 sit
486 2428 537 2481 in
565 2444 670 2498 quo
702 2445 728 2481 c
777 2430 1039 2500 planetae,
1090 2434 1141 2487 in
1186 2450 1291 2503 quo
1320 2435 1349 2487 ὁ
1388 2452 1493 2490 non
1542 2438 1870 2505 Scintillare,
1905 2443 1957 2496 in

382 2531 489 2586 quo
518 2533 549 2569 a
592 2532 758 2587 prope
782 2534 934 2588 esse,
976 2537 1163 2577 verum
1193 2525 1355 2594 igitur
1399 2535 1483 2580 est
1510 2528 1575 2582 de
1613 2545 1639 2581 ε
1680 2529 1706 2581 b
1736 2530 1915 2586 dicere
1938 2575 1953 2597 ,

379 2608 608 2677 planetae
653 2610 793 2665 enim
852 2626 958 2667 non
990 2614 1315 2683 scintillant,
1360 2620 1453 2673 sed
1487 2628 1539 2673 et
1585 2638 1616 2673 a
1644 2622 1710 2675 de
1740 2622 1797 2689 b,
1850 2640 1957 2679 non

379 2700 675 2756 scintillans
706 2704 849 2757 enim
890 2719 1055 2775 prope
1081 2717 1183 2761 est.
1218 2708 1327 2763 Hoc
1368 2719 1545 2764 autem
1576 2712 1835 2782 accipitur
1867 2729 1962 2783 per

379 2790 744 2848 inductionem
763 2832 780 2859 ,
821 2804 910 2849 aut
938 2810 1036 2865 per
1065 2812 1306 2863 sensum,
1338 2815 1561 2856 necesse
1590 2817 1718 2872 ergo
1742 2820 1773 2855 a
1804 2804 1901 2874 ipsi
1933 2823 1965 2859 ε

381 2882 583 2951 inesse,
609 2898 775 2953 quare
797 2885 1225 2943 demonstratum
1248 2900 1331 2944 est
1360 2890 1501 2961 quod
1537 2892 1763 2961 planetae
1792 2908 1962 2965 prope

377 2982 525 3028 sunt.
559 2973 654 3029 Hic
694 2990 823 3045 ergo
864 2979 1207 3048 syllogismus
1234 2995 1340 3035 non
1379 2991 1461 3036 est
1514 2993 1736 3053 propter
1767 2986 1918 3056 .quid
1940 3028 1955 3052 ,

374 3062 469 3118 sed
525 3063 647 3132 quia
680 3104 696 3130 ,
747 3080 852 3119 non
902 3066 1046 3121 enim
1094 3082 1159 3122 ex
1204 3084 1271 3125 eo
1319 3070 1462 3140 quod
1505 3087 1611 3127 non
1657 3075 1962 3132 scintillant

373 3165 544 3222 prope
569 3165 692 3207 sunt
715 3194 731 3220 ,
778 3155 869 3210 sed
898 3166 1115 3227 pr0pter
1140 3156 1269 3213 illud
1294 3162 1435 3230 quod
1459 3177 1625 3233 prope
1662 3174 1817 3231 sunt,
1848 3147 1981 3222 non.

2067 1970 2246 2023 nativa
2272 1970 2337 2023 ad
2362 1972 2813 2038 stereometriam,
2845 1982 2898 2027 et
2927 1971 3239 2028 harmonica
3266 1973 3333 2027 ad
3356 1973 3652 2028 arithmeti-

2066 2075 2186 2114 cam
2215 2100 2227 2122 .
2279 2070 2335 2116 et
2363 2062 2676 2131 apparentia
2722 2063 2788 2117 ad
2838 2062 3199 2132 astrologiam.
3252 2063 3389 2118 Fere
3436 2064 3651 2133 quidem

2065 2153 2315 2209 univocua
2346 2164 2471 2210 sunt
2506 2154 2694 2209 harum
2726 2155 2966 2224 quaedam
2997 2155 3341 2210 scientiarum
3361 2198 3377 2221 ,
3398 2164 3458 2210 ut
3479 2166 3653 2211 astro-

2066 2244 2205 2315 logia
2232 2246 2635 2313 mathematica,
2661 2256 2715 2301 et
2744 2261 2861 2317 qua!
2895 2247 3101 2302 navalis
3128 2256 3230 2313 est,
3252 2255 3311 2303 et
3338 2246 3651 2304 barmonica

2069 2337 2488 2402 mathematica,
2533 2352 2651 2407 qua:
2696 2346 2778 2392 est
2814 2345 2869 2393 et
2908 2337 3199 2392 secundum
3240 2337 3503 2392 auditum.
3549 2337 3650 2393 llic

2066 2428 2215 2481 enim
2248 2426 2442 2496 ipsum,
2478 2428 2601 2496 quia
2631 2427 2963 2482 sensibilium
2988 2436 3072 2483 est
3095 2427 3265 2493 scire,
3300 2426 3396 2483 sed
3430 2438 3650 2496 promer

2068 2517 2228 2586 quid,
2284 2519 2809 2574 mathematicorum.
2852 2518 2915 2572 lli
2944 2520 3088 2572 enim
3124 2517 3323 2572 habent
3366 2532 3648 2572 causarum

2068 2607 2577 2673 demonstrationes,
2608 2618 2661 2664 et
2686 2608 2998 2678 frequenter
3022 2610 3270 2665 nesciunt
3297 2608 3491 2677 ipsum,
3524 2607 3650 2676 quia

2068 2700 2209 2754 sicut
2239 2701 2315 2755 illi
2366 2701 2674 2756 universale
2718 2701 3165 2765 considerantes,
3212 2712 3358 2768 sacpe
3404 2697 3648 2767 quaedam

2068 2790 2421 2860 singularinm
2446 2792 2712 2857 nesciunt,
2729 2791 3016 2863 propterid
3037 2790 3179 2860 quod
3206 2804 3312 2844 non
3340 2787 3645 2843 intendunt.

2068 2880 2205 2938 Sunt
2250 2893 2427 2938 autem
2458 2883 2573 2938 haec
2603 2899 2938 2953 quaecunque
2975 2884 3199 2936 alterum
3237 2879 3487 2950 quiddam
3522 2888 3650 2933 sunt

2070 2975 2367 3031 secundum
2396 2977 2777 3041 subetantiam,
2802 2987 2856 3030 et
2879 2984 3094 3030 utuntur
3116 2974 3415 3043 speciebus.
3448 2972 3648 3027 Mathe-

2069 3067 2281 3122 maticae
2302 3070 2445 3123 enim
2465 3070 2607 3122 circa
2624 3070 2833 3137 species
2856 3078 3003 3133 sunt,
3028 3083 3133 3122 non
3154 3066 3296 3120 enim
3314 3065 3383 3121 de
3400 3064 3646 3134 subjecto

2068 3160 2283 3229 aliquo,
2316 3160 2361 3215 si
2389 3160 2533 3215 enim
2575 3161 2642 3215 de
2668 3162 2846 3229 aliquo
2872 3161 3113 3230 subjecto
3141 3158 3464 3228 geometrica
3494 3165 3644 3223 sunt,

374 3242 690 3297 scintillant.
742 3244 1003 3301 Possibile
1061 3257 1143 3302 est
1196 3260 1373 3304 autem
1429 3258 1485 3306 et
1529 3268 1623 3321 per
1676 3255 1904 3311 alterum
1932 3304 1951 3327 ν
1992 3256 2043 3322 c
2077 3249 2169 3304 sed
2194 3264 2301 3303 non
2325 3256 2449 3303 sunt
2471 3249 2761 3305 secundum
2787 3251 2928 3320 quod
2956 3252 3278 3319 geometrica
3301 3259 3445 3305 sunt.
3476 3248 3651 3307 Habet

375 3333 601 3388 alterum
625 3346 943 3407 monstrare,
968 3349 1018 3394 et
1038 3341 1139 3394 erit
1162 3351 1381 3413 propter
1396 3344 1522 3413 quid
1539 3345 1955 3419 demonstratio,

375 3434 434 3479 ut
454 3426 565 3479 silc
588 3426 834 3495 planetas,
852 3428 906 3483 in
929 3446 1034 3499 quo
1058 3431 1086 3485 b
1114 3448 1277 3504 prope
1295 3450 1438 3504 esse,
1454 3455 1485 3490 a
1506 3453 1612 3493 non
1638 3441 1953 3511 scintillare,

374 3528 458 3575 est
489 3521 649 3591 igitur
678 3522 705 3575 b‘
732 3523 785 3576 in
813 3537 873 3589 ο,
904 3526 1045 3594 quod
1073 3534 1157 3580 est
1180 3542 1286 3582 non
1326 3528 1620 3587 scintillare
1640 3576 1655 3601 ,
1698 3548 1865 3604 quare
1902 3545 1958 3591 et

374 3614 431 3667 in
459 3628 507 3677 r,
529 3622 583 3667 et
612 3613 713 3668 erit
742 3626 962 3684 propter
993 3616 1118 3685 quid
1144 3618 1518 3691 syllogismus,
1554 3634 1775 3692 accepta
1809 3627 1953 3682 enim

373 3716 454 3760 est
474 3708 641 3776 prima
668 3722 851 3765 causa.
881 3710 1079 3766 lterum
1109 3715 1186 3769 sic
1208 3716 1387 3770 lunam
1411 3716 1787 3777 demonstrant
1809 3723 1952 3794 quod

375 3799 588 3867 quidem
634 3802 911 3857 circularis
939 3804 1010 3858 sit
1037 3820 1131 3875 per
1157 3806 1516 3874 incrementa,
1548 3813 1592 3865 si
1622 3812 1768 3867 enim
1810 3815 1953 3884 quod

375 3902 598 3960 augetur
627 3891 707 3969 sic
734 3892 992 3949 circulare
1021 3897 1235 3965 quidem
1284 3902 1388 3967 sit,
1420 3914 1645 3971 augetur
1665 3914 1844 3961 autem
1877 3909 1953 3963 sic

376 3978 523 4045 luna,
550 3982 887 4038 manifestum
904 3989 1149 4055 quoniam
1171 3991 1469 4059 circularis,
1489 3996 1564 4051 sic
1582 3997 1739 4066 igitur
1764 4000 1951 4069 ipsius,

376 4072 499 4142 quia
530 4072 696 4128 factus
725 4084 806 4130 est
836 4079 1195 4149 syllogismus,
1222 4098 1253 4139 e
1278 4100 1543 4143 οοιινετεο
1572 4098 1748 4144 autem
1780 4094 1954 4161 posito

376 4163 557 4218 medio
585 4166 749 4235 ipsius
773 4177 989 4237 propter
1015 4174 1154 4241 quod
1180 4174 1523 4246 syllogismus
1556 4178 1636 4235 ﬁt.
1672 4182 1784 4236 Non
1809 4182 1951 4236 enim

376 4262 597 4322 propter
646 4266 932 4327 augmenta
980 4259 1148 4331 ipsius
1191 4266 1475 4323 circularis
1520 4280 1634 4337 est,
1686 4270 1781 4326 sed
1830 4271 1954 4341 quia

377 4343 658 4401 circularis
683 4358 786 4415 est,
816 4350 1010 4421 accipit
1035 4366 1316 4423 augmenta
1346 4356 1672 4428 hujusmodi.
1706 4361 1854 4417 Luna
1883 4363 1957 4417 sit

374 4435 428 4489 in
489 4452 595 4505 quo
644 4455 706 4504 c,
756 4434 809 4494 in
860 4458 965 4511 quo
1014 4444 1042 4497 ὁ
1069 4446 1136 4499 sit
1170 4462 1549 4518 augmentum,
1582 4453 1651 4507 sit
1692 4454 1746 4509 in
1774 4472 1880 4526 quo
1925 4474 1958 4511 a

374 4529 654 4585 circulare.
689 4533 744 4587 In
774 4536 969 4605 quibus
992 4550 1171 4594 autem
1206 4543 1378 4597 media
1412 4560 1515 4600 non
1538 4560 1955 4618 convertuntur,

2070 3349 2249 3396 autem
2278 3355 2339 3395 se
2366 3340 2432 3395 ad
2464 3343 2851 3411 perspectivam
2880 3343 3015 3396 sicut
3040 3342 3156 3397 haec
3180 3341 3248 3395 ad
3274 3342 3645 3409 geometriam,

2067 3442 2121 3488 et
2166 3434 2265 3488 alia
2292 3434 2357 3489 ad
2382 3435 2537 3488 istam
2557 3474 2571 3497 ,
2604 3444 2661 3488 ut
2690 3435 2739 3490 id
2767 3434 2907 3502 quod
2938 3444 3022 3489 est
3044 3433 3112 3489 de
3150 3434 3286 3489 iride
3312 3433 3489 3501 ipsum
3529 3433 3650 3502 qui-

2066 3528 2187 3579 dem
2214 3528 2337 3597 quia
2362 3536 2445 3582 est
2470 3528 2607 3581 scire
2632 3525 2858 3597 physici,
2886 3526 2979 3581 sed
3005 3536 3219 3595 propter
3239 3525 3365 3595 quid
3396 3539 3648 3595 perspec-

2065 3617 2195 3681 tivi,
2253 3627 2343 3671 aut
2390 3618 2736 3684 simpliciter,
2796 3626 2889 3671 aut
2933 3618 3225 3672 secundum
3278 3616 3645 3686 disciplinam.

2067 3708 2246 3764 Multae
2286 3718 2501 3775 autem,
2541 3719 2596 3764 et
2624 3724 2730 3763 non
2761 3710 2861 3765 sub
2907 3724 2965 3764 se
3003 3709 3229 3763 invicem
3269 3708 3643 3775 scientiarum,

2067 3801 2266 3855 habent
2292 3802 2391 3864 sic,
2420 3807 2482 3855 ut
2531 3801 2791 3855 medicina
2822 3800 2885 3855 ad
2913 3800 3261 3870 geometriam
3281 3839 3297 3863 ,
3330 3798 3469 3866 quod
3499 3800 3641 3853 enim

2064 3893 2286 3945 vulnera
2321 3890 2604 3945 circularia
2626 3890 2832 3945 tardius
2857 3901 3133 3955 smantur,
3166 3888 3358 3945 medici
3385 3897 3468 3945 est
3502 3887 3643 3944 scire

2064 3983 2211 4051 quia,
2244 3991 2462 4051 propter
2485 3981 2610 4051 quid
2639 3990 2814 4035 autem
2836 3990 3144 4047 geometrae.

2677 4088 2901 4143 CAPUT
2941 4089 3030 4141 XI.

2064 4181 2301 4237 Primam
2321 4181 2540 4252 ﬁguram
2561 4180 2801 4234 maaa'mar
2818 4180 3046 4233 scientia:
3058 4193 3162 4233 esse
3182 4182 3637 4235 accommodatam.

2139 4273 2454 4342 Figurarum
2482 4284 2660 4327 autem
2691 4271 2890 4327 faciens
2912 4272 3050 4327 scire
3072 4270 3321 4333 maxime.
3342 4273 3516 4342 prima
3536 4284 3640 4329 est.

2066 4364 2456 4419 Mathematica!
2476 4364 2617 4418 enim
2646 4366 2995 4421 scientiarum
3031 4380 3123 4433 per
3153 4367 3289 4421 hanc
3308 4364 3644 4421 demonstra-

2066 4456 2240 4510 tiones
2270 4455 2481 4522 ferunt,
2517 4464 2575 4511 ut
2611 4458 2976 4524 arithmetica,
3007 4466 3063 4514 et
3086 4459 3398 4528 geometria,
3439 4470 3491 4514 et
3524 4474 3644 4526 per-

2073 4551 2310 4617 spectiva
2333 4589 2349 4615 ,
2378 4557 2433 4603 ct
2458 4548 2571 4605 fere
2592 4561 2674 4603 est
2701 4551 2881 4605 dicere
2906 4565 3235 4621 quaecunque
3263 4558 3476 4619 prOpter
3519 4549 3644 4620 quid

374 4627 430 4675 et
458 4630 541 4675 est
566 4624 745 4678 notius
776 4628 916 4695 quod
946 4644 1053 4684 non
1103 4642 1186 4687 est
1210 4648 1370 4689 causa
1391 4678 1406 4701 ,
1448 4639 1569 4707 quia
1605 4652 1957 4713 monstratur,
1981 4643 2039 4706 Ι)
2067 4643 2337 4712 speculari
2363 4642 2565 4698 faciunt
2586 4645 3096 4709 considerationem,
3121 4644 3374 4699 antenim
3399 4646 3641 4711 omnino,

374 4713 469 4766 sed
498 4725 551 4768 et
581 4728 795 4785 propter
826 4719 977 4789 quid,
1007 4737 1112 4776 non
1139 4725 1368 4795 amplius
1397 4726 1451 4782 in
1488 4730 1681 4799 quibus
1718 4734 1955 4791 medium

377 4814 530 4858 extra
555 4810 794 4876 ponitur,
831 4812 1029 4867 etenim
1062 4816 1112 4867 in
1151 4815 1233 4871 his
1260 4833 1365 4872 non
1404 4830 1623 4889 propter
1647 4824 1771 4891 qttid
1796 4863 1813 4890 ,
1863 4826 1958 4881 sed

374 4895 540 4965 ipsius
564 4899 687 4969 quia
711 4901 1121 4973 demonstratio,
1151 4923 1258 4962 non
1288 4910 1430 4965 enim
1457 4911 1651 4966 dicitur
1679 4928 1862 4968 causa.
1890 4916 1961 4971 Ut

374 5004 593 5059 propter
618 4995 745 5064 quid
773 5012 876 5050 non
896 5002 1338 5073 reSpiratparies,
1358 5006 1480 5074 quia
1502 5020 1605 5059 non
1636 5016 1713 5060 est
1734 5008 1955 5074 animal,

373 5082 417 5135 si
460 5083 603 5137 enim
637 5101 741 5140 non
766 5088 1065 5157 respirandi
1089 5106 1250 5148 causa
1281 5104 1364 5149 est
1392 5095 1521 5161 hoc,
1577 5107 1795 5168 oportet
1833 5113 1958 5155 esse

373 5175 569 5229 animal
620 5194 781 5243 causa
828 5183 1149 5252 respirandi.
1199 5186 1267 5242 Ut
1312 5189 1355 5242 si
1401 5192 1614 5260 negatio
1663 5208 1822 5247 causa
1871 5202 1962 5248 est

376 5267 539 5334 ipsius
570 5285 677 5324 non
736 5286 859 5327 esse
883 5316 900 5342 ,
944 5273 1234 5331 afﬁrmatio
1263 5294 1423 5334 causa
1470 5291 1553 5336 est
1589 5283 1753 5351 ipsius
1803 5299 1953 5352 esse,

366 5359 511 5413 sicut
538 5363 581 5415 si
608 5365 724 5419 sine
752 5381 1005 5421 mensura
1029 5386 1149 5423 esse
1173 5372 1341 5426 calida
1370 5382 1419 5425 ct
1448 5374 1658 5445 frigida,
1686 5390 1842 5428 causa
1874 5385 1958 5429 est

369 5464 476 5503 neu
504 5454 760 5517 sanandi,
801 5466 859 5508 et
891 5473 1139 5512 mensura
1174 5460 1331 5529 hujus
1360 5476 1516 5515 causa
1559 5466 1662 5517 erit
1709 5463 1953 5516 sauamli.

367 5540 638 5595 Similiter
659 5551 838 5596 autem
864 5555 918 5598 et
940 5547 982 5598 si
1014 5548 1303 5603 afﬁrmatio
1323 5560 1406 5605 est
1426 5565 1585 5606 causa
1615 5551 1782 5619 ipsius
1813 5566 1957 5617 esse,

366 5644 421 5686 et
457 5632 669 5695 negatio
701 5633 867 5700 ipsius
897 5652 1001 5689 non
1026 5653 1164 5691 e350.
1194 5639 1249 5693 ln
1284 5642 1365 5695 his
1395 5652 1572 5696 autem
1609 5646 1687 5697 sic
1735 5643 1962 5697 demon-

371 5724 557 5779 stratis
612 5741 715 5779 nnn
763 5728 1027 5795 contingit
1066 5732 1206 5799 quod
1256 5732 1452 5796 dictum
1501 5745 1615 5801 est,
1664 5751 1769 5789 non
1808 5734 1955 5789 enim

372 5831 535 5874 omne
589 5818 785 5871 animal
846 5819 1093 5887 respirat.
1153 5823 1501 5893 Syllogismus
1558 5836 1736 5885 autem
1796 5826 1958 5885 huius

2068 4733 2315 4789 autsicut
2336 4734 2758 4803 frequentius,et
2786 4736 2838 4791 in
2863 4737 3124 4806 plurimis,
3149 4751 3244 4805 per
3260 4736 3399 4791 hanc
3421 4736 3646 4803 ﬁguram

2072 4826 2186 4896 (qui
2216 4835 2299 4879 est
2329 4837 2545 4895 pr0pter
2567 4828 2717 4898 quid)
2746 4827 2800 4882 ﬁt
2826 4828 3185 4898 syllogismus,
3211 4843 3375 4897 quare
3407 4836 3463 4882 et
3490 4842 3648 4896 prop-

2073 4930 2159 4975 ter
2206 4919 2309 4975 hoc
2351 4921 2458 4976 erit
2496 4924 2725 4976 maxime
2753 4922 2953 4976 faciens
2991 4921 3170 4987 scire,
3218 4921 3644 4991 propriissimum

2072 5015 2215 5069 enim
2265 5016 2441 5080 scire,
2474 5018 2691 5083 propter
2735 5016 2860 5085 quid
2890 5015 3176 5082 speculari.
3230 5014 3419 5069 Postea
3477 5013 3645 5082 ipsius

2071 5106 2215 5176 quod
2244 5107 2366 5176 quid
2392 5116 2474 5162 est
2495 5108 2792 5175 scientiam,
2829 5122 2923 5175 per
2946 5108 3080 5161 hanc
3102 5107 3269 5162 solam
3297 5106 3479 5162 venari
3510 5120 3641 5183 pps-

2065 5197 2222 5250 sibile
2245 5206 2348 5252 est.
2380 5198 2433 5251 ln
2462 5198 2633 5253 media
2664 5198 2806 5252 enim
2833 5198 2996 5265 ﬁgura
3029 5213 3132 5251 non
3164 5197 3224 5252 ﬁt
3266 5198 3637 5268 pradicativus

2066 5278 2425 5364 syllogismus,
2458 5289 2549 5343 sed
2583 5288 2753 5357 ipsius
2778 5290 2917 5357 quod
2945 5288 3073 5357 quid
3102 5296 3186 5343 est
3208 5288 3462 5353 scientia,
3495 5286 3644 5342 afﬁr-

2066 5378 2315 5431 mationis
2356 5387 2438 5431 est
2460 5419 2473 5442 ,
2520 5380 2570 5431 in
2619 5380 2800 5432 uitima
2829 5388 3005 5433 autem
3038 5380 3096 5434 ﬁt
3132 5380 3377 5449 quidem,
3406 5379 3499 5436 sed
3529 5394 3638 5434 non

2069 5467 2461 5533 universaliter,
2503 5467 2595 5521 sed
2626 5468 2768 5536 quod
2798 5467 2925 5536 quid
2956 5479 3068 5536 est,
3100 5471 3486 5526 universalium
3529 5480 3646 5535 est,

2068 5572 2177 5611 non
2236 5555 2376 5610 enim
2430 5555 2825 5623 quodammodo
2880 5569 2961 5611 est
3010 5560 3205 5614 animal
3254 5550 3405 5630 bipes
3458 5565 3640 5616 homo.

2069 5648 2313 5716 Amplius
2345 5646 2459 5701 haec
2496 5647 2707 5717 quidem
2740 5649 2843 5701 illis
2871 5650 3001 5703 nihil
3032 5650 3266 5717 indiget,
3310 5654 3416 5708 illa:
3455 5662 3637 5707 autem

2069 5754 2165 5806 per
2193 5739 2331 5794 hanc
2368 5737 2683 5803 densantttr,
2709 5748 2762 5791 et
2800 5747 3211 5807 augmentantur
3237 5755 3514 5811 quousque
3539 5744 3650 5797 uti-

2013 5896 2019 5903 ,
2067 5845 2174 5904 que
2204 5830 2270 5885 ad
2310 5828 2617 5887 immediata
2661 5828 2917 5898 veniant,
2965 5825 3306 5887 manifestum
3352 5831 3515 5899 igitur
3566 5840 3656 5892 est
