4296 6266
645 349 736 419 727

1867 348 1974 405 AN.
2015 347 2222 405 MANL.
2262 346 2411 403 SEV.
2447 342 2670 404 ΒΟΕΤΙΙ

3800 358 3906 418 728

643 482 780 551 quod
830 478 1067 536 maxime
1118 478 1327 548 propria
1377 476 1612 532 scientiae
1662 481 1743 529 est
1792 472 1956 541 printa
2007 471 2204 539 ﬁgura.
2236 470 2292 531 Α
2316 487 2436 543 quae
2464 482 2547 527 est
2569 491 2601 527 a
2630 490 2689 541 ο,
2748 490 2868 529 nam
2901 494 2928 530 ε
2962 478 2991 531 b
3021 474 3312 549 propositio
3364 494 3577 549 semper
3604 482 3731 538 falsa
3764 482 3895 551 erit,

641 574 788 630 Sicut
838 582 1014 627 autem
1040 585 1214 626 aesse
1239 572 1293 625 in
1322 571 1351 624 ὁ
1386 566 1644 636 contingit
1672 563 2084 624 indivisibiliter,
2131 563 2210 616 sic

642 675 696 719 et
726 679 834 717 non
864 679 983 719 esse
1014 662 1264 731 possibile
1295 670 1403 723 est;
1435 658 1553 712 dico
1582 665 1758 712 autem
1805 651 2207 707 indivisibiliter

642 771 794 820 esse,
833 756 918 811 vel
959 768 1065 809 non
1092 768 1209 808 esse
1256 767 1319 806 eo
1347 749 1485 819 quod
1518 763 1620 801 non
1649 756 1733 801 est
1771 743 1968 815 aliquid
2020 757 2207 799 eorum

643 849 901 913 medium,
923 847 1002 902 sic
1029 846 1170 901 enim
1195 859 1301 897 non
1322 842 1421 896 erit
1442 839 1732 895 secundum
1749 829 1889 892 aliud
1908 852 2048 892 esse.
2077 836 2211 891 Cum

644 940 806 1010 igitur
836 946 926 992 aut
952 953 984 989 a
1008 946 1101 989 aut
1125 934 1152 987 b
1176 933 1228 987 in
1258 941 1370 987 toto
1396 932 1573 999 aliquo
1603 930 1694 994 sit,
1724 929 2002 983 autetiam
2030 926 2210 991 ambo,

645 1045 751 1085 non
801 1026 1060 1093 contingit
1084 1041 1115 1077 a
1147 1024 1200 1077 in
1242 1024 1270 1075 b
1300 1023 1474 1092 primo
1505 1036 1609 1075 non
1639 1034 1781 1075 esse.
1814 1018 1895 1075 Sit
1922 1017 2064 1072 enim
2094 1033 2125 1069 a
2155 1015 2210 1069 in

646 1123 832 1186 toto'c,
867 1116 1027 1184 igitur
1049 1115 1111 1168 ~si
1162 1113 1189 1166 b
1221 1128 1325 1166 non
1368 1122 1449 1166 est
1476 1113 1527 1165 in
1556 1120 1666 1165 toto
1695 1126 1721 1163 c
1765 1110 1962 1178 (potest
2011 1107 2154 1161 enim
2183 1121 2217 1157 a

645 1208 854 1278 quidem
883 1219 1004 1261 esse
1033 1205 1085 1258 in
1115 1203 1344 1272 quodam
1375 1210 1508 1268 toto,
1542 1200 1634 1255 sed
1658 1203 1687 1254 b
1713 1215 1816 1253 non
1842 1212 1961 1252 esse
1983 1198 2037 1251 in
2068 1196 2213 1267 hoc),

642 1297 983 1367 syllogismus
1032 1294 1135 1348 erit
1180 1292 1324 1359 quod
1361 1306 1466 1344 non
1507 1292 1577 1343 sit
1605 1289 1715 1342 ain
1761 1288 1820 1351 b;
1845 1287 1889 1342 si
1919 1286 2062 1340 enim
2094 1286 2145 1339 in
2186 1302 2219 1337 α

643 1388 856 1458 quidem
884 1386 1027 1441 omni
1055 1396 1137 1441 est
1164 1402 1209 1449 c,
1237 1383 1289 1437 in
1319 1383 1347 1436 ὁ
1379 1393 1554 1436 autem
1596 1382 1741 1436 nullo
1762 1390 1881 1445 εει,
1926 1383 1978 1436 in
2011 1380 2157 1435 nullo
2190 1382 2219 1433 ὁ

643 1491 724 1537 εει
749 1499 800 1534 a.
827 1480 1086 1535 Similiter
1109 1487 1285 1532 autem
1313 1487 1366 1531 et
1387 1479 1429 1530 si
1454 1478 1483 1531 ιι
1520 1477 1572 1529 in
1603 1476 1784 1546 aliquo
1815 1484 1929 1528 toto
1954 1483 2056 1539 est,
2085 1485 2143 1526 ut
2167 1474 2217 1528 in

645 1575 692 1637 ὸ,
717 1574 750 1627 d
774 1574 916 1628 enim
955 1573 1007 1626 in
1038 1569 1182 1624 omni
1209 1570 1237 1621 ὁ
1265 1578 1347 1623 εει
1366 1608 1381 1632 ,
1409 1569 1459 1623 in
1490 1584 1521 1619 a
1549 1576 1727 1622 autem
1757 1564 1934 1629 nullo,
1967 1566 2025 1632 ά,
2052 1577 2220 1634 quare

643 1681 676 1716 ιι
699 1663 750 1717 in
774 1662 917 1716 nullo
936 1663 965 1714 b
984 1660 1087 1715 erit
1104 1674 1196 1727 per
1216 1658 1604 1728 syllogismum.
1632 1654 1836 1709 Eodem
1858 1662 2034 1708 autem
2060 1652 2220 1707 modo

644 1757 1027 1813 monstrabitur
1068 1755 1167 1809 etsi
1210 1762 1430 1823 utraque
1457 1751 1513 1805 in
1556 1758 1667 1806 toto
1694 1750 1873 1819 aliquo
1917 1750 2009 1805 sit.
2056 1747 2215 1815 Quod

2285 569 2287 571 ’
2316 574 2533 634 propter
2564 565 2614 618 id
2669 567 2813 636 quod
2855 585 2882 622 c
2925 570 2977 624 in
3006 572 3153 627 nullo
3181 574 3210 626 ι)
3238 582 3354 640 εει,
3408 572 3500 626 sed
3530 588 3650 642 qum
3691 585 3772 629 est
3810 593 3841 629 a
3870 593 3899 629 c

2315 666 2511 726 potest,
2567 666 2623 710 ιιι
2648 659 2691 713 si
2725 666 2834 714 aet
2857 659 2911 715 in
2937 678 2993 729 c,
3056 671 3111 717 et
3152 662 3206 717 in
3260 664 3287 716 b
3347 663 3744 721 indivisibiliter
3793 678 3895 736 est,

2314 760 2437 801 cum
2485 747 2629 802 enim
2671 750 2901 818 primum
2961 753 3279 820 praedicetur
3336 755 3476 809 idem
3529 756 3598 811 de
3631 758 3892 827 pluribus,

2315 849 2561 893 neutrum
2594 841 2646 894 in
2680 851 2866 896 neutro
2910 845 3031 899 erit.
3064 844 3247 900 Diﬁ'ert
3302 857 3482 902 autem
3514 849 3680 914 nihil,
3727 866 3905 921 neque

2316 933 2362 987 si
2388 946 2492 987 non
2522 932 2908 990 indivisibiliter
2939 937 3083 1001 insit,
3118 937 3285 1007 ipsius
3310 928 3526 1008 quidem
3554 955 3696 1008 esse,
3729 941 3894 1011 igitur

2317 1022 2560 1091 'deceptio
2588 1039 2683 1092 per
2707 1025 2826 1091 ista,
2858 1034 2912 1080 et
2941 1026 3019 1081 sic
3051 1028 3108 1081 ﬁt
3139 1029 3313 1082 solum
3336 1070 3350 1093 ,
3389 1044 3497 1083 non
3525 1031 3667 1085 enim
3697 1043 3812 1087 erat
3844 1033 3905 1088 in

2318 1110 2420 1165 alia
2451 1111 2614 1182 ﬁgura
2655 1113 2820 1182 ipsius
2847 1129 2966 1170 esse
3018 1116 3393 1187 syllogismus,
3448 1120 3539 1189 qui
3569 1136 3699 1176 vero
3730 1112 3913 1190 ipsius

2320 1220 2425 1259 non
2452 1220 2593 1270 esse,
2618 1205 2670 1260 in
2700 1207 2869 1276 prima
2900 1208 3065 1277 ﬁgura
3086 1249 3102 1274 ,
3130 1218 3184 1264 et
3210 1212 3262 1264 in
3290 1210 3465 1266 media
3495 1221 3609 1277 est,
3664 1214 3905 1282 primum

2322 1295 2480 1365 igitur
2506 1297 2744 1353 dicamus
2770 1305 2899 1367 quot
2920 1298 3092 1353 modis
3122 1300 3175 1353 in
3207 1303 3378 1369 prima
3421 1302 3508 1367 ﬁt,
3554 1313 3608 1357 et
3631 1304 3906 1372 quomodo

2322 1401 2382 1441 se
2409 1387 2726 1442 habentibus
2762 1390 3238 1458 propositionibus.
3268 1393 3537 1461 Contingit
3566 1394 3905 1462 igiturutris-

2323 1492 2427 1545 que
2454 1476 2603 1532 falsis
2624 1520 2638 1543 ,
2671 1487 2726 1532 ut
2756 1478 2800 1533 si
2830 1496 2861 1532 a
2888 1490 2942 1534 et
2966 1481 3019 1535 in
3052 1482 3078 1533 ὁ
3103 1524 3118 1548 ,
3165 1491 3219 1536 ει
3245 1483 3299 1537 in
3329 1497 3355 1535 c
3387 1483 3780 1542 indivisibiliter
3806 1490 3901 1555 sit,

2322 1565 2366 1619 si
2396 1565 2537 1619 enim
2568 1566 2856 1635 accipiatur
2880 1585 2913 1622 a
2938 1569 2987 1622 in
3027 1584 3054 1622 c
3083 1569 3228 1624 nullo
3249 1584 3449 1642 essene
3473 1580 3648 1628 autem
3679 1575 3729 1628 in
3751 1579 3901 1633 omni

2323 1658 2373 1723 ὁ,
2409 1657 2556 1713 falsa:
2576 1667 2702 1713 sunt
2745 1661 3161 1729 propositiones.
3202 1660 3475 1730 Contingit
3504 1673 3685 1720 autem
3733 1676 3786 1721 et
3815 1669 3901 1722 al-

2325 1757 2433 1802 tera
2468 1749 2635 1815 falsa,
2690 1760 2746 1805 et
2774 1750 2873 1806 hac
2933 1766 3249 1822 quacunque
3300 1753 3669 1824 contingente,
3726 1767 3904 1826 potest

644 1859 822 1903 autem
875 1846 1141 1915 contingit
1177 1845 1205 1899 b
1235 1859 1340 1899 non
1387 1858 1507 1899 esse
1543 1843 1595 1897 in
1625 1856 1730 1912 quo
1766 1850 1878 1896 toto
1909 1851 1992 1895 est
2019 1857 2079 1903 a,
2128 1849 2218 1908 aut
2248 1828 2297 1889 B
2323 1842 2464 1897 enim
2492 1857 2611 1911 quae
2640 1851 2721 1897 est
2743 1860 2774 1895 a
2804 1861 2830 1897 ε
2855 1859 2976 1899 vera
3009 1860 3164 1912 esse,
3217 1861 3337 1914 qua:
3364 1862 3493 1902 vero
3521 1848 3550 1901 ὁ
3570 1865 3597 1901 c
3619 1848 3767 1913 falsa,
3798 1850 3899 1905 sed

645 1942 839 1996 iterum
862 1956 894 1992 α
924 1941 974 1993 in
991 1952 1097 2009 quo
1118 1946 1203 1993 est
1220 1937 1269 2001 b,
1297 1937 1640 1992 manifestum
1663 1942 1835 1989 estex
1861 1932 2222 1987 coordinatio-

646 2032 822 2098 nibus,
852 2044 1185 2099 quiscunque
1214 2043 1321 2082 non
1352 2033 1750 2080 commutantur
1787 2022 1852 2077 ad
1884 2022 2143 2086 invicem,
2174 2023 2220 2077 si

646 2125 786 2178 enim
818 2122 949 2175 nihil
981 2135 1165 2175 eorum
1210 2133 1329 2189 quat
1356 2125 1483 2173 sunt
1525 2117 1577 2171 in
1610 2133 1641 2169 a
1667 2132 1694 2168 c
1722 2116 1755 2168 ά
1784 2114 2216 2181 coordinatione,

645 2215 713 2269 de
735 2214 883 2269 nullo
904 2213 1223 2282 praedicatur
1250 2226 1435 2268 eorum
1458 2225 1577 2280 quae
1601 2209 1794 2263 suntin
1814 2208 1842 2261 b
1868 2224 1895 2261 ε
1915 2208 1957 2276 f,
1981 2222 2013 2258 a
2041 2216 2219 2262 autem

647 2309 700 2361 in
758 2316 867 2361 toto
894 2315 958 2376 g,
989 2305 1069 2361 sic
1095 2302 1501 2365 coordinatione
1537 2299 1832 2362 existente,
1876 2296 2219 2352 manifestum

646 2410 727 2455 est
755 2399 896 2469 quod
928 2398 956 2450 ὸ
980 2412 1084 2451 non
1113 2397 1215 2452 erit
1241 2397 1292 2450 in
1317 2414 1371 2467 g,
1399 2398 1858 2450 commutarentur
1888 2390 2030 2445 enim
2061 2403 2219 2443 coor-

647 2493 968 2557 dinationes,
985 2490 1231 2544 similiter
1242 2497 1418 2543 autem
1433 2495 1581 2542 estet
1597 2485 1640 2540 si
1664 2484 1692 2537 ὁ
1717 2484 1767 2537 in
1791 2492 1902 2538 toto
1923 2482 2099 2552 aliquo
2113 2490 2215 2536 est.

648 2583 704 2635 Si
761 2597 886 2635 vero
931 2589 1176 2634 neutrum
1226 2578 1297 2631 sit
1346 2579 1396 2631 in
1447 2585 1561 2631 toto
1590 2574 1770 2643 aliquo
1800 2573 1979 2636 nullo,
2010 2587 2119 2627 non
2151 2573 2221 2627 sit

648 2683 823 2725 autem
854 2682 890 2723 a‘
915 2671 968 2725 in
999 2671 1050 2735 b,
1079 2683 1301 2725 necesse
1325 2678 1409 2722 est
1440 2665 1833 2722 indivisibiliter
1856 2680 1962 2719 non
1993 2679 2141 2727 esse;
2172 2663 2219 2719 si

648 2764 791 2819 enim
820 2764 920 2817 erit
948 2762 1163 2831 aliquod
1194 2760 1451 2828 medium,
1481 2773 1701 2815 necesse
1726 2768 1809 2813 est
1845 2758 2074 2813 alterum
2118 2758 2218 2812 ho-

647 2872 763 2911 rum
790 2857 842 2911 in
866 2854 1094 2926 quodam
1121 2863 1231 2910 toto
1258 2868 1401 2921 esse,
1449 2861 1540 2908 aut
1570 2853 1713 2909 enim
1743 2851 1795 2906 in
1819 2852 1992 2921 prima
2024 2850 2217 2920 ﬁgura,

647 2961 737 3004 aut
764 2949 817 3004 in
866 2949 1037 3004 media
1077 2948 1182 3003 erit
1224 2945 1580 3017 syllogismus,
1633 2943 1917 3015 siquidem
1962 2942 2120 3013 igitur
2162 2941 2219 2997 in

646 3042 814 3112 prima
844 3041 1009 3111 ﬁgura
1040 3040 1091 3103 ὁ,
1118 3040 1218 3095 erit
1244 3038 1295 3093 in
1318 3048 1429 3093 toto
1453 3037 1653 3107 aliquo,
1677 3033 2048 3089 alﬁrmativam
2072 3032 2217 3087 enim

645 3136 709 3190 ad
744 3137 844 3191 hoc
866 3142 1076 3205 Oportet
1097 3132 1207 3188 ﬁeri
1230 3132 1678 3202 pr0positionem.
1704 3128 1763 3185 Si
1789 3142 1916 3183 vero
1942 3126 1995 3181 in
2023 3124 2215 3191 media,

2322 1948 2440 2001 Qtue
2461 1941 2545 1988 est
2568 1950 2600 1987 a
2626 1950 2654 1988 c
2674 1950 2820 2003 vera,
2847 1937 3098 2005 quoniam
3127 1952 3231 1991 non
3258 1940 3312 1993 in
3332 1940 3580 1994 omnibus
3603 1957 3719 2006 qua:
3748 1951 3899 2008 sunt,

2322 2023 2462 2079 inest
2486 2041 2539 2093 a,
2572 2025 2666 2081 sed
2693 2041 2812 2096 quae
2840 2038 2922 2082 est
2944 2046 2971 2081 c
3001 2030 3028 2081 b
3056 2030 3187 2084 falsa
3211 2045 3333 2086 esse
3354 2073 3370 2097 ,
3418 2034 3666 2102 quoniam
3694 2016 3922 2104 impos-3

2311 2118 2477 2173 tsibile
2509 2127 2739 2175 estesse
2768 2120 2821 2174 in
2844 2121 2872 2174 b
2900 2137 2957 2185 c,
3008 2121 3059 2175 in
3100 2138 3203 2193 quo
3232 2125 3378 2179 nullo
3412 2136 3494 2180 est
3519 2143 3585 2191 η,
3620 2141 3725 2181 non
3755 2126 3898 2181 enim

2323 2213 2486 2268 etiam
2511 2227 2637 2269 vera
2668 2214 2790 2277 erit,
2824 2229 2942 2283 quae
2973 2226 3054 2270 est
3079 2232 3110 2269 a
3135 2233 3162 2268 c
3182 2218 3503 2285 propositio,
3530 2219 3686 2273 simul
3716 2230 3897 2275 autem

2322 2312 2376 2358 et
2400 2304 2444 2358 si
2465 2303 2572 2359 sint
2610 2314 2850 2375 utrmque
2880 2320 3050 2373 verae,
3074 2316 3128 2360 et
3154 2308 3428 2362 cunclusio
3461 2323 3585 2363 vera
3612 2310 3745 2375 erit,
3798 2310 3898 2365 sed

2321 2395 2480 2448 etiam
2504 2409 2621 2464 quae
2646 2404 2727 2451 est
2761 2411 2787 2449 c
2817 2395 2866 2451 ὁ.
2897 2395 3167 2466 Contingit
3204 2412 3384 2453 veram
3413 2413 3536 2455 esse
3564 2415 3686 2454 cum
3714 2401 3886 2456 altera

2321 2484 2388 2539 sit
2413 2483 2571 2548 falsa,
2601 2493 2660 2538 ut
2684 2484 2728 2538 si
2756 2484 2784 2538 ὸ
2814 2485 2866 2540 in
2895 2501 2921 2537 c
2940 2486 3031 2550 sit,
3055 2487 3180 2540 etin
3207 2503 3261 2553 a,
3286 2502 3510 2543 necesse
3537 2498 3617 2542 est
3646 2489 3787 2543 enim
3819 2490 3897 2544 al-

2323 2585 2491 2630 terum
2523 2576 2623 2631 sub
2649 2575 2819 2631 altero
2847 2592 2987 2642 esse,
3009 2591 3177 2646 quare
3206 2578 3252 2632 si
3276 2578 3569 2646 accipiatur
3602 2596 3635 2631 a
3663 2579 3718 2633 in
3748 2581 3901 2636 nullo

2320 2681 2347 2719 c
2373 2680 2513 2730 esse,
2538 2666 2667 2722 falsa
2692 2668 2793 2721 erit
2821 2669 3137 2737 propositio,
3170 2669 3346 2737 palam
3378 2670 3541 2739 igitur
3565 2673 3816 2739 quoniam
3839 2682 3901 2729 et

2321 2774 2440 2813 cum
2462 2759 2627 2815 altera
2653 2760 2722 2814 sit
2752 2760 2882 2814 falsa
2903 2801 2919 2827 ,
2960 2768 3016 2815 et
3056 2761 3109 2815 in
3145 2761 3423 2831 utrisque,
3455 2762 3624 2818 falsus
3650 2765 3903 2835 syllogis-

2321 2863 2441 2904 mus
2463 2849 2583 2904 erit.
2631 2849 2739 2905 Sed
2766 2849 2817 2903 in
2844 2850 3018 2912 media
3043 2850 3259 2918 quidem
3301 2852 3467 2921 ﬁgura
3491 2861 3631 2927 totas
3656 2857 3899 2924 pr0posi-

2321 2939 2495 3015 tiones
2520 2953 2640 2994 esse
2668 2948 2923 3010 utrasque
2959 2937 3120 2995 falsas
3152 2955 3259 2995 non
3294 2942 3574 3012 contingit,
3603 2958 3727 2999 cum
3749 2947 3898 3001 enim

2322 3031 2375 3085 in
2397 3030 2542 3085 omni
2565 3030 2593 3083 b
2616 3047 2646 3082 a
2674 3032 2764 3098 sit,
2790 3030 2918 3084 nibil
2949 3031 3052 3085 erit
3072 3032 3319 3101 accipere
3341 3034 3481 3103 quod
3511 3035 3568 3090 in
3596 3036 3762 3091 altero
3790 3037 3897 3094 erit

2321 3121 2491 3186 omni,
2522 3121 2573 3176 in
2588 3120 2760 3176 altero
2780 3136 2907 3176 vero
2930 3122 3073 3177 nullo
3104 3123 3203 3178 erit
3224 3165 3240 3190 ,
3290 3134 3502 3194 oportet
3527 3135 3705 3182 autent
3735 3129 3896 3184 sicin

645 3239 819 3284 utrum
841 3227 1128 3297 contingit,
1160 3224 1226 3280 ad
1248 3232 1533 3295 utrumque
1563 3222 1704 3278 enim
1735 3219 1909 3290 posito
1932 3218 2215 3287 privativo,
2242 3206 2289 3269 C
2323 3212 2496 3267 media
2526 3212 2693 3282 ﬁgura
2722 3214 2965 3282 accipere
2991 3215 3402 3290 propositiones,
3455 3227 3510 3273 et
3534 3220 3677 3290 quod
3706 3221 3761 3276 in
3790 3222 3895 3277 hoc

644 3323 747 3377 erit
773 3320 1146 3391 syllogismus,
1201 3330 1323 3372 cum
1355 3327 1533 3371 autem
1566 3323 1789 3381 utraque
1819 3309 2082 3380 privativa
2112 3309 2211 3375 sit,

642 3425 752 3465 non
798 3410 929 3470 erit,
976 3407 1316 3462 manifestum
1362 3405 1522 3474 igitur
1549 3410 1634 3458 est
1675 3400 1815 3471 quod
1864 3398 2125 3466 contingit
2162 3408 2217 3454 et

641 3502 783 3557 aliud
807 3500 861 3554 in
893 3499 998 3553 alio
1036 3513 1145 3553 non
1174 3513 1295 3553 esse
1320 3494 1737 3559 indivisibiliter,
1771 3502 1825 3548 et
1850 3491 2062 3562 quando
2086 3505 2214 3548 con-

642 3595 816 3667 tingit.
847 3602 900 3648 et
922 3605 1029 3660 quo
1055 3589 1216 3643 modo
1242 3588 1494 3642 diximus.

1237 3716 1464 3773 CAPUT
1502 3705 1620 3774 XII.

712 3817 787 3872 De
808 3814 1103 3889 ignorantia
1131 3820 1177 3867 et
1204 3811 1503 3889 syllogismo
1541 3810 1808 3889 imperitia:
1827 3827 2001 3865 eorum
2027 3827 2141 3883 qua

1024 3884 1188 3956 primo
1212 3883 1601 3953 immediateque
1625 3886 1817 3936 insunt.

708 3976 1007 4051 ignorantia
1037 3986 1214 4031 autem
1245 3989 1353 4029 non
1382 3974 1676 4031 secundum
1706 3974 2078 4044 negationem,
2112 3975 2210 4031 sed

634 4070 926 4127 secundum
950 4068 1355 4137 dispositionem
1386 4067 1552 4133 dicta,
1578 4076 1663 4121 est
1686 4068 1899 4137 quidem
1928 4082 2020 4134 per
2041 4066 2208 4137 syllo-

632 4166 860 4233 gismum
886 4159 1023 4215 facta
1047 4158 1311 4226 deceptio.
1340 4158 1465 4213 Haec
1485 4167 1663 4213 autem
1696 4158 1750 4212 in
1775 4158 1859 4223 iis,
1882 4173 2001 4227 qua:
2026 4158 2210 4214 insunt

631 4254 829 4325 primo,
855 4261 947 4305 aut
976 4254 1081 4304 non
1106 4250 1589 4317 insunt,contingit
1613 4249 1915 4319 dupliciter,
1945 4259 2033 4303 aut
2061 4249 2205 4305 e'oim

631 4356 712 4399 est
742 4359 861 4400 cum
892 4341 1207 4411 simpliciter
1235 4339 1462 4407 accipiat
1490 4354 1631 4403 esse,
1665 4340 1749 4394 vel
1783 4355 1888 4394 non
1915 4353 2061 4401 esse,
2113 4347 2209 4393 aut

629 4453 751 4494 cum
784 4453 878 4506 per
898 4434 1268 4506 syllogismum
1312 4432 1539 4501 accipiat
1582 4431 1910 4501 Opinionem,
1948 4429 2206 4499 simplicis

627 4529 843 4599 quidem
872 4543 1000 4596 ergo
1024 4525 1292 4596 opinionis
1310 4524 1534 4594 simplex
1558 4523 1825 4591 deceptio,
1858 4522 1953 4577 sed
1981 4538 2100 4593 qua:
2122 4531 2208 4579 est

629 4635 725 4692 per
752 4619 1117 4690 sleOgismum
1142 4618 1322 4686 plures
1348 4625 1491 4673 sunt.
1522 4617 1636 4672 Non
1662 4616 1733 4672 sit
1756 4617 1898 4672 enim
1920 4616 2028 4671 ain
2058 4618 2203 4673 nullo

628 4713 658 4765 ὁ
699 4710 1113 4776 indivisibiliter,
1142 4723 1267 4779 ergo
1315 4709 1360 4762 si
1409 4694 1689 4779 syllogizet
1730 4723 1906 4764 aesse
1948 4708 2001 4763 in
2029 4709 2057 4761 b
2088 4723 2204 4765 me-

626 4806 773 4859 dium
802 4804 1071 4872 accipiens
1101 4819 1161 4865 c,
1211 4802 1468 4871 deceptus
1518 4802 1624 4857 erit
1669 4816 1762 4872 per
1806 4802 2197 4872 syllogismum,

625 4895 883 4966 contingit
916 4895 1077 4965 igitur
1123 4902 1378 4963 utrasque
1424 4888 1822 4963 propositiones
1866 4907 1984 4947 esse
2007 4893 2195 4959 falsas,

624 4989 884 5056 contingit
911 4996 1090 5039 autem
1113 4984 1333 5040 alteram
1365 4985 1539 5039 solum
1579 5000 1700 5040 esse
1734 4983 1941 5052 falsam,
1977 4984 2024 5037 si
2051 4984 2193 5039 enim

624 5099 798 5151 neque
823 5099 855 5135 a
885 5082 936 5135 in
960 5080 1106 5135 nullo
1127 5096 1153 5131 c
1172 5081 1304 5145 erit,
1328 5094 1498 5148 neque
1524 5094 1551 5131 c
1573 5080 1628 5133 in
1659 5077 1803 5132 nullo
1823 5077 1852 5129 ὁ
1877 5076 2010 5139 erit,
2043 5091 2200 5132 acce-

621 5182 711 5242 pta
741 5183 919 5226 autem
943 5180 1163 5241 utraque
1190 5185 1220 5224 e
1244 5168 1514 5224 contrario
1537 5207 1551 5230 ,
1574 5168 1825 5233 {utrmque
1863 5166 2006 5220 enim
2037 5178 2198 5225 erunt

620 5262 789 5316 falsae.
846 5262 1029 5317 Potest
1067 5270 1246 5315 autem
1274 5258 1353 5313 sic
1391 5272 1453 5312 se
1482 5258 1682 5311 habere
1712 5273 1739 5309 c
1771 5256 1836 5310 ad
1863 5273 1896 5310 a
1921 5297 1936 5322 ,
1964 5267 2018 5313 et
2044 5257 2110 5315 ad
2142 5260 2192 5327 ὁ,

616 5356 759 5421 quod
790 5367 962 5422 neque
994 5368 1022 5405 c
1045 5354 1144 5406 sub
1171 5367 1204 5404 α
1228 5350 1329 5415 sit,
1374 5364 1549 5419 neque
1574 5348 1629 5403 in
1657 5350 1684 5401 b
1707 5349 2078 5406 universaliter
2115 5366 2131 5404 :
2164 5338 2195 5404 li

617 5445 829 5515 quidem
865 5444 1194 5514 impossibile
1213 5453 1295 5498 est
1318 5457 1437 5497 esse
1478 5443 1530 5496 in
1571 5442 1751 5513 aliquo
1780 5452 1921 5510 toto,
1954 5445 2183 5513 primum

613 5538 758 5594 enim
789 5537 988 5592 dictum
1020 5545 1103 5591 est
1133 5537 1186 5591 in
1217 5537 1333 5604 ipso
1362 5552 1393 5588 a
1425 5534 1454 5589 b
1477 5549 1583 5590 non
1624 5550 1765 5600 esse,
1797 5553 1828 5589 a
1856 5547 2033 5592 autem
2080 5552 2186 5593 non

615 5643 836 5684 necesse
858 5637 943 5684 est
971 5628 1217 5683 omnibus
1256 5627 1464 5695 inesse,
1492 5642 1613 5698 quae
1641 5640 1765 5682 sunt
1814 5644 1841 5681 c
1871 5631 2186 5684 universali-

617 5726 719 5781 ter,
746 5732 909 5786 quare
937 5727 1174 5787 utraeque
1201 5717 1346 5773 falsa:
1368 5726 1510 5774 sunt.
1546 5719 1651 5774 Sed
1674 5721 1895 5775 alteram
1925 5720 2185 5793 contingit

616 5816 796 5857 veram
825 5807 1089 5873 accipere,
1121 5820 1227 5862 non
1258 5814 1437 5867 tamen
1462 5809 1753 5878 quamlibet
1778 5811 2056 5880 contingit,
2088 5813 2185 5877 sed

2319 3304 2537 3375 quidem
2563 3305 2653 3369 sit,
2683 3313 2738 3359 et
2775 3304 2913 3375 quod
2962 3306 3013 3359 in
3045 3305 3264 3361 bocnon
3309 3308 3407 3374 sit,
3456 3309 3504 3363 si
3533 3311 3753 3381 quidem
3789 3314 3891 3370 erit

2318 3397 2691 3469 syllogismus,
2744 3397 2789 3450 si
2821 3396 2982 3466 igitur
3007 3401 3341 3467 accipiantur
3381 3400 3458 3454 sic
3484 3400 3669 3467 falsae,
3716 3404 3889 3471 palam

2317 3488 2458 3557 quod
2484 3486 2768 3540 contraria
2798 3502 2828 3540 e
2862 3502 3124 3543 converso
3144 3504 3204 3544 se
3230 3490 3528 3559 habebunt,
3580 3492 3682 3548 hoc
3707 3506 3887 3549 autem

2317 3577 2650 3646 impossibile
2697 3586 2795 3631 est.
2842 3577 2898 3632 in
2925 3579 3103 3649 aliquo
3124 3591 3301 3637 autem
3326 3593 3604 3654 utramque
3648 3587 3893 3656 proposi~

2317 3668 2517 3722 tionem
2548 3667 2678 3722 nihil
2702 3667 2947 3736 prohibet
2976 3670 3170 3726 falsam
3198 3688 3347 3739 esse,
3379 3684 3438 3730 ut
3462 3677 3556 3731 sic
3581 3678 3632 3732 in
3664 3696 3728 3744 a,
3757 3688 3807 3735 et
3836 3680 3892 3737 in

2315 3759 2345 3811 ὸ
2367 3758 2546 3828 aliquo
2567 3769 2649 3814 est
2674 3776 2691 3824 ;
2719 3760 2765 3817 si
2794 3761 2934 3815 enim
2958 3778 2989 3814 a
3025 3765 3077 3817 in
3118 3764 3323 3818 omni'c
3351 3767 3647 3837 accipiatur
3670 3784 3813 3837 esse,
3860 3774 3892 3824 ι»

2314 3859 2492 3906 autem
2518 3852 2569 3908 in
2597 3852 2763 3919 nullo,
2790 3852 2936 3908 falsa:
2958 3854 3176 3924 quidem
3206 3864 3447 3928 utraeque
3478 3861 3885 3929 pr0positiones,

2314 3957 2422 3997 non
2445 3953 2620 3998 tamen
2644 3952 2792 4010 tota»,
2823 3944 2915 3999 sed
2950 3946 3002 3999 in
3029 3944 3227 4015 aliquo,
3247 3961 3279 4003 e
3299 3962 3563 4005 converso
3586 3942 3763 4015 adtem
3794 3966 3889 4021 ρο.

2313 4035 2419 4090 εἰιο
2449 4035 2708 4104 privativa
2749 4035 3014 4091 similiter.
3076 4038 3314 4093 Alteram
3362 4052 3540 4096 autem
3586 4042 3793 4111 falsam,
3834 4052 3894 4098 et

2312 4126 2606 4196 quamlibet
2627 4128 2919 4199 contingit,
2948 4128 3090 4198 quod
3114 4130 3256 4184 enim
3284 4140 3365 4185 est
3394 4133 3445 4186 in
3491 4149 3522 4185 a
3548 4134 3724 4198 omni,
3751 4143 3806 4187 et
3830 4134 3893 4189 in

2312 4217 2340 4269 b
2368 4224 2471 4283 est,
2501 4219 2548 4272 si
2574 4217 2732 4286 igitur
2756 4217 3050 4286 accipiatur
3079 4219 3131 4273 in
3163 4219 3422 4289 aquidem
3459 4229 3568 4273 toto
3594 4234 3715 4274 esse
3741 4237 3767 4272 c
3786 4262 3801 4286 ,
3830 4223 3891 4278 in

2311 4305 2340 4359 ὁ
2369 4314 2546 4360 autem
2576 4314 2688 4361 toto
2731 4320 2836 4361 non
2865 4322 3006 4374 esse,
3052 4324 3167 4378 qua:
3190 4311 3401 4377 quidem
3433 4319 3517 4364 est
3553 4327 3579 4363 c
3604 4329 3634 4363 a
3664 4312 3767 4366 erit
3786 4327 3889 4368 ve-

2309 4411 2390 4460 ra,
2422 4395 2516 4450 sed
2544 4411 2665 4465 qua:
2691 4406 2772 4451 est
2792 4414 2820 4451 ο
2845 4396 2873 4450 b
2905 4399 3056 4453 falsa.
3088 4399 3278 4451 lterum
3297 4398 3440 4468 quod
3473 4401 3526 4454 in
3547 4400 3574 4453 b
3606 4402 3755 4457 nullo
3778 4414 3889 4471 est,

2310 4501 2482 4558 neque
2508 4487 2561 4541 in
2587 4503 2619 4540 a
2646 4488 2793 4543 omni
2814 4490 2947 4555 erit,
2987 4490 3032 4544 si
3062 4490 3205 4544 enim
3238 4490 3291 4544 in
3317 4507 3349 4543 a
3372 4500 3493 4556 est,
3522 4502 3577 4547 et
3603 4493 3657 4548 in
3685 4495 3713 4547 ὁ
3739 4535 3754 4559 ,
3787 4496 3889 4551 sed

2229 4572 2283 4632 D
2309 4594 2417 4633 non
2447 4578 2637 4643 inerat,
2655 4579 2701 4633 si
2730 4579 2887 4648 igitur
2903 4580 3229 4649 accipiaturc
3250 4582 3302 4635 in
3328 4589 3442 4637 toto
3458 4582 3672 4652 quidem
3689 4602 3721 4637 a
3736 4600 3884 4651 esse,

2308 4672 2363 4727 in
2392 4672 2423 4726 ὁ
2449 4681 2623 4727 autem
2647 4672 2793 4727 nullo
2814 4674 3053 4743 quidem,
3077 4692 3196 4745 quae
3217 4685 3301 4732 εει
3328 4678 3357 4730 b
3387 4693 3414 4729 c
3439 4679 3732 4748 propositio
3759 4695 3888 4735 vera

2308 4772 2408 4830 est,
2437 4765 2603 4820 altera
2629 4779 2758 4819 vero
2787 4762 2940 4819 falsa.
2965 4765 3228 4821 Similiter
3262 4776 3441 4823 autem
3467 4769 3527 4823 fit
3557 4772 3887 4840 transposito

2304 4857 2589 4926 privativa,
2621 4858 2766 4929 quod
2795 4862 2935 4914 enim
2962 4860 3014 4915 in
3043 4861 3189 4916 nullo
3216 4872 3298 4916 est
3326 4880 3377 4929 a,
3411 4878 3585 4932 neque
3609 4865 3661 4917 iu
3687 4865 3713 4917 b
3737 4866 3887 4919 nullo

2302 4948 2423 5012 erit,
2442 4947 2489 5002 si
2517 4948 2672 5019 igitur
2699 4949 2991 5019 accipiatur
3022 4951 3113 5006 cin
3136 4960 3248 5006 toto
3277 4953 3493 5021 quidem
3524 4972 3555 5008 a
3597 4970 3702 5009 non
3729 4971 3879 5025 esse,

2304 5038 2361 5091 in
2389 5037 2417 5090 b
2442 5049 2618 5093 autem
2650 5054 2768 5095 esse
2796 5050 2905 5095 toto
2925 5082 2939 5108 ,
2966 5056 3085 5112 quas
3110 5042 3324 5108 quidem
3369 5053 3453 5098 est
3478 5061 3509 5097 α
3536 5061 3562 5097 c
3585 5048 3886 5114 propositio

2304 5143 2431 5182 vera
2450 5137 2555 5193 est,
2579 5130 2744 5185 altera
2771 5142 2946 5187 autem
2976 5133 3128 5187 falsa.
3162 5135 3227 5187 Et
3256 5135 3445 5189 iterum
3472 5137 3614 5206 quod
3643 5139 3694 5192 in
3736 5142 3881 5193 omni

2304 5218 2332 5271 b
2359 5228 2463 5285 est,
2504 5219 2554 5273 iu
2588 5222 2730 5275 nullo
2755 5224 2999 5291 accipere
3027 5241 3060 5277 a
3088 5238 3208 5279 esse
3231 5265 3246 5289 ,
3277 5225 3465 5279 falsum
3493 5228 3608 5293 est,
3656 5244 3883 5285 necesse

2300 5313 2441 5366 enim
2464 5320 2545 5367 est
2567 5311 2614 5366 si
2644 5312 2697 5366 io
2726 5314 2871 5368 omni
2893 5316 2921 5366 b
2942 5357 2956 5381 ,
2988 5325 3042 5369 et
3070 5316 3121 5369 in
3151 5314 3379 5385 quodam
3408 5333 3439 5368 a
3465 5332 3608 5382 esse,
3643 5321 3686 5371 si
3725 5321 3882 5388 igitur

2298 5413 2590 5483 accipiatur
2615 5413 2668 5468 in
2691 5416 2837 5469 omni
2864 5415 3077 5485 quidem
3102 5415 3130 5468 b
3151 5431 3269 5471 esse
3292 5433 3336 5482 ε,
3368 5417 3417 5470 in
3449 5433 3481 5470 α
3502 5429 3679 5472 autem
3707 5420 3876 5483 nullo,

2297 5532 2417 5587 qua:
2446 5516 2658 5587 quidem
2682 5527 2764 5574 est
2790 5535 2816 5571 c
2846 5518 2908 5585 b,
2942 5534 3068 5573 vera
3095 5518 3197 5575 erit
3219 5562 3234 5588 ,
3288 5534 3406 5589 qua:
3437 5530 3613 5574 autem
3645 5533 3728 5576 est
3758 5539 3806 5574 -α
3826 5538 3877 5583 c,

2294 5616 2448 5672 falsa.
2487 5618 2819 5675 Manifestum
2872 5620 3034 5689 igitur
3067 5621 3209 5689 quod
3230 5621 3467 5690 utrisque
3503 5621 3686 5690 falsis,
3719 5631 3775 5678 et
3802 5622 3885 5675 al-

2293 5729 2407 5774 tera
2436 5722 2629 5793 solum,
2664 5725 2768 5782 erit
2804 5723 3148 5795 syllogismus
3178 5723 3491 5796 deceptivus
3513 5726 3564 5782 in
3598 5725 3881 5784 iudivisio-

2290 5816 2465 5879 nibus.
