4296 6266
425 358 527 420 729

1017 472 1242 532 CAPUT
1280 470 1419 527 XIII.

470 584 542 639 De
561 578 860 653 syllogismo
886 572 1157 643 imperitia
1190 584 1362 623 eorum
1388 578 1500 634 qtue
1529 563 1705 616 insunt
1729 556 1971 612 'mediate.

503 717 559 772 In
589 716 655 770 iis
679 724 856 768 autem
882 723 1000 778 qua:
1026 720 1130 760 non
1156 697 1545 759 indivisibiliter
1563 696 1763 760 insunt,
1786 697 1878 745 aut
1904 702 2016 744 non

434 812 647 875 insunt,
674 822 794 862 cum
823 801 1036 873 quidem
1078 813 1173 868 per
1200 793 1475 865 proprium
1508 788 1741 845 medium
1773 784 2017 840 falsitatis

436 904 531 956 fiat
574 897 917 968 syllogismus
942 934 958 958 ,
1005 906 1109 945 non
1153 884 1407 957 possibile
1453 891 1537 938 est
1576 879 1738 936 falsas
1768 886 2018 945 utrasque

437 1008 556 1048 esse
587 987 999 1062 propositiones,
1032 980 1123 1037 sed
1142 980 1314 1034 solum
1334 990 1450 1044 qua:
1472 981 1597 1027 ante
1631 970 1807 1039 majus
1837 977 2017 1023 extre-

437 1059 603 1139 mum.
644 1080 771 1135 Dico
819 1087 994 1132 autem
1028 1071 1300 1142 proprium
1342 1067 1610 1129 medium,
1656 1077 1751 1133 per
1778 1059 1919 1131 quod
1963 1059 2022 1112 lit

436 1169 874 1229 contradictionis
901 1166 1275 1239 syllogismus:
1307 1159 1379 1213 sit
1420 1157 1564 1213 enim
1590 1170 1621 1207 a
1649 1153 1705 1207 in
1732 1152 1760 1205 b
1791 1166 1886 1221 per
1908 1162 2022 1203 me-

436 1266 579 1320 dium
608 1279 656 1329 c,
688 1260 940 1331 quoniam
969 1258 1129 1327 igitur
1159 1266 1381 1309 necesse
1407 1257 1491 1304 est
1515 1261 1634 1317 qum
1654 1252 1738 1300 est
1767 1260 1793 1296 c
1822 1242 1850 1295 b
1879 1239 2024 1295 afﬁr—

436 1355 687 1410 mativam
707 1330 889 1419 accipi
938 1348 1253 1419 syllogismo
1301 1342 1462 1406 facto,
1514 1336 1854 1391 manifestum
1878 1330 2021 1402 quod

439 1442 653 1518 semper
679 1445 794 1499 haec
822 1452 907 1498 est
932 1454 1083 1506 vera,
1109 1453 1214 1491 nou
1241 1434 1383 1490 enim
1416 1430 1769 1493 convertitur,
1796 1424 1891 1480 sed
1905 1438 2026 1493 qua:

442 1546 527 1594 est
550 1555 581 1590 a
610 1552 637 1589 c
666 1535 817 1598 falsa,
851 1532 951 1585 hac
976 1529 1122 1585 enim
1152 1538 1433 1588 conversa,
1458 1536 1489 1576 e
1511 1518 1781 1576 contrario
1809 1516 1900 1569 ﬁet
1920 1514 2029 1584 syl-

441 1627 723 1697 logismus.
763 1620 1024 1677 Similiter
1048 1626 1225 1672 autem
1249 1622 1354 1679 est,
1384 1621 1438 1667 et
1461 1611 1506 1665 si
1535 1626 1601 1666 ex
1623 1609 1723 1663 alia
1745 1604 2031 1661 coordina-

443 1695 590 1776 tione
619 1715 911 1786 accipiatur
941 1711 1196 1776 medium,
1230 1716 1290 1763 ut
1320 1706 1353 1759 ἀ
1372 1747 1386 1769 ,
1417 1705 1461 1760 si
1490 1713 1545 1758 et
1571 1703 1627 1757 in
1660 1711 1771 1757 toto
1794 1716 1847 1766 a,
1877 1705 1932 1753 et
1960 1695 2031 1751 de

443 1812 473 1865 b
501 1802 827 1881 praedicatur
867 1802 1013 1857 omni
1038 1843 1054 1869 ,
1103 1812 1326 1855 necesse
1356 1803 1439 1851 est
1463 1794 1605 1851 enim
1633 1793 1786 1861 (qua:
1812 1788 2030 1856 quidem

443 1911 527 1959 est
552 1901 587 1953 ά
613 1902 641 1954 b
661 1900 679 1969 )
702 1893 1125 1967 propositionem
1159 1903 1376 1944 manere
1396 1930 1411 1955 ,
1443 1888 1665 1941 alteram
1690 1891 1869 1936 autem
1898 1892 2031 1933 con-

445 1994 602 2051 Verti.
652 1990 831 2058 Quare
870 1988 987 2043 haec
1031 1984 1247 2055 quidem
1282 1995 1503 2050 semper.
1546 1992 1713 2043 vera,
1767 1974 1859 2029 illa
1903 1984 2035 2026 vero

446 2099 659 2155 semper
681 2082 836 2147 falsa,
873 2089 929 2135 et
968 2078 1081 2133 fere
1104 2073 1408 2146 huiusmodi
1437 2073 1711 2139 deceptlo,
1736 2065 1921 2122 eadem
1953 2072 2039 2119 est

448 2175 496 2229 ei
524 2187 643 2243 quae.
674 2171 732 2225 lit
760 2185 853 2240 per
885 2166 1159 2237 proprium
1211 2162 1471 2218 medium.
1513 2160 1570 2217 Si
1615 2171 1744 2213 vero
1772 2170 1881 2211 non
1938 2167 2039 2223 per

426 2268 725 2337 proprium
749 2262 984 2318 medium
1012 2259 1104 2314 fiat
1131 2257 1511 2327 syllogismus,
1540 2266 1662 2307 cum
1696 2248 1911 2320 quidem
1940 2244 2040 2300 sub

450 2378 479 2415 α
510 2363 580 2415 sit
605 2357 859 2421 medium,
887 2356 939 2408 in
955 2355 983 2408 b
1003 2360 1180 2407 autem
1207 2349 1354 2405 nullo
1370 2356 1475 2413 est,
1494 2358 1732 2418 necesse
1759 2352 1842 2397 est
1870 2348 2046 2393 utras-

452 2469 553 2523 que
574 2451 732 2507 falsas
762 2445 1194 2512 esse,sumendae
1215 2442 1358 2497 enim
1381 2456 1413 2496 e
1441 2436 1713 2495 contrario
1730 2442 1853 2489 sunt
1880 2445 2041 2502 quam

455 2554 511 2598 ut
538 2558 594 2597 se
624 2541 858 2596 habeant
900 2536 1328 2609 propositiones,
1384 2532 1429 2587 si
1458 2530 1654 2586 debeat
1698 2525 2043 2596 syllogismus

457 2648 576 2687 esse
600 2646 614 2684 :
641 2630 717 2686 sic
742 2639 920 2685 autem
942 2627 1199 2697 acceptis,
1225 2632 1467 2692 utraeque
1497 2620 1633 2674 ﬁunt
1655 2616 1827 2681 falsae,
1858 2622 1917 2668 ut
1937 2613 1982 2667 si
2010 2626 2046 2663 ιι

456 2722 667 2791 quidem
700 2720 752 2774 in
791 2728 902 2773 toto
934 2720 967 2771 ιι
995 2726 1098 2782 εει,
1130 2716 1164 2768 d
1194 2722 1374 2768 autem
1407 2712 1461 2765 in
1489 2709 1639 2765 nullo
1668 2711 1696 2762 b
1717 2748 1732 2773 ,
1768 2702 2045 2761 conversis

460 2816 601 2889 enim
624 2813 693 2891 iis
711 2854 726 2877 ,
750 2810 1093 2883 syllogismus
1120 2808 1223 2863 erit
1248 2846 1262 2872 ,
1298 2813 1354 2860 et
1384 2801 1776 2873 prepositiones
1804 2808 2047 2864 utraeque

460 2888 653 2963 [ειεειξ.⁷
682 2905 815 2960 Cum
847 2918 976 2958 vero
1012 2916 1120 2956 non
1169 2899 1255 2953 sit
1284 2896 1385 2951 sub
1408 2911 1441 2948 α
1467 2893 1700 2949 medium
1731 2901 1788 2944 ut
1808 2888 1873 2955 ά,
1924 2899 2047 2956 quae

459 3000 669 3063 quidem
696 3007 776 3053 εει
798 3013 829 3049 a
850 2996 884 3048 ά
912 3007 1035 3049 vera
1061 2991 1183 3057 erit,
1216 3004 1333 3060 qure
1355 3002 1485 3043 vero
1512 2994 1595 3040 est
1616 2984 1650 3037 ά
1678 2983 1705 3035 b
1737 2981 1889 3046 falsa,
1920 2990 2046 3048 quae

460 3092 599 3146 enim
626 3100 709 3145 est
732 3106 761 3141 a
786 3089 819 3139 d
840 3098 965 3141 vera
996 3093 1099 3149 est,
1130 3082 1255 3152 quia
1287 3094 1392 3134 non
1415 3078 1519 3133 erit
1547 3076 1603 3130 in
1629 3090 1692 3140 a,
1725 3072 1789 3138 ά,
1813 3083 1933 3141 qua:
1952 3081 2047 3123 ve-

448 3199 523 3243 ,ιο
540 3191 622 3238 εει
643 3183 675 3235 d
701 3183 728 3235 b
754 3180 907 3247 falsa,
939 3178 1063 3248 quia
1089 3177 1136 3231 si
1163 3182 1310 3230 esset
1330 3186 1480 3240 vera,
1512 3177 1567 3224 et
1598 3164 1876 3222 conclusio
1898 3169 2044 3217 esset

464 3290 611 3341 vera,
639 3273 732 3330 sed
762 3273 893 3327 falsa
917 3281 1050 3326 erat.
1091 3268 1200 3324 Sed
1233 3282 1328 3337 per
1368 3262 1599 3320 mediam
1652 3262 1876 3329 figuram
1905 3255 2046 3309 facta

464 3366 806 3436 deceptione,
862 3374 1115 3431 utrasque
1157 3360 1373 3429 quidem
1421 3368 1526 3423 non
1575 3346 1838 3419 contingit
1887 3344 2047 3398 falsas

465 3472 584 3515 esse
600 3434 1003 3526 proiiositiones
1032 3459 1197 3517 totas,
1224 3461 1345 3502 cum
1378 3442 1522 3499 enim
1550 3440 1620 3495 sit
1649 3439 1677 3492 b
1703 3436 1920 3508 quidem
1945 3434 2050 3490 sub

464 3565 516 3615 α,
550 3547 684 3602 nihil
716 3543 975 3613 contingit
1004 3543 1059 3596 in
1090 3540 1193 3595 hoc
1223 3536 1439 3609 quidem
1469 3532 1646 3597 omni,
1670 3530 1723 3585 in
1746 3527 1840 3583 illo
1868 3536 2047 3581 autem

467 3641 614 3696 nullo
634 3654 774 3705 esse,
806 3638 948 3692 sicut
966 3635 1167 3689 dictum
1190 3642 1273 3687 est
1292 3637 1347 3685 et
1368 3628 1533 3698 prius.
1563 3623 1748 3680 Altera
1778 3635 1906 3676 vero
1950 3634 2050 3690 po-

468 3742 574 3789 test
603 3748 722 3789 esse
750 3732 912 3799 falsa,
941 3739 991 3785 et
1012 3739 1343 3800 quaecunque
1377 3721 1657 3790 contingit.
1700 3718 1756 3773 Si
1778 3716 1922 3771 enim
1950 3723 2055 3772 cet

471 3828 524 3883 in
548 3827 599 3893 b,
630 3836 683 3881 et
708 3825 763 3880 in
793 3841 824 3876 a
854 3832 967 3885 est,
1014 3823 1058 3876 si
1088 3820 1382 3889 accipiatur
1414 3817 1469 3870 in
1503 3832 1535 3868 a
1564 3812 1778 3884 quidem
1800 3824 1922 3865 esse
1941 3850 1957 3876 ,
1998 3808 2053 3864 in

474 3920 502 3970 b
531 3932 658 3972 vero
680 3931 784 3968 non
813 3927 952 3979 esse,
981 3927 1097 3981 quae
1127 3910 1335 3980 quidem
1362 3922 1434 3961 ac
1460 3921 1585 3961 vera
1611 3903 1734 3969 erit,
1759 3904 1925 3957 altera
1949 3915 2045 3954 au-

478 4019 584 4064 tem
611 4008 763 4062 falsa.
801 4007 929 4060 Item
960 4005 1003 4058 si
1033 4005 1085 4057 in
1114 4002 1142 4055 b
1168 4001 1456 4070 accipiatur
1484 4015 1511 4052 c
1541 4012 1681 4063 esse,
1725 3996 1777 4050 in
1809 4012 1839 4047 a
1874 4002 2055 4047 autem

479 4101 628 4156 nullo
648 4108 752 4165 est,
776 4112 895 4168 quae
915 4096 1129 4166 quidem
1155 4102 1237 4148 est
1264 4108 1291 4146 c
1312 4093 1340 4145 b
1367 4106 1493 4145 vera
1514 4090 1639 4153 erit,
1685 4086 1850 4140 altera
1878 4094 2057 4139 autem

420 4254 427 4259 ,
478 4193 641 4256 falsa,
673 4188 934 4260 siquidem
968 4186 1127 4259 igitur
1160 4185 1447 4254 privativus
1475 4182 1546 4237 sit
1588 4176 1920 4247 deccptionis
1951 4174 2059 4245 syl-

478 4285 769 4355 Iogismus,
820 4280 1020 4334 dictum
1052 4286 1132 4333 est
1162 4275 1374 4347 quando
1405 4284 1460 4331 et
1504 4288 1597 4340 per
1623 4285 1741 4341 quae
1772 4268 1875 4324 erit
1902 4265 2061 4321 dece—

480 4362 609 4449 ptio.
644 4376 699 4432 Si
729 4389 856 4430 vero
876 4374 946 4428 sit
967 4370 1337 4434 afﬁrmativus,
1362 4378 1489 4422 tunc
1515 4381 1637 4422 cum
1665 4380 1760 4435 per
1788 4359 2060 4432 proprium

482 4467 716 4524 medium
744 4506 758 4531 ,
794 4463 1121 4534 impossibile
1169 4470 1249 4517 est
1278 4469 1531 4529 utrasque
1557 4473 1680 4514 esse
1709 4457 1869 4511 falsas
1888 4495 1901 4519 ,
1962 4468 2060 4509 ne-

483 4574 634 4617 cesse
654 4570 735 4615 est
769 4559 908 4614 enim
953 4572 1070 4627 quae
1110 4565 1193 4610 est
1223 4573 1249 4608 c
1279 4556 1308 4608 b
1336 4569 1555 4609 manere
1578 4592 1591 4616 ,
1649 4549 1914 4620 siquidem
1962 4546 2065 4602 erit

482 4653 823 4727 syllogismus
845 4651 981 4706 sicut
1011 4649 1213 4703 dictum
1236 4658 1320 4703 est
1339 4656 1394 4702 et
1418 4645 1585 4715 prius,
1620 4657 1789 4714 quare
1818 4658 1844 4693 c
1866 4658 1898 4694 a
1923 4654 2067 4694 sem-

481 4759 578 4813 per
603 4744 706 4798 erit
729 4742 884 4807 falsa,
912 4741 1028 4796 haec
1056 4741 1198 4794 enim
1228 4750 1313 4795 est
1342 4752 1623 4793 conversa.
1682 4734 1940 4791 Similiter
1972 4747 2068 4785 au-

482 4847 589 4894 tem
616 4847 698 4893 est
718 4846 774 4891 et
798 4836 843 4891 si
872 4851 936 4890 ex
957 4835 1060 4888 alia
1086 4832 1423 4888 ordinatione
1467 4829 1767 4899 accipiatur
1806 4825 2065 4891 medium,

480 4932 620 4986 sicut
648 4932 846 4984 dictum
869 4935 953 4983 est
987 4936 1043 4981 et
1072 4925 1123 4980 in
1152 4926 1413 4995 privativa
1443 4923 1795 4993 deceptione,
1840 4930 2066 4974 necesse

480 5024 621 5075 enim
653 5030 735 5076 est
754 5035 874 5091 quae
896 5019 1111 5089 quidem
1141 5029 1226 5073 est
1254 5018 1288 5071 ά
1334 5018 1362 5071 b
1392 5031 1610 5071 manere
1639 5056 1654 5080 ,
1679 5028 1799 5085 qua:
1832 5024 1960 5067 vero
1980 5015 2066 5065 est

480 5128 514 5164 a
540 5112 573 5165 ά
600 5113 867 5176 converti,
891 5120 945 5166 et
974 5110 1090 5166 haec
1113 5110 1359 5181 deceptio
1385 5109 1573 5165 eadem
1599 5117 1682 5163 est
1710 5106 1896 5176 priori.
1933 5104 2067 5160 Cum

479 5218 608 5258 vero
654 5205 729 5259 sic
756 5220 860 5258 non
887 5218 983 5272 per
1011 5205 1318 5273 proprium,
1381 5201 1426 5256 si
1454 5202 1669 5271 quidem
1710 5199 1780 5255 sit
1810 5200 1843 5252 ά
1887 5197 1986 5251 sub
2012 5212 2066 5260 a,

481 5297 596 5351 Itzec
622 5296 839 5365 quidem
869 5296 975 5351 erit
998 5309 1149 5358 vera,
1173 5295 1348 5349 altera
1374 5308 1501 5347 vero
1525 5284 1680 5357 falsa,
1715 5297 1892 5359 potest
1921 5288 2067 5343 enim

480 5407 511 5443 a
542 5390 594 5443 in
626 5389 869 5458 pluribus
899 5402 1043 5450 esse,
1083 5402 1202 5455 quae
1225 5401 1329 5440 non
1360 5393 1483 5437 sunt
1506 5383 1605 5436 sub
1635 5395 1696 5435 se
1718 5381 1972 5434 invicem.
2007 5378 2065 5434 Si

483 5493 614 5534 vero
644 5493 751 5531 non
777 5478 849 5532 sit
875 5478 908 5529 ἀ
954 5476 1055 5531 sub
1096 5492 1158 5543 a,
1211 5477 1329 5531 haec
1352 5475 1567 5545 quidem
1595 5486 1809 5541 semper
1838 5471 2065 5525 manife-

482 5578 623 5625 stum
653 5577 735 5623 est
761 5569 1012 5639 quoniam
1040 5578 1124 5623 est
1176 5568 1339 5632 falsa,
1388 5564 1701 5619 aftirmativa
1733 5562 1877 5617 enim
1919 5562 2067 5618 acci-

484 5661 681 5730 piatur.
731 5660 862 5727 Qua:
898 5675 1026 5716 vero
1052 5667 1137 5714 est
1163 5660 1196 5711 ά
1220 5659 1282 5725 b,
1329 5658 1590 5728 contingit
1632 5665 1685 5711 et
1713 5670 1893 5711 veram
1926 5670 2064 5721 esse,

482 5764 536 5809 et
566 5752 791 5819 falsam,
832 5751 967 5808 nihil
997 5750 1141 5807 enim
1179 5751 1425 5821 prohibet
1468 5765 1499 5802 a
1525 5746 1742 5818 quidem
1787 5748 1838 5802 in
1868 5746 2013 5802 nullo
2035 5748 2069 5800 ά

478 5862 622 5913 esse.
642 5849 882 5941 dantem
914 5849 967 5906 in
989 5847 1134 5907 omni
1157 5847 1207 5914 b,
1232 5856 1291 5905 ut
1320 5844 1519 5909 animal
1541 5844 1599 5905 in
1627 5842 1872 5907 scientia.
1892 5843 2067 5945 sciepv
2092 5918 2097 5923 Α

977 294 1454 401 ΡΟδΤΕΒΙΟιὶυΜ
1491 326 2039 388 ANALYTICORUM
2077 323 2529 383 ARISTOTELIS
2568 318 3146 378 INTERPBETATIO.

2042 445 2093 503 Α
2120 441 2190 495 tia
2217 450 2396 495 autern
2414 448 2471 493 ut
2519 439 2571 491 in
2619 438 2851 501 musica,
2884 449 3057 505 neque
3084 432 3269 501 utique
3318 447 3350 484 a
3380 429 3434 485 in
3464 428 3608 483 nullo
3638 430 3697 497 ά,

3581 308 3698 367 750

2120 548 2294 603 neque
2317 534 2349 586 ά
2381 532 2437 586 in
2465 530 2611 584 nullo
2634 530 2661 583 b
2693 544 2833 584 esse.
2877 526 3214 583 Manifestum
3248 523 3408 596 igitur
3451 531 3535 577 est
3573 535 3705 591 quo-

2119 625 2264 681 niam
2296 638 2416 678 cum
2442 636 2547 676 non
2570 620 2640 675 sit
2663 619 2896 675 medium
2928 620 3223 688 proprium,
3246 624 3300 670 et
3320 620 3457 668 utra:
3481 618 3709 681 possunt

2120 720 2281 775 simul
2308 733 2430 774 esse
2466 717 2610 771 falsae
2631 756 2647 781 ,
2679 724 2731 770 et
2765 726 3096 783 quaecunque
3118 710 3398 780 contingit.
3438 706 3579 774 Quot
3594 704 3711 774 qui-

2110 813 2243 881 ‘dem
2276 812 2436 883 igitur
2457 808 2652 876 modis,
2677 817 2731 863 et
2758 821 2854 877 per
2884 822 3001 875 qua:
3032 811 3256 875 possunt
3277 803 3394 858 fieri
3419 801 3712 856 secundum

2124 903 2493 975 syllogismum
2544 897 2912 967 deceptiones,
2935 904 2990 951 et
3028 895 3081 949 in
3110 895 3229 949 aliis
3284 909 3403 962 quas
3428 900 3552 947 sunt
3596 889 3717 944 sine

2126 996 2326 1061 medio,
2350 1005 2404 1050 et
2434 998 2488 1049 in
2522 993 2590 1049 iis
2610 1006 2731 1065 quae
2758 999 2884 1046 sunt
2909 1005 3003 1061 per
3023 988 3532 1045 demonstrationem
3596 998 3718 1041 ma-

2126 1090 2376 1147 nifestum
2400 1095 2501 1146 est.

2724 1197 2955 1261 CAI’UT
2986 1198 3126 1254 XIV.

2164 1298 2229 1355 Si
2257 1314 2435 1353 sensus
2476 1312 2508 1349 a
2535 1302 2722 1349 natura
2753 1293 2956 1359 deﬁcit,
2988 1298 3037 1344 et
3062 1288 3326 1344 scientiam
3360 1285 3686 1357 propriorum

2554 1365 2867 1422 sensibilium
2887 1362 3031 1417 illius
3056 1360 3287 1430 deﬁcere.

2203 1477 2537 1533 Manifestum
2558 1484 2643 1531 est
2663 1482 2839 1527 autem
2862 1510 2878 1537 ,
2926 1478 2982 1525 et
3004 1469 3049 1522 si
3072 1467 3265 1537 aliquis
3294 1480 3485 1522 sensus
3512 1464 3723 1519 defece-

2135 1574 2227 1638 rit,
2252 1585 2474 1627 necesse
2498 1578 2580 1625 est
2599 1569 2835 1637 aliquam
2866 1564 3147 1620 scientiam
3166 1562 3593 1632 deiicere,quam
3624 1559 3724 1613 im-

2138 1663 2393 1732 possibile
2412 1669 2495 1716 est
2520 1659 2799 1729 accipere,
2850 1655 3133 1725 siquidem
3165 1654 3452 1717 discimus,
3492 1660 3586 1705 aut
3631 1664 3725 1719 per

2139 1755 2537 1819 inductionem,
2570 1762 2663 1807 aut
2688 1766 2785 1820 per
2820 1746 3357 1804 demonstrationem.
3425 1742 3521 1798 Est
3548 1750 3727 1799 autem

2064 1835 2114 1895 Β
2142 1845 2535 1901 demonstratio
2555 1858 2619 1897 es
2651 1839 3068 1903 universalihus,
3096 1834 3333 1890 inductio
3351 1841 3531 1889 autem
3558 1846 3628 1887 ex
3660 1831 3728 1886 iis

2143 1952 2265 2008 quae
2288 1945 2417 1991 sunt
2439 1933 2804 2005 particularia.
2834 1927 3168 2000 Impossibile
3196 1935 3376 1980 autem
3396 1932 3485 1980 est
3509 1922 3729 1978 univer-

2142 2029 2279 2083 salia
2319 2026 2608 2097 speculari,
2663 2024 2767 2079 nisi
2797 2038 2892 2089 per
2936 2019 3341 2082 inductionem,
3400 2012 3648 2084 quoniam
3677 2018 3731 2069 et

2143 2138 2265 2194 qua:
2296 2137 2359 2176 ex
2390 2118 2750 2175 abStractione
2773 2115 3060 2179 dicuntur,
3111 2118 3196 2165 est
3231 2122 3327 2179 per
3365 2104 3731 2161 inductionem

2144 2191 2271 2271 nota
2295 2214 2494 2278 facere,
2518 2213 2561 2266 si
2589 2211 2710 2282 quis
2721 2209 2834 2263 vult
2860 2214 2987 2262 nota
3010 2204 3204 2267 facere,
3220 2198 3344 2270 quia
3366 2191 3570 2254 suntin
3595 2209 3732 2249 uno-

2144 2319 2358 2378 quoque
2377 2318 2575 2375 genere
2594 2299 2863 2373 quaadatn,
2879 2306 2934 2352 et
2958 2296 3004 2351 si
3035 2309 3141 2349 non
3169 2288 3487 2363 separabilia
3514 2286 3623 2342 sint
3645 2296 3733 2340 so-

2147 2377 2378 2456 cundum
2401 2395 2545 2468 quod
2572 2389 2878 2463 huiusmodi
2900 2383 3317 2456 unumquodque
3331 2389 3436 2437 est.
3477 2377 3734 2433 lndueere

2149 2503 2328 2549 autem
2374 2506 2482 2547 non
2514 2490 2773 2546 habentes
2801 2500 3017 2542 sensum
3046 2524 3061 2550 ,
3114 2474 3449 2549 impossibile
3477 2480 3590 2537 est,
3621 2470 3735 2525 sin-

2150 2583 2418 2656 gularium
2449 2583 2593 2637 enim
2618 2593 2810 2636 sensus
2837 2585 2942 2641 est,
2988 2587 3095 2629 non
3128 2570 3273 2626 enim
3298 2562 3563 2635 contingit
3588 2558 3734 2616 acci-

2150 2692 2281 2748 pere
2304 2677 2542 2744 ipsorum
2570 2673 2850 2729 scientiam
2868 2711 2885 2738 ,
2922 2681 3099 2737 neque
3124 2664 3270 2720 enim
3299 2667 3384 2717 est
3408 2672 3482 2715 ex
3523 2652 3737 2711 univer-

2149 2747 2352 2824 salibus
2380 2766 2499 2822 sine
2527 2764 2838 2821 inductione
2856 2804 2869 2829 ,
2902 2772 3081 2831 neque
3106 2771 3200 2828 per
3227 2750 3590 2812 inductionem
3619 2747 3738 2819 sine

2150 2874 2330 2917 sensu.

2679 2961 2703 2989 ⁸
2754 2962 2979 3021 CAPUT
3016 2959 3137 3016 XV.

2152 3066 2234 3122 Ex
2260 3074 2379 3136 quot
2404 3073 2451 3120 et
2480 3061 2720 3133 qualibus
2749 3065 2945 3115 constat
2966 3051 3296 3126 syllogismus
3319 3088 3339 3115 ,
3375 3056 3425 3104 et
3444 3061 3512 3101 an
3535 3054 3738 3099 sursum

2437 3154 2734 3209 deorz'umue
2762 3151 2852 3219 ﬁat
2879 3149 2935 3202 in
2959 3144 3222 3215 inﬁnitum
3248 3139 3426 3195 abitio.

2226 3272 2318 3324 Est
2347 3276 2525 3323 autem
2552 3264 2729 3320 omnis
2758 3258 3099 3333 syllogismus
3129 3269 3223 3326 per
3244 3261 3355 3308 tres
3377 3248 3656 3313 terminos,
3686 3249 3743 3301 et

2154 3361 2369 3434 quidem
2408 3367 2712 3415 monstrare
2753 3351 3023 3425 possibilis
3045 3357 3130 3404 est
3158 3345 3408 3417 quoniam
3435 3358 3470 3396 a
3499 3345 3584 3395 est
3608 3336 3663 3392 in
3689 3350 3741 3405 ο,

2154 3431 2375 3528 propter
2404 3452 2459 3509 id
2499 3451 2641 3524 quod
2685 3457 2769 3505 est
2794 3448 2848 3503 in
2876 3445 2927 3512 b,
2956 3454 3008 3499 et
3034 3443 3138 3497 hoc
3166 3442 3218 3495 in
3244 3455 3295 3493 c.
3316 3436 3424 3493 Sed
3455 3431 3746 3504 privativus

2157 3524 2489 3620 estquidem
2534 3544 2755 3599 alteram
2787 3536 3208 3612 propositionem
3239 3529 3445 3587 habens
3489 3524 3745 3598 quoniam

2158 3650 2243 3696 est
2270 3638 2472 3710 aliquid
2492 3635 2637 3692 aliud
2664 3635 2718 3690 in
2743 3633 2873 3700 alio,
2913 3630 3135 3685 alteram
3164 3632 3339 3680 autem
3366 3620 3618 3692 quoniam
3641 3630 3747 3672 non

2088 3796 2093 3799 .
2159 3744 2263 3793 est.
2294 3709 2632 3790 Manifestum
2655 3730 2818 3801 igitur
2839 3735 2921 3781 est
2940 3723 3084 3795 quod
3118 3717 3399 3791 principia,
3423 3722 3477 3770 et
3505 3709 3749 3784 supposi-

2160 3827 2341 3883 tiones
2361 3826 2504 3881 dicta
2536 3827 2650 3878 haec
2670 3828 2818 3885 sunt,
2849 3816 3199 3885 accipientem
3225 3810 3366 3866 enim
3395 3806 3511 3861 haec
3531 3804 3629 3870 sie,
3660 3814 3751 3856 ue-

2162 3934 2314 3974 cesse
2342 3924 2425 3973 est
2446 3923 2751 3970 monstrare
2788 3918 2846 3964 ut
2876 3906 3020 3977 quod
3052 3922 3084 3957 a
3111 3905 3181 3958 sit
3209 3903 3262 3956 in
3290 3918 3316 3953 c
3346 3914 3441 3969 per
3470 3898 3528 3966 b,
3561 3897 3751 3950 iterum

2161 4021 2340 4065 autem
2365 4006 2507 4077 quod
2528 4022 2559 4058 a
2587 4006 2655 4058 sit
2679 4004 2731 4057 in
2755 4002 2783 4054 b
2811 4014 2907 4068 per
2928 3995 3072 4050 aliud
3104 3992 3363 4057 medium,
3392 3998 3447 4044 et
3472 3986 3613 4057 quod
3636 3985 3665 4038 b
3684 3984 3753 4044 sit

2164 4102 2218 4155 in
2247 4116 2274 4153 c
2302 4098 2571 4153 similiter.
2595 4092 2904 4148 Secundum
2928 4088 3087 4157 igitur
3109 4082 3418 4151 Opinionem
3436 4077 3753 4147 syllogizan-

2166 4191 2327 4257 tibus,
2358 4200 2411 4244 et
2441 4186 2615 4242 solum
2656 4180 2961 4245 dialectice,
2995 4173 3333 4251 manifesmtn
3371 4179 3452 4224 est
3474 4167 3615 4237 quod
3656 4164 3754 4220 hoc

2167 4254 2343 4340 solum
2388 4277 2772 4335 intendendum
2795 4316 2810 4341 ,
2843 4272 2890 4326 si
2922 4285 2986 4327 ex
3016 4268 3213 4339 quibus
3244 4259 3503 4330 contingit
3530 4254 3757 4316 maxime

2170 4375 2539 4449 probabilibus
2568 4373 2661 4426 liat
2686 4367 3049 4440 syllogismus.
3080 4361 3256 4428 Quare
3295 4363 3350 4410 et
3379 4354 3425 4409 si
3457 4361 3538 4406 est
3563 4346 3757 4417 aliquid

2170 4474 2230 4527 iu
2258 4473 2484 4528 veritate
2515 4482 2703 4525 eorum
2753 4478 2873 4533 quae
2916 4467 3040 4513 sunt
3094 4472 3125 4507 a
3170 4453 3197 4506 b
3245 4448 3512 4509 medium,
3554 4439 3759 4494 videtur

2174 4576 2354 4621 autem
2378 4579 2486 4619 non
2516 4576 2636 4616 esse
2660 4573 2753 4627 per
2782 4555 2883 4607 hoc
2899 4549 3243 4621 syllogizans,
3268 4538 3547 4621 syllogizat
3566 4530 3759 4588 dialec~

2173 4640 2304 4711 tice.
2350 4654 2429 4710 Ad
2461 4651 2739 4706 veritatem
2771 4618 2947 4696 autem
2971 4677 2988 4705 ,
3019 4653 3083 4692 ex
3127 4635 3192 4687 iis
3223 4646 3343 4701 quae
3391 4618 3516 4683 Sunt
3546 4630 3758 4694 oportet

2175 4745 2454 4801 intendere
2477 4783 2493 4808 ,
2544 4739 2701 4794 habet
2743 4743 2919 4789 autem
2951 4745 3009 4784 se
3039 4730 3136 4782 sic.
3184 4724 3445 4792 Quoniam
3474 4728 3652 4774 autem
3683 4721 3761 4772 εει

2174 4837 2320 4909 quod
2363 4838 2537 4905 ipsunt
2584 4828 2799 4901 quidem
2830 4826 2897 4879 de
2920 4824 3021 4877 alia
3054 4818 3406 4890 praedicatur,
3440 4826 3544 4867 non
3570 4820 3763 4864 secun-

2175 4929 2305 4984 dum
2342 4924 2614 4981 accidens.
2664 4920 2792 4975 Dico
2838 4925 3016 4971 autem
3049 4910 3341 4968 secundum
3377 4905 3623 4962 accidens
3646 4943 3661 4969 ,
3714 4908 3765 4961 ul

2175 5020 2360 5075 album
2407 5013 2694 5085 aliquando
2725 5010 2954 5065 dicimus
2984 5004 3115 5061 illud
3144 5018 3263 5058 esse
3312 4999 3581 5055 hominem
3607 5035 3621 5059 ,
3663 5006 3766 5049 non

2175 5110 2429 5169 similiter
2452 5107 2692 5162 dicentes
2714 5113 2767 5157 et
2789 5100 3061 5155 hominem
3092 5097 3295 5159 album,
3326 5106 3447 5147 cum
3490 5087 3633 5143 enim
3662 5098 3766 5139 non

2181 5204 2253 5258 sit
2278 5201 2538 5263 alterum,
2570 5195 2787 5265 aliquod
2842 5193 3021 5246 dlbum
3072 5196 3192 5255 est,
3244 5185 3422 5238 album
3466 5189 3647 5235 autem
3690 5185 3767 5233 est

2184 5294 2383 5358 homo,
2426 5290 2678 5361 quoniam
2709 5284 2907 5340 accidit
2959 5276 3166 5335 homini
3214 5289 3334 5332 esse
3380 5271 3599 5334 album,
3648 5275 3768 5322 sunt

2183 5374 2345 5455 igitur
2367 5360 2608 5453 quaedam
2640 5374 2976 5445 huiusmodi,
3009 5380 3341 5440 quaecunque
3382 5360 3678 5419 secundum
3708 5370 3769 5413 se

2188 5448 2565 5547 praedicantur.
2596 5471 2651 5526 Si
2685 5469 2849 5539 igitur
2877 5483 2904 5519 c
2930 5458 3234 5532 huiusmodi
3273 5456 3415 5527 quod
3448 5456 3620 5523 ipsum
3646 5448 3771 5520 qui-

2187 5546 2309 5625 dem
2331 5567 2512 5622 nonin
2536 5563 2642 5616 alio
2672 5561 2762 5627 sit,
2797 5560 2848 5613 in
2880 5556 2980 5610 hoc
3008 5560 3186 5607 autem
3207 5549 3237 5602 b
3261 5548 3334 5601 sit
3359 5546 3552 5616 primo.
3582 5549 3637 5597 et
3664 5551 3773 5598 non

2190 5679 2285 5733 per
2314 5660 2456 5715 aliud
2502 5655 2756 5715 medium,
2790 5653 2980 5706 iterum
3009 5664 3036 5702 ε
3057 5646 3126 5700 de
3165 5644 3200 5697 ἀ
3241 5642 3331 5706 sit,
3356 5648 3411 5695 et
3434 5639 3682 5695 similiter
3704 5645 3775 5727 ⁸ει

2193 5707 2274 5733 ,η-
2315 5707 2456 5715 ------
2746 5707 2755 5715 .

2191 5759 2293 5809 ltoc
2335 5754 2385 5806 in
2419 5753 2468 5815 ὁ,
2498 5745 2733 5815 nunquid
2778 5745 2938 5815 igitur
2979 5743 3082 5796 hoc
3121 5749 3342 5794 necesse
3373 5742 3457 5790 est
3493 5743 3657 5793 stare.
3686 5707 3755 5774 a'lt

2191 5841 2453 5899 contirzit
2479 5841 2531 5896 in
2564 5835 2825 5892 inlinitum
2853 5834 2971 5889 ire?
3006 5831 3070 5888 Et
3096 5829 3289 5888 iterum
3318 5824 3366 5884 si
3394 5823 3463 5887 de
3490 5839 3525 5878 α
3548 5819 3762 5897 quidem
