4296 6266
583 379 675 439 131

1801 380 1910 436 AN.
1951 377 2157 433 MANL.
2200 376 2349 434 SEV.
2393 376 2615 433 BOET-ll

3737 383 3841 439 752

582 454 709 547 nihil
736 489 1051 561 praedicatur
1081 503 1179 562 per
1204 503 1286 559 se,
1314 505 1347 546 ο
1369 498 1545 547 autem
1574 488 1629 544 in
1654 490 1784 560 [est
1810 491 1999 557 pritno,
2036 503 2151 541 me-
2186 497 2232 550 Α
2261 490 2400 555 quod
2430 489 2600 555 ipsum
2628 489 2843 558 quidcm
2877 493 2929 545 in
2949 493 3055 548 alio
3086 496 3230 549 nullo
3258 506 3358 562 est,
3390 496 3484 553 sed
3511 499 3561 552 in
3587 498 3674 552 illo
3696 501 3838 554 aliud

583 587 725 641 dum
765 597 941 638 autem
972 585 1024 638 in
1055 584 1201 639 nullo
1225 584 1418 652 priori,
1464 591 1516 637 et
1541 583 1570 653 f
1596 582 1647 635 in
1680 597 1733 644 a,
1767 588 1821 633 et
1851 580 1951 634 hoc
1996 580 2045 631 in
2086 580 2113 630 b
2137 619 2153 646 ,

583 680 815 745 nunquid
846 690 900 735 et
923 682 1023 737 hoc
1051 664 1192 736 stare
1232 695 1452 737 necesse
1481 678 1595 733 est?
1616 693 1681 731 an
1712 687 1763 731 et
1796 676 1879 730 hic
1901 674 2160 743 contingit.

583 771 631 826 in
667 774 928 827 inﬁnitum
955 775 1141 828 abire?
1175 774 1359 828 Diﬁ'ert
1386 779 1559 825 autem
1586 770 1687 825 ltoc
1715 785 1745 823 a
1778 768 1943 838 priori
1986 768 2159 820 iutan-
2188 811 2202 822 ρ

583 873 713 925 tum,
750 867 998 932 quoniam
1026 864 1124 917 lioc
1148 864 1358 932 quidem
1388 869 1471 916 cst
1496 858 1755 925 nunquid,
1792 857 2052 926 contingit
2083 859 2159 910 in-

583 967 857 1023 cepturum
884 956 950 1008 ad
972 952 1271 1021 huiusmodi
1294 952 1431 1021 quod
1460 954 1513 1004 in
1543 950 1689 1004 nullo
1724 958 1806 1003 est
1836 948 2028 1012 altero,
2060 946 2156 1000 Sed

584 1047 723 1097 aliud
767 1047 816 1098 in
859 1046 971 1109 illo,
1005 1045 1052 1094 in
1082 1057 1295 1095 sursum
1339 1041 1391 1093 in
1422 1040 1685 1093 inﬁnitum
1730 1038 1901 1102 abire,
1933 1038 2157 1089 alterum

585 1144 760 1189 autem
784 1136 1134 1200 incaepturum
1158 1133 1225 1183 ab
1248 1130 1552 1199 liujusmodi
1584 1126 1725 1196 quod
1751 1128 1922 1195 ipsum
1946 1125 2159 1194 quidem

584 1226 650 1278 de
676 1226 801 1289 alio,
834 1225 900 1277 de
947 1224 1036 1277 illo
1080 1232 1257 1276 autem
1288 1221 1416 1275 nihil
1461 1220 1801 1290 prasdicatur,
1836 1222 1887 1272 in
1915 1220 2161 1272 deorsum

583 1315 973 1379 intendentem,
1020 1316 1063 1369 si
1115 1316 1377 1383 contingit
1406 1315 1458 1366 in
1494 1312 1757 1366 inﬁnitum
1788 1312 1886 1365 ire.
1920 1310 2164 1377 Amplius

585 1407 753 1460 media
802 1406 1040 1475 nunquid
1087 1404 1355 1473 contingit
1400 1402 1605 1458 inﬁnita
1653 1416 1772 1456 esse
1800 1401 2165 1454 determinetis

583 1498 853 1551 terminis?
884 1497 1011 1551 Dico
1040 1503 1220 1551 autem
1251 1505 1307 1550 ut
1334 1495 1381 1549 si
1407 1511 1439 1548 a
1465 1495 1519 1549 in
1548 1510 1576 1547 ε
1598 1496 1693 1559 sit,
1742 1492 1974 1548 medium
2019 1492 2163 1559 ipso-

587 1602 701 1640 rum
725 1589 793 1641 sit
820 1590 869 1653 b,
901 1589 968 1639 ab
993 1588 1107 1655 ipso
1135 1600 1311 1639 autem
1344 1589 1393 1651 b,
1421 1595 1475 1640 et
1500 1586 1567 1639 ab
1593 1585 1829 1650 aaltera,
1854 1583 1949 1639 sed
1980 1584 2165 1635 horum

585 1680 707 1746 alia,
738 1679 970 1744 nutriuid
1003 1689 1055 1733 et
1086 1677 1199 1733 lucc
1224 1680 1274 1732 in
1297 1678 1562 1734 inﬁnitum
1593 1677 1854 1745 contingit
1879 1675 2069 1729 abire?
2098 1690 2163 1728 an

586 1770 913 1839 impossibile
961 1771 1080 1824 est?
1123 1776 1206 1823 est
1255 1780 1436 1824 autem
1465 1768 1580 1835 .lioc
1622 1768 1837 1838 quidim
1885 1765 2164 1822 intendere

2262 589 2317 630 ut
2346 580 2395 645 c)
2428 594 2599 647 neque
2645 595 2671 629 a
2720 584 2892 649 primo
2925 586 2973 637 iu
3020 587 3289 643 ultimum.
3340 589 3466 643 Dico
3516 604 3689 643 autent
3734 594 3837 656 pri-

2261 685 2404 724 mum
2451 670 2592 738 quod
2626 672 2798 739 ipsum
2830 675 3040 742 quidem
3064 678 3130 730 de
3162 680 3287 742 alio,
3314 683 3407 733 sed
3432 682 3497 734 de
3521 682 3610 734 illo
3636 684 3836 736 nullum

2271 761 2416 815 aliud
2448 761 2644 816 dicitur
2670 781 2682 814 :
2712 764 2757 817 si
2787 766 2943 831 igitur
2968 770 3079 820 lucc
3107 781 3296 831 erunt,
3328 774 3667 825 manitesttnn
3700 772 3839 839 quod

2260 862 2315 906 et
2336 854 2388 905 iu
2422 855 2702 921 negatione
2732 856 2977 910 stabitur.
3008 860 3314 927 'l'ripliciter
3340 874 3522 915 autem
3569 875 3834 917 munira-

2262 952 2346 996 tur
2384 960 2487 997 non
2518 961 2659 1009 esse,
2694 956 2783 998 aut
2814 948 2951 999 enim
2985 950 3035 1000 in
3066 965 3170 1016 quo
3199 951 3414 1019 quidem
3444 962 3525 1005 est
3554 970 3599 1017 c,
3632 957 3658 1005 b
3704 956 3841 1008 iue~t

2263 1037 2406 1087 omni
2430 1078 2444 1103 ,
2476 1036 2568 1089 sed
2615 1038 2663 1089 in
2707 1053 2810 1104 quo
2838 1048 2917 1092 est
2945 1039 2972 1089 ὁ
3004 1041 3132 1092 nulli
3160 1081 3174 1104 ,
3224 1042 3357 1094 inest
3390 1060 3441 1105 a,
3476 1044 3650 1109 ipsum
3686 1046 3842 1110 igitur

2265 1125 2292 1176 b
2328 1142 2385 1190 ε,
2420 1135 2473 1180 ει
2502 1141 2712 1194 semper
2763 1130 2987 1183 alterum
3036 1132 3262 1198 spatium
3308 1148 3525 1187 necesse
3564 1144 3648 1188 est
3676 1134 3754 1187 ire
3786 1136 3839 1188 in

2266 1216 2593 1283 inanediata,
2622 1219 3023 1284 praedicativutn
3049 1223 3192 1274 enim
3223 1234 3307 1275 est
3332 1225 3430 1277 hoc
3455 1227 3703 1291 spatium.
3730 1225 3837 1280 Sed

2267 1309 2491 1362 alterum
2523 1309 2859 1363 manifestum
2886 1322 2987 1373 est,
3004 1328 3089 1378 qut
3110 1316 3140 1366 d
3160 1314 3202 1367 si
3227 1316 3278 1367 in
3301 1316 3408 1367 alio
3431 1330 3630 1370 nonest
3652 1334 3701 1381 pi
3717 1319 3837 1383 iori,

2267 1410 2323 1451 ut
2354 1400 2407 1451 in
2435 1399 2489 1463 ά,
2529 1400 2629 1452 lioc
2670 1401 2927 1470 indigebit
2955 1404 3171 1456 inomni
3210 1406 3237 1455 ὁ
3270 1420 3409 1466 esse,
3439 1415 3493 1457 et
3520 1406 3563 1457 si
3595 1408 3785 1458 iterum
3812 1424 3846 1459 α

2269 1489 2321 1547 in
2351 1488 2456 1543 alio
2503 1490 2683 1558 priore
2728 1506 2883 1559 quam
2913 1493 2946 1543 d
2973 1509 3077 1546 nun
3127 1496 3313 1557 luerit,
3347 1496 3471 1549 illud
3506 1496 3718 1564 ittdigcb
3742 1506 3762 1550 t
3790 1498 3844 1553 in

2268 1579 2411 1631 omni
2442 1578 2477 1632 ά
2504 1593 2625 1634 esse
2656 1596 2670 1633 :
2705 1596 2869 1648 quare
2895 1581 3145 1649 quoniam
3178 1588 3225 1636 in
3250 1586 3499 1638 deorsum
3524 1596 3632 1640 stat
3659 1602 3759 1651 vin,
3789 1596 3845 1642 et

2269 1685 2385 1739 quae
2415 1671 2466 1725 in
2496 1686 2704 1725 sursum
2733 1672 2923 1741 stabit,
2975 1684 3031 1727 et
3075 1676 3180 1729 erit
3223 1675 3421 1744 aliquid
3454 1678 3505 1731 in
3538 1694 3643 1745 quo
3676 1679 3843 1746 primo

2269 1779 2372 1817 nun
2403 1765 2506 1818 erit
2533 1781 2584 1817 a.
2617 1767 2745 1819 ltem
2793 1766 2839 1819 si
2881 1766 2909 1819 b
2947 1751 3164 1836 quidem
3197 1770 3245 1822 iu
3276 1771 3421 1824 omni
3445 1787 3496 1835 a,
3531 1772 3581 1823 in
3609 1786 3637 1823 c
3663 1782 3843 1825 autem

586 1860 724 1914 idem
754 1869 807 1914 et
835 1861 878 1914 si
902 1861 1388 1916 demonstrationes
1416 1862 1469 1915 in
1495 1860 1757 1914 ittﬁuitum
1782 1860 2089 1923 veniunt,et
2117 1858 2161 1912 si
2194 1849 2244 1910 B
2273 1856 2440 1919 nullo,
2472 1872 2502 1909 α
2526 1857 2577 1909 iu
2610 1873 2636 1908 c
2669 1857 2815 1909 nullo
2845 1859 2967 1912 erit.
3005 1859 3199 1912 lterum
3223 1859 3325 1913 hoc
3356 1859 3403 1913 si
3427 1869 3643 1928 oportet
3686 1875 3843 1915 mon-

585 1960 666 2004 cst
711 1951 1093 2005 demonstratio
1120 1953 1295 2007 omnis
1321 1952 1433 2015 rei,
1463 1966 1530 2005 an
1577 1952 1643 2005 ad
1691 1950 1924 2005 invicem
1949 1948 2165 2003 conclu-

587 2040 796 2095 dantur.
829 2042 1082 2096 Similiter
1125 2051 1305 2097 autem
1352 2043 1471 2095 dico
1512 2049 1568 2096 et
1594 2042 1648 2095 in
1698 2041 1972 2109 privativis
2001 2040 2167 2108 syllo-

587 2132 849 2211 gismiset
886 2132 1336 2201 propositionibus
1358 2174 1372 2196 ,
1405 2140 1461 2186 ut
1494 2132 1537 2187 si
1575 2148 1607 2183 a
1639 2146 1744 2184 non
1793 2130 1931 2183 inest
1964 2130 1991 2181 ὁ
2035 2130 2164 2182 nulli

587 2235 679 2278 aut
727 2224 931 2293 primo,
961 2233 1053 2278 aut
1090 2233 1174 2278 est
1204 2224 1403 2293 aliquid
1453 2223 1706 2285 medium,
1737 2222 1822 2276 cui
1852 2222 2013 2289 priori
2062 2237 2165 2274 non

589 2315 728 2369 inest
756 2330 808 2380 α,
843 2321 902 2369 ut
939 2316 983 2369 si
1013 2315 1080 2368 sit
1109 2332 1147 2386 gs
1162 2314 1301 2384 quod
1332 2313 1478 2367 omni
1507 2315 1535 2365 b
1557 2312 1696 2367 inest
1721 2351 1736 2377 ,
1765 2320 1821 2365 et
1844 2313 2036 2365 iterum
2068 2313 2169 2366 hoc

590 2417 694 2458 non
723 2404 883 2458 etiam
908 2403 995 2457 alii
1026 2403 1212 2472 priori,
1246 2410 1303 2456 ut
1331 2404 1374 2456 si
1406 2402 1440 2455 Ιι
1466 2412 1547 2457 est
1573 2402 1713 2470 quod
1744 2403 1814 2455 sit
1858 2402 1910 2455 in
1944 2402 2087 2455 omni
2115 2401 2165 2465 b,

589 2500 644 2547 et
673 2494 973 2563 namquein
1004 2493 1090 2547 bis
1113 2502 1206 2547 aut
1232 2493 1440 2547 inﬁnita
1470 2502 1627 2558 sunt,
1663 2494 1715 2546 in
1747 2493 1941 2560 quibus
1963 2501 2167 2545 nonest

590 2582 643 2638 in
685 2585 983 2652 prioribus,
1024 2594 1116 2637 aut
1141 2594 1333 2638 statur.
1376 2584 1480 2639 Sed
1512 2583 2010 2637 inconvertibilibns
2058 2597 2166 2636 non

590 2673 836 2728 similiter
864 2687 924 2727 se
951 2672 1131 2739 habet,
1164 2688 1272 2726 non
1300 2674 1442 2727 enim
1466 2682 1549 2727 est
1575 2673 1631 2726 in
1661 2688 1815 2740 teque
1848 2672 2170 2740 prmdicabi-

591 2762 729 2819 libus
770 2763 841 2817 de
866 2777 973 2833 quo
1021 2763 1191 2831 primo
1248 2761 1715 2832 pradicatur,aut
1743 2762 1950 2827 ultimo,
1992 2761 2173 2837 omnia

590 2855 732 2910 enim
760 2855 827 2909 ad
854 2854 1029 2909 omnia
1053 2856 1129 2909 sic
1148 2855 1393 2909 similiter
1410 2869 1470 2908 se
1498 2855 1717 2920 habent,
1746 2854 1857 2909 sive
1885 2868 2006 2908 sunt
2038 2853 2170 2909 inﬁ-

592 2948 704 3001 nita
748 2947 815 3003 de
858 2946 976 3017 ipso
1007 2947 1326 3017 praedicata,
1365 2948 1481 3002 sive
1510 2956 1737 3016 utraque
1781 2958 1902 3001 sunt
1931 2947 2171 3001 dubitata

591 3039 818 3103 inﬁnita.
861 3038 967 3097 nisi
1013 3038 1260 3097 similiter
1295 3037 1536 3094 converti
1575 3041 1875 3107 contingat,
1927 3037 2022 3093 sed
2073 3038 2174 3093 hoc

594 3131 808 3201 quidem
857 3132 999 3189 sicut
1039 3131 1328 3199 accidens,
1379 3128 1513 3186 illud
1558 3145 1688 3187 vero
1733 3131 1875 3186 sicut
1915 3129 2175 3201 praedica-

596 3231 733 3287 tum.

1187 3310 1411 3369 CAPUT
1451 3310 1590 3368 XVI.

702 3406 1070 3464 Determiuatis
1100 3407 1359 3469 extremis,
1395 3420 1593 3459 summa
1633 3404 1855 3473 imaque,
1905 3403 2073 3456 media

1154 3492 1256 3529 non
1285 3491 1392 3529 esse
1423 3475 1645 3539 inlinita.

668 3606 933 3678 Quoniam
978 3604 1137 3675 igitur
1175 3603 1351 3658 media
1380 3618 1484 3657 non
1511 3603 1774 3673 contingit
1802 3604 2007 3659 inﬁnita
2030 3619 2175 3672 esse,

593 3702 643 3757 si
663 3701 715 3756 in
737 3711 948 3752 sursum
974 3704 1029 3750 et
1049 3694 1298 3749 deorsum
1323 3702 1468 3747 stent
1497 3694 1803 3762 praedicata,
1839 3694 2173 3750 manifestum

599 3802 700 3849 est.
737 3790 879 3846 Dico.
916 3798 1097 3845 autem
1153 3803 1364 3844 sursum
1396 3789 1643 3858 quidem,
1691 3788 1829 3858 quod
1880 3788 2175 3844 universale

596 3883 768 3953 magis
793 3891 876 3936 est
896 3921 911 3945 ,
942 3882 1194 3935 deorsum
1241 3887 1437 3944 autem,
1469 3882 1605 3950 quod
1639 3880 1955 3949 particulare
1983 3887 2085 3934 est.
2116 3880 2173 3934 Si

595 3977 741 4031 enim
767 3992 797 4027 a
814 3974 1141 4045 prtedicante
1163 3973 1231 4029 de
1251 3991 1298 4040 ε,
1325 3974 1528 4028 inlinita
1552 3985 1673 4028 sunt
1698 3974 1891 4038 media,
1912 3972 1965 4027 in
1988 3974 2175 4041 quibus

597 4077 679 4123 est
706 4068 758 4134 b,
789 4067 1131 4122 manifestum
1156 4075 1237 4121 est
1266 4066 1409 4135 quod
1438 4066 1711 4135 continget
1741 4069 1950 4135 utrique
1975 4104 1988 4127 ,
2020 4074 2076 4116 ut
2107 4062 2175 4117 ab

595 4179 627 4216 a
659 4163 708 4215 in
755 4162 1002 4216 deorsum
1029 4160 1257 4216 alterum
1297 4159 1362 4214 de
1409 4160 1578 4215 altero
1600 4159 1862 4229 contingit
1894 4157 2173 4226 praedicari

599 4257 649 4311 in
673 4257 958 4323 inﬁnitum,
981 4266 1263 4326 antequam
1294 4256 1434 4310 enim
1467 4257 1517 4310 in
1541 4274 1568 4309 ε
1592 4258 1785 4320 veniat,
1824 4258 2029 4311 inﬁnita
2052 4265 2173 4310 sunt

600 4347 792 4409 media,
822 4357 877 4401 et
903 4347 970 4399 ab
1000 4362 1027 4399 c
1058 4347 1110 4401 in
1144 4362 1353 4400 sursum
1383 4345 1609 4409 inﬁnita,
1631 4356 1918 4416 antequam
1943 4348 1992 4400 in
2033 4364 2062 4397 α
2084 4362 2174 4399 ve-

600 4441 729 4494 niat.
761 4441 934 4504 Quare
957 4441 1000 4492 si
1034 4438 1147 4492 liam
1177 4437 1528 4507 impossibilia
1560 4445 1685 4490 sunt
1704 4477 1719 4503 ,
1743 4448 1796 4491 et
1819 4438 1985 4505 ipsius
2014 4454 2045 4490 a
2066 4445 2119 4490 et
2147 4454 2174 4489 ε

602 4530 932 4598 impossibile
958 4539 1044 4584 est
1081 4528 1283 4585 inﬁnita
1331 4542 1451 4583 esse
1493 4530 1687 4583 media.
1738 4529 1919 4599 Neque
1944 4529 2084 4584 enim
2127 4530 2171 4583 si

601 4619 791 4689 aliquis
810 4618 949 4673 dicat
971 4620 1110 4688 quod
1136 4620 1248 4674 haec
1269 4618 1482 4689 quidem
1511 4633 1631 4688 qua:
1657 4634 1690 4672 α
1715 4619 1742 4672 b
1763 4635 1789 4671 c
1817 4620 2175 4689 ciuitingentia

601 4711 808 4767 suntad
840 4712 1098 4776 invicem,
1131 4720 1189 4765 ut
1210 4720 1265 4765 et
1294 4726 1397 4765 non
1428 4711 1535 4765 sint
1556 4710 1761 4776 media,
1795 4711 1878 4763 illa
1914 4726 2039 4764 vero
2063 4726 2168 4765 non

603 4818 722 4858 esse
742 4803 1004 4870 accipere,
1036 4803 1169 4855 nihil
1200 4800 1398 4856 diﬁ‘ert.
1423 4800 1787 4867 Quodcunque
1810 4801 1950 4853 enim
1976 4801 2211 4867 accipio—

602 4908 788 4949 eorum
818 4908 936 4962 qua:
972 4901 1099 4948 sunt
1127 4893 1178 4959 b,
1205 4896 1443 4946 eruntab
1472 4909 1532 4961 a,
1562 4902 1652 4945 aut
1692 4907 1721 4944 ο
1753 4891 1953 4944 inlinita
1987 4892 2179 4946 media.

605 4990 683 5044 An
734 5003 840 5042 non
884 5003 915 5043 a
960 5005 1064 5057 quo
1090 4988 1198 5059 jam
1231 4987 1400 5056 prima
1427 4988 1530 5041 sint
1562 4986 1771 5041 inﬁnita
1819 4988 1933 5041 sive
1966 4988 2145 5040 statim
2166 5026 2181 5053 ,

603 5086 713 5137 me
760 5097 867 5138 non
922 5082 1100 5137 statim
1128 5121 1145 5146 ,
1176 5080 1309 5135 nihil
1349 5079 1560 5135 diﬁ‘ert?
1590 5095 1709 5151 qua:
1742 5082 1886 5135 enim
1916 5090 2186 5151 suntpost

603 5178 737 5240 lucc,
763 5175 970 5231 inﬁnita
988 5182 1134 5230 sunt.
1459 5190 1498 5230 ο

1166 5284 1392 5342 CAPUT
1443 5284 1605 5340 XVII.

642 5380 1015 5455 Propesttiom's
1042 5381 1286 5455 negotist:
1314 5379 1555 5455 meditate
1578 5379 1764 5455 media,
1792 5379 1976 5455 quibus
2004 5395 2149 5435 reve-

822 5462 959 5509 retur
979 5455 1049 5508 ad
1069 5448 1413 5507 intmediatam
1430 5491 1445 5519 ,
1477 5448 1581 5506 non
1608 5467 1714 5506 esse
1738 5450 1966 5512 inﬁnita.

677 5565 1015 5624 Manifestum
1068 5574 1244 5621 autem
1291 5574 1346 5619 et
1396 5565 1449 5618 in
1487 5563 1694 5633 privata
1723 5562 2184 5619 demonstratione

607 5662 862 5730 quoniam
909 5670 1099 5727 statur,
1132 5661 1176 5713 si
1223 5659 1436 5727 quidem
1466 5657 1518 5712 in
1553 5657 1890 5728 prcdicatwa
1934 5666 2103 5712 statur
2128 5657 2182 5711 in

610 5751 874 5817 utrisque.
901 5753 984 5808 Sit
1013 5757 1157 5806 enim
1189 5768 1294 5806 non
1321 5753 1642 5819 contingens
1688 5765 1860 5819 neque
1890 5751 1942 5804 in
1971 5764 2181 5803 sursum

598 5840 677 5896 ab
707 5840 894 5894 ultimo
919 5843 976 5896 in
997 5840 1260 5897 inﬁnitum
1291 5843 1371 5898 ire
1399 5842 1544 5913 (dico
1571 5850 1749 5898 autem
1780 5842 1831 5896 in
1855 5848 2176 5911 quostatur,

2266 1958 2475 2013 stiare,
2530 1948 2871 2005 manifestum
2921 1961 3026 2015 εει⁹
3076 1951 3216 2020 quod
3261 1963 3353 2006 aut
3394 1968 3485 2021 per
3512 1953 3841 2021 superiorem

2266 2040 2479 2093 modum
2534 2054 2745 2094 sursum
2805 2042 3225 2111 monstrabitur,
3272 2051 3363 2096 aut
3411 2058 3499 2111 per
3550 2043 3724 2108 hunc,
3755 2052 3845 2099 aut

2270 2130 2504 2184 tertium.
2540 2131 2748 2185 Primus
2772 2131 2988 2199 quidem
3039 2133 3199 2201 igitur
3238 2133 3411 2186 dictus
3434 2142 3547 2199 est,
3583 2134 3847 2189 secundus

2268 2233 2450 2276 autem
2479 2221 2955 2276 demonstrabitur.
2991 2222 3080 2278 Sic
3108 2232 3286 2277 autem
3314 2225 3495 2294 utique
3522 2225 3845 2279 monstrabi-

2272 2318 2375 2377 tur,
2402 2321 2459 2364 ut
2489 2310 2629 2379 quod
2655 2311 2687 2363 d
2712 2312 2761 2364 in
2791 2309 2819 2364 ὁ
2841 2312 2983 2365 omni
3007 2321 3119 2378 est,
3151 2314 3199 2365 in
3226 2328 3251 2364 c
3278 2323 3454 2367 autem
3487 2312 3655 2377 nullo,
3681 2314 3724 2365 si
3751 2330 3844 2367 ne—

2272 2415 2425 2455 cesse
2448 2410 2531 2454 est
2560 2400 2764 2470 aliquid
2793 2404 2911 2455 esse
2944 2403 2993 2453 in
3024 2403 3071 2466 ὁ,
3105 2411 3159 2453 et
3185 2401 3378 2456 iterum
3411 2403 3454 2454 si
3488 2400 3589 2455 boc
3611 2401 3663 2455 in
3687 2417 3715 2454 c
3737 2400 3845 2459 nun

2271 2504 2392 2555 erit,
2417 2490 2559 2545 aliud
2583 2506 2709 2545 vero
2737 2491 2788 2545 in
2813 2493 2846 2545 d
2868 2501 2949 2545 est
2980 2492 3118 2561 quod
3143 2492 3193 2545 iit
3222 2508 3247 2544 ο
3273 2506 3378 2545 non
3407 2501 3510 2558 est,
3536 2492 3693 2561 igitur
3715 2506 3846 2561 quo-

2274 2585 2415 2638 niam
2449 2598 2569 2637 esse
2592 2598 2807 2651 semper
2833 2585 3095 2652 superiori
3125 2593 3229 2637 stat
3252 2622 3271 2651 ,
3302 2584 3465 2656 stabit
3490 2591 3546 2637 et.
3573 2599 3675 2637 non
3705 2598 3848 2638 esse.

2273 2675 2482 2730 Tertius
2511 2684 2685 2728 autem
2719 2674 2909 2728 modus
2937 2674 3054 2738 est,
3087 2674 3131 2743 si
3159 2689 3190 2727 α
3220 2672 3248 2725 b
3274 2675 3417 2727 omni
3452 2674 3616 2739 insit,
3668 2689 3695 2725 c
3722 2688 3848 2727 vero

2276 2768 2330 2821 in
2359 2767 2503 2823 nullo
2545 2768 2572 2819 b
2615 2768 2703 2830 sit,
2739 2782 2844 2821 non
2890 2767 2945 2820 in
2986 2766 3132 2821 omni
3171 2782 3221 2831 c,
3254 2767 3306 2821 iu
3334 2781 3438 2836 quo
3468 2778 3548 2821 est
3574 2784 3623 2821 α.
3659 2768 3851 2822 lterum

2274 2867 2451 2912 autem
2500 2858 2601 2910 hoc
2634 2872 2723 2920 per
2753 2856 2999 2924 superius
3050 2855 3193 2910 dicta
3222 2857 3600 2910 aut.similiter
3627 2857 3850 2912 deumn-

2276 2946 2551 3004 stratiitur.
2584 2945 2696 3000 Illis
2749 2947 2910 3016 igitur
2962 2946 3133 3000 modis
3163 2954 3355 3002 statur.
3388 2948 3445 3003 Si
3472 2963 3600 3003 vero
3628 2948 3704 3002 sic
3730 2956 3849 3014 est,

2277 3038 2468 3093 iterum
2502 3038 2792 3106 accipietur
2813 3041 2840 3090 ὸ
2872 3038 2925 3092 in
2951 3054 2976 3091 e
2999 3052 3139 3103 esse,
3166 3040 3217 3092 in
3244 3054 3350 3108 quo
3371 3055 3398 3092 c
3418 3055 3526 3093 non
3554 3040 3607 3093 in
3632 3040 3776 3094 omni
3804 3055 3849 3106 ε,

2278 3139 2332 3183 ει
2360 3128 2460 3181 hoc
2498 3128 2687 3181 iterum
2711 3127 2978 3181 similiter.
3003 3128 3263 3193 Quoniam
3305 3138 3482 3185 autem
3515 3128 3853 3198 suppositum

2206 3220 2251 3285 C
2284 3235 2367 3278 εει
2391 3232 2533 3275 stare
2560 3231 2612 3275 et
2657 3222 2709 3274 in
2737 3220 2985 3275 deorsum
3006 3260 3022 3286 ,
3050 3222 3387 3277 manifestum
3410 3232 3492 3278 est
3521 3227 3661 3293 quod
3692 3226 3855 3281 stabit

2288 3322 2343 3369 et
2367 3311 2509 3381 quod
2540 3312 2590 3365 in
2622 3327 2649 3363 c
2674 3325 2777 3365 non
2803 3320 2904 3366 est.
2930 3312 3263 3367 Manifestum
3300 3324 3476 3369 autem
3505 3324 3586 3369 est
3606 3318 3853 3385 quoniam

2278 3406 2378 3460 etsi
2405 3421 2509 3460 non
2539 3421 2640 3459 una
2667 3406 2753 3458 via
2782 3415 3138 3471 monstretur,
3170 3408 3262 3462 sed
3278 3410 3545 3474 omnibus.
3569 3412 3852 3479 aliquando

2277 3499 2492 3568 quidem
2522 3514 2587 3553 ex
2612 3498 3003 3568 pritiigtigura,
3033 3501 3319 3569 aliquando
3348 3517 3475 3556 vero
3500 3518 3565 3557 ex
3596 3505 3853 3570 secunda,

2277 3597 2373 3641 aut
2408 3603 2472 3640 ex
2503 3588 2677 3651 tertia,
2708 3586 2957 3653 quoniam
2990 3598 3043 3642 et
3088 3590 3167 3643 sic
3215 3590 3469 3655 stabitur,
3507 3592 3668 3647 ﬁnitae
3713 3595 3858 3649 enim

2276 3688 2402 3735 sunt
2427 3679 2545 3732 viae.
2580 3676 2748 3732 Finita
2777 3687 2954 3733 autem
2986 3680 3133 3735 ﬁnite
3154 3690 3363 3749 sumpta
3391 3682 3611 3751 pluries,
3640 3699 3859 3741 necesse

2275 3780 2357 3824 est
2382 3768 2518 3823 ﬁniri
2543 3768 2741 3823 omnia.
2781 3768 2933 3835 Quod
2959 3768 3169 3835 quidem
3212 3771 3377 3839 igitur
3407 3772 3462 3827 in
3493 3774 3781 3841 privatione
3808 3775 3856 3830 si

2276 3859 2487 3931 quidem
2511 3868 2564 3915 et
2594 3861 2770 3915 inesse
2791 3861 2998 3925 statim,
3023 3861 3364 3917 manifeswm
3393 3873 3496 3918 est.

2846 3990 3069 4047 CAPUT
3108 3980 3292 4047 x'vnl.

2336 4069 2731 4155 'Proposition'is
2753 4084 3064 4155 afﬁrmatione
3090 4089 3343 4155 mediam,
3374 4088 3541 4144 medie
3561 4106 3662 4144 non
3680 4106 3790 4145 esse

2964 4156 3191 4223 inlinita.

2348 4287 2451 4342 Sed
2476 4288 2598 4356 quid
2637 4290 2687 4341 In
2717 4287 2821 4341 illis
2850 4288 2938 4356 qui
2965 4288 3170 4355 quidem
3199 4290 3365 4358 logice
3388 4289 3750 4356 speciduntur,
3775 4292 3854 4344 sic

2280 4381 2618 4434 manifestum
2653 4378 2729 4434 ﬁt.
2762 4379 2816 4432 lii
2864 4380 2929 4433 iis
2971 4382 3182 4449 quidem
3215 4381 3375 4449 igitur
3401 4396 3520 4446 qua:
3544 4381 3759 4449 quidem
3804 4382 3857 4435 in

2277 4487 2342 4525 eo
2369 4472 2506 4539 quod
2532 4470 2655 4541 quid
2678 4480 2760 4524 est
2785 4471 3158 4538 prmdicantur,
3194 4469 3533 4524 manifestum
3562 4476 3677 4534 est;
3708 4469 3751 4523 si
3780 4477 3860 4525 est

2204 4590 2255 4650 Β
2280 4565 2420 4617 enim
2444 4562 2689 4626 deﬁnire,
2714 4570 2805 4615 aut
2828 4564 2871 4615 si
2906 4571 3088 4615 notum
3119 4572 3200 4616 est
3231 4562 3367 4628 quod
3392 4561 3515 4627 quid
3544 4569 3659 4614 erat
3698 4574 3818 4614 esse
3841 4600 3856 4625 ,

2285 4655 2492 4708 inﬁnita
2536 4662 2711 4707 autem
2747 4668 2852 4706 non
2881 4661 2964 4707 est
2992 4654 3254 4718 transire,
3286 4667 3506 4707 necesse
3530 4662 3610 4705 est
3635 4652 3775 4705 ﬁniri
3809 4652 3862 4707 iit

2289 4761 2354 4798 eo
2384 4743 2523 4811 quod
2556 4744 2680 4813 quid
2715 4754 2795 4797 est
2824 4745 3130 4811 praedicata.
3164 4744 3552 4799 Universaliter
3582 4751 3758 4796 autem
3787 4742 3863 4796 sic

2287 4836 2533 4899 dicimus,
2566 4845 2646 4889 est
2692 4834 2834 4889 enim
2882 4849 3006 4889 vere
3035 4834 3214 4889 dicere
3255 4834 3431 4889 album
3486 4833 3779 4897 ambulare,
3811 4839 3864 4887 et

2292 4940 2537 4994 magnum
2563 4924 2687 4978 illud
2713 4924 2907 4992 lignum
2930 4938 3069 4988 esse,
3093 4935 3146 4978 et
3171 4924 3364 4978 iterum
3391 4924 3592 4992 lignum
3615 4936 3865 4992 magnum

2292 5030 2435 5079 esse,
2464 5024 2519 5069 et
2558 5014 2825 5069 hominem
2868 5016 3164 5079 ambulare,
3192 5014 3283 5068 sed
3308 5014 3535 5069 alterum
3565 5024 3646 5067 est
3681 5016 3758 5066 sic
3780 5013 3866 5066 dis

2290 5120 2446 5169 cere,
2483 5116 2573 5158 aut
2600 5106 2691 5159 illo
2732 5107 2893 5160 modo
2917 5147 2932 5171 ,
2977 5121 3097 5160 cum
3125 5104 3267 5159 enim
3294 5104 3475 5158 album
3503 5103 3715 5173 quidem
3748 5116 3868 5157 esse

2289 5198 2412 5253 dico
2454 5196 2595 5265 quod
2641 5198 2726 5252 cui
2756 5198 2949 5253 accidit
2991 5198 3168 5253 album
3204 5211 3345 5263 esse,
3390 5196 3589 5265 lignum
3620 5204 3703 5249 est
3728 5236 3741 5259 ,
3774 5193 3867 5249 sed

2288 5304 2393 5344 non
2439 5289 2580 5358 quod
2632 5280 2931 5359 subjectum
2978 5294 3153 5359 signo,
3183 5290 3367 5345 album
3415 5288 3514 5350 sit,
3554 5296 3610 5342 et
3640 5299 3869 5355 namque

2290 5395 2461 5450 neque
2513 5380 2657 5451 quod
2705 5380 2883 5436 album
2931 5390 3032 5446 est,
3069 5395 3242 5450 neque
3269 5381 3408 5447 quod
3441 5378 3655 5447 quidem
3684 5378 3866 5431 album

2292 5470 2507 5540 aliquod
2535 5482 2636 5537 est,
2664 5471 2859 5526 factum
2892 5473 3092 5543 lignum
3116 5481 3217 5537 est,
3246 5486 3414 5542 quare
3444 5486 3549 5525 non
3589 5478 3673 5523 est
3711 5468 3868 5521 aliter

2291 5578 2451 5634 quam
2480 5564 2775 5621 secundum
2801 5564 3071 5621 accidens.
3101 5566 3232 5620 Cum
3260 5572 3438 5617 autem
3466 5564 3669 5632 lignum
3690 5559 3870 5613 album

2291 5672 2411 5712 esse
2438 5659 2589 5725 dico,
2621 5676 2726 5713 non
2769 5660 2908 5728 quod
2944 5659 3161 5728 aliquod
3191 5658 3418 5711 alterum
3450 5656 3520 5711 sit
3549 5656 3727 5710 album
3752 5694 3769 5720 ,
3799 5652 3870 5711 illi

2288 5756 2466 5801 autem
2494 5750 2686 5803 accidit
2726 5749 2925 5819 lignum
2953 5764 3074 5805 esse
3092 5790 3109 5816 ,
3156 5760 3214 5804 ut
3255 5764 3375 5803 cum
3404 5748 3664 5802 musicum
3692 5745 3869 5800 album

2291 5852 2413 5897 esse
2438 5832 2560 5899 dico
2582 5880 2598 5912 ,
2646 5851 2772 5903 tunc
2798 5843 2941 5901 enim
2969 5842 3222 5917 quoniam
3253 5843 3417 5899 homo
3442 5846 3524 5898 est
3563 5841 3717 5896 albus
3738 5876 3755 5907 ,
3783 5834 3871 5895 cui
