4296 6266
494 373 593 427 735

1034 364 1512 423 POSTERIORUM
1551 328 2083 418 ANALYTIGORU!
2122 355 2575 416 ORISTOTELIS
2614 357 3183 418 INTERPRETATIO.

3634 352 3743 413 πδ

492 484 686 541 accidit
706 495 825 539 esse
844 480 1121 545 musicum,
1145 479 1389 544 dico,sed
1417 477 1614 546 lignum
1637 485 1721 531 est
1740 475 2059 544 subjectum,
2087 472 2141 536 Δ
2167 472 2292 528 Haec
2317 481 2492 529 autem
2515 477 2695 527 omnia
2723 474 2792 529 de
2825 474 3070 543 subjecto
3100 469 3332 543 quodam
3359 470 3634 540 pmdicari
3662 474 3745 527 dl-

493 574 633 646 quod
658 572 871 644 quidem
898 581 953 628 et
979 570 1173 626 factum
1199 579 1301 634 est,
1332 584 1436 623 non
1463 583 1581 623 cum
1613 567 1839 621 alterum
1866 565 2060 635 aliquid

495 666 564 718 sit
607 678 766 732 quam
816 661 955 733 quod
984 659 1199 730 quidem
1230 661 1430 729 lignum
1460 668 1541 713 est
1562 698 1577 721 ,
1618 666 1708 711 aut
1735 656 1933 727 lignum
1961 656 2061 709 ali-

497 755 659 825 quod.
686 754 741 810 Si
773 754 931 823 igitur
954 760 1167 819 Oportet
1194 751 1409 805 nomina
1440 764 1661 818 ponere,
1686 747 1755 803 sit
1784 748 1861 801 sic
1890 746 2069 800 dicere

500 846 774 917 prazdicari
796 884 810 909 ,
850 844 943 899 sed
964 844 1054 899 illo
1081 842 1272 907 modo,
1304 851 1395 895 aut
1415 842 1561 894 nullo
1586 840 1744 893 modo
1770 836 2067 907 praedicari,

500 947 589 993 aut
618 935 887 1007 prmdicari
910 935 1121 1005 quidem
1144 947 1248 988 non
1278 932 1625 1000 simpliciter.
1657 930 1750 984 sed
1777 927 2070 983 secundum

500 1029 745 1083 accidens
774 1026 1105 1095 praedicatur,
1144 1033 1228 1079 est
1252 1033 1429 1077 autem
1461 1032 1710 1089 tanquam
1734 1019 1913 1075 album
1954 1018 2070 1087 qui-

2172 566 2367 631 cimus,
2396 565 2644 618 accidens
2683 577 2857 619 autem
2886 580 2989 619 n0n
3021 580 3137 619 esse
3167 564 3465 631 subjectum
3504 560 3741 632 aliquod,

2172 654 2303 707 nihil
2336 655 2478 708 enim
2513 656 2694 709 talium
2742 658 2989 721 ponimus
3028 670 3169 716 esse.
3208 672 3312 708 non
3347 655 3486 723 quod
3514 654 3745 708 alterum

2172 744 2387 811 aliquod
2418 759 2539 799 esse
2566 744 2781 810 dicitur,
2814 746 2912 799 sed
2948 747 3117 813 ipsum
3148 748 3215 800 de
3242 747 3379 803 aliis.
3408 755 3464 800 et
3500 746 3601 798 alia
3632 744 3749 813 qui-

2173 836 2297 890 dem
2331 837 2398 891 de
2428 837 2558 904 alio,
2603 852 2776 905 neque
2807 838 2859 890 in
2898 854 3133 903 sursum,
3177 854 3305 907 ergo
3334 856 3492 892 unum
3520 842 3587 893 de
3620 853 3748 906 uno,

2176 941 2348 995 neque
2379 927 2429 979 in
2471 928 2723 981 deorsum
2754 942 2876 981 esse
2916 926 3144 989 dicetur,
3181 927 3247 981 de
3281 930 3472 996 quibus
3498 930 3638 983 enim
3671 929 3750 981 di-

2177 1029 2370 1072 cuntur
2397 1018 2715 1079 accidentia,
2744 1032 3076 1085 quaecunque
3104 1016 3155 1068 in
3179 1018 3474 1069 substantia
3502 1018 3751 1071 uniuscu-

500 1118 618 1172 dem
645 1116 784 1187 quod
816 1117 1131 1186 praedicatur
1157 1155 1170 1177 ,
1204 1113 1298 1169 sed
1346 1115 1482 1167 sicut
1511 1112 1707 1181 lignum
1741 1118 1826 1166 est
1866 1108 1935 1166 de
1966 1123 2073 1176 quo
2170 1108 2365 1177 jusque
2394 1117 2538 1173 sunt,
2571 1107 2687 1161 haec
2735 1117 2911 1159 autem
2946 1121 3052 1163 non
3083 1114 3207 1158 sunt
3251 1105 3476 1169 iulinita,
3515 1107 3608 1159 sed
3638 1121 3751 1160 sur.

500 1207 837 1277 praedicatur.
862 1206 1202 1276 Supponatur
1226 1219 1355 1275 ergo
1397 1204 1742 1272 praedicatum
1796 1198 2071 1269 praedicni

498 1316 711 1370 semper
726 1299 793 1355 de
813 1314 919 1369 quo
935 1298 1277 1368 prmdicatur,
1305 1296 1638 1365 simpliciter,
1659 1294 1751 1349 sed
1769 1308 1871 1347 non
1885 1307 2076 1348 secun-

500 1391 625 1443 dum
667 1387 937 1443 accidens.
983 1388 1073 1444 Sic
1121 1389 1265 1441 en'm
1310 1384 1796 1440 demonstrationes
1847 1383 2075 1438 deman-

504 1489 695 1535 strant.
741 1480 918 1545 Quare
967 1478 1020 1532 in
1060 1492 1124 1533 eo
1171 1476 1311 1547 quod
1368 1476 1494 1545 quid
1544 1486 1645 1535 est.
1698 1486 1787 1527 aut
1827 1476 2074 1543 quoniam

506 1574 682 1643 quale,
716 1582 805 1626 aut
834 1580 1112 1642 quantum,
1141 1579 1232 1624 aut
1261 1569 1327 1623 ad
1356 1568 1573 1637 aliquid,
1616 1577 1706 1621 aut
1738 1567 1955 1631 faciens,
1988 1574 2079 1624 aut

507 1666 735 1733 patiens,
780 1671 870 1716 aut
918 1662 1025 1726 ubi,
1080 1670 1172 1715 aut
1218 1659 1450 1731 quando,
1495 1674 1614 1714 cum
1646 1674 1809 1713 unum
1855 1658 1922 1713 de
1969 1673 2079 1712 uno

509 1754 899 1823 pricdicabitur.
932 1751 1192 1820 Amplius.
1238 1749 1585 1805 substantiam
1629 1749 1840 1817 quidem
1872 1749 2079 1819 signili-

2177 1214 2294 1253 sum
2327 1199 2439 1266 ipsa
2471 1214 2684 1267 quoque
2713 1207 2767 1252 et
2796 1198 3089 1251 accidentia
3134 1205 3357 1264 utraque
3404 1213 3507 1247 non
3548 1197 3753 1251 inlinita

2178 1298 2322 1342 suist.
2352 1288 2584 1343 Necesse
2614 1298 2694 1341 est
2722 1304 2851 1355 ergo
2882 1302 3002 1341 csse
3037 1286 3255 1354 aliquid,
3291 1284 3359 1338 de
3388 1299 3493 1353 quo
3526 1288 3751 1348 primum

2180 1379 2525 1448 priedicetur,
2551 1389 2606 1433 et
2631 1379 2697 1433 de
2730 1380 2830 1433 hoc
2856 1378 3017 1441 aliud,
3048 1388 3101 1430 et
3124 1376 3223 1430 hoc
3238 1386 3407 1439 stare,
3433 1388 3482 1429 et
3514 1390 3634 1429 esse
3660 1376 3756 1428 aii.-

2180 1472 2302 1539 qnid
2332 1472 2469 1539 quod
2504 1486 2609 1523 non
2634 1470 2889 1536 amplius,
2912 1469 3101 1539 {neque
3126 1467 3193 1521 de
3222 1466 3330 1519 alio
3362 1466 3546 1533 priori,
3583 1478 3755 1532 neque

2181 1560 2249 1614 de
2280 1547 2366 1613 illo
2396 1560 2535 1613 aliud
2572 1562 2720 1628 prius
2767 1560 3105 1625 pra-dicetur.
3158 1554 3302 1612 Unus
3334 1558 3545 1624 quidem
3597 1556 3758 1624 igitur

2184 1653 2373 1707 modus
2402 1652 2898 1717 demonstrationis,
2949 1650 3146 1704 dicitur
3196 1651 3300 1703 hic.
3353 1650 3539 1702 Adhuc
3577 1648 3755 1702 autem

2184 1746 2341 1811 alius,
2371 1746 2414 1798 si
2447 1745 2512 1799 de
2543 1747 2738 1814 quibus
2782 1745 2953 1811 priora
2984 1743 3225 1811 quaedam
3270 1740 3646 1811 pra-dicantur,
3676 1746 3760 1795 est

510 1847 702 1911 cantia,
733 1844 875 1915 quod
905 1843 1121 1913 quidem
1154 1841 1283 1895 illud
1314 1849 1418 1904 est,
1446 1850 1538 1893 aut
1559 1840 1770 1909 aliquod
1804 1839 1933 1893 illud
1959 1840 2075 1909 qui-
2110 1844 2157 1906 Β
2187 1836 2374 1891 hortnn
2403 1840 2809 1899 demonstratio,
2842 1852 3069 1904 quorum
3103 1846 3279 1889 autem
3310 1842 3391 1888 est
3425 1832 3759 1887 demonstra-

507 1939 628 1990 dem
649 1936 951 2006 signilicant
969 1933 1038 1989 de
1059 1948 1165 2003 quo
1187 1932 1568 2002 prmdicantur.
1594 1931 1935 1999 Quaecunque
1953 1944 2082 1983 vero

509 2044 612 2081 non
644 2028 992 2081 substantiam
1034 2024 1355 2095 significant,
1402 2024 1497 2080 sed
1526 2024 1595 2081 de
1623 2026 1801 2091 aliquo
1842 2024 2082 2093 subjecto

512 2117 778 2183 dicuntur,
807 2118 948 2185 quod
980 2131 1084 2171 non
1111 2127 1214 2182 est,
1242 2132 1413 2183 neque
1438 2116 1582 2185 quod
1616 2116 1745 2170 illud
1774 2126 1877 2181 est,
1910 2131 2082 2184 neque

513 2209 650 2279 quod
682 2207 895 2277 quidem
926 2207 1054 2262 illud
1078 2206 1275 2277 aliquid
1304 2216 1407 2271 est,
1429 2206 1723 2264 accidentia
1755 2216 1902 2273 sunt,
1934 2214 1992 2259 ut
2016 2207 2084 2261 de

511 2296 727 2354 homine
764 2298 965 2354 album.
997 2298 1182 2370 Neque
1217 2299 1359 2354 enim
1395 2308 1479 2355 est
1507 2300 1690 2367 homo,
1738 2314 1914 2369 neque
1940 2299 2083 2368 quod

511 2393 722 2462 quidem
756 2390 941 2446 album
976 2401 1083 2459 est,
1129 2406 1303 2456 neque
1333 2390 1474 2461 quod
1525 2391 1741 2461 quidem
1785 2391 1963 2446 album
2002 2398 2089 2447 est

512 2482 732 2554 aliquid,
764 2484 859 2540 sed
890 2482 1087 2538 animal
1117 2482 1319 2548 forsan,
1362 2483 1500 2552 quod
1534 2482 1749 2552 quidem
1782 2483 1925 2538 enim
1972 2485 2087 2536 ani-

514 2576 752 2642 malest,
800 2574 960 2630 homo
1003 2585 1105 2631 est.
1150 2575 1488 2645 Qmecunque
1519 2591 1651 2630 vero
1694 2591 1802 2630 non
1834 2574 2084 2629 substan-

516 2664 641 2718 tiam
685 2664 1010 2735 signilicant,
1056 2673 1267 2733 oportet
1294 2665 1361 2718 de
1400 2664 1582 2734 aliquo
1612 2664 1856 2731 subjecto
1891 2663 2089 2733 pradi-

515 2753 648 2819 cari,
670 2762 726 2809 et
754 2768 857 2807 non
889 2768 1008 2809 esse
1037 2753 1162 2823 quid
1188 2754 1388 2814 album.
1412 2753 1552 2822 quod
1580 2767 1683 2807 non
1709 2767 1828 2807 cum
1859 2754 2086 2806 alterum

521 2844 733 2912 aliquod
764 2844 851 2908 sit,
886 2845 1062 2898 album
1089 2848 1190 2899 est.
1226 2843 1447 2910 Species
1483 2842 1623 2902 enim
1651 2842 1882 2905 valeant,
1910 2850 1965 2895 et
1999 2857 2089 2909 ge-

516 2948 664 2999 nera,
688 2946 923 2991 monstra
951 2936 1092 2991 enim
1122 2925 1334 2999 sunt,et
1357 2936 1401 2990 si
1424 2938 1555 2999 sint,
1584 2936 1712 2989 nihil
1738 2936 1802 2989 ad
1827 2938 2088 2990 rationem

521 3033 663 3090 sunt,
690 3024 1174 3080 demonstrationes
1191 3026 1331 3079 enim
1363 3024 1430 3079 de
1454 3024 1756 3093 ltujusmodi
1784 3033 1926 3079 sunt.
1961 3025 2089 3077 Am-

519 3117 680 3185 plius,
715 3117 757 3171 si
785 3132 891 3171 non
920 3126 1003 3171 est
1038 3118 1138 3173 hoc
1167 3116 1322 3185 hujus
1352 3117 1601 3185 qualitas,
1651 3125 1703 3172 et
1739 3115 1868 3171 illud
1902 3116 2081 3185 hujus,

2189 1931 2283 1991 tio,
2318 1945 2487 1998 neque
2521 1930 2695 1999 potius
2717 1931 2912 1982 habere
2942 1928 3195 1997 possibile
3223 1937 3305 1982 est
3336 1927 3400 1981 ad
3432 1926 3567 1994 ipsa,
3599 1940 3757 1995 quam

2188 2024 2348 2089 scire,
2379 2038 2549 2091 neque
2580 2022 2719 2076 scire
2748 2032 2829 2075 est
2858 2023 2974 2076 sine
3006 2021 3481 2087 demonstratione,
3511 2020 3555 2072 si
3582 2032 3759 2073 autem

2189 2114 2309 2179 hoc,
2346 2129 2438 2180 per
2471 2116 2583 2167 haec
2613 2114 2675 2166 sit
2710 2123 2915 2166 notum.
2952 2113 3073 2166 llmc
3115 2122 3288 2167 autem
3333 2112 3624 2176 nescimus,
3666 2126 3761 2166 ne-

2186 2219 2289 2273 que
2324 2206 2512 2258 melius
2544 2204 2799 2257 habemus
2827 2204 2890 2257 ad
2933 2204 3045 2271 ipsa
3076 2218 3231 2272 quam
3274 2202 3434 2265 scire,
3469 2216 3639 2269 neque
3669 2216 3762 2270 per

2189 2296 2303 2350 haec
2344 2306 2528 2350 notum
2575 2298 2829 2350 sciemus.
2874 2294 2927 2349 Si
2962 2295 3121 2364 igitur
3146 2304 3229 2349 est
3260 2294 3457 2363 aliquid
3503 2293 3641 2347 scire
3672 2307 3763 2359 per

2186 2389 2696 2444 demonstrationem
2747 2387 3083 2454 simpliciter,
3130 2397 3181 2441 et
3228 2402 3329 2441 non
3371 2402 3433 2440 ex
3468 2385 3755 2455 aliquibus,

2189 2497 2363 2549 neque
2385 2496 2451 2537 ex
2479 2480 2863 2549 suppositione,
2897 2479 3256 2541 necessarium
3289 2486 3372 2532 est
3400 2487 3541 2530 stare
3568 2476 3762 2545 pracdi-

2187 2574 2428 2629 cationes
2468 2572 2788 2637 mediorum,
2833 2574 2874 2624 si
2923 2572 3063 2625 enim
3100 2587 3207 2624 non
3240 2571 3506 2633 steterint,
3540 2567 3631 2622 sed
3681 2564 3766 2624 est

2188 2682 2403 2736 semper
2432 2667 2670 2735 acceptio
2716 2665 2769 2718 in
2822 2666 3093 2733 superius,
3129 2665 3365 2718 omnium
3407 2665 3508 2717 erit
3539 2646 3764 2718 diunon?

2190 2759 2398 2821 stratio,
2446 2773 2613 2827 quare
2644 2758 2686 2810 si
2721 2757 2927 2810 inlinita
2958 2771 3062 2810 non
3097 2756 3348 2825 possibile
3379 2766 3460 2809 est
3489 2764 3760 2821 pertrans-

2191 2852 2290 2915 ire,
2328 2865 2556 2919 quorum
2601 2860 2681 2903 est
2714 2849 3122 2913 demonstratio,
3150 2847 3262 2900 haec
3286 2863 3389 2900 non
3422 2847 3650 2899 sciemus
3676 2859 3768 2913 per

2190 2942 2721 2995 demonstrationem.
2773 2939 2835 2993 Si
2883 2940 3041 3008 igitur
3070 2952 3240 3005 neque
3292 2938 3479 2989 melius
3516 2937 3770 2989 habemus

2191 3032 2254 3083 ad
2286 3032 2396 3100 ipsa
2432 3047 2587 3101 quam
2637 3033 2795 3094 scire,
2842 3045 2945 3083 non
2992 3029 3093 3083 erit
3125 3032 3264 3082 scire
3306 3044 3398 3095 per
3440 3027 3771 3080 demonstra-

2193 3126 2391 3178 tionem
2459 3124 2815 3191 simpliciter,
2866 3122 2957 3177 sed
3011 3138 3074 3175 ex
3130 3122 3516 3191 suppositione.
3580 3120 3770 3188 Logice

520 3223 690 3280 neque
718 3211 989 3281 qualitatis
1027 3212 1281 3281 qualitas,
1306 3210 1636 3277 impossibile
1666 3220 1749 3263 est
1776 3224 1930 3278 aeque
1956 3226 2091 3278 prai-
2120 3206 2166 3269 C
2195 3215 2408 3285 quidem
2458 3216 2618 3285 igitur
2659 3230 2725 3267 ex
2767 3215 2851 3268 his
2896 3215 3077 3283 utique
3123 3214 3316 3282 aliquis
3354 3214 3557 3276 credat,
3601 3212 3667 3266 de
3707 3228 3773 3266 eo

522 3301 688 3356 dicari
731 3302 796 3357 ad
830 3304 1053 3359 invicem
1086 3304 1182 3364 sic,
1226 3303 1320 3358 sed
1350 3318 1530 3357 verum
1573 3302 1787 3370 quidem
1832 3298 2092 3371 euntingit

520 3392 697 3448 dicere
734 3394 834 3459 sic,
867 3410 1017 3465 atque
1051 3405 1228 3451 autem
1261 3410 1387 3450 vere
1420 3394 1697 3464 praedicari
1735 3409 1838 3447 non
1882 3396 2092 3449 contio--

519 3486 615 3557 git.
646 3486 729 3541 An
777 3487 921 3542 enim
950 3487 1090 3542 sicut
1132 3486 1432 3543 substantia
1478 3485 1872 3554 praedicabitur,
1916 3495 2094 3543 autut

519 3591 711 3644 genus,
767 3587 859 3631 aut
909 3586 967 3632 ut
1015 3577 1313 3635 dillerentia
1368 3576 1686 3646 pradieari?
1747 3579 1857 3630 haec
1912 3582 2093 3629 autem

518 3674 732 3722 ostensa
771 3677 915 3729 sunt,
946 3669 1195 3738 quoniam
1241 3684 1347 3723 non
1376 3680 1528 3724 erunt
1558 3666 1785 3745 inlinita,
1830 3680 2001 3732 neque
2034 3664 2093 3719 in

518 3766 755 3824 sursum,
784 3764 957 3833 neque
984 3762 1035 3816 in
1066 3761 1340 3825 deorsum,
1367 3769 1425 3815 ut
1456 3760 1617 3816 homo
1649 3761 1820 3829 bipes,
1853 3759 1954 3815 boc
1980 3760 2096 3813 ani-

521 3854 647 3920 tnal,
680 3854 784 3909 hoc
818 3861 1000 3910 autem
1025 3854 1251 3917 alterum
1302 3863 1403 3917 est,
1438 3869 1608 3921 neque
1656 3852 1850 3907 animal
1893 3852 1961 3907 de
1997 3851 2095 3905 bo-

523 3944 689 4009 mine,
724 3945 826 3998 hoc
852 3952 1029 3999 autem
1057 3944 1123 3999 de
1147 3943 1332 4010 Callia,
1366 3945 1465 3999 hoc
1493 3954 1670 4000 autem
1711 3945 1779 4000 de
1807 3945 1915 3998 alio
1945 3946 1996 3997 in
2027 3957 2095 3997 eo

522 4033 661 4103 quod
692 4034 820 4101 quid
845 4043 949 4099 est,
976 4035 1321 4091 substantiam
1351 4037 1493 4090 enim
1522 4050 1735 4092 omnem
1765 4045 1845 4089 est
1871 4033 2095 4087 delinire

525 4120 854 4193 huiusmodi,
885 4124 1090 4179 inﬁnita
1110 4135 1288 4181 autem
1312 4141 1415 4181 non
1441 4136 1527 4183 est
1547 4127 1774 4181 transire
1797 4125 2094 4193 intelligen-

522 4223 656 4281 tem,
686 4232 854 4285 quare
881 4231 1056 4285 neque
1086 4216 1137 4272 in
1158 4232 1391 4287 sursum,
1424 4233 1598 4288 neque
1621 4217 1673 4272 in
1699 4218 1949 4271 deorsum
1978 4214 2097 4268 inli-

518 4307 625 4365 nita
654 4318 803 4376 sunt,
836 4307 981 4363 illam
1026 4310 1171 4365 enim
1202 4324 1305 4365 non
1338 4320 1421 4366 est
1458 4311 1701 4377 deﬁnire,
1735 4310 1803 4365 de
1830 4326 1931 4378 qua
1971 4309 2096 4363 inli-

522 4399 630 4457 nita
657 4400 1031 4469 pradicantur.
1064 4400 1155 4457 Sic
1182 4402 1342 4472 igitur
1379 4416 1574 4470 genera
1605 4402 1669 4455 ad
1700 4402 1950 4465 invicem,
1990 4416 2095 4456 non

521 4492 797 4560 aqualiter
840 4494 1220 4563 praedicantur,
1261 4495 1365 4550 erit
1390 4494 1535 4549 enim
1564 4496 1761 4563 ipsum,
1805 4493 1945 4564 quod
1978 4494 2095 4563 qui-

2192 3309 2333 3380 quod
2366 3309 2566 3363 dictum
2617 3315 2722 3361 est.
2769 3308 3048 3376 Analytice
3086 3315 3263 3359 autem
3310 3304 3648 3358 inanilesmm
3691 3312 3773 3358 est

2195 3421 2289 3475 per
2317 3404 2430 3458 haec
2459 3402 2716 3465 velocius,
2748 3416 2922 3470 neque
2949 3400 3000 3452 in
3035 3414 3269 3462 sursum,
3315 3412 3486 3466 neque
3531 3395 3582 3450 in
3614 3394 3773 3449 deor-

2194 3504 2311 3551 sum
2348 3496 2555 3548 inlinita
2603 3493 2887 3561 pra-dicata
2917 3489 3179 3559 contingit
3206 3504 3326 3543 esse
3360 3492 3408 3542 in
3439 3488 3774 3542 demonstra-

2195 3586 2285 3640 tivi
2326 3585 2585 3649 scientiis,
2635 3584 2701 3638 de
2730 3583 2922 3653 quibus
2969 3582 3195 3636 intentio
3225 3590 3307 3635 est
3341 3597 3355 3645 ;
3385 3580 3774 3634 demonstratio

2196 3680 2340 3734 enim
2370 3690 2453 3733 est
2491 3693 2556 3733 ex
2594 3678 2676 3730 his
2708 3693 3042 3745 quint-utique
3092 3677 3205 3745 ipsa
3234 3676 3448 3744 quidem
3480 3677 3659 3730 in~unt
3687 3690 3774 3729 sc-

2194 3773 2424 3825 cundum
2476 3770 2653 3837 seipsa
2683 3771 2865 3834 rebus,
2890 3768 3182 3822 secundum
3216 3768 3391 3835 seipsa
3427 3782 3553 3821 vero
3605 3766 3777 3835 dupli-

2193 3862 2356 3924 citer;
2377 3874 2707 3929 quascunque
2736 3860 2878 3913 enim
2911 3860 2962 3911 in
2990 3860 3092 3911 illis
3117 3858 3297 3910 insunt
3320 3859 3370 3910 in
3403 3872 3467 3910 eo
3489 3856 3625 3926 quod
3651 3855 3776 3925 quid

2194 3962 2294 4015 est,
2329 3961 2384 4005 et
2434 3954 2485 4003 in
2538 3951 2731 4018 quibus
2775 3950 2888 4014 ipsa
2932 3948 2984 4021 in
3036 3961 3101 3999 eo
3130 3946 3268 4012 quod
3301 3946 3425 4013 quid
3476 3958 3557 3999 est
3597 3947 3778 4000 insunt

2196 4044 2346 4111 ipsis,
2373 4043 2440 4095 'ut
2472 4043 2523 4094 in
2571 4054 2792 4092 numero
2836 4040 3025 4104 inpar,
3060 4036 3198 4102 quod
3248 4036 3385 4088 inest
3416 4038 3628 4104 quidem
3673 4052 3777 4089 nu-

2196 4147 2367 4196 mero,
2400 4140 2481 4185 est
2509 4140 2685 4184 autem
2729 4130 2843 4198 ipse
2872 4140 3124 4181 numeius
3168 4127 3220 4180 in
3254 4126 3460 4179 ratione
3488 4127 3674 4195 ipsius,
3721 4135 3778 4181 et

2197 4224 2389 4277 iterum
2426 4220 2732 4288 multitudo,
2765 4228 2857 4274 aut
2900 4218 3187 4283 divisibile,
3229 4218 3279 4271 in
3308 4217 3514 4272 ratione
3546 4218 3775 4284 numeri,

2200 4315 2391 4369 ilOillln
2434 4320 2611 4367 autem
2657 4322 2844 4366 neutra
2885 4310 3146 4379 contingit
3178 4308 3383 4363 inﬁnita
3428 4322 3570 4372 esse,
3606 4322 3779 4374 neque

2200 4416 2256 4459 ut
2288 4407 2458 4474 impar
2488 4402 2718 4458 numeri.
2750 4402 2944 4457 lterum
2998 4402 3140 4456 enim
3187 4402 3229 4454 si
3262 4400 3431 4467 impar
3460 4398 3598 4451 aliud
3630 4398 3777 4465 insit,

2201 4497 2285 4549 cui
2316 4494 2485 4549 inerat
2516 4492 2771 4549 existenti
2799 4494 2919 4558 hoc,
2946 4493 2987 4544 si
3011 4502 3093 4545 est
3123 4492 3348 4559 primum
3376 4506 3653 4554 numerus,
3679 4490 3783 4545 erit

521 4580 643 4636 dem
687 4581 863 4652 ipsum
894 4584 1095 4655 aliquid
1143 4595 1251 4653 est,
1291 4600 1462 4655 neque
1500 4594 1675 4639 tamen
1716 4584 1784 4639 de
1810 4584 2088 4652 qualitate,
2121 4568 2172 4630 Ῑ)
2205 4588 2268 4640 iis
2297 4602 2415 4654 quae
2462 4586 2641 4637 insunt
2672 4584 2799 4653 ipsi.
2847 4582 2904 4639 Si
2933 4582 3091 4651 igitur
3139 4598 3243 4635 non
3279 4582 3539 4651 contingit
3564 4581 3779 4649 infinita

519 4681 611 4727 aut
634 4672 861 4730 aliorum
888 4676 1052 4741 nullo,
1091 4676 1196 4730 nisi
1236 4676 1530 4731 secundum
1564 4674 1813 4729 accidens
1839 4674 2092 4739 praedica-

519 4761 685 4831 bitur,
724 4765 904 4822 omnia
951 4766 1095 4820 enim
1127 4766 1244 4821 hzl’c
1271 4767 1542 4831 accidunt,
1589 4774 1644 4820 et
1685 4766 1753 4820 de
1782 4766 2096 4820 substantiis

520 4852 899 4923 praedicantur,
928 4856 1022 4913 sed
1049 4858 1300 4926 quoniam
1332 4873 1504 4923 neque
1532 4858 1585 4911 in
1628 4872 1860 4921 sursum,
1890 4857 2093 4911 inﬁnita

519 4956 663 5001 sunt.
694 4946 771 5001 De
808 4962 1130 5019 unoquoque
1179 4951 1324 5005 enim
1366 4951 1687 5020 praedicatur
1730 4948 1869 5018 quod
1899 4948 2098 5017 signiti-

519 5050 607 5096 cat
629 5049 724 5096 aut
749 5051 1004 5112 quantum
1034 5042 1263 5114 aliquid,
1291 5054 1383 5099 ant
1412 5044 1567 5113 quale
1591 5042 1815 5112 aliquid,
1862 5051 1954 5095 aut
1997 5042 2095 5095 hu-

519 5134 756 5202 jusmodi
793 5149 911 5203 qua:
951 5144 1076 5191 sunt
1104 5136 1157 5191 in
1203 5136 1528 5199 substantia,
1570 5135 1682 5189 hinc
1733 5144 1912 5189 autem
1955 5134 2099 5186 linito

524 5235 671 5291 sunt,
709 5235 765 5282 et
792 5240 992 5297 genera
1037 5226 1579 5298 praedicameptorum
1614 5228 1779 5291 linita,
1821 5236 1914 5280 aut
1958 5225 2102 5279 enim

522 5316 701 5385 quale,
727 5329 819 5373 aut
848 5328 1131 5388 quantum,
1165 5327 1259 5373 aut
1290 5318 1357 5372 ad
1394 5318 1619 5386 aliquid,
1658 5327 1748 5372 aut
1774 5317 1975 5383 lacere,
2015 5310 2121 5369 aut'

520 5418 654 5486 pati,
692 5426 787 5472 aut
827 5417 942 5483 ubi,
987 5427 1081 5473 aut
1119 5418 1354 5487 quando.
1405 5417 1747 5486 Suppositum
1798 5426 1976 5470 autem
2016 5425 2099 5471 est

520 5531 685 5569 unum
717 5516 785 5571 de
830 5533 936 5573 uno
978 5518 1281 5588 praedicari,
1330 5519 1440 5587 ipso
1484 5526 1659 5572 autem
1708 5517 1775 5572 de
1803 5519 1929 5587 ipsis
1955 5533 2098 5585 qua:-

465 5686 483 5705 .
523 5630 735 5685 cunque
757 5631 862 5671 non
892 5620 958 5672 ad
982 5619 1183 5687 aliquid
1211 5627 1357 5683 sunt,
1386 5618 1689 5687 pr;cdicari,
1720 5631 1822 5671 non
1850 5618 2094 5685 dicimus,

525 5715 825 5771 accidentia
853 5719 994 5774 enim
1023 5728 1148 5773 sunt
1173 5720 1376 5784 omnia,
1405 5718 1497 5773 sed
1530 5718 1641 5773 hmo
1667 5727 1880 5789 quidem
1907 5732 2098 5777 secun-

524 5814 657 5875 dum
700 5833 896 5891 seipsa,
942 5824 1045 5876 alia
1076 5833 1204 5876 vero
1252 5820 1546 5879 secundum
1571 5810 1821 5878 alterum
1860 5827 2096 5880 modum.

2202 4677 2505 4747 huiusmodi
2536 4692 2658 4732 esse
2686 4678 2737 4730 in
2780 4692 2905 4739 uno,
2938 4690 3110 4744 neque
3141 4678 3191 4728 in
3226 4689 3439 4728 sursum
3472 4685 3631 4729 erunt
3661 4673 3784 4728 inli-

2204 4770 2338 4836 nita,
2368 4778 2424 4824 at
2452 4784 2581 4824 vero
2612 4781 2832 4823 necesse
2856 4775 2941 4823 est
2970 4768 3146 4822 omnia
3175 4767 3354 4822 inesse
3380 4770 3569 4837 primo,
3600 4776 3657 4821 ut
3681 4782 3782 4821 nu-

2205 4875 2375 4925 mero,
2394 4871 2449 4917 et
2476 4862 2527 4915 in
2560 4860 2667 4915 illis
2695 4874 2994 4925 numerum,
3018 4868 3184 4930 quare
3208 4860 3579 4915 convertibilia
3603 4869 3780 4928 et'unl,

2206 4950 2298 5005 sed
2344 4965 2449 5004 non
2481 4949 2815 5006 excedentia.
2853 4950 3033 5021 Neque
3083 4959 3260 5004 tamen
3289 4967 3621 5019 quatcunque
3665 4962 3781 5005 Sltltl

2210 5045 2259 5097 in
2290 5057 2356 5097 eo
2381 5042 2521 5113 quod
2548 5042 2673 5113 quid
2705 5050 2808 5109 est,
2844 5057 3018 5113 neque
3056 5040 3171 5097 haec
3202 5044 3403 5097 inlinita
3434 5054 3580 5111 sunt,
3612 5059 3785 5113 neque

2206 5142 2350 5189 esset
2371 5133 2595 5190 delinire
2617 5153 2630 5189 :
2654 5149 2819 5205 quare
2840 5135 2889 5213 si
2912 5135 3200 5204 praedicata
3236 5152 3325 5204 per
3348 5151 3405 5190 se
3428 5136 3639 5204 quidem
3672 5154 3787 5190 om—

2210 5227 2293 5277 nia
2326 5226 2595 5292 dicuntur,
2630 5226 2742 5282 haec
2783 5238 2960 5282 autem
3009 5242 3117 5281 non
3150 5228 3355 5282 inlinita
3388 5239 3533 5293 Sllﬂl,
3568 5230 3789 5285 stabunt

2209 5318 2393 5386 utique
2442 5320 2493 5373 in
2538 5334 2771 5382 sursum,
2833 5334 2997 5389 quare
3033 5330 3086 5374 et
3127 5320 3179 5374 in
3209 5320 3485 5385 deorsum,
3530 5322 3572 5374 si
3605 5334 3781 5375 autem

2213 5417 2292 5471 sic
2321 5426 2425 5483 est,
2470 5428 2521 5474 et
2548 5435 2666 5483 quae
2696 5430 2819 5474 sunt
2868 5421 2919 5473 in
2963 5419 3140 5474 medio
3171 5420 3394 5475 duorum
3431 5422 3803 5487 terminorum

2216 5535 2429 5591 semper
2478 5530 2598 5576 sunt
2652 5522 2818 5575 ﬁnita.
2871 5520 2926 5576 Si
2967 5536 3094 5575 vero
3140 5519 3240 5575 hoc
3288 5532 3388 5587 est,
3442 5523 3806 5577 manifestum.

2214 5622 2321 5691 jam
2353 5631 2455 5686 est,
2486 5636 2536 5675 et
2567 5622 2949 5675 demonstratio
2979 5637 3084 5677 non
3111 5624 3251 5695 quod
3286 5640 3506 5679 necesse
3536 5637 3614 5679 est
3638 5626 3791 5691 prino

2217 5723 2350 5790 cipia
2395 5737 2534 5785 esse,
2576 5732 2628 5775 et
2660 5738 2762 5775 non
2814 5727 3051 5779 omnium
3100 5741 3219 5781 esse
3245 5732 3783 5793 demonstrationem,

2218 5829 2357 5897 quod
2384 5815 2595 5894 quidem
2626 5823 2855 5884 diximus
2883 5837 3140 5899 quosdam
3172 5829 3353 5886 dicere
3390 5830 3547 5902 juxta
3578 5830 3781 5903 princi-
