4296 6266
502 349 608 403 755

1704 342 1812 397 AN.
1854 343 2061 400 MANL.
2102 343 2253 400 SEV.
2300 344 2521 401 BOETII
2979 372 2989 381 -
3664 348 3764 409 736

505 461 671 529 pium,
704 461 747 513 si
790 474 932 514 enim
966 458 1224 527 principia
1271 465 1413 511 sunt.
1448 454 1563 510 Non
1609 458 1787 511 omnia
1835 469 1960 512 sunt
1984 458 2158 522 de-A
2185 469 2270 515 est
2315 460 2367 514 in
2418 462 2730 531 syllogismo
2783 479 2964 531 unum,
3013 468 3306 535 propositio
3346 469 3668 539 immediata,
3711 475 3763 531 in

504 550 893 612 monstrabilia,
941 562 1113 616 neque
1143 548 1194 601 in
1241 547 1499 602 inﬁnitum
1541 548 1792 614 possibile
1821 548 1919 616 ire,
1953 564 2075 604 esse

502 641 644 695 enim
690 640 878 693 horum
914 638 1215 707 quodlibet,
1266 638 1401 693 nihil
1442 649 1526 694 est
1571 640 1717 694 aliud
1760 656 1917 710 quam
1961 655 2080 696 esse

505 730 708 785 nullum
741 731 971 799 spatium
1013 732 1130 784 sine
1160 730 1361 797 medio,
1390 740 1445 785 et
1472 731 1813 798 indivisibile,
1851 732 1945 787 sed
1973 746 2082 787 om-

506 822 589 875 nia
619 821 924 875 divisibilia.
955 821 1099 875 lntus
1120 821 1262 876 enim
1277 810 1618 878 'immittendo
1643 825 1952 890 terminum,
1986 824 2081 880 sed

505 929 611 967 non
654 915 978 969 assumendo
1026 915 1425 970 demonstratur
1473 916 1614 984 quod
1660 916 2078 987 demonstratur,

510 1021 675 1074 quare
705 1006 751 1060 si
775 1006 874 1061 hoc
902 1008 953 1061 in
986 1007 1247 1061 inﬁnitum
1271 1008 1529 1078 contingit
1561 1009 1661 1072 ire,
1690 1008 1954 1078 contingit
1981 1008 2083 1062 nti-

505 1116 608 1170 que
638 1102 861 1155 duorum
905 1101 1254 1154 terminorum
1305 1100 1508 1154 inﬁnita
1554 1116 1676 1155 esse
1705 1101 1929 1155 interius
1969 1116 2084 1155 me-

507 1192 616 1257 dia,
646 1193 739 1246 sed
772 1192 874 1245 hoc
908 1191 1235 1261 impossibile
1263 1202 1365 1256 est,
1397 1192 1442 1245 si
1480 1192 1890 1261 praadicationes
1917 1201 2084 1247 stete-

507 1282 616 1336 rint
652 1283 702 1335 in
751 1282 1017 1351 superius,
1052 1290 1106 1335 et
1146 1281 1199 1334 in
1228 1280 1491 1335 inferius:
1521 1282 1662 1352 quod
1691 1291 1870 1336 autem
1914 1289 2080 1349 stent,

508 1382 860 1428 monstratum
889 1382 971 1427 est
1001 1372 1167 1442 logice
1195 1376 1364 1442 prius,
1393 1373 1660 1444 analytice
1688 1388 1817 1428 vero
1843 1388 2007 1428 nunc.

1084 1506 1307 1563 CAPUT
1358 1507 1503 1563 XIX.

550 1597 815 1654 Elementa
844 1599 1296 1654 monstrandarum
1337 1600 1677 1654 mediatorum
1706 1616 1809 1654 non
1840 1600 2046 1668 inﬁnita

1227 1686 1354 1725 εεεε.

581 1780 891 1837 Monstratis
934 1792 1110 1837 autem
1158 1780 1260 1849 his,
1294 1781 1633 1838 manifestum
1661 1791 1745 1838 est
1788 1784 1835 1839 si
1878 1782 2078 1854 aliquid

512 1871 652 1929 idem
684 1875 810 1929 insit
834 1874 1063 1941 duobus,
1095 1883 1201 1928 uta
1228 1884 1282 1929 et
1312 1875 1363 1928 in
1395 1891 1441 1942 c,
1471 1883 1527 1929 et
1563 1875 1615 1929 in
1647 1876 1705 1943 ά,
1747 1890 1852 1930 non
1880 1875 2078 1945 prazdi-

512 1978 667 2023 cante
696 1968 868 2022 altero
896 1968 962 2022 de
1005 1968 1196 2031 altero,
1226 1976 1316 2021 aut
1356 1967 1505 2021 nullo
1535 1968 1716 2034 modo,
1762 1978 1855 2022 aut
1883 1982 1988 2022 non
2015 1967 2086 2023 de

512 2060 681 2125 omni,
713 2060 853 2128 quod
878 2074 983 2112 non
1006 2073 1220 2127 semper
1246 2058 1538 2112 secundum
1570 2073 1856 2113 commune
1886 2058 2085 2128 aliquid

512 2150 583 2205 in.
606 2150 698 2216 rit,
732 2160 791 2204 ut
815 2148 1053 2217 isosceli,
1078 2158 1131 2204 et
1157 2149 1392 2215 scaleno,
1425 2152 1658 2218 aequales
1684 2150 1892 2205 duobus
1924 2149 2086 2205 rectis

512 2242 730 2307 habere,
760 2241 1069 2296 secundum
1119 2255 1405 2295 commune
1450 2240 1653 2311 aliquid
1683 2241 1843 2307 inest,
1891 2254 2087 2296 secun-

512 2334 638 2389 dum
671 2333 813 2388 enim
841 2334 982 2403 quod
1017 2333 1183 2403 ligura
1209 2331 1453 2403 quaedam
1484 2341 1629 2398 sunt,
1654 2342 1709 2387 et
1738 2348 1846 2385 non
1890 2347 2085 2386 secun-

511 2426 635 2480 dum
666 2427 913 2480 alterum.
947 2425 1059 2478 Hoc
1100 2434 1278 2480 autem
1317 2440 1422 2478 non
1454 2438 1667 2492 semper
1704 2423 1781 2477 sic
1810 2437 1871 2478 se
1902 2423 2080 2478 habet.

510 2517 590 2572 Sit
617 2518 759 2571 enim
794 2518 821 2569 b
850 2516 1143 2571 secundum
1172 2514 1314 2584 quod
1345 2532 1400 2579 α,
1437 2514 1489 2568 in
1514 2530 1541 2568 c
1566 2522 1622 2569 et
1650 2515 1704 2577 ά,
1730 2514 1832 2568 erit
1862 2512 2088 2569 manife-

511 2618 652 2664 stum
685 2608 843 2677 igitur
872 2607 1013 2677 quod
1057 2606 1084 2658 ὁ
1116 2608 1167 2660 in
1205 2623 1231 2660 c
1258 2608 1292 2659 ά
1319 2606 1609 2661 secundum
1634 2607 1773 2661 aliud
1801 2621 2086 2662 commune

512 2713 619 2767 est,
649 2712 703 2757 et
735 2701 864 2756 illud
907 2700 1198 2755 secundum
1243 2700 1497 2767 alterum,
1524 2715 1692 2767 quare
1716 2700 1944 2755 duorum
1978 2710 2089 2756 ter-

512 2793 779 2847 minorum
828 2789 991 2844 medii
1040 2789 1236 2844 inliniti
1274 2789 1455 2860 utique
1499 2788 1798 2844 inciderunt
1846 2791 2082 2855 termini,

512 2883 607 2939 sed
662 2883 763 2939 hoc
807 2891 890 2938 est
942 2880 1292 2952 impossibile,
1336 2880 1626 2937 secundum
1678 2881 1839 2951 igitur
1888 2881 2086 2952 aliquid

508 2989 792 3055 commune
836 2976 1032 3043 inesse,
1061 2989 1165 3028 non
1195 2987 1415 3028 necesse
1441 2982 1520 3028 est
1549 2987 1764 3043 semper
1792 2973 1933 3028 idem
1965 2975 2086 3043 plu-

508 3065 673 3133 ribus,
709 3071 957 3136 quoniam
999 3066 1217 3137 quidem
1264 3073 1424 3122 erunt
1464 3065 1771 3120 immediata
1801 3066 1992 3136 spatia.
2026 3067 2081 3121 ln

508 3158 697 3213 eodem
741 3166 919 3213 tamen
963 3173 1181 3229 genere,
1224 3167 1280 3213 et
1318 3174 1382 3214 ex
1411 3157 1615 3214 eisdem
1642 3160 1835 3213 atomis
1862 3173 2084 3215 necesse

507 3258 593 3304 est
619 3251 876 3306 terminos
907 3265 1048 3318 esse,
1098 3250 1366 3318 siquidem
1416 3249 1486 3306 iis
1520 3265 1640 3321 quae
1665 3266 1761 3320 per
1800 3260 1946 3317 sunt,
1982 3251 2086 3306 erit

508 3356 813 3413 commune,
844 3357 946 3397 non
976 3344 1115 3398 enim
1145 3354 1259 3397 erat
1288 3358 1353 3399 ex
1379 3344 1484 3398 alio
1508 3355 1707 3413 genere
1735 3345 1788 3399 in
1823 3345 1966 3400 aliud
1991 3361 2083 3417 ge-

511 3451 611 3491 nus
639 3437 966 3491 descendere
992 3451 1110 3505 qua:
1139 3436 1598 3490 demonstrantur.
1633 3436 1971 3493 Manifestum
1998 3449 2085 3495 est

510 3538 687 3583 autem
719 3529 971 3597 quoniam
1018 3537 1071 3581 et
1097 3542 1216 3582 cum
1248 3544 1278 3579 a
1308 3526 1363 3580 in
1406 3528 1434 3580 ὸ
1466 3528 1556 3595 sit,
1585 3529 1846 3598 siquidem
1877 3542 1961 3588 est
1989 3533 2083 3586 alio

510 3620 634 3690 quid
683 3618 936 3685 medium,
983 3628 1065 3672 est
1092 3618 1463 3673 demonstrare
1492 3618 1633 3687 quod
1678 3636 1710 3674 a
1758 3622 1811 3676 in
1843 3621 1871 3675 b
1911 3621 2002 3689 sit,
2031 3630 2087 3675 et

510 3714 777 3767 elementa
804 3710 961 3779 hujus
987 3720 1110 3765 sunt
1135 3709 1250 3764 haec
1276 3719 1329 3765 et
1354 3718 1427 3767 tot
1455 3720 1584 3782 quot
1613 3713 1785 3768 media
1815 3726 1959 3780 sunt,
1985 3713 2084 3767 im—

512 3803 757 3860 mediatae
785 3802 927 3858 enim
959 3805 1350 3873 propositiones
1375 3814 1499 3859 sunt
1524 3807 1811 3871 elementa,
1841 3815 1933 3860 aut
1972 3821 2083 3860 om-

513 3911 631 3963 nes,
662 3905 751 3951 aut
781 3896 1152 3961 uniVersales;
1187 3895 1231 3950 si
1273 3911 1400 3951 vero
1426 3911 1532 3951 non
1562 3906 1646 3952 est
1684 3896 1942 3962 medium,
1977 3911 2083 3950 non

513 3986 739 4058 amplius
781 3988 883 4042 erit
924 3987 1337 4054 demonstratio,
1361 3989 1456 4043 sed
1509 3990 1560 4042 in
1589 3986 1850 4057 principia
1880 3987 1965 4041 via
2003 3995 2088 4042 est

512 4079 651 4135 haec.
678 4078 938 4135 Similiter
964 4089 1141 4135 autem
1167 4079 1271 4135 erit
1300 4087 1356 4135 et
1382 4079 1429 4134 si
1457 4096 1488 4132 a
1518 4080 1569 4133 in
1597 4081 1625 4131 b
1651 4094 1759 4133 non
1797 4078 1886 4144 sit,
1918 4077 2088 4147 siqui-

512 4170 635 4226 dem
666 4171 807 4226 enim
834 4180 926 4226 aut
954 4170 1186 4225 medium
1217 4178 1320 4236 est,
1349 4179 1443 4223 aut
1469 4170 1616 4240 prius
1654 4172 1738 4223 cui
1772 4185 1877 4224 non
1924 4171 2084 4235 inest,

512 4266 614 4321 erit
641 4263 1048 4319 demonstratio.
1090 4263 1145 4317 Si
1178 4276 1306 4315 vero
1335 4277 1439 4315 non
1481 4262 1552 4315 sit
1581 4260 1837 4326 medium,
1870 4277 1977 4315 non
2007 4269 2089 4315 est.

512 4359 922 4421 demonstratio,
964 4355 1057 4423 sed
1111 4353 1394 4423 principia,
1446 4361 1501 4406 et
1544 4354 1807 4406 elementa
1854 4363 1981 4406 sunt
2012 4363 2087 4406 tot

512 4461 640 4519 quot
669 4459 793 4505 sunt
822 4447 1053 4511 termini,
1088 4446 1277 4500 horum
1325 4442 1468 4497 enim
1502 4443 1895 4512 propositiones
1933 4445 2085 4514 prin-

512 4542 652 4612 cipia
682 4538 1153 4596 demonstrationis
1179 4545 1324 4604 sunt,
1367 4546 1420 4591 et
1451 4537 1585 4591 sicut
1617 4536 1857 4605 quaedam
1890 4536 2087 4606 princi-

512 4633 597 4703 pia
624 4640 747 4687 sunt
774 4631 1267 4687 indemonstrabilia
1298 4630 1439 4700 quod
1461 4630 1531 4684 sit
1557 4630 1656 4685 hoc
1678 4629 1828 4696 illud,
1864 4629 2087 4701 etquod

509 4722 582 4777 sit
609 4722 712 4776 hoc
752 4720 813 4784 in
854 4721 964 4787 illo,
1005 4722 1084 4777 sic
1129 4720 1269 4791 quod
1315 4736 1420 4776 non
1463 4721 1563 4776 erit
1590 4719 1692 4776 hoc
1732 4720 1879 4787 illud,
1913 4737 2087 4792 neque

508 4814 652 4884 quod
682 4813 753 4870 sit
782 4816 882 4869 hoc
908 4814 959 4869 in
989 4815 1101 4869 illo.
1129 4814 1306 4881 Quare
1331 4813 1446 4868 hrnc
1465 4814 1681 4884 quidem
1711 4828 1832 4869 esse
1858 4814 2082 4885 aliquid,

510 4904 610 4959 alia
641 4918 746 4960 non
777 4919 899 4960 esse
925 4905 1149 4977 aliquid,
1182 4916 1339 4960 erunt
1365 4906 1646 4974 principia.
1679 4903 1812 4959 Cum
1845 4922 1973 4974 ergo
2007 4909 2089 4959 in-

511 4998 691 5069 digeat
729 5008 1034 5055 monstrare
1082 4997 1302 5068 aliquid,
1351 4998 1721 5066 accipiendum
1757 4998 1900 5067 quod
1947 4998 2013 5052 de
2057 4999 2086 5051 b

509 5090 738 5160 primum
789 5089 1124 5160 prmdicetur.
1168 5090 1247 5145 Sit
1276 5104 1326 5154 c,
1362 5097 1416 5144 et
1442 5088 1509 5143 de
1540 5088 1643 5143 hoc
1677 5088 1925 5141 similiter
1950 5104 2001 5154 a,
2035 5096 2091 5143 et

510 5186 591 5240 sic
634 5200 851 5256 semper
895 5184 1039 5240 eunti
1087 5198 1358 5253 nunquam
1398 5190 1570 5247 extra,
1622 5181 1727 5235 erit
1766 5180 2086 5249 propositio,

509 5292 686 5348 neque
730 5279 775 5332 si
820 5292 941 5334 esse
972 5278 1138 5347 ipsius
1166 5292 1199 5331 a
1242 5275 1535 5345 accipiatur
1562 5284 1617 5329 ut
1663 5273 2084 5341 demonstretur,

510 5369 603 5423 sed
642 5384 857 5437 semper
884 5370 1123 5425 medium
1157 5367 1412 5422 densetur
1440 5379 1716 5436 quousque
1748 5363 2089 5419 indivisibilia

511 5460 664 5528 ﬂant,
694 5472 748 5516 et
787 5477 973 5528 unum,
1009 5468 1092 5515 est
1119 5470 1296 5514 autem
1334 5474 1523 5524 unum,
1552 5472 1671 5512 cum
1718 5457 2084 5513 immediatqu

511 5549 624 5615 ﬁat,
663 5562 718 5606 et
768 5567 869 5606 una
916 5551 1211 5622 propositio
1264 5551 1492 5621 simplex
1534 5560 1615 5604 est
1654 5549 1987 5615 immediata,
2036 5557 2092 5603 et

512 5645 960 5712 quemadmodum
992 5647 1046 5701 in
1074 5647 1195 5700 aliis
1236 5654 1316 5701 est
1346 5644 1663 5716 principium
1695 5645 1948 5713 simplex.
1983 5642 2095 5696 Hoc

513 5748 691 5790 autem
724 5753 827 5791 non
853 5739 991 5794 idem
1025 5741 1218 5809 ubique
1244 5749 1345 5808 est,
1376 5740 1469 5793 sed
1494 5742 1545 5792 in
1571 5739 1722 5808 gravi
1756 5738 1969 5808 quidem
1998 5750 2065 5789 un

515 5829 617 5893 cia.
649 5825 702 5883 in
734 5826 960 5885 melodia
984 5839 1159 5884 autem
1186 5830 1371 5897 diesis,
1402 5828 1543 5885 aliud
1572 5836 1750 5884 autem
1780 5826 1834 5883 in
1862 5827 1986 5895 alio,
2016 5824 2084 5881 sit

2183 549 2640 607 demonstratione
2684 563 2882 619 autem,
2933 565 2988 611 et
3037 559 3282 624 scientia,
3336 560 3662 617 intellectus.
3705 565 3761 620 ln

2183 642 2467 696 ostensivis
2498 644 2652 712 igitur
2682 646 3005 716 syllogismis
3046 650 3163 719 ejus
3194 653 3335 721 quod
3366 664 3474 720 est,
3508 657 3641 711 nihil
3675 672 3766 711 ca-

2182 732 2262 786 dit
2293 742 2467 787 extra.
2496 732 2602 789 Sed
2629 737 2678 789 in
2705 732 3000 807 privativis,
3028 742 3114 795 ubi
3138 744 3351 811 quidem
3380 747 3521 815 quod
3551 758 3766 817 oportet

2183 836 2323 889 esse,
2370 825 2499 879 nihil
2531 827 2671 881 cadit
2714 839 2863 884 extra
2915 830 3036 898 hcc,
3084 842 3141 887 ut
3170 835 3213 889 si
3256 853 3287 889 a
3318 836 3368 889 in
3399 837 3427 889 b
3473 854 3568 906 per
3603 857 3628 892 c
3660 857 3767 897 non

2184 915 2344 979 inest,
2376 919 2421 970 si
2463 918 2607 973 enim
2639 919 2690 973 in
2721 922 2749 973 b
2776 922 2991 990 quidem
3035 927 3179 979 omni
3227 944 3273 991 c,
3316 937 3401 983 est
3442 941 3620 985 autem
3648 950 3680 986 a
3711 935 3766 989 iu

2185 1006 2334 1061 nullo
2377 1022 2424 1061 ε.
2457 1010 2649 1064 lterum
2698 1013 2741 1064 si
2775 1013 3007 1083 indigeat
3044 1015 3186 1084 quod
3233 1017 3287 1070 in
3314 1035 3360 1084 c,
3405 1037 3438 1072 ι
3484 1022 3631 1074 ηυΙΙο
3669 1026 3760 1093 sit,

2184 1096 2417 1153 medium
2463 1101 2838 1169 accipiendum
2885 1113 2969 1159 est
2998 1107 3164 1175 ipsius
3193 1125 3224 1161 a
3268 1119 3321 1163 et
3352 1126 3400 1173 c,
3432 1120 3485 1165 et
3514 1112 3593 1166 sic
3619 1126 3764 1167 sem-

2185 1203 2281 1258 per
2312 1190 2583 1256 procedet.
2615 1192 2671 1246 Si
2706 1208 2833 1248 vero
2866 1196 3100 1265 indigeat
3134 1208 3436 1255 monstrare
3460 1202 3598 1271 quod
3643 1204 3677 1255 ά
3708 1205 3760 1258 in

2186 1294 2213 1333 ε
2242 1294 2346 1333 non
2379 1279 2471 1347 sit,
2507 1296 2574 1336 eo
2604 1284 2745 1351 quod
2775 1295 2859 1339 est
2884 1302 2910 1339 c
2940 1287 2993 1339 in
3023 1287 3057 1339 d
3077 1289 3292 1357 quidem
3325 1292 3495 1357 omni,
3525 1294 3576 1345 in
3604 1308 3633 1346 ε
3670 1308 3765 1344 au—

2186 1378 2295 1424 tem
2325 1371 2493 1437 nullo,
2523 1381 2617 1426 aut
2643 1387 2747 1427 non
2780 1374 2833 1428 in
2861 1376 3030 1442 omni,
3061 1393 3089 1431 ε
3121 1394 3388 1448 nunquam
3418 1391 3566 1435 extra
3597 1381 3760 1448 cadit,

2185 1459 2289 1516 hoc
2315 1469 2491 1517 autem
2529 1474 2630 1527 eat,
2672 1464 2757 1518 cui
2798 1479 2904 1519 non
2932 1475 3145 1534 Oportet
3177 1470 3376 1524 inesse.
3400 1469 3456 1523 ln
3485 1476 3642 1524 tertio
3670 1485 3765 1524 au-

2188 1566 2296 1613 tem
2328 1559 2511 1629 modo,
2542 1575 2716 1630 neque
2742 1577 2773 1615 a
2796 1577 2901 1631 quo
2930 1574 3162 1634 Oportet,
3194 1581 3366 1637 neque
3389 1567 3531 1637 quod
3555 1574 3765 1637 oportet

2186 1650 2405 1721 privari,
2440 1667 2771 1723 nequaquam
2803 1664 2953 1711 extra
2985 1655 3101 1713 ibit.

2778 1791 3004 1850 CAPUT
3061 1795 3181 1849 XX.

2288 1877 2441 1946 Quod
2484 1879 2851 1938 demonstratio
2907 1886 3206 1958 universalis
3261 1890 3581 1958 prmtantior
3597 1890 3662 1944 sit

2428 1994 2429 1997 η
2800 1957 3121 2025 particulari.

2255 2084 2387 2139 Cum
2426 2094 2601 2142 autem
2628 2088 2701 2143 sit
2727 2090 2905 2147 omnis
2939 2091 3347 2160 demonstratio;
3401 2094 3503 2149 alia
3546 2096 3759 2163 quidem

2186 2174 2526 2243 universalis,
2571 2178 2676 2233 alia
2706 2194 2835 2235 vero
2890 2183 3247 2252 particularis,
3294 2192 3347 2239 et
3384 2185 3499 2240 haec
3545 2187 3759 2256 quidem

2185 2269 2541 2337 cathegorica,
2587 2270 2677 2326 illa
2727 2286 2856 2329 vero
2902 2276 3180 2344 privativa,
3228 2276 3555 2331 dubitabitur
3591 2281 3762 2349 qualis

2187 2361 2363 2429 potior
2386 2362 2476 2425 sit,
2506 2363 2754 2421 similiter
2774 2376 2948 2423 autem
2962 2378 3016 2423 et
3041 2369 3107 2423 de
3133 2384 3217 2435 ea,
3248 2385 3365 2439 quae
3394 2371 3761 2431 demonstrare

2186 2448 2397 2516 dicitur,
2426 2461 2481 2507 et
2521 2454 2807 2511 deducenti
2834 2457 2898 2512 ad
2936 2457 3262 2528 impossibile
3286 2459 3761 2519 demonstratione.

2188 2539 2425 2596 Primum
2452 2544 2668 2614 quidem
2709 2546 2870 2618 igitur
2898 2548 3238 2604 intendamus
3288 2551 3355 2605 de
3397 2551 3680 2607 universali
3712 2561 3767 2608 et

2188 2636 2521 2704 particulari.
2577 2638 2933 2696 Ostendentes
2979 2652 3158 2697 autem
3205 2642 3327 2710 hoc,
3374 2653 3428 2699 et
3457 2644 3524 2700 de
3558 2660 3619 2699 ea
3647 2660 3766 2716 quae

2190 2725 2566 2784 demonstrare
2597 2730 2810 2797 dicitur,
2841 2741 2895 2786 et
2921 2748 3041 2801 quae
3068 2743 3152 2788 est
3200 2733 3265 2787 ad
3312 2734 3658 2805 impossibile,
3688 2737 3769 2791 di-

2192 2832 2399 2874 cemus.
2446 2818 2727 2877 Videbitur
2759 2823 2917 2892 igitur
2954 2822 3192 2879 fortassis
3244 2825 3425 2895 utique
3453 2826 3768 2895 quibusdam

2188 2909 2707 2995 sicintendentibus,
2759 2914 2902 2982 quod
2949 2915 3287 2984 particularis
3328 2925 3411 2972 est
3466 2917 3663 2986 potior,
3721 2916 3769 2974 si

2189 3000 2329 3053 enim
2353 3000 2647 3054 secundum
2686 3016 2845 3071 quam
2895 3005 3065 3074 magis
3117 3005 3315 3061 scimus
3360 3008 3770 3065 demonstratio-

2190 3103 2335 3155 nem,
2370 3091 2547 3159 potior
2572 3092 2961 3149 demonstrath
2986 3108 3088 3163 est,
3134 3096 3249 3151 haec
3276 3098 3417 3152 enim
3460 3097 3627 3153 virtus
3678 3099 3773 3155 de-

2190 3181 2604 3237 monstrationis.
2657 3182 2822 3254 Magis
2868 3193 3044 3239 autem
3092 3187 3289 3242 scimus
3357 3189 3772 3260 unumquodque

2190 3286 2312 3326 cum
2343 3262 2517 3340 ipsum
2543 3275 2923 3342 cognoscimus
2945 3276 3237 3331 secundum
3272 3277 3467 3347 ipsum,
3495 3294 3654 3349 quam
3684 3292 3767 3335 se-

2189 3363 2421 3418 cundum
2450 3364 2613 3430 aliud,
2644 3375 2701 3420 ut
2722 3366 2981 3421 musicum
3009 3366 3307 3433 Coriscum,
3338 3371 3550 3437 quando
3568 3386 3765 3439 cogno-

2187 3468 2398 3509 scemus
2425 3455 2567 3524 quod
2596 3455 2847 3512 Coriscus
2877 3459 3111 3513 musicus
3131 3469 3235 3524 est,
3261 3474 3418 3529 quam
3444 3460 3583 3530 quod
3609 3460 3768 3517 homo

2188 3545 2421 3601 musicus
2448 3547 2536 3600 sit.
2568 3546 2826 3603 Similiter
2854 3556 3032 3602 autem
3063 3557 3119 3604 et
3144 3550 3197 3603 in
3224 3550 3367 3605 aliis.
3409 3550 3513 3607 Sed
3553 3550 3771 3607 univer-

2188 3637 2315 3692 salis
2344 3638 2592 3707 quoniam
2617 3638 2783 3701 aliud,
2815 3654 2920 3695 non
2947 3640 3197 3709 quoniam
3227 3641 3397 3710 ipsum
3430 3641 3655 3698 fortasse
3680 3642 3772 3698 de-

2189 3737 2474 3794 monstrat,
2509 3736 2565 3783 ut
2596 3729 2848 3799 quoniam
2899 3730 3155 3787 isosceles
3201 3731 3365 3788 habet
3409 3742 3515 3787 tres
3551 3734 3770 3803 angulos

2188 3821 2429 3889 aequales
2459 3820 2667 3876 duobus
2690 3824 2872 3887 rectis,
2904 3838 3010 3877 non
3051 3823 3300 3891 quoniam
3352 3825 3626 3890 isosceles,
3676 3824 3767 3879 sed

2192 3912 2441 3981 quoniam
2474 3913 2789 3982 triangulus,
2827 3913 2920 3968 sed
2952 3915 3290 3983 particularis
3319 3918 3568 3984 quoniam
3599 3917 3771 3984 ipsum

2189 4012 2304 4068 est;
2346 4003 2388 4055 si
2442 4002 2602 4072 igitur
2622 4003 2798 4072 potior
2843 4012 2925 4057 est
2971 4018 3091 4072 quae
3123 4012 3206 4058 est
3246 4003 3541 4058 secundum
3573 4004 3770 4074 ipsum,

2190 4090 2493 4160 huiusmodi
2518 4103 2693 4146 autem
2719 4100 2799 4147 est
2820 4092 3171 4159 particularis,
3195 4101 3249 4147 et
3270 4092 3551 4146 universali
3580 4093 3768 4161 magis,

2189 4188 2241 4235 et
2262 4182 2437 4249 potior
2460 4181 2643 4250 utique
2674 4180 2965 4235 secundum
2992 4190 3192 4249 partem
3227 4181 3611 4234 demonstratio
3640 4180 3765 4234 erit.

2260 4270 2522 4337 Amplius,
2550 4269 2597 4322 si
2619 4268 2918 4324 universale
2938 4269 3148 4338 quidem
3173 4284 3275 4322 non
3296 4278 3378 4323 est
3402 4268 3599 4338 aliquid
3628 4283 3765 4338 pra:-

2190 4366 2271 4412 ter
2299 4357 2608 4426 singularia,
2642 4357 3029 4413 demonstratio
3079 4366 3253 4412 autem
3292 4357 3597 4428 opinionem
3636 4374 3770 4416 con-

2194 4448 2303 4503 iicit
2322 4463 2443 4503 esse
2471 4450 2669 4518 aliquid
2718 4451 2820 4505 hoc
2864 4450 2932 4505 de
2959 4465 3064 4520 quo
3112 4451 3469 4519 demonstrat,
3497 4459 3553 4506 et
3579 4467 3771 4520 quam-

2195 4542 2316 4596 dam
2344 4552 2591 4597 naturam
2619 4557 2742 4599 esse
2766 4545 2901 4599 hanc
2925 4544 2981 4599 in
3028 4544 3093 4599 iis
3118 4558 3239 4614 qua:
3261 4553 3385 4599 sunt
3413 4545 3494 4615 (ut
3522 4544 3773 4616 trianguli

2164 4698 2171 4705 λ
2199 4645 2395 4706 prmter
2420 4635 2698 4704 quosdam,
2748 4647 2799 4690 et
2829 4636 3010 4706 ﬁgurae
3041 4646 3236 4706 praeter
3262 4637 3539 4707 quasdam,
3586 4647 3641 4694 et
3668 4653 3771 4693 nu-

2196 4726 2329 4782 meri
2377 4735 2569 4796 praeter
2590 4726 2847 4797 quosdam
2894 4728 3224 4797 numeros),
3254 4727 3429 4796 potior
3475 4737 3651 4782 autem
3692 4735 3775 4782 est

2196 4836 2313 4890 quae
2359 4828 2440 4875 est
2477 4819 2544 4875 de
2597 4836 2717 4875 esse
2758 4834 2915 4890 quam
2962 4819 3028 4873 de
3081 4835 3190 4874 non
3245 4835 3395 4890 esse,
3450 4828 3502 4876 et
3559 4829 3777 4891 propter

2196 4926 2352 4981 quam
2384 4926 2487 4966 non
2530 4911 2823 4975 errabitur,
2889 4925 3045 4980 quam
3088 4918 3309 4981 propter
3364 4926 3520 4981 quam
3571 4909 3775 4965 errabi-

2198 5009 2323 5067 tur;
2373 5010 2458 5057 est
2506 5010 2684 5056 autem
2727 5002 3040 5057 universalis
3110 5000 3414 5071 huiusmodi
3460 5000 3777 5071 (proceden-

2196 5102 2274 5150 tes
2307 5096 2480 5166 |enim
2542 5094 2914 5151 demonstrant
2970 5094 3271 5150 universale
3326 5095 3772 5164 quemadmodum

2199 5189 2266 5245 de
2293 5205 2357 5245 eo
2384 5190 2524 5258 quod
2550 5197 2631 5243 est
2660 5190 3058 5259 preportionale
3099 5196 3155 5243 ut
3203 5186 3344 5259 quod
3393 5186 3465 5242 sit
3518 5187 3643 5253 tale,
3672 5188 3776 5243 erit

2196 5284 2598 5354 proportionale
2638 5282 2776 5353 quod
2829 5298 3002 5352 neque
3047 5282 3211 5349 linea,
3265 5293 3439 5349 neque
3494 5293 3770 5343 numerus,
3860 5276 3867 5279 ’

2199 5390 2371 5443 neque
2416 5374 2670 5441 solidum,
2704 5389 2875 5445 neque
2906 5376 3124 5443 planum
3157 5382 3259 5439 est,
3291 5372 3383 5426 sed
3414 5379 3610 5439 praeter
3659 5373 3772 5424 haec

2204 5462 2456 5531 aliquid),
2492 5464 2536 5516 si
2566 5464 2724 5533 igitur
2751 5463 3068 5518 universalis
3097 5460 3266 5531 magis
3285 5460 3400 5515 hac
3421 5469 3519 5520 est.
3540 5468 3595 5514 et
3617 5459 3684 5514 de
3711 5473 3779 5514 eo

2198 5554 2415 5623 quidem
2458 5554 2599 5621 quod
2644 5563 2727 5609 est
2754 5554 2950 5619 minus,
3002 5553 3322 5609 universalis
3350 5568 3508 5623 quam
3539 5553 3777 5623 particu-

2201 5645 2346 5711 laris,
2381 5654 2437 5698 et
2469 5645 2593 5700 fecit
2622 5647 2927 5716 opinionem
2955 5646 3163 5713 falsam,
3185 5645 3449 5714 indignior
3472 5645 3653 5713 utique
3678 5644 3780 5700 erit
3843 5628 3859 5645 ’

2201 5735 2518 5791 universalis
2544 5737 2875 5806 particulari.
2909 5737 2975 5792 Et
2996 5736 3230 5806 primum
3260 5736 3477 5807 quidem
3507 5736 3638 5791 nihil
3667 5750 3778 5787 ma-

2204 5826 2285 5895 gis
2317 5826 2373 5885 in
2405 5826 2697 5887 universali
2728 5843 2887 5903 quam
2905 5830 2959 5889 in
2990 5825 3297 5903 particulari
3326 5828 3492 5889 altera
3518 5827 3656 5888 ratio
3675 5832 3776 5899 est,
