4296 6266
478 401 579 455 ’15⁸1

1038 389 1521 469 POSTERIORUM
1559 389 2101 451 ANALYTICORUM
2139 392 2593 457 ARISTOTELIS
2650 400 3225 465 INTERPRETATIO.

3576 402 3577 405 A
3659 413 3766 473 738

477 514 523 569 si
555 512 699 568 enim
728 509 871 581 quod
898 507 1109 563 duobus
1135 506 1296 561 rectis
1324 506 1480 569 inest,
1524 518 1630 558 non
1661 513 1745 559 est
1774 504 2069 560 secundum
2098 508 2151 570 Α
2174 514 2258 560 εει
2289 506 2699 576 demonstratio,
2732 514 2892 567 simul
2922 517 3063 571 enim
3088 517 3258 587 magis
3286 517 3352 573 ad
3381 520 3582 592 aliquid
3608 535 3757 594 sunt,

484 597 631 673 quod
688 610 770 656 est
823 599 1098 662 isosceles,
1132 597 1225 652 sed
1280 594 1574 652 secundum
1607 595 1747 663 quod
1779 594 2071 665 triangulus

483 707 586 759 est,
612 709 947 761 cognoscens
983 691 1233 762 quoniam
1260 690 1515 744 isosceles
1529 689 1689 745 habet
1709 699 1817 745 tres
1846 689 2071 760 inquan-

483 797 593 845 tum
624 790 796 853 ipsum
844 796 946 850 est,
983 783 1157 838 minus
1195 784 1447 853 cognovit
1472 799 1633 853 quam
1670 798 2065 854 cognoscensa,

484 882 738 950 quoniam
771 878 1066 947 triangulus
1103 886 1208 941 est,
1255 884 1309 932 et
1351 879 1572 933 omnino
1609 878 1653 933 si
1714 892 1822 933 non
1853 878 2069 948 quidem

482 971 779 1028 secundum
809 970 949 1039 quod
974 971 1044 1023 sit
1077 966 1394 1037 triangulus,
1447 979 1501 1024 et
1544 978 1729 1039 postea
1782 978 2068 1036 monstrat,

484 1077 590 1119 non
620 1062 719 1116 erit
746 1064 928 1129 utique
957 1059 1375 1125 demonstratio;
1409 1060 1452 1115 si
1481 1075 1608 1116 vero
1635 1061 1704 1115 sit
1732 1075 2070 1131 cognoscens

482 1151 900 1222 unumquodque
955 1152 1260 1207 secundum
1310 1154 1451 1222 quod
1497 1153 1918 1224 unumquodque
1966 1163 2069 1219 est,

480 1242 647 1312 magis
673 1243 944 1311 cognovit,
999 1244 1045 1299 si
1087 1244 1248 1313 igitur
1289 1244 1583 1315 triangulus
1617 1245 1670 1299 in
1716 1245 1833 1315 plus
1862 1255 1966 1312 est,
2019 1257 2073 1301 et

478 1333 667 1388 eadem
699 1333 858 1399 ratio,
887 1342 942 1389 et
968 1347 1074 1388 non
1118 1334 1415 1389 secundum
1464 1336 2073 1415 tequivocationemtri-

479 1424 708 1493 angulus
734 1432 838 1489 est,
867 1432 923 1479 et
950 1424 1091 1479 inest
1108 1424 1257 1479 omni
1287 1425 1558 1494 lriangulo
1589 1426 1731 1496 quod
1754 1434 1837 1481 est
1861 1426 2072 1483 duobus

480 1515 647 1569 rectis
679 1513 915 1583 aequales
950 1514 1179 1581 habens,
1208 1531 1313 1579 non
1344 1518 1530 1586 utique
1558 1527 1643 1572 est
1673 1519 1963 1589 triangulus
1994 1521 2075 1574 in-

482 1612 743 1672 quantum
793 1602 1070 1668 isosceles,
1116 1605 1212 1659 sed
1267 1606 1523 1662 isosceles
1580 1608 1878 1663 secundum
1928 1610 2071 1680 quod

485 1691 786 1758 triangulus
809 1692 1114 1763 bnjusmodi
1149 1694 1309 1751 habet
1339 1705 1447 1752 tres
1476 1699 1718 1768 angulos.
1741 1700 1920 1767 Quare
1954 1701 2073 1756 uni-

481 1782 759 1839 versaliter
778 1786 949 1841 sciens
972 1787 1140 1856 magis
1168 1789 1417 1857 cognovit
1450 1790 1747 1846 secundum
1778 1793 1920 1863 quod
1952 1802 2064 1860 est,

2175 599 2386 669 dignior
2428 600 2587 671 igitur
2636 606 2955 662 universalis
3010 619 3110 676 est,
3156 612 3408 680 quoniam
3461 614 3679 686 quidem
3709 627 3765 677 et

2177 691 2348 760 magis
2391 692 2777 750 demonstratio
2808 707 2908 752 est.

2249 786 2518 854 Amplius,
2561 789 2604 843 si
2648 792 2818 860 magis
2875 792 3117 864 eligenda
3147 808 3228 853 est
3257 805 3549 861 secundum
3601 824 3763 879 quam

2178 875 2282 931 hoc
2311 886 2366 931 et
2394 877 2558 942 aliud,
2591 895 2748 949 quam
2798 886 3094 940 secundum
3126 905 3283 957 quam
3330 894 3433 951 hoc
3471 875 3643 955 solum
3672 917 3765 957 co-

2179 968 2384 1036 gnovit,
2410 969 2713 1027 universale
2761 984 2940 1030 autem
2972 976 3193 1046 habens,
3244 987 3492 1053 cognovit
3529 994 3765 1060 particu-

2178 1058 2309 1125 lare,
2338 1060 2439 1117 hoc
2471 1072 2673 1129 autem,
2707 1066 3014 1125 universale
3045 1086 3151 1125 non
3181 1074 3354 1142 scivit,
3402 1058 3563 1148 quare
3604 1095 3660 1140 el.
3685 1089 3764 1145 sic

2177 1150 2361 1222 utique
2394 1153 2565 1224 magis
2592 1155 2836 1226 eligenda
2867 1161 2971 1215 erit
3019 1163 3358 1221 universalis.
3384 1168 3629 1242 Amplius
3668 1194 3763 1234 au-

2177 1250 2284 1297 tem
2315 1254 2368 1298 et
2395 1246 2490 1301 sic.
2524 1247 2837 1306 llniversale
2863 1253 3005 1308 enim
3037 1258 3206 1328 magis
3236 1262 3376 1317 scire
3404 1274 3487 1319 cst
3524 1282 3589 1322 eo
3617 1272 3761 1341 quod

2176 1345 2259 1389 est
2287 1350 2382 1404 per
2409 1339 2642 1395 medium
2675 1342 3071 1413 demonstrare,
3115 1365 3234 1405 cum
3269 1356 3488 1425 propius
3515 1360 3583 1414 sit
3613 1339 3762 1430 prin-

2174 1425 2337 1495 t-ipio,
2372 1430 2617 1498 proxime
2662 1444 2840 1490 autem
2893 1436 3263 1498 immediatum
3312 1456 3413 1514 est,
3444 1448 3546 1506 hoc
3582 1425 3761 1513 autem

2175 1522 2259 1570 est
2290 1518 2627 1589 principium.
2655 1512 2710 1580 Si
2748 1525 2911 1595 igitur
2931 1544 3050 1598 qua:
3072 1546 3138 1587 ex
3162 1512 3428 1607 principio
3453 1552 3620 1600 estea
3644 1532 3763 1617 quat

2176 1624 2282 1710 non
2322 1624 2386 1665 ex
2426 1616 2713 1684 principio,
2744 1633 2865 1688 qute
2893 1622 3063 1692 magis
3105 1641 3171 1680 ex
3224 1630 3485 1702 principio
3524 1651 3586 1692 ea
3642 1616 3762 1710 qua)

2175 1701 2351 1755 minus
2379 1713 2481 1770 est,
2505 1708 2706 1763 certior
2726 1719 2811 1765 est
2832 1711 3242 1789 demonstratio,
3266 1732 3350 1777 est
3372 1701 3549 1783 autem
3575 1701 3760 1799 huj'us-

2174 1792 2317 1847 modi
2350 1797 2666 1854 universalis
2698 1803 2891 1871 magis,
2934 1803 3144 1873 dignior
3174 1812 3357 1881 utique
3395 1816 3499 1873 erit
3538 1792 3759 1878 univer-

478 1891 637 1946 quam
676 1878 1094 1947 particulariter,
1113 1880 1288 1951 potior
1308 1893 1391 1938 est
1416 1899 1545 1953 ergo
1568 1885 1885 1941 universalis
1904 1901 2063 1956 quam
2098 1894 2145 1955 Β
2174 1885 2331 1951 salis,
2363 1898 2423 1942 ut
2450 1890 2495 1945 si
2519 1901 2735 1961 oportet
2765 1907 3069 1955 monstrare
3091 1918 3124 1956 α
3153 1904 3219 1960 de
3248 1878 3305 1971 ά,
3355 1910 3526 1965 media
3576 1923 3757 1973 autem

479 1969 843 2040 particularis.
903 1972 1169 2041 Amplius,
1225 1974 1487 2044 siquidem
1517 1977 1587 2032 sit
1632 1978 1877 2047 qutedam
1926 1980 2064 2033 ratio

479 2075 607 2127 una,
637 2072 693 2117 et
720 2077 829 2117 non
870 2063 1244 2134 aequivoeatio,
1276 2067 1580 2124 universale
1622 2069 1728 2125 erit
1777 2072 1960 2140 utique
1991 2070 2066 2126 nil

479 2154 661 2209 minus
687 2155 978 2210 secundum
1012 2166 1216 2226 partem
1244 2159 1586 2227 quibusdam,
1644 2161 1737 2216 sed
1787 2162 1957 2233 magis
1987 2172 2069 2217 cst

479 2244 1178 2316 quantoincorruptibiliora
1193 2249 1459 2317 sontillis,
1485 2253 1748 2322 quaegvero
1769 2254 2066 2309 secundum

478 2345 687 2408 partem
709 2348 836 2394 sunt
860 2342 1229 2412 corruptibilia
1270 2343 1462 2413 magis.
1510 2346 1775 2413 Amptius,
1809 2361 1909 2403 nec
1961 2362 2065 2402 una

479 2432 777 2487 necessitas
802 2441 885 2488 est
913 2435 1121 2503 opinari
1154 2435 1348 2505 aliquid
1377 2450 1499 2492 esse
1542 2436 1644 2492 hoc
1693 2448 1889 2507 praeter
1919 2438 2066 2507 haec,

482 2523 736 2593 quoniam
766 2525 1060 2580 ostendunt
1090 2542 1255 2580 unum
1287 2528 1421 2582 nihil
1451 2529 1624 2599 magis
1652 2545 1807 2595 quam
1852 2530 1909 2584 in
1947 2530 2070 2585 aliis

481 2628 818 2686 quascunque
867 2631 971 2672 non
1020 2616 1220 2686 aliquid
1266 2618 1593 2688 significant,
1619 2620 1712 2676 sed
1749 2629 1843 2675 aut
1886 2621 2067 2691 quale,

471 2704 570 2762 'ttut
596 2707 663 2762 ad
692 2707 918 2778 aliquid,
949 2716 1041 2763 aut
1070 2724 1304 2778 augere;
1328 2709 1374 2763 si
1401 2725 1551 2781 ergo,
1588 2726 1692 2766 non
1734 2712 2071 2767 demonstra-

483 2800 561 2854 tio
591 2813 755 2853 eausa
780 2809 880 2867 est,
914 2801 1008 2855 sed
1034 2801 1279 2856 audiens.
1312 2803 1580 2872 Amplius,
1637 2803 1685 2860 si
1732 2804 2070 2860 demonstra-

487 2887 563 2942 tio
585 2896 666 2944 est
685 2889 1029 2961 syllogismus
1055 2891 1513 2949 demonstrativus
1560 2896 1650 2965 qui
1704 2894 1763 2949 ﬁt
1793 2910 1970 2951 causae
2016 2904 2072 2952 et

483 2988 703 3050 propter
727 2982 894 3052 quod,
930 2983 1233 3039 universale
1256 2984 1423 3055 magis
1446 3000 1629 3053 causa;
1660 2989 1744 3042 cui
1790 2988 1933 3043 enim
1976 3004 2071 3060 per

482 3086 541 3126 se
570 3071 712 3128 inest
738 3074 961 3144 aliquid,
987 3074 1090 3131 hoc
1120 3076 1263 3133 idem
1300 3078 1403 3148 ipsi
1423 3093 1581 3134 causa
1612 3089 1727 3135 est:
1761 3080 2069 3137 universale

483 3176 663 3220 autem
687 3167 936 3236 primum,
970 3183 1128 3225 causa
1159 3185 1289 3240 ergo
1334 3173 1642 3229 universale
1675 3183 1777 3241 εει,
1821 3190 1987 3246 quare
2015 3184 2069 3231 et

2172 1976 2280 2032 sint
2304 1979 2358 2033 in
2390 1980 2583 2049 quibus
2609 1993 2691 2040 est
2713 1986 2741 2039 ὁ
2763 2003 2809 2051 c,
2839 1991 3007 2061 magis
3026 2002 3203 2050 autem
3232 2014 3443 2057 sursum
3459 2005 3528 2060 sit
3548 2006 3577 2059 ὁ
3599 2023 3759 2078 quam

2170 2085 2219 2137 c,
2251 2085 2418 2140 quare
2446 2072 2492 2127 si
2544 2090 2639 2145 per
2669 2078 2698 2130 ὁ
2738 2081 2907 2149 magis
2937 2094 3021 2139 est
3056 2087 3404 2160 universalis,
3448 2096 3541 2151 sed
3571 2072 3758 2158 eorum

2170 2177 2292 2230 qua:
2330 2163 2471 2219 dicta
2494 2177 2621 2222 sunt
2650 2172 2895 2239 quasdam
2928 2174 3097 2243 logica
3126 2190 3273 2237 sunt.
3314 2184 3548 2243 Maxime
3575 2202 3757 2250 autem

2171 2254 2518 2310 manifestum
2574 2268 2655 2313 est
2708 2264 2849 2332 quod
2911 2267 3232 2327 universalis
3268 2278 3438 2346 magis
3487 2283 3756 2353 prmcipua

2170 2346 2261 2412 sit,
2311 2347 2561 2415 quoniam
2608 2354 3031 2421 propositionum
3081 2363 3294 2431 quidem
3331 2346 3758 2442 hanc'priorem

2175 2436 2456 2509 habentes,
2488 2442 2687 2498 scimus
2732 2448 3128 2515 quodaminodo
3151 2495 3167 2521 ,
3217 2466 3272 2512 et
3320 2436 3670 2529 posteriorem
3703 2478 3759 2528 et

2173 2531 2436 2589 habemus
2481 2539 2761 2607 potentia,
2818 2548 2876 2596 ut
2920 2545 2964 2598 si
3012 2548 3205 2618 aliquis
3249 2559 3561 2623 cognoverit
3613 2562 3757 2631 quod

2173 2624 2349 2678 omnis
2395 2627 2694 2697 triangulus
2726 2630 2920 2689 habeat
2947 2645 3056 2694 tres
3082 2641 3291 2699 duobus
3319 2648 3480 2703 rectis
3501 2624 3756 2723 aequales,

2173 2716 2330 2772 scivit
2357 2720 2587 2789 quodam
2623 2724 2784 2781 modo
2815 2736 2869 2784 et
2897 2732 3041 2800 quod
3077 2735 3335 2795 isosceles
3360 2716 3759 2807 duobus-rectis
3838 2812 3845 2819 _

2173 2809 2407 2876 potentia
2436 2813 2529 2879 sit,
2561 2822 2619 2869 et
2639 2816 2683 2870 si
2708 2832 2813 2873 non
2839 2828 3092 2890 cognovit
3114 2827 3396 2886 isoscelem
3425 2837 3565 2904 quod
3595 2840 3759 2896 trian-

2172 2899 2327 2967 gulus
2352 2901 2440 2966 sit,
2478 2903 2619 2960 hanc
2666 2918 2844 2965 autem
2882 2912 3089 2971 habens
3118 2899 3572 2993 propositionem,
3610 2931 3757 2987 nullo

2170 2991 2335 3045 modo
2372 2994 2673 3053 universale
2725 3004 2998 3073 cognovit,
3058 3023 3232 3079 neque
3270 3017 3527 3083 potentia,
3559 2991 3757 3091 neque

2172 3092 2319 3177 actu.
2374 3084 2441 3177 Et
2495 3089 2817 3147 universalis
2869 3097 3478 3174 quidem-intelligibilis
3524 3121 3627 3177 est,
3658 3084 3755 3171 sed

2174 3176 2516 3245 particularis
2545 3180 2596 3233 in
2622 3196 2784 3239 sensu
2813 3187 3107 3254 perﬁcitur.
3145 3193 3298 3260 Quod
3339 3197 3499 3268 igitur
3537 3176 3756 3261 univer-

484 3257 871 3318 demonstratio
895 3263 1106 3333 dignior
1131 3274 1233 3331 est,
1266 3270 1596 3338 magisenim
1627 3285 1803 3326 causae
1842 3282 1928 3328 est
1949 3273 2066 3329 uni-
2092 3288 2124 3354 ε

2172 3268 2301 3323 salis
2332 3268 2543 3339 dignior
2570 3271 2640 3328 sit
2661 3276 2993 3348 particulari,
3029 3291 3107 3338 tot
3142 3257 3295 3343 nobis
3322 3257 3461 3346 dicta
3483 3290 3611 3349 sint.

483 3352 712 3418 versale,
770 3365 824 3410 et
872 3356 990 3425 ejus
1018 3359 1162 3427 quod
1210 3371 1429 3430 propter
1475 3362 1601 3432 quid
1653 3372 1758 3418 εει.
1796 3365 2063 3435 Amplius,

481 3457 651 3515 usque
667 3446 734 3501 ad
761 3447 865 3504 hoc
892 3451 1189 3519 quzerimus
1225 3466 1445 3524 propter
1494 3456 1643 3525 quid,
1696 3459 1893 3512 etenim
1941 3468 2067 3516 tunc

481 3538 768 3607 opinamur
797 3541 958 3609 scire,
992 3557 1113 3598 cum
1148 3558 1254 3599 non
1277 3547 1353 3630 sit
1371 3546 1571 3615 aliquid
1594 3546 1735 3603 aliud
1765 3565 1923 3620 quam
1959 3551 2065 3608 hoc
2098 3574 2101 3578 ν

480 3639 571 3684 aut
597 3631 740 3702 quod
767 3632 880 3701 ﬁat,
911 3643 1001 3689 aut
1030 3636 1175 3705 quod
1222 3635 1312 3703 sit,
1347 3638 1468 3692 linis
1520 3640 1663 3694 enim
1710 3650 1766 3696 et
1807 3643 2067 3701 terminus

480 3722 698 3779 ultimus
724 3724 833 3793 jam
855 3724 936 3781 sic
964 3736 1067 3793 est,
1098 3735 1158 3781 ut
1182 3727 1335 3797 cuius
1356 3744 1518 3785 causa
1543 3731 1733 3786 venit?
1759 3740 1817 3786 ut
1841 3734 2069 3804 accipiat

479 3825 779 3887 argentum.
814 3817 925 3873 Hoc
941 3829 1119 3873 autem
1143 3828 1228 3875 est
1250 3830 1512 3888 quatenus
1536 3822 1727 3878 reddat
1751 3825 1837 3880 cui
1860 3825 2063 3881 debuit.

482 3911 595 3964 lloc
622 3921 799 3965 autem
831 3920 888 3965 ut
913 3913 1228 3984 noninjuste
1248 3926 1390 3986 agat,
1416 3929 1467 3971 et
1482 3917 1561 3971 sic
1575 3919 1925 3983 procedentes
1944 3936 2066 3974 cum

482 4016 589 4056 non
621 4004 690 4056 sit
717 4003 945 4071 amplius
959 4014 1173 4074 propter
1196 4008 1458 4077 quid,nec
1482 4011 1708 4066 alterius
1733 4026 1913 4077 causa,
1946 4028 2067 4082 pro-

485 4103 602 4161 ptcr
631 4094 732 4147 hoc
762 4098 903 4148 sicut
928 4106 1144 4166 propter
1170 4098 1326 4153 tinent
1354 4099 1584 4158 dicimus
1602 4103 1810 4169 venire,
1841 4113 1895 4157 et
1919 4118 2062 4169 esse,

480 4191 533 4237 et
562 4182 698 4255 lteri,
742 4190 797 4238 et
824 4194 947 4238 tunc
967 4194 1051 4240 est
1070 4187 1208 4241 scire
1236 4192 1466 4246 maxime
1496 4201 1713 4261 pr0pter
1734 4192 1861 4262 quid
1887 4195 2024 4248 venit
2048 4209 2060 4259 ;

478 4275 523 4329 si
560 4274 720 4343 igitur
740 4290 800 4330 se
829 4278 992 4332 habet
1020 4279 1289 4346 similiter,
1321 4290 1375 4336 et
1402 4284 1453 4336 in
1485 4284 1737 4339 omnibus
1765 4286 1966 4354 causis,
2013 4298 2066 4342 et

479 4382 597 4434 quae
623 4378 748 4422 sunt
774 4380 993 4437 pr0pter
1014 4370 1165 4440 quid,
1207 4373 1259 4425 in
1291 4373 1357 4426 iis
1397 4384 1574 4429 autem
1606 4392 1937 4449 quaecunque
1989 4380 2069 4433 sic

481 4468 608 4511 sunt
626 4476 821 4523 causae,
850 4460 1123 4530 sicutquae
1145 4472 1229 4517 est
1257 4468 1411 4533 cujus
1440 4479 1601 4521 causa
1624 4468 1702 4523 sic
1736 4471 1934 4525 scimus
1955 4486 2071 4524 ma-

483 4550 642 4614 xime,
675 4559 729 4604 et
752 4566 803 4603 tn
834 4551 1126 4622 aliisigitur
1155 4564 1280 4607 tunc
1314 4558 1548 4611 maxime
1578 4561 1797 4624 scimus,
1824 4575 1942 4617 cum
1960 4579 2065 4618 non

479 4642 705 4710 amplius
735 4641 803 4696 sit
836 4641 936 4697 huc
964 4645 1215 4714 quoniam
1234 4646 1378 4701 aliud
1406 4657 1523 4703 est:
1550 4664 1669 4705 cum
1693 4651 1852 4722 igitur
1870 4666 2066 4723 cogno-
2094 4668 2148 4727 Ι)

478 4737 678 4789 scimus
697 4736 911 4805 quidem
936 4737 1077 4807 quod
1104 4748 1332 4807 quatuor
1359 4742 1450 4811 qui
1474 4750 1624 4797 extra
1663 4756 1787 4799 sunt
1836 4752 2066 4817 2xquales

477 4838 621 4891 sunt,
640 4828 889 4896 quoniam
907 4830 1164 4887 isosceles
1184 4874 1199 4898 ,
1232 4833 1407 4888 adhuc
1422 4834 1574 4890 deest
1593 4840 1947 4910 pr0pterquid
1963 4844 2068 4895 iso-

478 4919 681 4971 sceles?
711 4920 830 4988 quia
864 4924 1185 4991 triangulus,
1210 4934 1264 4979 et
1294 4927 1416 4991 hoc,
1444 4927 1566 4997 quia
1588 4937 1673 4983 est
1713 4929 1880 4999 ﬁgura
1910 4932 2066 4987 rectis

480 5010 635 5065 lineis
667 5023 941 5069 contenta.
995 5018 1050 5072 Si
1081 5031 1262 5074 autem
1302 5023 1405 5076 hoc
1443 5036 1549 5076 non
1581 5021 1816 5092 amplius
1849 5034 2066 5095 propter

477 5105 617 5172 quod
646 5105 811 5175 aliud,
844 5118 969 5163 tunc
1000 5111 1238 5166 maxime
1263 5114 1483 5179 scimus,
1517 5115 1822 5172 universale
1860 5127 1941 5172 est
1973 5133 2069 5171 au-

481 5205 585 5251 tem
619 5208 765 5264 tunc,
800 5202 1129 5256 universalis
1156 5204 1314 5274 igitur
1335 5210 1526 5275 potior.
1558 5209 1802 5279 Amplius
1833 5222 2065 5281 quanto-

478 5303 691 5358 cunque
722 5293 907 5361 utique
948 5294 1123 5361 magis
1148 5298 1443 5351 secundum
1487 5311 1667 5369 partes
1701 5313 1804 5368 est,
1856 5304 1906 5358 in
1939 5305 2067 5358 inli-

479 5383 591 5436 nita
616 5384 781 5449 cadit,
803 5385 1108 5441 universale
1136 5397 1319 5444 autem
1351 5389 1404 5443 in
1434 5390 1685 5460 simplex,
1715 5405 1764 5448 et
1794 5392 1850 5447 in
1878 5397 2060 5462 linem,

479 5497 603 5537 sunt
626 5493 806 5538 autem
831 5487 1129 5542 secundum
1158 5488 1302 5560 quod
1336 5490 1537 5547 inlinita
1570 5507 1677 5547 non
1708 5494 1934 5563 scibilia,
1969 5498 2063 5553 sed

482 5582 779 5637 secundum
806 5588 950 5654 quod
982 5587 1130 5644 linita
1159 5591 1364 5647 scibilia
1387 5604 1528 5658 sunt,
1561 5595 1855 5652 secundum
1882 5598 2068 5669 utique

483 5684 626 5755 quod
671 5684 1019 5753 universalia,
1076 5692 1246 5762 magis
1290 5692 1495 5749 scibilia
1548 5703 1707 5760 sunt,
1740 5712 1899 5768 quam
1946 5713 2065 5769 qua:

483 5792 611 5839 sunt
637 5784 937 5843 secundum
967 5797 1174 5858 partem
1225 5792 1680 5864 demonstrabilia,
1724 5812 1855 5869 ergo
1893 5801 2066 5871 magis

482 5888 828 5947 universalia.
859 5891 935 5950 De
953 5894 1125 5962 magis
1152 5897 1656 5961 demonstrabilibus
1695 5906 2067 5980 autem_magis

2742 3411 2969 3470 CAPUT
3010 3415 3147 3471 XXI.

2243 3497 2395 3563 Quod
2423 3500 2791 3560 demonstratio
2820 3508 3125 3590 aﬂ'irmotiva
3158 3516 3484 3583 prmatantior
3508 3520 3686 3578 evadat

2847 3590 3100 3650 negatum.

2241 3704 2394 3773 Quod
2416 3717 2594 3765 autem
2629 3715 2982 3769 monstrativa
3014 3716 3310 3790 sitdignior
3331 3722 3616 3794 privativa,
3636 3728 3756 3789 hinc

2170 3796 2516 3875 manifestum
2547 3811 2653 3867 est,
2694 3804 2765 3858 sit
2793 3807 2935 3859 enim
2970 3808 3086 3864 haec
3129 3810 3516 3873 demonstratio
3553 3820 3759 3891 dignior

2169 3887 2311 3957 (aliis
2339 3889 2542 3945 eisdem
2570 3893 2956 3966 existentibus)
2978 3907 3071 3951 aut
3096 3913 3156 3952 ex
3183 3903 3479 3961 minoribus
3501 3887 3756 3979 quzestio-

2171 3979 2353 4047 nibus,
2384 3992 2476 4037 aut
2500 3984 2979 4052 suppositionibus,
3035 3998 3127 4041 aut
3171 3998 3647 4062 propositionibus.
3701 4006 3757 4061 Si
3844 4016 3849 4021 '

2170 4072 2313 4124 enim
2366 4082 2505 4126 notte
2551 4082 2676 4126 sunt
2722 4074 2971 4130 similiter
3010 4077 3248 4135 velocius
3297 4098 3627 4152 cognoscere
3664 4109 3757 4162 per

2171 4160 2286 4216 brae
2313 4162 2436 4227 erit,
2483 4162 2582 4216 hoc
2612 4172 2791 4218 autem
2820 4166 3163 4236 appetibilius
3210 4183 3314 4228 est.
3371 4175 3527 4231 Ratio
3578 4160 3756 4237 autem

2170 4254 2559 4323 propositionis
2575 4256 2714 4325 quod
2746 4257 2938 4314 melior
2967 4263 3036 4316 sit
3077 4277 3144 4318 ex
3185 4264 3509 4335 minoribus,
3541 4271 3757 4327 univer-

2171 4345 2359 4399 saliter
2387 4347 2588 4416 estsic,
2605 4348 2649 4402 si
2677 4350 2818 4404 enim
2842 4354 3101 4425 contingit
3129 4356 3380 4416 similiter
3404 4363 3615 4430 cognita
3637 4380 3758 4422 esse

2173 4437 2387 4503 mediae,
2420 4438 2593 4505 priora
2638 4451 2817 4497 autem
2872 4449 3080 4502 notiora
3139 4462 3282 4506 sunt.
3334 4454 3388 4509 Si
3433 4464 3610 4510 autem
3666 4474 3759 4527 per

2174 4530 2350 4584 media
2376 4530 2764 4589 demonstratio
2800 4551 3010 4605 eorum,
3041 4556 3161 4608 qua:
3187 4552 3313 4598 sunt
3342 4546 3370 4598 b
3397 4563 3423 4598 ε
3442 4548 3631 4618 dquud
3652 4552 3757 4605 ain

2177 4638 2204 4675 e
2233 4624 2324 4687 sit,
2357 4623 2523 4678 altera
2553 4637 2734 4681 autem
2763 4627 3154 4687 demonstratio
3178 4636 3318 4704 quod
3348 4655 3378 4691 a
3412 4640 3466 4695 in
3512 4643 3546 4694 d
3570 4644 3638 4696 sit
3667 4660 3758 4713 per

2176 4712 2204 4765 ὁ
2230 4728 2257 4765 c
2278 4712 2528 4768 similiter
2550 4713 2712 4784 igitur
2753 4734 2813 4774 se
2843 4719 3002 4777 habet
3025 4721 3126 4778 hoc
3164 4727 3303 4793 quod
3344 4745 3377 4783 α
3419 4731 3471 4785 itt
3503 4734 3538 4785 ά
3566 4712 3679 4801 sit,
3706 4745 3760 4791 et

2175 4803 2318 4872 quod
2342 4820 2374 4856 a
2404 4805 2455 4858 in
2487 4821 2513 4858 e
2535 4806 2627 4872 sit,
2660 4809 2753 4863 sed
2773 4812 2913 4879 quod
2943 4830 2974 4866 a
3005 4814 3055 4869 in
3080 4818 3115 4869 d
3140 4817 3210 4873 sit
3247 4820 3396 4890 prius
3423 4833 3527 4891 est,
3576 4836 3631 4881 et
3670 4844 3760 4883 co-

2174 4896 2523 4965 gnoseibilius
2566 4914 2724 4968 quam
2770 4904 2910 4971 quod
2953 4905 3064 4961 ain
3096 4925 3143 4973 e,
3175 4925 3268 4978 per
3300 4917 3400 4967 hoc
3449 4917 3596 4972 enim
3628 4919 3758 4975 illud

2176 4988 2606 5045 demonstratur:
2642 4994 2953 5051 credibilius
2994 5010 3171 5055 autem
3203 5012 3288 5058 est
3334 5021 3427 5073 per
3472 5009 3636 5079 quod.
3697 5011 3762 5066 Et

2180 5096 2300 5151 quae
2326 5096 2419 5151 per
2448 5083 2699 5152 pauciora
2727 5086 3140 5158 demonstratio,
3185 5096 3363 5162 potior
3409 5097 3528 5153 aliis
3556 5100 3756 5166 eisdetn

2176 5174 2548 5230 existentibus.
2584 5175 2842 5248 Utrteque
2869 5180 3081 5249 quidem
3110 5198 3205 5252 per
3246 5190 3500 5242 terminos
3547 5199 3657 5245 tres
3708 5202 3762 5247 et

2174 5269 2577 5337 propositiones
2602 5269 2736 5325 duas
2763 5280 3083 5340 monstrant,
3119 5275 3212 5330 sed
3249 5276 3363 5332 haec
3392 5279 3603 5347 quidem
3637 5297 3759 5338 esse

2176 5358 2378 5429 aliquid
2411 5362 2627 5431 accipit,
2659 5363 2748 5418 illa
2771 5378 2900 5419 vero
2931 5373 3141 5434 etesse,
3166 5376 3222 5424 et
3253 5385 3357 5424 non
3388 5385 3506 5427 esse
3531 5374 3753 5445 aliquid.

2174 5450 2277 5506 Per
2310 5452 2461 5522 plura
2489 5454 2690 5523 itaque,
2721 5469 2888 5525 quare
2925 5457 3140 5525 dignior
3170 5467 3271 5514 est.
3303 5461 3546 5534 Amplius
3566 5506 3579 5533 ,
3625 5482 3758 5538 quo-

2176 5544 2317 5599 niam
2342 5555 2617 5600 ostensum
2648 5555 2729 5600 est
2752 5546 3087 5616 impossibile
3114 5565 3209 5619 per
3235 5564 3512 5625 utramque
3540 5557 3759 5629 privati-

2177 5648 2359 5689 varum
2396 5635 2824 5706 propositionum
2852 5637 2966 5692 fieri
3005 5640 3412 5714 syllogismum,
3454 5650 3548 5704 sed
3600 5666 3758 5720 opor-

2177 5733 2293 5781 tere
2326 5726 2539 5796 quidem
2569 5728 2874 5797 hujusmodi
2906 5745 3026 5787 esse
3056 5749 3234 5802 unam,
3264 5736 3421 5793 aliam
3460 5756 3588 5796 vero
3622 5758 3758 5813 quo-

2174 5817 2317 5872 niam
2346 5818 2736 5889 est.Amplius,
2771 5832 2964 5889 praeter
2997 5825 3095 5879 hoc
3143 5837 3354 5895 oportet
3399 5839 3453 5886 et
3483 5832 3586 5891 hoe
3614 5833 3757 5890 acci-

2175 5921 2323 5980 pere,
2354 5909 2735 5979 prtedicativas
2767 5913 2909 5971 enim
2933 5927 3269 5990 augmentata
3295 5919 3756 5984 demonstratione
