4296 6266
534 446 638 506 730

1764 416 1873 473 ΔΝ.
1912 412 2121 469 MANL.
2161 406 2315 464 SEV.
2358 401 2580 459 BOE'I‘II

3696 386 3799 443 740

536 575 756 619 necesse
781 551 988 612 estlleri
1011 549 1214 618 plures,
1250 539 1533 611 privativas
1550 546 1726 590 autem
1775 528 2106 600 impossibi’e
2134 528 2184 586 Α
2211 527 2451 585 ιιιττιηιιθ
2478 530 2540 568 ex
2574 527 2677 566 non
2708 523 2828 565 esse
2878 507 3077 578 aliquid
3101 550 3115 575 ,
3171 500 3480 567 credibiles,
3529 500 3624 555 sed
3674 500 3798 553 haec

537 656 714 722 plures
737 661 839 701 una
866 646 915 697 in
937 642 1079 695 omni
1110 636 1422 707 syllogismo
1453 645 1594 693 esse.
1613 626 1690 681 Sit
1714 626 1854 679 enim
1893 624 1943 676 in
1966 620 2112 673 nullo

536 712 654 800 ese
679 759 709 793 η
738 741 787 793 in
823 736 1015 806 quibus
1035 742 1118 786 est
1148 731 1197 794 b,
1230 731 1279 783 in
1311 744 1336 780 c
1359 735 1534 779 autem
1578 720 1727 776 omni
1752 720 1823 773 sit
1854 717 1905 782 b,
1934 716 1976 769 si
2005 712 2109 784 igi-

540 846 623 890 tur
645 844 777 900 opus
818 838 899 883 est
940 838 1129 880 rursus
1168 835 1362 890 augere
1388 827 1643 884 utrasque
1693 809 2108 882 propositiones,

540 898 775 980 medium
830 915 1174 987 injiciendum
1225 919 1330 976 est,
1376 908 1534 975 hujus
1578 902 1792 975 quidem
1823 917 1856 955 a
1891 898 1920 952 b
1962 898 2031 952 sit
2058 898 2111 962 d,

542 1016 635 1073 sed
666 1016 694 1068 b
732 1030 758 1066 c
793 1012 863 1067 sit
888 1026 935 1075 ε,
981 1023 1010 1060 e
1037 1008 1194 1077 igitur
1218 1000 1555 1058 manifestum
1588 1008 1670 1052 est
1716 993 2115 1065 praedicativum

542 1123 683 1173 eSse,
715 1100 811 1161 sed
843 1104 876 1157 ἀ
908 1104 973 1157 de
999 1102 1026 1155 b
1057 1100 1269 1169 quidem
1306 1093 1725 1166 prtedicativum,
1758 1107 1790 1143 a
1834 1096 2011 1141 autem
2050 1084 2118 1139 de

545 1203 579 1255 ά
611 1211 861 1265 tanquam
908 1193 1224 1265 privativum
1259 1190 1509 1259 ponitur:
1543 1185 1576 1236 ά
1620 1184 1764 1238 enim
1804 1181 1871 1234 de
1898 1176 2042 1233 omni
2069 1174 2117 1239 ὁ,

546 1293 637 1348 sed
669 1309 700 1344 a
726 1297 935 1358 oportet
965 1286 1019 1339 in
1049 1284 1193 1338 nullo
1221 1282 1254 1335 ά
1284 1295 1426 1343 esse,
1456 1279 1509 1330 lit
1539 1290 1666 1345 ergo
1712 1287 1815 1327 una
1863 1270 2122 1341 privativa

547 1382 862 1455 prepositio.
886 1379 1027 1432 Idem
1048 1387 1226 1430 autem
1260 1371 1449 1426 modus
1486 1378 1567 1423 est
1605 1376 1660 1422 et
1696 1367 1749 1422 in
1778 1365 1898 1419 aliis
1956 1361 2122 1432 syllo-

549 1477 752 1546 gismis.
785 1473 1010 1538 Semper
1053 1468 1194 1521 enim
1225 1463 1460 1519 medium
1502 1456 1969 1529 prtcdicativorum
2020 1460 2126 1506 ter-

550 1569 837 1631 minorum,
872 1561 1270 1632 przedicativum
1295 1560 1346 1610 in
1377 1566 1602 1623 utraque
1624 1559 1725 1616 est,
1756 1548 1852 1605 sed
1881 1544 2125 1618 privativi

553 1661 605 1714 in
638 1659 804 1712 altera
831 1655 1145 1724 privativum
1178 1661 1397 1703 necesse
1421 1654 1503 1699 est
1528 1657 1667 1705 esse,
1694 1655 1857 1711 quare
1886 1638 2000 1691 haec
2025 1649 2129 1690 una

556 1745 853 1815 hujusmodi
890 1743 945 1796 ﬁt
977 1740 1297 1811 propositio,
1324 1738 1444 1790 aliae
1484 1751 1612 1788 vero
1644 1729 2023 1802 prmdicativcc.
2073 1727 2129 1781 Si

557 1840 713 1910 igitur
742 1836 918 1890 netius
959 1841 1040 1887 est
1085 1846 1179 1900 per
1207 1828 1348 1898 quod
1395 1832 1814 1887 demonstratur,
1858 1830 1911 1875 et
1956 1817 2132 1872 credi—

2215 610 2426 680 quidem
2465 621 2527 659 ex
2556 605 2743 674 priori,
2776 603 2863 656 illa
2890 616 3018 655 vero
3047 616 3113 654 ex
3167 597 3466 668 posteriori,
3494 595 3663 662 potior
3690 591 3798 650 uti-

2214 716 2317 772 que
2349 697 2664 767 simpliciter
2690 695 2789 748 erit
2815 708 2875 748 ea
2926 708 3043 762 quae
3073 699 3157 746 est
3184 689 3250 744 ad
3277 686 3632 756 impossibile,
3688 682 3801 751 pri-

2214 795 2390 857 vativa
2414 788 2819 852 demonstratio,
2853 800 3015 854 quare
3051 794 3105 838 et
3158 785 3258 836 hac
3300 781 3511 850 dignior
3544 776 3805 848 prtediea-

2217 889 2342 942 tiva.
2377 884 2712 940 Manifestum
2746 890 2829 949 est
2859 893 2987 948 ergo
3015 876 3155 946 quod
3181 884 3311 928 etea
3340 886 3461 942 qua:
3491 880 3576 927 est
3602 869 3669 923 ad
3702 869 3807 920 im-

2219 977 2494 1051 possibile,
2526 978 2700 1045 potior
2728 982 2829 1027 est.

2737 1081 2959 1139 CAPUT
2996 1078 3180 1134 XXIII.

2226 1181 2350 1249 Quae
2370 1177 2579 1249 scientia
2602 1176 2806 1235 certior,
2839 1188 2953 1243 qua:
2983 1187 3106 1249 uno,
3152 1184 3263 1234 qua:
3283 1167 3467 1247 altera,
3503 1173 3548 1218 et
3578 1162 3808 1234 ejusdem

2529 1247 2702 1320 plures
2736 1238 3023 1309 eue'posse
3051 1238 3523 1293 demonstrationes.

2294 1339 2498 1394 Certior
2522 1346 2699 1391 autem
2731 1344 2811 1389 est
2837 1333 3081 1392 scientia,
3109 1329 3329 1383 scientia
3362 1336 3415 1381 et
3462 1328 3625 1394 prior,
3685 1336 3810 1391 qua!

2228 1432 2398 1500 ipsius
2450 1430 2573 1498 quia
2625 1436 2679 1481 et
2732 1433 2947 1495 propter
2996 1420 3123 1491 quid
3146 1420 3331 1474 eadem
3360 1426 3632 1485 estquam
3683 1426 3813 1481 non,

2229 1533 2378 1577 extra
2405 1536 2524 1575 eam
2552 1533 2669 1588 qua:
2687 1526 2771 1570 est
2803 1528 3023 1583 propter
3044 1511 3193 1580 quid.
3229 1511 3291 1563 Et
3320 1523 3436 1578 qua:
3465 1521 3573 1560 non
3626 1514 3709 1558 est
3749 1503 3821 1559 de

2232 1614 2492 1682 subjecto,
2552 1626 2613 1664 ea
2662 1622 2781 1677 qum
2807 1617 2890 1659 est
2941 1604 3007 1657 de
3035 1602 3297 1670 subjecto,
3353 1606 3411 1652 ut
3459 1595 3815 1663 arithmetica,

2234 1704 2563 1759 harmonica.
2597 1702 2658 1755 Et
2684 1713 2801 1769 qua:
2823 1705 2982 1765 estex
3009 1692 3324 1756 minoribus,
3368 1705 3430 1746 ea
3468 1704 3589 1759 qua:
3610 1703 3677 1743 ex
3722 1702 3819 1757 ap-

2237 1800 2517 1870 posi'ione,
2544 1804 2601 1850 ut
2630 1792 2983 1859 arithmetica,
3026 1788 3350 1857 geometria:
3381 1784 3503 1839 dico
3548 1792 3723 1837 autem
3753 1797 3818 1837 ex

558 1879 731 1991 gilius,
785 1879 1189 1979 demonstratur:
1211 1879 1418 1971 wantem
1470 1914 1728 1981 privativa
1774 1879 1989 1979 quidem
2039 1920 2134 1975 per
2163 1892 2214 1951 Β
2238 1895 2528 1952 additione.
2562 1899 2619 1945 ut
2646 1890 2758 1943 unit
2776 1902 2819 1943 is
2838 1886 3131 1942 sub-lautia
3147 1891 3231 1939 est
3253 1882 3367 1935 sine
3384 1879 3664 1946 positione,
3686 1892 3821 1946 pun-

560 2018 971 2089 praadicativam,
1000 2013 1114 2067 hrec
1153 2019 1326 2063 autem
1354 2021 1449 2076 per
1481 2006 1627 2059 illam
1660 2018 1764 2057 non
1796 2001 2136 2055 demonstra-

561 2087 664 2173 tur,
697 2110 841 2175 prior
890 2120 1039 2175 ergo,
1096 2111 1151 2157 et
1199 2102 1395 2163 notior,
1437 2104 1493 2153 et
1538 2093 1854 2150 credibilior
1885 2105 2004 2143 cum
2042 2087 2132 2151 sit,

563 2203 750 2257 melior
781 2201 960 2265 itaque
980 2201 1104 2250 erit.
1145 2194 1413 2263 Amplius,
1437 2191 1481 2244 si
1504 2189 1817 2258 principium
1845 2180 2139 2254 syllogismi

566 2291 855 2363 propositio
898 2287 1214 2342 universalis
1250 2284 1319 2337 sit
1366 2281 1692 2339 immediata,
1741 2285 1825 2330 est
1872 2284 2047 2328 autem
2082 2277 2141 2325 ut

567 2386 619 2438 in
652 2382 1002 2437 monstrativa
1031 2377 1394 2448 praedicativa,
1428 2380 1477 2426 in
1510 2370 1763 2440 privativa
1796 2376 1994 2428 autem,
2049 2378 2141 2417 ne-

567 2478 743 2545 gativa
774 2471 1068 2542 propositio
1093 2466 1435 2528 universalis,
1479 2460 1797 2516 aflirmativa
1840 2467 2016 2511 autem
2046 2471 2144 2508 ne-

570 2568 749 2639 gativa
773 2564 936 2633 prior,
970 2572 1027 2618 et
1061 2562 1238 2615 notior
1269 2559 1386 2628 (per
1416 2554 1788 2608 alllrmativam
1816 2552 1955 2606 enim
1989 2564 2149 2617 nega-

572 2664 682 2716 tiva
719 2660 868 2726 nota)
915 2665 968 2710 et
1014 2655 1160 2722 prior
1199 2652 1517 2705 allirntativa
1550 2658 1652 2709 est,
1696 2648 1832 2698 sicut
1857 2659 1977 2698 esse
2007 2643 2150 2711 prius

572 2763 656 2808 est
677 2767 779 2804 non
811 2763 951 2804 esse.
994 2747 1172 2812 Quare
1220 2742 1397 2811 potius
1427 2748 1509 2791 est
1539 2737 1857 2807 principium
1887 2742 2153 2788 monstra-

574 2845 697 2897 tivte
732 2855 890 2910 quam
922 2834 1213 2907 privativa,
1265 2828 1597 2899 dignioribus
1648 2836 1827 2880 autem
1869 2823 2154 2892 principiis

583 2935 742 2987 utitur
785 2931 1010 2998 dignior.
1067 2926 1256 2980 Adhuc
1305 2921 1656 2993 principalior
1690 2925 1793 2983 est,
1831 2915 1951 2969 sine
2008 2914 2153 2968 enim

585 3024 921 3076 monstrativa
972 3034 1077 3072 non
1106 3028 1188 3071 eat
1216 3013 1494 3085 privativa.
1515 3009 1668 3075 Quod
1700 3006 1913 3076 quidem
1964 3002 2161 3073 prardi-

587 3116 771 3179 sativa,
800 3111 1056 3181 privativa
1075 3109 1286 3179 dignior
1308 3107 1400 3171 sit,
1441 3102 1781 3158 manifestum
1814 3108 1916 3154 est.

1164 3241 1389 3299 CAPUT
1422 3240 1586 3296 XXII.

1049 3408 1187 3459 ducit
1217 3408 1285 3459 ad
1306 3404 1697 3457 incommodum.

652 3502 725 3558 Et
742 3500 811 3555 ad
858 3498 1192 3566 impossibile
1242 3497 1486 3560 ducente,
1535 3500 1747 3561 oportet
1796 3498 1974 3545 autem
2027 3488 2169 3543 scire

594 3608 711 3665 qtue
734 3589 1026 3647 dilIerentia
1051 3589 1122 3642 sit
1150 3572 1481 3655 ipsarumei
1515 3586 1673 3654 igitur
1698 3600 1729 3636 α
1757 3583 1812 3636 in
1858 3582 2005 3634 nullo
2034 3580 2083 3643 b,
2118 3580 2168 3631 in

582 3704 621 3761 pc
647 3697 823 3740 autem
851 3681 994 3736 omni
1016 3681 1066 3747 b,
1091 3691 1312 3733 necesse
1367 3684 1447 3731 est
1493 3678 1544 3730 in
1593 3675 1737 3730 nullo
1778 3690 1805 3728 ο
1850 3687 1971 3727 esse
1996 3689 2064 3739 a;
2098 3671 2174 3725 sic

596 3781 753 3849 igitur
779 3776 1032 3845 acceptis,
1081 3772 1358 3827 ostensiva
1411 3769 1671 3839 privativa
1704 3768 1808 3827 erit
1836 3767 2174 3822 demonstra-

598 3871 690 3934 tio,
725 3868 1020 3937 quoniama
1043 3865 1094 3919 in
1117 3880 1143 3917 c
1180 3875 1283 3916 non
1315 3862 1435 3916 erit.
1460 3860 1588 3928 Quae
1616 3872 1742 3913 vero
1767 3868 1856 3913 est
1878 3858 1944 3912 ad
1974 3858 2176 3924 impos-

597 3959 750 4016 sibile
775 3958 851 4012 sic
873 3969 932 4011 se
958 3954 1138 4017 habet,
1168 3953 1213 4006 si
1234 3966 1370 4021 opus
1410 3957 1494 4004 est
1544 3949 1911 4003 demonstrare
1959 3945 2100 4017 quod
2146 3964 2181 4000 a

598 4051 653 4105 in
683 4050 711 4103 b
743 4065 847 4103 non
863 4049 950 4115 sit,
982 4044 1351 4115 accipiendum
1369 4052 1451 4099 est
1487 4059 1519 4097 α
1544 4057 1663 4098 esse
1694 4043 1745 4096 in
1775 4042 1823 4107 b,
1852 4050 1906 4097 et
1935 4041 1964 4094 b
2024 4041 2076 4095 in
2130 4056 2178 4106 c,

598 4159 761 4216 quare
787 4141 980 4197 accidit
1025 4156 1058 4194 a
1087 4141 1138 4194 in
1184 4156 1210 4193 ο
1258 4154 1399 4193 esse.
1424 4138 1535 4192 Hoc
1556 4147 1732 4192 autem
1775 4137 1821 4191 si
1864 4147 2071 4203 notum,
2131 4144 2186 4189 et

598 4248 908 4290 concessum
948 4232 1086 4301 quod
1136 4231 1309 4300 ipsum
1357 4236 1442 4283 est
1488 4227 1818 4297 impossibile
1872 4240 2017 4292 esse,
2076 4240 2184 4280 non

600 4331 757 4399 igitur
784 4324 1035 4396 possibile
1072 4332 1153 4377 est
1176 4339 1209 4375 a
1236 4321 1288 4375 in
1308 4321 1336 4373 b
1357 4334 1496 4374 esse.
1534 4320 1589 4375 Si
1612 4334 1741 4388 ergo
1766 4319 1793 4370 b
1824 4319 1879 4374 in
1901 4336 1929 4371 c
1970 4330 2188 4373 conces-

600 4436 717 4477 sum
748 4429 831 4475 est
853 4418 1050 4479 inesse,
1073 4432 1103 4467 ιι
1132 4413 1187 4469 in
1217 4414 1245 4466 b
1286 4412 1620 4481 impossibile
1667 4418 1749 4465 est
1790 4424 1932 4476 esse,
1973 4408 2187 4463 termini

602 4514 762 4581 igitur
788 4509 1031 4563 similiter
1057 4506 1391 4560 ordinantur.
1420 4502 1606 4558 Dill‘ert
1635 4511 1812 4557 autem
1839 4514 1962 4571 quo,
2011 4501 2187 4568 qualis

603 4605 670 4659 sit
694 4602 865 4656 notior
886 4599 1141 4670 privativa
1173 4598 1489 4667 propositio,
1516 4606 1695 4651 utrum
1741 4593 1899 4663 igitur
1920 4593 2043 4662 quia
2075 4608 2107 4645 a
2159 4590 2187 4644 b

603 4712 706 4752 non
734 4696 893 4757 inest,
917 4708 983 4746 an
1033 4691 1153 4760 quia
1178 4706 1208 4743 a
1233 4708 1280 4756 ο,
1307 4704 1429 4743 cum
1461 4690 1626 4758 igitur
1648 4696 1728 4742 est
1761 4685 2034 4740 conclusio
2084 4699 2184 4744 no-

605 4791 704 4844 tior
727 4787 976 4859 quoniam
1004 4799 1111 4839 non
1159 4791 1263 4847 est,
1308 4780 1451 4851 quod
1481 4789 1562 4834 est
1591 4776 1943 4847 impossibile,
1998 4776 2055 4829 lit
2092 4776 2187 4831 de-

606 4878 1081 4942 mortstratio,§cum
1113 4883 1290 4925 autem
1320 4870 1373 4925 in
1396 4870 1705 4939 syllogismo
1731 4871 1820 4935 sit,
1853 4869 2189 4923 demonstra-

607 4973 711 5026 tiva
732 4977 832 5025 est.
857 4967 1049 5021 Natura
1075 4974 1250 5018 autem
1284 4963 1430 5032 prior
1457 4970 1561 5027 est,
1595 4976 1714 5030 qua:
1735 4971 1817 5014 est
1837 4958 1976 5028 quod
2001 4975 2033 5012 a
2061 4959 2112 5012 in
2157 4958 2187 5012 ὁ

604 5079 709 5118 non
740 5063 832 5137 sit,
861 5073 1019 5129 quam
1050 5072 1082 5110 a
1108 5056 1160 5109 in
1184 5072 1211 5109 ο
1252 5068 1359 5108 non
1379 5053 1467 5117 sit,
1507 5052 1683 5123 priora
1705 5053 1845 5105 enim
1886 5049 2189 5103 conclusioo

606 5172 672 5212 ne
698 5164 839 5219 sunt,
875 5169 935 5207 «ιχ
976 5149 1168 5223 quibus
1211 5157 1293 5203 est
1320 5145 1613 5209 canclusio,
1636 5154 1720 5198 est
1760 5152 1937 5197 autem
1976 5156 2094 5211 qua:
2115 5148 2197 5194 est

607 5266 638 5302 a
663 5250 715 5302 in
741 5263 766 5300 c
787 5260 889 5299 non
922 5258 1063 5309 esse,
1088 5236 1379 5303 conclusio,
1408 5253 1440 5291 a
1470 5246 1646 5291 autem
1670 5234 1724 5290 in
1754 5234 1781 5288 ὁ
1810 5249 1871 5289 ex
1901 5233 2093 5305 quibus
2114 5242 2198 5291 est

607 5340 898 5395 concludo.
935 5337 1047 5391 Non
1089 5336 1231 5390 enim
1260 5331 1307 5386 si
1355 5330 1611 5401 contingit
1663 5329 1923 5384 removeri
1973 5328 2194 5399 aliquid,

609 5432 709 5485 hoc
740 5429 1012 5485 conclusio
1041 5436 1143 5494 est,
1192 5424 1284 5495 illa
1318 5430 1496 5479 autem
1545 5437 1611 5478 ex
1657 5422 1852 5492 quibus
1903 5431 2049 5487 sunt,
2101 5420 2197 5475 sed

611 5522 939 5592 bocquidem
970 5534 1033 5573 ex
1062 5532 1168 5588 quo
1191 5517 1529 5586 syllogismus
1556 5524 1659 5583 est,
1681 5512 1863 5584 utique
1898 5512 1976 5568 sic
2017 5527 2075 5566 se
2104 5512 2199 5567 ha-

609 5609 718 5677 bet,
750 5621 807 5665 ut
835 5622 923 5665 aut
952 5612 1087 5664 sicut
1114 5617 1279 5662 totum
1303 5608 1367 5659 ad
1398 5619 1627 5675 partem,
1675 5615 1767 5659 aut
1791 5613 1847 5661 ut
1877 5619 1999 5674 pars
2023 5602 2089 5658 ad
2115 5613 2199 5662 ιο·

617 5714 725 5756 tum
765 5718 824 5757 se
852 5703 1031 5771 habet,
1070 5699 1165 5756 sed
1212 5714 1331 5769 quae
1353 5703 1477 5753 sunt
1502 5716 1535 5753 a
1563 5714 1611 5765 c,
1644 5707 1699 5753 et
1723 5714 1755 5751 a
1805 5701 1832 5753 ὸ
1878 5696 2201 5769 propositio-

616 5807 733 5860 nes,
766 5807 870 5848 non
890 5796 967 5848 sic
996 5792 1270 5848 sebabent
1294 5790 1360 5845 ad
1385 5791 1631 5847 invicem.
1687 5790 1743 5845 Si
1801 5790 1977 5861 igitur.
2002 5804 2066 5843 ex
2112 5788 2197 5844 di-

614 5881 888 5950 gnioribus
937 5891 993 5937 et
1047 5871 1472 5938 credibilioribus
1498 5883 1707 5956 dignior
1736 5890 1841 5945 est,
1874 5891 1996 5936 sunt
2018 5892 2195 5938 autem

2238 1997 2381 2043 clunt
2405 1995 2580 2039 autem
2600 1981 2897 2036 substantia
2917 1978 3109 2047 posita,
3142 1976 3242 2029 hoc
3294 1981 3476 2027 autem
3505 1986 3570 2024 ex
3604 1970 3819 2038 apposi-

2240 2081 2403 2133 tione.
2437 2075 2550 2131 Una
2579 2082 2754 2128 autem
2798 2070 3021 2124 scientia
3046 2074 3146 2130 est,
3175 2080 3293 2135 quze.
3339 2071 3424 2118 est
3463 2061 3624 2115 unius
3664 2073 3826 2129 gene-

2242 2172 2338 2238 ris,
2370 2157 2697 2235 quicunque
2726 2178 2789 2217 ex
2818 2161 3005 2231 primis
3039 2157 3397 2226 componitur,
3419 2163 3477 2209 et
3508 2164 3684 2222 partes
3704 2159 3830 2206 sunt

2244 2270 2334 2316 aut
2362 2259 2632 2326 p:«ssiones
2664 2256 2873 2319 horum,
2902 2266 3020 2319 quae
3041 2259 3165 2303 sunt
3210 2261 3305 2316 per
3332 2259 3408 2298 se.
3447 2245 3623 2298 Altera
3646 2252 3826 2295 autem

2246 2348 2467 2404 scientia
2490 2356 2571 2399 est
2598 2344 2666 2398 ab
2693 2345 2882 2409 altera,
2908 2350 3346 2411 qnarumcunqne
3376 2334 3631 2402 principia
3653 2342 3830 2398 neque

2184 2452 2187 2455 ‘
2248 2456 2309 2496 ex
2336 2442 2559 2500 eisdem,
2586 2450 2759 2505 neque
2784 2450 2849 2489 ex
2867 2432 3051 2487 alteris
3082 2440 3227 2486 sunt.
3246 2427 3413 2496 Hujus
3442 2430 3721 2479 autemest
3748 2423 3830 2477 si-

2251 2545 2430 2599 gnum,
2456 2543 2576 2581 cum
2606 2526 2657 2579 in
2691 2522 3128 2579 demonstrabilia
3161 2520 3413 2579 veniant,‘
3434 2525 3646 2585 oportet
3688 2513 3831 2568 enim

2253 2623 2308 2676 in
2336 2621 2521 2674 eodem
2563 2632 2761 2685 genere
2789 2630 2909 2669 esse
2937 2629 3057 2668 cum
3094 2613 3159 2665 iis
3206 2626 3325 2680 qua:
3376 2608 3832 2674 demonstrantur,

2255 2714 2465 2781 signum
2499 2719 2673 2762 autem
2703 2717 2783 2761 est
2813 2716 2866 2759 et
2895 2703 3074 2773 hujus,
3102 2717 3221 2755 cum
3279 2697 3715 2753 demonstrabilia
3744 2709 3837 2766 per

2257 2803 2370 2871 ipsa
2396 2801 2447 2853 in
2469 2799 2655 2854 eodem
2678 2784 2876 2867 genere
2900 2802 3041 2857 sunt,
3070 2801 3121 2847 et
3152 2791 3413 2860 proxima.
3449 2788 3633 2842 Plures
3662 2796 3841 2843 autem

2256 2894 2743 2950 demonstrationes
2767 2886 3006 2956 ejusdem
3038 2882 3291 2954 possibile
3318 2890 3400 2935 est
3430 2894 3570 2945 esse,
3618 2894 3722 2933 non
3752 2891 3843 2931 so-

2263 2986 2370 3040 lum
2402 3000 2464 3038 ex
2492 2982 2683 3037 eodem
2705 2979 2889 3034 ordine
2911 2974 3202 3044 accipiendi
3233 2987 3336 3025 non
3386 2972 3696 3025 continuum
3728 2980 3843 3023 me-

2263 3078 2411 3132 dium
2436 3076 2517 3147 (ut
2543 3087 2728 3128 eorum
2759 3085 2875 3139 quat
2912 3076 3036 3124 sunt
3061 3084 3093 3119 α
3118 3067 3166 3132 b,
3191 3082 3215 3118 c
3244 3074 3299 3119 et
3319 3064 3352 3117 ά
3397 3072 3454 3119 ει
3480 3062 3550 3135 ε),
3580 3062 3673 3117 sed
3704 3069 3758 3116 et
3781 3074 3847 3121 ex

2264 3168 2453 3232 altero,
2486 3174 2543 3219 ut
2570 3165 2637 3217 sit
2663 3178 2694 3214 a
2724 3159 3087 3219 transmutari,
3117 3158 3170 3209 in
3201 3169 3308 3224 quo
3332 3164 3509 3207 autem
3539 3154 3572 3206 ἀ
3612 3150 3846 3217 moveri,

2188 3262 2235 3325 C
2268 3259 2359 3314 sed
2385 3257 2549 3311 la'tari
2570 3257 2639 3309 sit
2665 3254 2715 3305 in
2739 3266 2844 3320 quo
2863 3251 2913 3314 b,
2946 3258 3000 3303 et
3030 3248 3222 3301 iterum
3252 3262 3277 3297 ε
3306 3246 3604 3313 quiescere,
3660 3256 3847 3296 verum

592 3340 1076 3396 Demonstrationem
1122 3337 1425 3391 ostensivam
1495 3333 1742 3400 potiorem
1791 3342 1897 3382 esse
1938 3342 1997 3379 ea
2050 3326 2195 3395 qua!

2269 3350 2427 3419 igitur
2448 3358 2529 3401 est
2558 3353 2612 3399 et
2639 3344 2673 3396 ά
2696 3343 2761 3395 de
2788 3343 2837 3405 ὁ,
2871 3350 2925 3393 ει
2952 3342 3017 3391 de
3049 3336 3083 3389 ά
3127 3335 3428 3405 praedicari,
3476 3334 3664 3386 laztans
3710 3332 3850 3389 enim

2271 3446 2531 3495 movetur,
2564 3443 2618 3485 et
2641 3432 2779 3500 quod
2807 3438 3049 3484 movetur
3077 3433 3481 3485 transmutatnr,
3520 3423 3759 3475 iteruma
3787 3419 3850 3476 de

2268 3545 2315 3594 ε,
2351 3538 2452 3581 etc
2489 3526 2556 3578 de
2579 3524 2628 3587 b,
2653 3536 2833 3575 verum
2882 3518 3184 3588 praedicari,
3240 3515 3414 3570 omnis
3471 3512 3613 3566 enim
3664 3510 3853 3563 laetans

2272 3617 2519 3689 quiescit,
2550 3625 2606 3669 et
2634 3615 2913 3679 quiescens
2946 3598 3348 3669 tiansmutatur,
3372 3618 3534 3675 quare
3572 3616 3665 3670 per
3688 3601 3856 3655 altera

2276 3709 2475 3772 media,
2505 3715 2554 3760 et
2580 3720 2683 3759 non
2705 3720 2769 3757 ex
2799 3705 2988 3759 eodem
3019 3700 3212 3755 or'dine
3257 3696 3594 3767 syllogismus
3616 3702 3720 3755 est,
3753 3704 3859 3747 non

2279 3810 2455 3854 tamen
2485 3807 2566 3851 est
2594 3804 2840 3849 neutrum
2892 3791 2960 3847 de
2999 3800 3190 3845 neutro
3228 3789 3336 3844 dici
3390 3785 3706 3841 mediorum.
3757 3780 3859 3837 Ne-

2278 3907 2432 3948 cesse
2453 3900 2535 3944 est
2554 3891 2697 3944 enim
2726 3887 2867 3941 idem
2896 3902 2921 3941 e
2945 3884 3099 3939 alicui
3123 3893 3347 3952 utraque
3367 3880 3564 3944 inesse,
3584 3874 3861 3931 intendere

2282 3994 2457 4038 autem
2496 3992 2580 4037 est
2612 3994 2704 4048 per
2754 3979 2888 4033 alias
2928 3976 3141 4045 ﬁguras,
3204 3980 3336 4043 quot
3382 3969 3555 4026 modis
3608 3965 3865 4037 contingit

2283 4077 2520 4147 ejusdem
2553 4074 2665 4128 ﬁeri
2688 4070 3085 4142 syllogismum.
3442 4054 3443 4057 “
3653 4050 3659 4053 ’

2879 4196 3103 4255 CAPUT
3141 4196 3329 4253 XXIV.

2372 4297 2495 4352 Non
2523 4312 2629 4350 esse
2655 4295 2919 4349 amentiam
2936 4292 3275 4432 (prunorum,
3306 4302 3462 4357 neque
3482 4287 3535 4340 in
3560 4298 3798 4339 sensuum

2980 4372 3233 4416 unctione.

2980 4372 3233 4416 unctione.

2362 4503 2466 4554 Sed
2489 4500 2606 4569 ejus
2626 4497 2765 4569 quod
2790 4507 2873 4552 est
2899 4512 2928 4551 a
2981 4498 3189 4551 fortuna
3227 4508 3332 4549 non
3356 4499 3442 4547 est
3495 4487 3717 4544 scientia
3776 4500 3869 4554 per

2217 4590 2823 4682 Ddemonstrationem.
2870 4587 3051 4659 Neque
3094 4587 3236 4642 enim
3293 4587 3431 4639 sicut
3482 4579 3874 4646 necessarium,

2296 4699 2465 4754 neque
2497 4684 2631 4737 sicut
2672 4685 2977 4751 lrequenter
2996 4680 3137 4751 quod
3162 4690 3245 4734 est
3265 4693 3296 4733 a
3322 4677 3554 4741 fortuna,
3606 4674 3698 4728 sed
3728 4682 3877 4732 extra

2299 4780 2399 4833 hoc
2427 4778 2507 4841 Iit,
2537 4777 2629 4831 sed
2646 4775 3034 4831 demonstratio
3058 4774 3279 4828 alterius
3301 4773 3510 4827 horum.
3531 4770 3718 4826 Omnis
3740 4768 3880 4825 enim

2298 4870 2637 4940 syllogismus
2688 4877 2782 4923 aut
2830 4883 2924 4937 per
2966 4866 3321 4931 necessarias,
3367 4872 3456 4917 aut
3480 4877 3573 4932 per
3612 4876 3704 4917 eas
3762 4873 3881 4928 qua)

2298 4974 2422 5019 sunt
2453 4972 2700 5031 tanquam
2734 4961 3040 5030 frequenter
3065 4958 3485 5027 propositiones,
3534 4963 3586 5007 et
3620 4953 3885 5022 siquidem

2302 5054 2693 5124 pr0positiones
2716 5052 3033 5106 necessaria:
3073 5057 3218 5113 sunt,
3250 5057 3305 5103 et
3353 5045 3627 5101 conclusio
3673 5043 3773 5098 erit
3797 5056 3885 5097 ne-

2304 5144 2555 5207 cessaria,
2580 5143 2623 5196 si
2650 5157 2778 5197 vero
2800 5144 2905 5197 sint
2942 5141 3080 5195 sicut
3116 5140 3446 5210 frequenter,
3508 5145 3561 5191 et
3614 5132 3883 5189 conclusio

2307 5234 2625 5304 hujusmodi.
2650 5235 2825 5300 Quare
2851 5234 2895 5287 si
2927 5233 2976 5286 id
3002 5231 3144 5302 quod
3165 5240 3247 5285 est
3279 5245 3306 5282 a
3333 5228 3541 5283 fortuna
3588 5241 3758 5295 neque
3811 5229 3889 5283 est

2306 5325 2786 5395 sicutfrequenter,
2817 5340 2988 5395 neque
3035 5322 3420 5385 necessarium,
3480 5334 3654 5386 neque
3706 5316 3890 5386 utique

2305 5420 2404 5474 erit
2431 5418 2594 5488 ipsius
2616 5418 3019 5473 demonstratio.
3043 5415 3226 5486 Neque
3248 5429 3343 5484 per
3372 5426 3589 5468 sensum
3622 5420 3703 5465 est
3725 5411 3888 5473 scire,

2307 5513 2349 5566 si
2382 5513 2521 5566 enim
2548 5518 2629 5565 est
2658 5525 2847 5565 sensus
2870 5511 2991 5564 talis
3014 5510 3193 5579 hujus,
3226 5518 3278 5564 et
3312 5523 3417 5562 non
3453 5507 3608 5575 hujus
3642 5504 3888 5570 alicujus,

2282 5604 2400 5657 sed
2430 5604 2629 5656 sentire
2658 5604 2758 5655 hoc
2787 5601 2982 5670 aliquid
3009 5610 3092 5655 est
3131 5614 3355 5655 necesse
3382 5608 3434 5653 et
3484 5598 3571 5652 ubi
3626 5605 3680 5650 et
3729 5606 3888 5647 nunc.

2286 5697 2618 5752 ‘Universale
2646 5706 2821 5749 autem
2841 5694 2979 5763 quod
3023 5703 3105 5749 est
3136 5694 3187 5747 in
3243 5693 3514 5757 omnibus,
3564 5685 3890 5758 impossibile

2308 5798 2388 5843 est
2412 5788 2630 5849 sentire,
2664 5802 2837 5855 neque
2859 5787 2999 5841 enim
3026 5785 3127 5840 hoc
3166 5783 3365 5854 aliquid
3397 5791 3500 5849 est,
3533 5794 3707 5851 neque
3729 5788 3889 5841 nunc.

2308 5896 2482 5944 neque
2520 5880 2646 5942 ubi.
2712 5894 2884 5945 neque
2924 5880 3066 5934 enim
3134 5878 3315 5947 utique
3368 5884 3515 5933 esset
3568 5869 3894 5935 universale,
