  <div class='ocr_page' id='page_1' title='image "/cluster/home/n/w/nwhite01/storage/ocr_20150623/64/hvd.32044073505265/376.png"; bbox 0 0 4296 6266; ppageno 0'>
   <div class='ocr_carea' id='block_1_1' title="bbox 462 382 556 442">
    <p class='ocr_par' dir='ltr' id='par_1_1' title="bbox 462 382 556 442">
     <span class='ocr_line' id='line_1_1' title="bbox 462 382 556 442; baseline -0.011 0"><span class='ocrx_word' id='word_1_1' title='bbox 462 382 556 442; x_wconf 68' lang='lat' dir='ltr'><strong>7M</strong></span> 
     </span>
    </p>
   </div>
   <div class='ocr_carea' id='block_1_2' title="bbox 990 379 3185 456">
    <p class='ocr_par' dir='ltr' id='par_1_2' title="bbox 990 379 3185 456">
     <span class='ocr_line' id='line_1_2' title="bbox 990 379 3185 456; baseline 0.006 -14"><span class='ocrx_word' id='word_1_2' title='bbox 990 379 1472 442; x_wconf 76' lang='lat' dir='ltr'><strong>POSTERIORU.“</strong></span> <span class='ocrx_word' id='word_1_3' title='bbox 1514 382 2067 443; x_wconf 62' lang='lat' dir='ltr'><strong>ANALY&#39;HCORUI</strong></span> <span class='ocrx_word' id='word_1_4' title='bbox 2104 385 2557 448; x_wconf 71' lang='lat' dir='ltr'><strong>ARISTOTELIS</strong></span> <span class='ocrx_word' id='word_1_5' title='bbox 2604 389 2704 448; x_wconf 83' lang='lat' dir='ltr'><strong>lNl</strong></span> <span class='ocrx_word' id='word_1_6' title='bbox 2724 379 3185 456; x_wconf 60' lang='lat' dir='ltr'><strong>ERPRETATIO.‘</strong></span> 
     </span>
    </p>
   </div>
   <div class='ocr_carea' id='block_1_3' title="bbox 3626 390 3730 463">
    <p class='ocr_par' dir='ltr' id='par_1_3' title="bbox 3626 390 3730 463">
     <span class='ocr_line' id='line_1_3' title="bbox 3626 390 3730 463; baseline 0.019 -1"><span class='ocrx_word' id='word_1_7' title='bbox 3626 390 3730 463; x_wconf 67' lang='grc' dir='ltr'><strong>⁸1ιῖ</strong></span> 
     </span>
    </p>
   </div>
   <div class='ocr_carea' id='block_1_4' title="bbox 460 502 3738 589">
    <p class='ocr_par' dir='ltr' id='par_1_4' title="bbox 460 502 3738 589">
     <span class='ocr_line' id='line_1_4' title="bbox 460 502 3738 589; baseline 0.004 -31"><span class='ocrx_word' id='word_1_8' title='bbox 460 502 600 573; x_wconf 82' lang='lat' dir='ltr'><strong>quod</strong></span> <span class='ocrx_word' id='word_1_9' title='bbox 621 502 764 558; x_wconf 83' lang='lat' dir='ltr'><strong>enim</strong></span> <span class='ocrx_word' id='word_1_10' title='bbox 790 513 1002 571; x_wconf 85' lang='lat' dir='ltr'><strong>semper</strong></span> <span class='ocrx_word' id='word_1_11' title='bbox 1030 508 1133 570; x_wconf 88' lang='lat' dir='ltr'><strong>est,</strong></span> <span class='ocrx_word' id='word_1_12' title='bbox 1165 510 1219 555; x_wconf 90' lang='grc' dir='ltr'><strong>ει</strong></span> <span class='ocrx_word' id='word_1_13' title='bbox 1234 502 1447 571; x_wconf 80' lang='lat' dir='ltr'><strong>ubique,</strong></span> <span class='ocrx_word' id='word_1_14' title='bbox 1484 503 1786 581; x_wconf 69' lang='lat' dir='ltr'><strong>universale</strong></span> <span class='ocrx_word' id='word_1_15' title='bbox 1812 503 2040 558; x_wconf 79' lang='lat' dir='ltr'><strong>dicimus</strong></span> <span class='ocrx_word' id='word_1_16' title='bbox 2070 507 2120 565; x_wconf 77' lang='grc' dir='ltr'>Α</span> <span class='ocrx_word' id='word_1_17' title='bbox 2150 518 2244 572; x_wconf 91' lang='lat' dir='ltr'><strong>per</strong></span> <span class='ocrx_word' id='word_1_18' title='bbox 2288 509 2619 563; x_wconf 89' lang='lat' dir='ltr'><strong>communia.</strong></span> <span class='ocrx_word' id='word_1_19' title='bbox 2672 514 2912 581; x_wconf 78' lang='lat' dir='ltr'><strong>Amplius</strong></span> <span class='ocrx_word' id='word_1_20' title='bbox 2936 556 2950 581; x_wconf 92' lang='lat'><strong>,</strong></span> <span class='ocrx_word' id='word_1_21' title='bbox 3001 519 3267 589; x_wconf 68' lang='lat' dir='ltr'><strong>principia</strong></span> <span class='ocrx_word' id='word_1_22' title='bbox 3295 532 3398 577; x_wconf 75' lang='lat' dir='ltr'><strong>non</strong></span> <span class='ocrx_word' id='word_1_23' title='bbox 3438 531 3606 580; x_wconf 66' lang='lat' dir='ltr'><strong>multo</strong></span> <span class='ocrx_word' id='word_1_24' title='bbox 3636 527 3738 581; x_wconf 77' lang='lat' dir='ltr'><strong>mi-</strong></span> 
     </span>
    </p>
   </div>
   <div class='ocr_carea' id='block_1_5' title="bbox 461 593 2044 663">
    <p class='ocr_par' dir='ltr' id='par_1_5' title="bbox 461 593 2044 663">
     <span class='ocr_line' id='line_1_5' title="bbox 461 593 2044 663; baseline -0.001 -13"><span class='ocrx_word' id='word_1_25' title='bbox 461 610 627 661; x_wconf 83' lang='lat' dir='ltr'><strong>esse;</strong></span> <span class='ocrx_word' id='word_1_26' title='bbox 684 593 935 663; x_wconf 88' lang='lat' dir='ltr'><strong>quoniam</strong></span> <span class='ocrx_word' id='word_1_27' title='bbox 988 593 1148 662; x_wconf 83' lang='lat' dir='ltr'><strong>igitur</strong></span> <span class='ocrx_word' id='word_1_28' title='bbox 1187 593 1670 647; x_wconf 85' lang='lat' dir='ltr'><strong>demonstrationes</strong></span> <span class='ocrx_word' id='word_1_29' title='bbox 1715 593 2044 648; x_wconf 81' lang='lat' dir='ltr'><strong>universales</strong></span> 
     </span>
    </p>
   </div>
   <div class='ocr_carea' id='block_1_6' title="bbox 461 684 2044 753">
    <p class='ocr_par' dir='ltr' id='par_1_6' title="bbox 461 684 2044 753">
     <span class='ocr_line' id='line_1_6' title="bbox 461 684 2044 753; baseline -0.001 -11"><span class='ocrx_word' id='word_1_30' title='bbox 461 696 605 753; x_wconf 88' lang='lat' dir='ltr'><strong>sunt,</strong></span> <span class='ocrx_word' id='word_1_31' title='bbox 634 685 749 741; x_wconf 70' lang='lat' dir='ltr'><strong>haec</strong></span> <span class='ocrx_word' id='word_1_32' title='bbox 796 695 974 741; x_wconf 89' lang='lat' dir='ltr'><strong>autem</strong></span> <span class='ocrx_word' id='word_1_33' title='bbox 1007 699 1112 738; x_wconf 91' lang='lat' dir='ltr'><strong>non</strong></span> <span class='ocrx_word' id='word_1_34' title='bbox 1164 692 1249 739; x_wconf 90' lang='lat' dir='ltr'><strong>est</strong></span> <span class='ocrx_word' id='word_1_35' title='bbox 1299 686 1519 751; x_wconf 88' lang='lat' dir='ltr'><strong>sentire,</strong></span> <span class='ocrx_word' id='word_1_36' title='bbox 1573 684 1909 740; x_wconf 83' lang='lat' dir='ltr'><strong>manifestum</strong></span> <span class='ocrx_word' id='word_1_37' title='bbox 1964 699 2044 742; x_wconf 89' lang='lat' dir='ltr'><strong>est</strong></span> 
     </span>
    </p>
   </div>
   <div class='ocr_carea' id='block_1_7' title="bbox 463 776 2041 852">
    <p class='ocr_par' dir='ltr' id='par_1_7' title="bbox 463 776 2041 852">
     <span class='ocr_line' id='line_1_7' title="bbox 463 776 2041 852; baseline -0.003 -16"><span class='ocrx_word' id='word_1_38' title='bbox 463 780 603 852; x_wconf 82' lang='lat' dir='ltr'><strong>quod</strong></span> <span class='ocrx_word' id='word_1_39' title='bbox 625 793 796 850; x_wconf 90' lang='lat' dir='ltr'><strong>neque</strong></span> <span class='ocrx_word' id='word_1_40' title='bbox 838 779 977 833; x_wconf 79' lang='lat' dir='ltr'><strong>scire</strong></span> <span class='ocrx_word' id='word_1_41' title='bbox 1003 791 1099 847; x_wconf 89' lang='lat' dir='ltr'><strong>per</strong></span> <span class='ocrx_word' id='word_1_42' title='bbox 1125 792 1343 831; x_wconf 85' lang='lat' dir='ltr'><strong>sensum</strong></span> <span class='ocrx_word' id='word_1_43' title='bbox 1399 784 1499 833; x_wconf 88' lang='lat' dir='ltr'><strong>est.</strong></span> <span class='ocrx_word' id='word_1_44' title='bbox 1549 776 1655 832; x_wconf 89' lang='lat' dir='ltr'><strong>Sed</strong></span> <span class='ocrx_word' id='word_1_45' title='bbox 1704 777 2041 832; x_wconf 87' lang='lat' dir='ltr'><strong>manifestum</strong></span> 
     </span>
    </p>
   </div>
   <div class='ocr_carea' id='block_1_8' title="bbox 464 869 2047 944">
    <p class='ocr_par' dir='ltr' id='par_1_8' title="bbox 464 869 2047 944">
     <span class='ocr_line' id='line_1_8' title="bbox 464 869 2047 944; baseline 0.001 -19"><span class='ocrx_word' id='word_1_46' title='bbox 464 874 712 944; x_wconf 83' lang='lat' dir='ltr'><strong>quoniam</strong></span> <span class='ocrx_word' id='word_1_47' title='bbox 766 870 1195 927; x_wconf 84' lang='lat' dir='ltr'><strong>siessetsentire</strong></span> <span class='ocrx_word' id='word_1_48' title='bbox 1250 869 1595 939; x_wconf 83' lang='lat' dir='ltr'><strong>triangulum,</strong></span> <span class='ocrx_word' id='word_1_49' title='bbox 1642 870 1785 940; x_wconf 89' lang='lat' dir='ltr'><strong>quod</strong></span> <span class='ocrx_word' id='word_1_50' title='bbox 1836 870 2047 927; x_wconf 87' lang='lat' dir='ltr'><strong>duobus</strong></span> 
     </span>
    </p>
   </div>
   <div class='ocr_carea' id='block_1_9' title="bbox 462 960 2046 1031">
    <p class='ocr_par' dir='ltr' id='par_1_9' title="bbox 462 960 2046 1031">
     <span class='ocr_line' id='line_1_9' title="bbox 462 960 2046 1031; baseline -0.002 -12"><span class='ocrx_word' id='word_1_51' title='bbox 462 966 623 1020; x_wconf 89' lang='lat' dir='ltr'><strong>rectis</strong></span> <span class='ocrx_word' id='word_1_52' title='bbox 651 962 873 1017; x_wconf 87' lang='lat' dir='ltr'><strong>haberet</strong></span> <span class='ocrx_word' id='word_1_53' title='bbox 902 960 1137 1029; x_wconf 66' lang='lat' dir='ltr'><strong>aequales</strong></span> <span class='ocrx_word' id='word_1_54' title='bbox 1161 960 1413 1030; x_wconf 79' lang='lat' dir='ltr'><strong>angulos,</strong></span> <span class='ocrx_word' id='word_1_55' title='bbox 1460 974 1823 1031; x_wconf 83' lang='lat' dir='ltr'><strong>quaereremus</strong></span> <span class='ocrx_word' id='word_1_56' title='bbox 1862 961 2046 1031; x_wconf 83' lang='lat' dir='ltr'><strong>utique</strong></span> 
     </span>
    </p>
   </div>
   <div class='ocr_carea' id='block_1_10' title="bbox 464 1052 2049 1123">
    <p class='ocr_par' dir='ltr' id='par_1_10' title="bbox 464 1052 2049 1123">
     <span class='ocr_line' id='line_1_10' title="bbox 464 1052 2049 1123; baseline -0.004 -8"><span class='ocrx_word' id='word_1_57' title='bbox 464 1057 994 1121; x_wconf 87' lang='lat' dir='ltr'><strong>demonstrationem,</strong></span> <span class='ocrx_word' id='word_1_58' title='bbox 1020 1062 1077 1110; x_wconf 90' lang='lat' dir='ltr'><strong>et</strong></span> <span class='ocrx_word' id='word_1_59' title='bbox 1104 1068 1234 1120; x_wconf 89' lang='lat' dir='ltr'><strong>non,</strong></span> <span class='ocrx_word' id='word_1_60' title='bbox 1261 1052 1399 1109; x_wconf 91' lang='lat' dir='ltr'><strong>sicut</strong></span> <span class='ocrx_word' id='word_1_61' title='bbox 1425 1052 1641 1123; x_wconf 91' lang='lat' dir='ltr'><strong>quidam</strong></span> <span class='ocrx_word' id='word_1_62' title='bbox 1672 1052 1927 1121; x_wconf 85' lang='lat' dir='ltr'><strong>fatentur,</strong></span> <span class='ocrx_word' id='word_1_63' title='bbox 1943 1054 2049 1108; x_wconf 83' lang='lat' dir='ltr'><strong>sci-</strong></span> 
     </span>
    </p>
   </div>
   <div class='ocr_carea' id='block_1_11' title="bbox 464 1144 2048 1215">
    <p class='ocr_par' dir='ltr' id='par_1_11' title="bbox 464 1144 2048 1215">
     <span class='ocr_line' id='line_1_11' title="bbox 464 1144 2048 1215; baseline -0.003 -10"><span class='ocrx_word' id='word_1_64' title='bbox 464 1164 661 1205; x_wconf 86' lang='lat' dir='ltr'><strong>remus.</strong></span> <span class='ocrx_word' id='word_1_65' title='bbox 683 1148 893 1204; x_wconf 89' lang='lat' dir='ltr'><strong>Sentire</strong></span> <span class='ocrx_word' id='word_1_66' title='bbox 912 1148 1056 1203; x_wconf 88' lang='lat' dir='ltr'><strong>enim</strong></span> <span class='ocrx_word' id='word_1_67' title='bbox 1085 1158 1308 1201; x_wconf 88' lang='lat' dir='ltr'><strong>necesse</strong></span> <span class='ocrx_word' id='word_1_68' title='bbox 1358 1152 1440 1199; x_wconf 90' lang='lat' dir='ltr'><strong>est</strong></span> <span class='ocrx_word' id='word_1_69' title='bbox 1486 1144 1847 1215; x_wconf 76' lang='lat' dir='ltr'><strong>singulariter,</strong></span> <span class='ocrx_word' id='word_1_70' title='bbox 1871 1145 2048 1200; x_wconf 89' lang='lat' dir='ltr'><strong>scien-</strong></span> 
     </span>
    </p>
   </div>
   <div class='ocr_carea' id='block_1_12' title="bbox 459 1233 2047 1308">
    <p class='ocr_par' dir='ltr' id='par_1_12' title="bbox 459 1233 2047 1308">
     <span class='ocr_line' id='line_1_12' title="bbox 459 1233 2047 1308; baseline -0.001 -14"><span class='ocrx_word' id='word_1_71' title='bbox 459 1241 528 1294; x_wconf 90' lang='lat' dir='ltr'><strong>tia</strong></span> <span class='ocrx_word' id='word_1_72' title='bbox 557 1250 731 1294; x_wconf 90' lang='lat' dir='ltr'><strong>autem</strong></span> <span class='ocrx_word' id='word_1_73' title='bbox 762 1247 843 1294; x_wconf 91' lang='lat' dir='ltr'><strong>est</strong></span> <span class='ocrx_word' id='word_1_74' title='bbox 871 1239 922 1293; x_wconf 93' lang='lat' dir='ltr'><strong>in</strong></span> <span class='ocrx_word' id='word_1_75' title='bbox 968 1236 1342 1308; x_wconf 86' lang='lat' dir='ltr'><strong>cognoscendo</strong></span> <span class='ocrx_word' id='word_1_76' title='bbox 1371 1235 1689 1291; x_wconf 80' lang='lat' dir='ltr'><strong>universale.</strong></span> <span class='ocrx_word' id='word_1_77' title='bbox 1727 1233 1880 1291; x_wconf 87' lang='lat' dir='ltr'><strong>Unde</strong></span> <span class='ocrx_word' id='word_1_78' title='bbox 1908 1245 1962 1290; x_wconf 91' lang='lat' dir='ltr'><strong>et</strong></span> <span class='ocrx_word' id='word_1_79' title='bbox 2000 1237 2047 1292; x_wconf 87' lang='lat' dir='ltr'><strong>si</strong></span> 
     </span>
    </p>
   </div>
   <div class='ocr_carea' id='block_1_13' title="bbox 460 1316 2042 1402">
    <p class='ocr_par' dir='ltr' id='par_1_13' title="bbox 460 1316 2042 1402">
     <span class='ocr_line' id='line_1_13' title="bbox 460 1316 2042 1402; baseline -0.004 -14"><span class='ocrx_word' id='word_1_80' title='bbox 460 1348 622 1402; x_wconf 87' lang='lat' dir='ltr'><strong>super</strong></span> <span class='ocrx_word' id='word_1_81' title='bbox 650 1333 826 1386; x_wconf 89' lang='lat' dir='ltr'><strong>lunam</strong></span> <span class='ocrx_word' id='word_1_82' title='bbox 845 1344 1110 1395; x_wconf 82' lang='lat' dir='ltr'><strong>essemus,</strong></span> <span class='ocrx_word' id='word_1_83' title='bbox 1127 1340 1184 1386; x_wconf 90' lang='lat' dir='ltr'><strong>et</strong></span> <span class='ocrx_word' id='word_1_84' title='bbox 1210 1328 1517 1384; x_wconf 83' lang='lat' dir='ltr'><strong>videremus</strong></span> <span class='ocrx_word' id='word_1_85' title='bbox 1534 1316 1798 1397; x_wconf 72' lang='lat' dir='ltr'><strong>obiectam</strong></span> <span class='ocrx_word' id='word_1_86' title='bbox 1822 1338 2042 1395; x_wconf 78' lang='lat' dir='ltr'><strong>terram,</strong></span> 
     </span>
    </p>
   </div>
   <div class='ocr_carea' id='block_1_14' title="bbox 463 1418 2049 1492">
    <p class='ocr_par' dir='ltr' id='par_1_14' title="bbox 463 1418 2049 1492">
     <span class='ocr_line' id='line_1_14' title="bbox 463 1418 2049 1492; baseline 0.001 -17"><span class='ocrx_word' id='word_1_87' title='bbox 463 1440 566 1476; x_wconf 89' lang='lat' dir='ltr'><strong>non</strong></span> <span class='ocrx_word' id='word_1_88' title='bbox 599 1424 783 1492; x_wconf 81' lang='lat' dir='ltr'><strong>utique</strong></span> <span class='ocrx_word' id='word_1_89' title='bbox 835 1422 1103 1476; x_wconf 83' lang='lat' dir='ltr'><strong>sciremus</strong></span> <span class='ocrx_word' id='word_1_90' title='bbox 1147 1433 1365 1473; x_wconf 89' lang='lat' dir='ltr'><strong>causam</strong></span> <span class='ocrx_word' id='word_1_91' title='bbox 1420 1418 1682 1484; x_wconf 89' lang='lat' dir='ltr'><strong>defectus,</strong></span> <span class='ocrx_word' id='word_1_92' title='bbox 1726 1418 2049 1476; x_wconf 87' lang='lat' dir='ltr'><strong>sentiremus</strong></span> 
     </span>
    </p>
   </div>
   <div class='ocr_carea' id='block_1_15' title="bbox 462 1510 2050 1584">
    <p class='ocr_par' dir='ltr' id='par_1_15' title="bbox 462 1510 2050 1584">
     <span class='ocr_line' id='line_1_15' title="bbox 462 1510 2050 1584; baseline -0.003 -16"><span class='ocrx_word' id='word_1_93' title='bbox 462 1515 602 1568; x_wconf 89' lang='lat' dir='ltr'><strong>enim</strong></span> <span class='ocrx_word' id='word_1_94' title='bbox 628 1514 878 1584; x_wconf 88' lang='lat' dir='ltr'><strong>quoniam</strong></span> <span class='ocrx_word' id='word_1_95' title='bbox 910 1511 1188 1578; x_wconf 83' lang='lat' dir='ltr'><strong>deﬁceret,</strong></span> <span class='ocrx_word' id='word_1_96' title='bbox 1216 1511 1308 1566; x_wconf 90' lang='lat' dir='ltr'><strong>sed</strong></span> <span class='ocrx_word' id='word_1_97' title='bbox 1336 1524 1443 1564; x_wconf 92' lang='lat' dir='ltr'><strong>non</strong></span> <span class='ocrx_word' id='word_1_98' title='bbox 1474 1519 1694 1580; x_wconf 85' lang='lat' dir='ltr'><strong>propter</strong></span> <span class='ocrx_word' id='word_1_99' title='bbox 1722 1510 1847 1580; x_wconf 90' lang='lat' dir='ltr'><strong>quid</strong></span> <span class='ocrx_word' id='word_1_100' title='bbox 1873 1512 2050 1565; x_wconf 85' lang='lat' dir='ltr'><strong>omni-</strong></span> 
     </span>
    </p>
   </div>
   <div class='ocr_carea' id='block_1_16' title="bbox 464 1602 2048 1673">
    <p class='ocr_par' dir='ltr' id='par_1_16' title="bbox 464 1602 2048 1673">
     <span class='ocr_line' id='line_1_16' title="bbox 464 1602 2048 1673; baseline -0.001 -12"><span class='ocrx_word' id='word_1_101' title='bbox 464 1622 551 1673; x_wconf 92' lang='lat' dir='ltr'><strong>no,</strong></span> <span class='ocrx_word' id='word_1_102' title='bbox 589 1622 695 1661; x_wconf 91' lang='lat' dir='ltr'><strong>non</strong></span> <span class='ocrx_word' id='word_1_103' title='bbox 723 1607 866 1662; x_wconf 89' lang='lat' dir='ltr'><strong>enim</strong></span> <span class='ocrx_word' id='word_1_104' title='bbox 893 1605 1229 1672; x_wconf 73' lang='lat' dir='ltr'><strong>universalis,</strong></span> <span class='ocrx_word' id='word_1_105' title='bbox 1253 1618 1463 1659; x_wconf 86' lang='lat' dir='ltr'><strong>sensus.</strong></span> <span class='ocrx_word' id='word_1_106' title='bbox 1490 1602 1594 1659; x_wconf 89' lang='lat' dir='ltr'><strong>Sed</strong></span> <span class='ocrx_word' id='word_1_107' title='bbox 1617 1618 1684 1659; x_wconf 80' lang='lat' dir='ltr'><strong>ex</strong></span> <span class='ocrx_word' id='word_1_108' title='bbox 1706 1604 2048 1660; x_wconf 85' lang='lat' dir='ltr'><strong>considerare</strong></span> 
     </span>
    </p>
   </div>
   <div class='ocr_carea' id='block_1_17' title="bbox 467 1696 2050 1761">
    <p class='ocr_par' dir='ltr' id='par_1_17' title="bbox 467 1696 2050 1761">
     <span class='ocr_line' id='line_1_17' title="bbox 467 1696 2050 1761; baseline 0 -10"><span class='ocrx_word' id='word_1_109' title='bbox 467 1697 568 1753; x_wconf 87' lang='lat' dir='ltr'><strong>hoc</strong></span> <span class='ocrx_word' id='word_1_110' title='bbox 598 1698 867 1752; x_wconf 91' lang='lat' dir='ltr'><strong>multoties</strong></span> <span class='ocrx_word' id='word_1_111' title='bbox 887 1696 1129 1750; x_wconf 89' lang='lat' dir='ltr'><strong>accidere</strong></span> <span class='ocrx_word' id='word_1_112' title='bbox 1164 1696 1463 1750; x_wconf 79' lang='lat' dir='ltr'><strong>universale</strong></span> <span class='ocrx_word' id='word_1_113' title='bbox 1492 1705 1767 1761; x_wconf 86' lang='lat' dir='ltr'><strong>venantes,</strong></span> <span class='ocrx_word' id='word_1_114' title='bbox 1825 1697 2050 1751; x_wconf 82' lang='lat' dir='ltr'><strong>demon-</strong></span> 
     </span>
    </p>
   </div>
   <div class='ocr_carea' id='block_1_18' title="bbox 464 1787 2047 1857">
    <p class='ocr_par' dir='ltr' id='par_1_18' title="bbox 464 1787 2047 1857">
     <span class='ocr_line' id='line_1_18' title="bbox 464 1787 2047 1857; baseline 0.001 -14"><span class='ocrx_word' id='word_1_115' title='bbox 464 1789 778 1847; x_wconf 80' lang='lat' dir='ltr'><strong>strationcm</strong></span> <span class='ocrx_word' id='word_1_116' title='bbox 804 1787 1083 1851; x_wconf 88' lang='lat' dir='ltr'><strong>habemus,</strong></span> <span class='ocrx_word' id='word_1_117' title='bbox 1114 1801 1176 1841; x_wconf 79' lang='lat' dir='ltr'><strong>ex</strong></span> <span class='ocrx_word' id='word_1_118' title='bbox 1197 1787 1557 1856; x_wconf 79' lang='lat' dir='ltr'><strong>singularibus</strong></span> <span class='ocrx_word' id='word_1_119' title='bbox 1606 1788 1749 1841; x_wconf 89' lang='lat' dir='ltr'><strong>enim</strong></span> <span class='ocrx_word' id='word_1_120' title='bbox 1805 1789 2047 1857; x_wconf 86' lang='lat' dir='ltr'><strong>pluribus</strong></span> 
     </span>
    </p>
   </div>
   <div class='ocr_carea' id='block_1_19' title="bbox 2151 600 3739 684">
    <p class='ocr_par' dir='ltr' id='par_1_19' title="bbox 2151 600 3739 684">
     <span class='ocr_line' id='line_1_19' title="bbox 2151 600 3739 684; baseline 0.016 -37"><span class='ocrx_word' id='word_1_121' title='bbox 2151 609 2281 648; x_wconf 87' lang='lat' dir='ltr'><strong>nora</strong></span> <span class='ocrx_word' id='word_1_122' title='bbox 2311 610 2388 650; x_wconf 86' lang='lat' dir='ltr'><strong>su.</strong></span> <span class='ocrx_word' id='word_1_123' title='bbox 2417 607 2435 650; x_wconf 94' lang='lat' dir='ltr'><strong>t</strong></span> <span class='ocrx_word' id='word_1_124' title='bbox 2474 600 2927 671; x_wconf 89' lang='lat' dir='ltr'><strong>conclusionibus,</strong></span> <span class='ocrx_word' id='word_1_125' title='bbox 2956 609 3212 679; x_wconf 89' lang='lat' dir='ltr'><strong>principia</strong></span> <span class='ocrx_word' id='word_1_126' title='bbox 3243 614 3385 667; x_wconf 90' lang='lat' dir='ltr'><strong>enim</strong></span> <span class='ocrx_word' id='word_1_127' title='bbox 3412 618 3739 684; x_wconf 87' lang='lat' dir='ltr'><strong>propositio-</strong></span> 
     </span>
    </p>
   </div>
   <div class='ocr_carea' id='block_1_20' title="bbox 2149 692 3737 775">
    <p class='ocr_par' dir='ltr' id='par_1_20' title="bbox 2149 692 3737 775">
     <span class='ocr_line' id='line_1_20' title="bbox 2149 692 3737 775; baseline 0.017 -38"><span class='ocrx_word' id='word_1_128' title='bbox 2149 699 2246 739; x_wconf 90' lang='lat' dir='ltr'><strong>nes</strong></span> <span class='ocrx_word' id='word_1_129' title='bbox 2271 696 2419 751; x_wconf 87' lang='lat' dir='ltr'><strong>sunt,</strong></span> <span class='ocrx_word' id='word_1_130' title='bbox 2456 692 2848 757; x_wconf 78' lang='lat' dir='ltr'><strong>propositiones</strong></span> <span class='ocrx_word' id='word_1_131' title='bbox 2881 706 3056 752; x_wconf 82' lang='lat' dir='ltr'><strong>autem</strong></span> <span class='ocrx_word' id='word_1_132' title='bbox 3087 706 3344 772; x_wconf 89' lang='lat' dir='ltr'><strong>assumpti</strong></span> <span class='ocrx_word' id='word_1_133' title='bbox 3377 708 3613 775; x_wconf 86' lang='lat' dir='ltr'><strong>termini,</strong></span> <span class='ocrx_word' id='word_1_134' title='bbox 3643 717 3737 766; x_wconf 89' lang='lat' dir='ltr'><strong>aut</strong></span> 
     </span>
    </p>
   </div>
   <div class='ocr_carea' id='block_1_21' title="bbox 2148 775 3739 857">
    <p class='ocr_par' dir='ltr' id='par_1_21' title="bbox 2148 775 3739 857">
     <span class='ocr_line' id='line_1_21' title="bbox 2148 775 3739 857; baseline 0.019 -29"><span class='ocrx_word' id='word_1_135' title='bbox 2148 775 2374 833; x_wconf 82' lang='lat' dir='ltr'><strong>immissi</strong></span> <span class='ocrx_word' id='word_1_136' title='bbox 2404 781 2615 835; x_wconf 89' lang='lat' dir='ltr'><strong>termini</strong></span> <span class='ocrx_word' id='word_1_137' title='bbox 2647 794 2788 840; x_wconf 89' lang='lat' dir='ltr'><strong>sunt.</strong></span> <span class='ocrx_word' id='word_1_138' title='bbox 2823 788 3011 844; x_wconf 82' lang='lat' dir='ltr'><strong>Adhuc</strong></span> <span class='ocrx_word' id='word_1_139' title='bbox 3056 794 3431 854; x_wconf 83' lang='lat' dir='ltr'><strong>conclusiones</strong></span> <span class='ocrx_word' id='word_1_140' title='bbox 3452 812 3578 855; x_wconf 84' lang='lat' dir='ltr'><strong>sunt</strong></span> <span class='ocrx_word' id='word_1_141' title='bbox 3618 803 3739 857; x_wconf 91' lang='lat' dir='ltr'><strong>inti-</strong></span> 
     </span>
    </p>
   </div>
   <div class='ocr_carea' id='block_1_22' title="bbox 2144 868 3737 961">
    <p class='ocr_par' dir='ltr' id='par_1_22' title="bbox 2144 868 3737 961">
     <span class='ocr_line' id='line_1_22' title="bbox 2144 868 3737 961; baseline 0.019 -40"><span class='ocrx_word' id='word_1_142' title='bbox 2144 868 2275 961; x_wconf 70' lang='lat' dir='ltr'><strong>niue</strong></span> <span class='ocrx_word' id='word_1_143' title='bbox 2298 909 2314 937; x_wconf 91' lang='lat'><strong>,</strong></span> <span class='ocrx_word' id='word_1_144' title='bbox 2350 872 2559 926; x_wconf 80' lang='lat' dir='ltr'><strong>termini</strong></span> <span class='ocrx_word' id='word_1_145' title='bbox 2582 884 2768 929; x_wconf 75' lang='lat' dir='ltr'><strong>autem</strong></span> <span class='ocrx_word' id='word_1_146' title='bbox 2803 876 2957 932; x_wconf 91' lang='lat' dir='ltr'><strong>ﬁniti.</strong></span> <span class='ocrx_word' id='word_1_147' title='bbox 2994 883 3238 952; x_wconf 79' lang='lat' dir='ltr'><strong>Amplius</strong></span> <span class='ocrx_word' id='word_1_148' title='bbox 3263 928 3279 951; x_wconf 95' lang='lat'><strong>,</strong></span> <span class='ocrx_word' id='word_1_149' title='bbox 3313 891 3571 961; x_wconf 89' lang='lat' dir='ltr'><strong>principia</strong></span> <span class='ocrx_word' id='word_1_150' title='bbox 3621 894 3737 951; x_wconf 67' lang='lat' dir='ltr'><strong>haec</strong></span> 
     </span>
    </p>
   </div>
   <div class='ocr_carea' id='block_1_23' title="bbox 2148 959 3737 1054">
    <p class='ocr_par' dir='ltr' id='par_1_23' title="bbox 2148 959 3737 1054">
     <span class='ocr_line' id='line_1_23' title="bbox 2148 959 3737 1054; baseline 0.019 -43"><span class='ocrx_word' id='word_1_151' title='bbox 2148 959 2363 1027; x_wconf 80' lang='lat' dir='ltr'><strong>quidem</strong></span> <span class='ocrx_word' id='word_1_152' title='bbox 2403 976 2471 1016; x_wconf 77' lang='lat' dir='ltr'><strong>ea</strong></span> <span class='ocrx_word' id='word_1_153' title='bbox 2523 967 2865 1032; x_wconf 82' lang='lat' dir='ltr'><strong>necessitate,</strong></span> <span class='ocrx_word' id='word_1_154' title='bbox 2900 970 2987 1023; x_wconf 90' lang='lat' dir='ltr'><strong>illa</strong></span> <span class='ocrx_word' id='word_1_155' title='bbox 3031 975 3418 1046; x_wconf 85' lang='lat' dir='ltr'><strong>contiugentia.</strong></span> <span class='ocrx_word' id='word_1_156' title='bbox 3458 959 3549 1037; x_wconf 84' lang='lat' dir='ltr'><strong>Sic</strong></span> <span class='ocrx_word' id='word_1_157' title='bbox 3575 984 3737 1054; x_wconf 77' lang='lat' dir='ltr'><strong>igitur</strong></span> 
     </span>
    </p>
   </div>
   <div class='ocr_carea' id='block_1_24' title="bbox 2149 1051 3730 1145">
    <p class='ocr_par' dir='ltr' id='par_1_24' title="bbox 2149 1051 3730 1145">
     <span class='ocr_line' id='line_1_24' title="bbox 2149 1051 3730 1145; baseline 0.019 -41"><span class='ocrx_word' id='word_1_158' title='bbox 2149 1051 2615 1109; x_wconf 83' lang='lat' dir='ltr'><strong>considerantibus</strong></span> <span class='ocrx_word' id='word_1_159' title='bbox 2638 1057 2971 1128; x_wconf 86' lang='lat' dir='ltr'><strong>impossibile</strong></span> <span class='ocrx_word' id='word_1_160' title='bbox 2990 1072 3073 1118; x_wconf 90' lang='lat' dir='ltr'><strong>est</strong></span> <span class='ocrx_word' id='word_1_161' title='bbox 3094 1065 3279 1121; x_wconf 87' lang='lat' dir='ltr'><strong>eadem</strong></span> <span class='ocrx_word' id='word_1_162' title='bbox 3308 1071 3567 1142; x_wconf 89' lang='lat' dir='ltr'><strong>principia</strong></span> <span class='ocrx_word' id='word_1_163' title='bbox 3590 1051 3730 1145; x_wconf 80' lang='lat' dir='ltr'><strong>esse,</strong></span> 
     </span>
    </p>
   </div>
   <div class='ocr_carea' id='block_1_25' title="bbox 2148 1143 3735 1224">
    <p class='ocr_par' dir='ltr' id='par_1_25' title="bbox 2148 1143 3735 1224">
     <span class='ocr_line' id='line_1_25' title="bbox 2148 1143 3735 1224; baseline 0.018 -29"><span class='ocrx_word' id='word_1_164' title='bbox 2148 1150 2242 1196; x_wconf 90' lang='lat' dir='ltr'><strong>aut</strong></span> <span class='ocrx_word' id='word_1_165' title='bbox 2274 1143 2440 1212; x_wconf 88' lang='lat' dir='ltr'><strong>ﬁnita,</strong></span> <span class='ocrx_word' id='word_1_166' title='bbox 2488 1161 2609 1201; x_wconf 83' lang='lat' dir='ltr'><strong>cum</strong></span> <span class='ocrx_word' id='word_1_167' title='bbox 2659 1149 2880 1205; x_wconf 61' lang='lat' dir='ltr'><strong>inlinitur</strong></span> <span class='ocrx_word' id='word_1_168' title='bbox 2917 1164 3042 1208; x_wconf 90' lang='lat' dir='ltr'><strong>sunt</strong></span> <span class='ocrx_word' id='word_1_169' title='bbox 3085 1157 3486 1216; x_wconf 85' lang='lat' dir='ltr'><strong>conclusiones.</strong></span> <span class='ocrx_word' id='word_1_170' title='bbox 3516 1165 3573 1220; x_wconf 85' lang='lat' dir='ltr'><strong>Si</strong></span> <span class='ocrx_word' id='word_1_171' title='bbox 3604 1143 3735 1224; x_wconf 84' lang='lat' dir='ltr'><strong>vero</strong></span> 
     </span>
    </p>
   </div>
   <div class='ocr_carea' id='block_1_26' title="bbox 2148 1234 3733 1325">
    <p class='ocr_par' dir='ltr' id='par_1_26' title="bbox 2148 1234 3733 1325">
     <span class='ocr_line' id='line_1_26' title="bbox 2148 1234 3733 1325; baseline 0.018 -39"><span class='ocrx_word' id='word_1_172' title='bbox 2148 1234 2305 1289; x_wconf 84' lang='lat' dir='ltr'><strong>aliter</strong></span> <span class='ocrx_word' id='word_1_173' title='bbox 2341 1236 2737 1306; x_wconf 88' lang='lat' dir='ltr'><strong>quodammodo</strong></span> <span class='ocrx_word' id='word_1_174' title='bbox 2791 1242 2933 1298; x_wconf 88' lang='lat' dir='ltr'><strong>dicat</strong></span> <span class='ocrx_word' id='word_1_175' title='bbox 2961 1247 3102 1315; x_wconf 87' lang='lat' dir='ltr'><strong>quis,</strong></span> <span class='ocrx_word' id='word_1_176' title='bbox 3158 1251 3299 1318; x_wconf 89' lang='lat' dir='ltr'><strong>quod</strong></span> <span class='ocrx_word' id='word_1_177' title='bbox 3350 1252 3472 1308; x_wconf 60' lang='lat' dir='ltr'><strong>haec</strong></span> <span class='ocrx_word' id='word_1_178' title='bbox 3517 1257 3733 1325; x_wconf 86' lang='lat' dir='ltr'><strong>quidem</strong></span> 
     </span>
    </p>
   </div>
   <div class='ocr_carea' id='block_1_27' title="bbox 2149 1328 3734 1408">
    <p class='ocr_par' dir='ltr' id='par_1_27' title="bbox 2149 1328 3734 1408">
     <span class='ocr_line' id='line_1_27' title="bbox 2149 1328 3734 1408; baseline 0.018 -30"><span class='ocrx_word' id='word_1_179' title='bbox 2149 1328 2481 1393; x_wconf 66' lang='lat' dir='ltr'><strong>geometria,</strong></span> <span class='ocrx_word' id='word_1_180' title='bbox 2531 1330 2621 1386; x_wconf 89' lang='lat' dir='ltr'><strong>illa</strong></span> <span class='ocrx_word' id='word_1_181' title='bbox 2668 1347 2800 1387; x_wconf 89' lang='lat' dir='ltr'><strong>vero</strong></span> <span class='ocrx_word' id='word_1_182' title='bbox 2830 1349 3197 1408; x_wconf 87' lang='lat' dir='ltr'><strong>numerorum,</strong></span> <span class='ocrx_word' id='word_1_183' title='bbox 3233 1342 3323 1397; x_wconf 87' lang='lat' dir='ltr'><strong>illa</strong></span> <span class='ocrx_word' id='word_1_184' title='bbox 3354 1355 3532 1401; x_wconf 87' lang='lat' dir='ltr'><strong>autem</strong></span> <span class='ocrx_word' id='word_1_185' title='bbox 3565 1351 3734 1406; x_wconf 88' lang='lat' dir='ltr'><strong>medi-</strong></span> 
     </span>
    </p>
   </div>
   <div class='ocr_carea' id='block_1_28' title="bbox 2150 1417 3732 1511">
    <p class='ocr_par' dir='ltr' id='par_1_28' title="bbox 2150 1417 3732 1511">
     <span class='ocr_line' id='line_1_28' title="bbox 2150 1417 3732 1511; baseline 0.019 -41"><span class='ocrx_word' id='word_1_186' title='bbox 2150 1417 2305 1483; x_wconf 77' lang='lat' dir='ltr'><strong>cinm,</strong></span> <span class='ocrx_word' id='word_1_187' title='bbox 2354 1421 2480 1491; x_wconf 86' lang='lat' dir='ltr'><strong>quid</strong></span> <span class='ocrx_word' id='word_1_188' title='bbox 2516 1423 2699 1494; x_wconf 87' lang='lat' dir='ltr'><strong>utique</strong></span> <span class='ocrx_word' id='word_1_189' title='bbox 2729 1425 2831 1480; x_wconf 87' lang='lat' dir='ltr'><strong>erit</strong></span> <span class='ocrx_word' id='word_1_190' title='bbox 2866 1428 3009 1483; x_wconf 81' lang='lat' dir='ltr'><strong>aliud</strong></span> <span class='ocrx_word' id='word_1_191' title='bbox 3036 1434 3177 1500; x_wconf 90' lang='lat' dir='ltr'><strong>quod</strong></span> <span class='ocrx_word' id='word_1_192' title='bbox 3205 1433 3423 1503; x_wconf 91' lang='lat' dir='ltr'><strong>dicitur,</strong></span> <span class='ocrx_word' id='word_1_193' title='bbox 3460 1439 3563 1495; x_wconf 86' lang='lat' dir='ltr'><strong>nisi</strong></span> <span class='ocrx_word' id='word_1_194' title='bbox 3591 1443 3732 1511; x_wconf 84' lang='lat' dir='ltr'><strong>quod</strong></span> 
     </span>
    </p>
   </div>
   <div class='ocr_carea' id='block_1_29' title="bbox 2151 1512 3733 1588">
    <p class='ocr_par' dir='ltr' id='par_1_29' title="bbox 2151 1512 3733 1588">
     <span class='ocr_line' id='line_1_29' title="bbox 2151 1512 3733 1588; baseline 0.016 -25"><span class='ocrx_word' id='word_1_195' title='bbox 2151 1518 2277 1563; x_wconf 91' lang='lat' dir='ltr'><strong>sunt</strong></span> <span class='ocrx_word' id='word_1_196' title='bbox 2299 1512 2554 1581; x_wconf 52' lang='lat' dir='ltr'><strong>principia</strong></span> <span class='ocrx_word' id='word_1_197' title='bbox 2584 1517 2927 1571; x_wconf 86' lang='lat' dir='ltr'><strong>scientiarum</strong></span> <span class='ocrx_word' id='word_1_198' title='bbox 2954 1519 3164 1577; x_wconf 74' lang='lat' dir='ltr'><strong>ditersa</strong></span> <span class='ocrx_word' id='word_1_199' title='bbox 3182 1524 3205 1577; x_wconf 66' lang='grc' dir='ltr'><strong>’ἐ</strong></span> <span class='ocrx_word' id='word_1_200' title='bbox 3224 1526 3318 1580; x_wconf 88' lang='lat' dir='ltr'><strong>aed</strong></span> <span class='ocrx_word' id='word_1_201' title='bbox 3342 1528 3529 1584; x_wconf 88' lang='lat' dir='ltr'><strong>eadem</strong></span> <span class='ocrx_word' id='word_1_202' title='bbox 3551 1530 3733 1588; x_wconf 84' lang='lat' dir='ltr'><strong>dicere</strong></span> 
     </span>
    </p>
   </div>
   <div class='ocr_carea' id='block_1_30' title="bbox 2150 1600 3734 1694">
    <p class='ocr_par' dir='ltr' id='par_1_30' title="bbox 2150 1600 3734 1694">
     <span class='ocr_line' id='line_1_30' title="bbox 2150 1600 3734 1694; baseline 0.016 -40"><span class='ocrx_word' id='word_1_203' title='bbox 2150 1600 2350 1656; x_wconf 81' lang='lat' dir='ltr'><strong>derisio</strong></span> <span class='ocrx_word' id='word_1_204' title='bbox 2396 1614 2500 1669; x_wconf 88' lang='lat' dir='ltr'><strong>est,</strong></span> <span class='ocrx_word' id='word_1_205' title='bbox 2548 1608 2800 1677; x_wconf 88' lang='lat' dir='ltr'><strong>quoniam</strong></span> <span class='ocrx_word' id='word_1_206' title='bbox 2849 1611 3036 1667; x_wconf 85' lang='lat' dir='ltr'><strong>eadem</strong></span> <span class='ocrx_word' id='word_1_207' title='bbox 3084 1614 3286 1672; x_wconf 82' lang='lat' dir='ltr'><strong>eisdem</strong></span> <span class='ocrx_word' id='word_1_208' title='bbox 3334 1620 3520 1676; x_wconf 87' lang='lat' dir='ltr'><strong>eadem</strong></span> <span class='ocrx_word' id='word_1_209' title='bbox 3551 1632 3734 1694; x_wconf 84' lang='lat' dir='ltr'><strong>erunt,</strong></span> 
     </span>
    </p>
   </div>
   <div class='ocr_carea' id='block_1_31' title="bbox 2152 1695 3733 1783">
    <p class='ocr_par' dir='ltr' id='par_1_31' title="bbox 2152 1695 3733 1783">
     <span class='ocr_line' id='line_1_31' title="bbox 2152 1695 3733 1783; baseline 0.016 -39"><span class='ocrx_word' id='word_1_210' title='bbox 2152 1695 2328 1746; x_wconf 85' lang='lat' dir='ltr'><strong>omnia</strong></span> <span class='ocrx_word' id='word_1_211' title='bbox 2367 1709 2596 1765; x_wconf 86' lang='lat' dir='ltr'><strong>namque</strong></span> <span class='ocrx_word' id='word_1_212' title='bbox 2622 1697 2702 1752; x_wconf 78' lang='lat' dir='ltr'><strong>sic</strong></span> <span class='ocrx_word' id='word_1_213' title='bbox 2745 1699 2880 1754; x_wconf 78' lang='lat' dir='ltr'><strong>ﬁunt</strong></span> <span class='ocrx_word' id='word_1_214' title='bbox 2907 1703 3117 1757; x_wconf 83' lang='lat' dir='ltr'><strong>eadem.</strong></span> <span class='ocrx_word' id='word_1_215' title='bbox 3144 1706 3211 1759; x_wconf 86' lang='lat' dir='ltr'><strong>At</strong></span> <span class='ocrx_word' id='word_1_216' title='bbox 3235 1722 3365 1762; x_wconf 87' lang='lat' dir='ltr'><strong>vero</strong></span> <span class='ocrx_word' id='word_1_217' title='bbox 3391 1726 3565 1779; x_wconf 87' lang='lat' dir='ltr'><strong>neque</strong></span> <span class='ocrx_word' id='word_1_218' title='bbox 3592 1714 3733 1783; x_wconf 80' lang='lat' dir='ltr'><strong>quod</strong></span> 
     </span>
    </p>
   </div>
   <div class='ocr_carea' id='block_1_32' title="bbox 2154 1787 3736 1873">
    <p class='ocr_par' dir='ltr' id='par_1_32' title="bbox 2154 1787 3736 1873">
     <span class='ocr_line' id='line_1_32' title="bbox 2154 1787 3736 1873; baseline 0.016 -36"><span class='ocrx_word' id='word_1_219' title='bbox 2154 1793 2237 1838; x_wconf 88' lang='lat' dir='ltr'><strong>est</strong></span> <span class='ocrx_word' id='word_1_220' title='bbox 2266 1799 2331 1839; x_wconf 80' lang='lat' dir='ltr'><strong>ea</strong></span> <span class='ocrx_word' id='word_1_221' title='bbox 2364 1787 2615 1843; x_wconf 83' lang='lat' dir='ltr'><strong>omnibus</strong></span> <span class='ocrx_word' id='word_1_222' title='bbox 2640 1789 3013 1849; x_wconf 49' lang='lat' dir='ltr'><strong>demonstrare</strong></span> <span class='ocrx_word' id='word_1_223' title='bbox 3039 1797 3339 1865; x_wconf 76' lang='lat' dir='ltr'><strong>quodlibet,</strong></span> <span class='ocrx_word' id='word_1_224' title='bbox 3373 1810 3455 1856; x_wconf 87' lang='lat' dir='ltr'><strong>est</strong></span> <span class='ocrx_word' id='word_1_225' title='bbox 3493 1818 3736 1873; x_wconf 68' lang='lat' dir='ltr'><strong>quaerere</strong></span> 
     </span>
    </p>
   </div>
   <div class='ocr_carea' id='block_1_33' title="bbox 466 1877 2070 1954">
    <p class='ocr_par' dir='ltr' id='par_1_33' title="bbox 466 1878 2045 1935">
     <span class='ocr_line' id='line_1_33' title="bbox 466 1878 2045 1935; baseline 0.001 -2"><span class='ocrx_word' id='word_1_226' title='bbox 466 1880 768 1935; x_wconf 89' lang='lat' dir='ltr'><strong>universale</strong></span> <span class='ocrx_word' id='word_1_227' title='bbox 795 1878 1133 1934; x_wconf 85' lang='lat' dir='ltr'><strong>manifestum</strong></span> <span class='ocrx_word' id='word_1_228' title='bbox 1167 1888 1274 1933; x_wconf 90' lang='lat' dir='ltr'><strong>est.</strong></span> <span class='ocrx_word' id='word_1_229' title='bbox 1306 1879 1618 1935; x_wconf 87' lang='lat' dir='ltr'><strong>Universale</strong></span> <span class='ocrx_word' id='word_1_230' title='bbox 1643 1888 1820 1935; x_wconf 88' lang='lat' dir='ltr'><strong>autem</strong></span> <span class='ocrx_word' id='word_1_231' title='bbox 1856 1882 2045 1935; x_wconf 58' lang='lat' dir='ltr'><strong>rhonc-</strong></span> 
     </span>
    </p>
   </div>
   <div class='ocr_carea' id='block_1_34' title="bbox 2074 1877 3737 1954">
    <p class='ocr_par' dir='ltr' id='par_1_34' title="bbox 2074 1877 3737 1954">
     <span class='ocr_line' id='line_1_34' title="bbox 2074 1877 3737 1954; baseline 0.014 -27"><span class='ocrx_word' id='word_1_232' title='bbox 2074 1880 2126 1942; x_wconf 72' lang='grc' dir='ltr'><strong><em>Β</em></strong></span> <span class='ocrx_word' id='word_1_233' title='bbox 2154 1877 2391 1930; x_wconf 90' lang='lat' dir='ltr'><strong>omnium</strong></span> <span class='ocrx_word' id='word_1_234' title='bbox 2441 1893 2563 1933; x_wconf 88' lang='lat' dir='ltr'><strong>esse</strong></span> <span class='ocrx_word' id='word_1_235' title='bbox 2592 1880 2781 1937; x_wconf 88' lang='lat' dir='ltr'><strong>eadem</strong></span> <span class='ocrx_word' id='word_1_236' title='bbox 2828 1883 3128 1954; x_wconf 82' lang='lat' dir='ltr'><strong>principia,</strong></span> <span class='ocrx_word' id='word_1_237' title='bbox 3170 1888 3392 1945; x_wconf 90' lang='lat' dir='ltr'><strong>multum</strong></span> <span class='ocrx_word' id='word_1_238' title='bbox 3423 1894 3567 1947; x_wconf 87' lang='lat' dir='ltr'><strong>enim</strong></span> <span class='ocrx_word' id='word_1_239' title='bbox 3605 1897 3737 1951; x_wconf 88' lang='lat' dir='ltr'><strong>iusi-</strong></span> 
     </span>
    </p>
   </div>
   <div class='ocr_carea' id='block_1_35' title="bbox 461 1969 2049 2041">
    <p class='ocr_par' dir='ltr' id='par_1_35' title="bbox 461 1969 2049 2041">
     <span class='ocr_line' id='line_1_35' title="bbox 461 1969 2049 2041; baseline -0.001 -14"><span class='ocrx_word' id='word_1_240' title='bbox 461 1972 651 2039; x_wconf 85' lang='lat' dir='ltr'><strong>rabile,</strong></span> <span class='ocrx_word' id='word_1_241' title='bbox 688 1971 937 2040; x_wconf 85' lang='lat' dir='ltr'><strong>quoniam</strong></span> <span class='ocrx_word' id='word_1_242' title='bbox 978 1969 1210 2025; x_wconf 87' lang='lat' dir='ltr'><strong>ostendit</strong></span> <span class='ocrx_word' id='word_1_243' title='bbox 1250 1986 1464 2025; x_wconf 87' lang='lat' dir='ltr'><strong>causam</strong></span> <span class='ocrx_word' id='word_1_244' title='bbox 1496 1987 1510 2025; x_wconf 90' lang='lat'><strong>:</strong></span> <span class='ocrx_word' id='word_1_245' title='bbox 1540 1986 1706 2040; x_wconf 87' lang='lat' dir='ltr'><strong>quare</strong></span> <span class='ocrx_word' id='word_1_246' title='bbox 1754 1972 1820 2027; x_wconf 90' lang='lat' dir='ltr'><strong>de</strong></span> <span class='ocrx_word' id='word_1_247' title='bbox 1865 1971 2049 2041; x_wconf 87' lang='lat' dir='ltr'><strong>hujus-</strong></span> 
     </span>
    </p>
   </div>
   <div class='ocr_carea' id='block_1_36' title="bbox 464 2062 2046 2135">
    <p class='ocr_par' dir='ltr' id='par_1_36' title="bbox 464 2062 2046 2135">
     <span class='ocr_line' id='line_1_36' title="bbox 464 2062 2046 2135; baseline 0 -16"><span class='ocrx_word' id='word_1_248' title='bbox 464 2064 609 2119; x_wconf 90' lang='lat' dir='ltr'><strong>modi</strong></span> <span class='ocrx_word' id='word_1_249' title='bbox 638 2064 952 2119; x_wconf 79' lang='lat' dir='ltr'><strong>universalis</strong></span> <span class='ocrx_word' id='word_1_250' title='bbox 984 2062 1344 2118; x_wconf 86' lang='lat' dir='ltr'><strong>honorabilior</strong></span> <span class='ocrx_word' id='word_1_251' title='bbox 1368 2074 1449 2118; x_wconf 89' lang='lat' dir='ltr'><strong>est</strong></span> <span class='ocrx_word' id='word_1_252' title='bbox 1476 2065 1721 2120; x_wconf 84' lang='lat' dir='ltr'><strong>sensibus</strong></span> <span class='ocrx_word' id='word_1_253' title='bbox 1751 2074 1804 2120; x_wconf 91' lang='lat' dir='ltr'><strong>et</strong></span> <span class='ocrx_word' id='word_1_254' title='bbox 1857 2066 2046 2135; x_wconf 89' lang='lat' dir='ltr'><strong>cogni-</strong></span> 
     </span>
    </p>
   </div>
   <div class='ocr_carea' id='block_1_37' title="bbox 466 2156 2048 2226">
    <p class='ocr_par' dir='ltr' id='par_1_37' title="bbox 466 2156 2048 2226">
     <span class='ocr_line' id='line_1_37' title="bbox 466 2156 2048 2226; baseline 0.003 -17"><span class='ocrx_word' id='word_1_255' title='bbox 466 2156 611 2211; x_wconf 89' lang='lat' dir='ltr'><strong>tione</strong></span> <span class='ocrx_word' id='word_1_256' title='bbox 636 2170 1070 2226; x_wconf 90' lang='lat' dir='ltr'><strong>quorumcunque</strong></span> <span class='ocrx_word' id='word_1_257' title='bbox 1113 2157 1277 2211; x_wconf 88' lang='lat' dir='ltr'><strong>altera</strong></span> <span class='ocrx_word' id='word_1_258' title='bbox 1309 2171 1466 2209; x_wconf 83' lang='lat' dir='ltr'><strong>causa</strong></span> <span class='ocrx_word' id='word_1_259' title='bbox 1495 2168 1597 2223; x_wconf 91' lang='lat' dir='ltr'><strong>cst,</strong></span> <span class='ocrx_word' id='word_1_260' title='bbox 1622 2157 1716 2212; x_wconf 91' lang='lat' dir='ltr'><strong>sed</strong></span> <span class='ocrx_word' id='word_1_261' title='bbox 1764 2159 1830 2212; x_wconf 92' lang='lat' dir='ltr'><strong>de</strong></span> <span class='ocrx_word' id='word_1_262' title='bbox 1863 2158 2048 2225; x_wconf 84' lang='lat' dir='ltr'><strong>primis</strong></span> 
     </span>
    </p>
   </div>
   <div class='ocr_carea' id='block_1_38' title="bbox 465 2247 2047 2317">
    <p class='ocr_par' dir='ltr' id='par_1_38' title="bbox 465 2247 2047 2317">
     <span class='ocr_line' id='line_1_38' title="bbox 465 2247 2047 2317; baseline 0.002 -16"><span class='ocrx_word' id='word_1_263' title='bbox 465 2249 567 2303; x_wconf 87' lang='lat' dir='ltr'><strong>alia</strong></span> <span class='ocrx_word' id='word_1_264' title='bbox 596 2250 732 2303; x_wconf 89' lang='lat' dir='ltr'><strong>ratio</strong></span> <span class='ocrx_word' id='word_1_265' title='bbox 761 2257 863 2305; x_wconf 90' lang='lat' dir='ltr'><strong>est.</strong></span> <span class='ocrx_word' id='word_1_266' title='bbox 896 2247 1232 2303; x_wconf 76' lang='lat' dir='ltr'><strong>Manifestum</strong></span> <span class='ocrx_word' id='word_1_267' title='bbox 1266 2247 1427 2316; x_wconf 80' lang='lat' dir='ltr'><strong>igitur</strong></span> <span class='ocrx_word' id='word_1_268' title='bbox 1448 2258 1531 2303; x_wconf 85' lang='lat' dir='ltr'><strong>est</strong></span> <span class='ocrx_word' id='word_1_269' title='bbox 1559 2248 2047 2317; x_wconf 82' lang='lat' dir='ltr'><strong>quoditnpossibile</strong></span> 
     </span>
    </p>
   </div>
   <div class='ocr_carea' id='block_1_39' title="bbox 463 2337 2047 2402">
    <p class='ocr_par' dir='ltr' id='par_1_39' title="bbox 463 2337 2047 2402">
     <span class='ocr_line' id='line_1_39' title="bbox 463 2337 2047 2402; baseline 0 -8"><span class='ocrx_word' id='word_1_270' title='bbox 463 2339 536 2394; x_wconf 79' lang='lat' dir='ltr'><strong>Iit</strong></span> <span class='ocrx_word' id='word_1_271' title='bbox 561 2337 842 2393; x_wconf 82' lang='lat' dir='ltr'><strong>sentiendo</strong></span> <span class='ocrx_word' id='word_1_272' title='bbox 872 2340 1011 2394; x_wconf 87' lang='lat' dir='ltr'><strong>scire</strong></span> <span class='ocrx_word' id='word_1_273' title='bbox 1036 2337 1178 2392; x_wconf 84' lang='lat' dir='ltr'><strong>aliud</strong></span> <span class='ocrx_word' id='word_1_274' title='bbox 1233 2339 1745 2402; x_wconf 76' lang='lat' dir='ltr'><strong>demonstraturum,</strong></span> <span class='ocrx_word' id='word_1_275' title='bbox 1796 2338 1896 2394; x_wconf 87' lang='lat' dir='ltr'><strong>nisi</strong></span> <span class='ocrx_word' id='word_1_276' title='bbox 1944 2340 2047 2394; x_wconf 87' lang='lat' dir='ltr'><strong>ali-</strong></span> 
     </span>
    </p>
   </div>
   <div class='ocr_carea' id='block_1_40' title="bbox 463 2427 2048 2499">
    <p class='ocr_par' dir='ltr' id='par_1_40' title="bbox 463 2427 2048 2499">
     <span class='ocr_line' id='line_1_40' title="bbox 463 2427 2048 2499; baseline 0.003 -18"><span class='ocrx_word' id='word_1_277' title='bbox 463 2428 583 2499; x_wconf 90' lang='lat' dir='ltr'><strong>quis</strong></span> <span class='ocrx_word' id='word_1_278' title='bbox 603 2427 747 2482; x_wconf 89' lang='lat' dir='ltr'><strong>dicat</strong></span> <span class='ocrx_word' id='word_1_279' title='bbox 769 2428 1000 2498; x_wconf 87' lang='lat' dir='ltr'><strong>sentire,</strong></span> <span class='ocrx_word' id='word_1_280' title='bbox 1024 2429 1301 2484; x_wconf 84' lang='lat' dir='ltr'><strong>scientiam</strong></span> <span class='ocrx_word' id='word_1_281' title='bbox 1334 2429 1532 2486; x_wconf 68' lang='lat' dir='ltr'><strong>haltere</strong></span> <span class='ocrx_word' id='word_1_282' title='bbox 1584 2444 1680 2499; x_wconf 90' lang='lat' dir='ltr'><strong>per</strong></span> <span class='ocrx_word' id='word_1_283' title='bbox 1706 2430 2048 2486; x_wconf 84' lang='lat' dir='ltr'><strong>demonstra-</strong></span> 
     </span>
    </p>
   </div>
   <div class='ocr_carea' id='block_1_41' title="bbox 470 2520 2047 2589">
    <p class='ocr_par' dir='ltr' id='par_1_41' title="bbox 470 2520 2047 2589">
     <span class='ocr_line' id='line_1_41' title="bbox 470 2520 2047 2589; baseline 0.004 -17"><span class='ocrx_word' id='word_1_284' title='bbox 470 2520 692 2573; x_wconf 88' lang='lat' dir='ltr'><strong>tionem.</strong></span> <span class='ocrx_word' id='word_1_285' title='bbox 716 2520 851 2573; x_wconf 84' lang='lat' dir='ltr'><strong>Sunt</strong></span> <span class='ocrx_word' id='word_1_286' title='bbox 881 2528 1056 2573; x_wconf 80' lang='lat' dir='ltr'><strong>tanten</strong></span> <span class='ocrx_word' id='word_1_287' title='bbox 1083 2520 1324 2589; x_wconf 76' lang='lat' dir='ltr'><strong>quzedam</strong></span> <span class='ocrx_word' id='word_1_288' title='bbox 1355 2520 1577 2575; x_wconf 85' lang='lat' dir='ltr'><strong>reducta</strong></span> <span class='ocrx_word' id='word_1_289' title='bbox 1600 2521 1667 2574; x_wconf 83' lang='lat' dir='ltr'><strong>ad</strong></span> <span class='ocrx_word' id='word_1_290' title='bbox 1710 2535 1903 2576; x_wconf 85' lang='lat' dir='ltr'><strong>sensus</strong></span> <span class='ocrx_word' id='word_1_291' title='bbox 1948 2522 2047 2578; x_wconf 87' lang='lat' dir='ltr'><strong>de-</strong></span> 
     </span>
    </p>
   </div>
   <div class='ocr_carea' id='block_1_42' title="bbox 471 2608 2045 2682">
    <p class='ocr_par' dir='ltr' id='par_1_42' title="bbox 471 2608 2045 2682">
     <span class='ocr_line' id='line_1_42' title="bbox 471 2608 2045 2682; baseline 0.005 -20"><span class='ocrx_word' id='word_1_292' title='bbox 471 2608 664 2667; x_wconf 89' lang='lat' dir='ltr'><strong>fectum</strong></span> <span class='ocrx_word' id='word_1_293' title='bbox 688 2610 739 2663; x_wconf 94' lang='lat' dir='ltr'><strong>in</strong></span> <span class='ocrx_word' id='word_1_294' title='bbox 776 2611 1083 2680; x_wconf 86' lang='lat' dir='ltr'><strong>propositis,</strong></span> <span class='ocrx_word' id='word_1_295' title='bbox 1134 2612 1378 2680; x_wconf 70' lang='lat' dir='ltr'><strong>quaedam</strong></span> <span class='ocrx_word' id='word_1_296' title='bbox 1429 2612 1574 2667; x_wconf 89' lang='lat' dir='ltr'><strong>enim</strong></span> <span class='ocrx_word' id='word_1_297' title='bbox 1621 2614 1668 2668; x_wconf 83' lang='lat' dir='ltr'><strong>si</strong></span> <span class='ocrx_word' id='word_1_298' title='bbox 1720 2614 2045 2682; x_wconf 83' lang='lat' dir='ltr'><strong>videremus,</strong></span> 
     </span>
    </p>
   </div>
   <div class='ocr_carea' id='block_1_43' title="bbox 398 2702 2050 2774">
    <p class='ocr_par' dir='ltr' id='par_1_43' title="bbox 398 2702 2050 2774">
     <span class='ocr_line' id='line_1_43' title="bbox 398 2702 2050 2774; baseline 0.007 -23"><span class='ocrx_word' id='word_1_299' title='bbox 398 2744 401 2751; x_wconf 76' lang='grc'>,</span> <span class='ocrx_word' id='word_1_300' title='bbox 471 2716 573 2756; x_wconf 91' lang='lat' dir='ltr'><strong>non</strong></span> <span class='ocrx_word' id='word_1_301' title='bbox 597 2702 778 2771; x_wconf 86' lang='lat' dir='ltr'><strong>utique</strong></span> <span class='ocrx_word' id='word_1_302' title='bbox 797 2702 1302 2771; x_wconf 77' lang='lat' dir='ltr'><strong>qtttereremus.Sed</strong></span> <span class='ocrx_word' id='word_1_303' title='bbox 1333 2718 1438 2757; x_wconf 91' lang='lat' dir='ltr'><strong>non</strong></span> <span class='ocrx_word' id='word_1_304' title='bbox 1468 2712 1716 2774; x_wconf 84' lang='lat' dir='ltr'><strong>tanquam</strong></span> <span class='ocrx_word' id='word_1_305' title='bbox 1736 2706 1967 2761; x_wconf 85' lang='lat' dir='ltr'><strong>scientes</strong></span> <span class='ocrx_word' id='word_1_306' title='bbox 1997 2708 2050 2763; x_wconf 92' lang='lat' dir='ltr'><strong>in</strong></span> 
     </span>
    </p>
   </div>
   <div class='ocr_carea' id='block_1_44' title="bbox 472 2794 2052 2863">
    <p class='ocr_par' dir='ltr' id='par_1_44' title="bbox 472 2794 2052 2863">
     <span class='ocr_line' id='line_1_44' title="bbox 472 2794 2052 2863; baseline 0.006 -17"><span class='ocrx_word' id='word_1_307' title='bbox 472 2794 726 2860; x_wconf 91' lang='lat' dir='ltr'><strong>videndo,</strong></span> <span class='ocrx_word' id='word_1_308' title='bbox 778 2796 870 2848; x_wconf 84' lang='lat' dir='ltr'><strong>sed</strong></span> <span class='ocrx_word' id='word_1_309' title='bbox 928 2803 1179 2863; x_wconf 86' lang='lat' dir='ltr'><strong>tanquam</strong></span> <span class='ocrx_word' id='word_1_310' title='bbox 1232 2795 1492 2851; x_wconf 84' lang='lat' dir='ltr'><strong>habentes</strong></span> <span class='ocrx_word' id='word_1_311' title='bbox 1527 2798 1830 2853; x_wconf 88' lang='lat' dir='ltr'><strong>universale</strong></span> <span class='ocrx_word' id='word_1_312' title='bbox 1874 2814 1944 2853; x_wconf 75' lang='lat' dir='ltr'><strong>ex</strong></span> <span class='ocrx_word' id='word_1_313' title='bbox 1984 2814 2052 2855; x_wconf 87' lang='lat' dir='ltr'><strong>eo</strong></span> 
     </span>
    </p>
   </div>
   <div class='ocr_carea' id='block_1_45' title="bbox 468 2885 2053 2958">
    <p class='ocr_par' dir='ltr' id='par_1_45' title="bbox 468 2885 2053 2958">
     <span class='ocr_line' id='line_1_45' title="bbox 468 2885 2053 2958; baseline 0.007 -21"><span class='ocrx_word' id='word_1_314' title='bbox 468 2885 606 2955; x_wconf 88' lang='lat' dir='ltr'><strong>quod</strong></span> <span class='ocrx_word' id='word_1_315' title='bbox 634 2886 895 2951; x_wconf 89' lang='lat' dir='ltr'><strong>videmus,</strong></span> <span class='ocrx_word' id='word_1_316' title='bbox 918 2897 971 2941; x_wconf 93' lang='lat' dir='ltr'><strong>ut</strong></span> <span class='ocrx_word' id='word_1_317' title='bbox 1003 2887 1049 2942; x_wconf 89' lang='lat' dir='ltr'><strong>si</strong></span> <span class='ocrx_word' id='word_1_318' title='bbox 1123 2887 1317 2942; x_wconf 90' lang='lat' dir='ltr'><strong>vitrum</strong></span> <span class='ocrx_word' id='word_1_319' title='bbox 1369 2887 1597 2943; x_wconf 79' lang='lat' dir='ltr'><strong>foratum</strong></span> <span class='ocrx_word' id='word_1_320' title='bbox 1646 2889 1973 2958; x_wconf 87' lang='lat' dir='ltr'><strong>videremus,</strong></span> <span class='ocrx_word' id='word_1_321' title='bbox 1999 2900 2053 2948; x_wconf 90' lang='lat' dir='ltr'><strong>et</strong></span> 
     </span>
    </p>
   </div>
   <div class='ocr_carea' id='block_1_46' title="bbox 469 2976 2055 3063">
    <p class='ocr_par' dir='ltr' id='par_1_46' title="bbox 469 2976 2055 3063">
     <span class='ocr_line' id='line_1_46' title="bbox 469 2976 2055 3063; baseline 0.004 -32"><span class='ocrx_word' id='word_1_322' title='bbox 469 2976 644 3031; x_wconf 89' lang='lat' dir='ltr'><strong>lumen</strong></span> <span class='ocrx_word' id='word_1_323' title='bbox 678 2978 1063 3046; x_wconf 85' lang='lat' dir='ltr'><strong>pertransiens,</strong></span> <span class='ocrx_word' id='word_1_324' title='bbox 1109 2979 1449 3063; x_wconf 65' lang='lat' dir='ltr'><strong>manifestum</strong></span> <span class='ocrx_word' id='word_1_325' title='bbox 1480 2982 1664 3051; x_wconf 90' lang='lat' dir='ltr'><strong>utique</strong></span> <span class='ocrx_word' id='word_1_326' title='bbox 1704 2984 1813 3037; x_wconf 91' lang='lat' dir='ltr'><strong>erit</strong></span> <span class='ocrx_word' id='word_1_327' title='bbox 1856 2994 1909 3039; x_wconf 92' lang='lat' dir='ltr'><strong>et</strong></span> <span class='ocrx_word' id='word_1_328' title='bbox 1931 3002 2055 3055; x_wconf 87' lang='lat' dir='ltr'><strong>pro-</strong></span> 
     </span>
    </p>
   </div>
   <div class='ocr_carea' id='block_1_47' title="bbox 471 3069 2051 3149">
    <p class='ocr_par' dir='ltr' id='par_1_47' title="bbox 471 3069 2051 3149">
     <span class='ocr_line' id='line_1_47' title="bbox 471 3069 2051 3149; baseline 0.008 -30"><span class='ocrx_word' id='word_1_329' title='bbox 471 3080 586 3140; x_wconf 86' lang='lat' dir='ltr'><strong>pter</strong></span> <span class='ocrx_word' id='word_1_330' title='bbox 611 3069 1033 3138; x_wconf 88' lang='lat' dir='ltr'><strong>quidilluminat,</strong></span> <span class='ocrx_word' id='word_1_331' title='bbox 1066 3071 1362 3149; x_wconf 79' lang='lat' dir='ltr'><strong>prapterid</strong></span> <span class='ocrx_word' id='word_1_332' title='bbox 1409 3072 1552 3142; x_wconf 86' lang='lat' dir='ltr'><strong>quod</strong></span> <span class='ocrx_word' id='word_1_333' title='bbox 1600 3072 1904 3131; x_wconf 81' lang='lat' dir='ltr'><strong>videremus</strong></span> <span class='ocrx_word' id='word_1_334' title='bbox 1930 3079 2051 3146; x_wconf 90' lang='lat' dir='ltr'><strong>qui-</strong></span> 
     </span>
    </p>
   </div>
   <div class='ocr_carea' id='block_1_48' title="bbox 476 3160 2053 3236">
    <p class='ocr_par' dir='ltr' id='par_1_48' title="bbox 476 3160 2053 3236">
     <span class='ocr_line' id='line_1_48' title="bbox 476 3160 2053 3236; baseline 0.006 -21"><span class='ocrx_word' id='word_1_335' title='bbox 476 3160 600 3215; x_wconf 85' lang='lat' dir='ltr'><strong>dem</strong></span> <span class='ocrx_word' id='word_1_336' title='bbox 626 3177 872 3217; x_wconf 84' lang='lat' dir='ltr'><strong>seorsum</strong></span> <span class='ocrx_word' id='word_1_337' title='bbox 890 3164 949 3217; x_wconf 86' lang='lat' dir='ltr'><strong>in</strong></span> <span class='ocrx_word' id='word_1_338' title='bbox 976 3178 1320 3233; x_wconf 85' lang='lat' dir='ltr'><strong>unoquoque,</strong></span> <span class='ocrx_word' id='word_1_339' title='bbox 1346 3164 1647 3236; x_wconf 71' lang='lat' dir='ltr'><strong>intelligere</strong></span> <span class='ocrx_word' id='word_1_340' title='bbox 1664 3177 1844 3222; x_wconf 84' lang='lat' dir='ltr'><strong>autem</strong></span> <span class='ocrx_word' id='word_1_341' title='bbox 1891 3168 2053 3224; x_wconf 84' lang='lat' dir='ltr'><strong>simul</strong></span> 
     </span>
    </p>
   </div>
   <div class='ocr_carea' id='block_1_49' title="bbox 477 3253 1431 3321">
    <p class='ocr_par' dir='ltr' id='par_1_49' title="bbox 477 3253 1431 3321">
     <span class='ocr_line' id='line_1_49' title="bbox 477 3253 1431 3321; baseline 0.001 -15"><span class='ocrx_word' id='word_1_342' title='bbox 477 3262 577 3317; x_wconf 78' lang='lat' dir='ltr'><strong>est,</strong></span> <span class='ocrx_word' id='word_1_343' title='bbox 608 3253 855 3321; x_wconf 91' lang='lat' dir='ltr'><strong>quoniam</strong></span> <span class='ocrx_word' id='word_1_344' title='bbox 881 3253 932 3308; x_wconf 91' lang='lat' dir='ltr'><strong>in</strong></span> <span class='ocrx_word' id='word_1_345' title='bbox 954 3254 1200 3308; x_wconf 90' lang='lat' dir='ltr'><strong>omnibus</strong></span> <span class='ocrx_word' id='word_1_346' title='bbox 1228 3254 1306 3308; x_wconf 91' lang='lat' dir='ltr'><strong>sic</strong></span> <span class='ocrx_word' id='word_1_347' title='bbox 1324 3265 1431 3309; x_wconf 87' lang='lat' dir='ltr'><strong>est.</strong></span> 
     </span>
    </p>
   </div>
   <div class='ocr_carea' id='block_1_50' title="bbox 1044 3366 1474 3424">
    <p class='ocr_par' dir='ltr' id='par_1_50' title="bbox 1044 3366 1474 3424">
     <span class='ocr_line' id='line_1_50' title="bbox 1044 3366 1474 3424; baseline -0.005 -1"><span class='ocrx_word' id='word_1_348' title='bbox 1044 3366 1269 3424; x_wconf 79' lang='lat' dir='ltr'><strong>CAPUT</strong></span> <span class='ocrx_word' id='word_1_349' title='bbox 1310 3366 1474 3423; x_wconf 81' lang='lat' dir='ltr'><strong>XXV.</strong></span> 
     </span>
    </p>
   </div>
   <div class='ocr_carea' id='block_1_51' title="bbox 470 3455 2044 3532">
    <p class='ocr_par' dir='ltr' id='par_1_51' title="bbox 470 3455 2044 3532">
     <span class='ocr_line' id='line_1_51' title="bbox 470 3455 2044 3532; baseline 0.003 -19"><span class='ocrx_word' id='word_1_350' title='bbox 470 3455 591 3513; x_wconf 80' lang='lat' dir='ltr'><strong>Non</strong></span> <span class='ocrx_word' id='word_1_351' title='bbox 608 3459 831 3511; x_wconf 84' lang='lat' dir='ltr'><strong>omnium</strong></span> <span class='ocrx_word' id='word_1_352' title='bbox 856 3459 1267 3530; x_wconf 79' lang='lat' dir='ltr'><strong>syllogismorum</strong></span> <span class='ocrx_word' id='word_1_353' title='bbox 1280 3459 1458 3513; x_wconf 80' lang='lat' dir='ltr'><strong>eadem</strong></span> <span class='ocrx_word' id='word_1_354' title='bbox 1477 3460 1731 3529; x_wconf 78' lang='lat' dir='ltr'><strong>principia</strong></span> <span class='ocrx_word' id='word_1_355' title='bbox 1751 3476 1860 3515; x_wconf 82' lang='lat' dir='ltr'><strong>esse</strong></span> <span class='ocrx_word' id='word_1_356' title='bbox 1880 3477 2044 3532; x_wconf 76' lang='lat' dir='ltr'><strong>posse.</strong></span> 
     </span>
    </p>
   </div>
   <div class='ocr_carea' id='block_1_52' title="bbox 536 3547 2046 3623">
    <p class='ocr_par' dir='ltr' id='par_1_52' title="bbox 536 3547 2046 3623">
     <span class='ocr_line' id='line_1_52' title="bbox 536 3547 2046 3623; baseline 0.005 -21"><span class='ocrx_word' id='word_1_357' title='bbox 536 3547 735 3605; x_wconf 81' lang='lat' dir='ltr'><strong>Eadem</strong></span> <span class='ocrx_word' id='word_1_358' title='bbox 764 3558 940 3604; x_wconf 83' lang='lat' dir='ltr'><strong>autem</strong></span> <span class='ocrx_word' id='word_1_359' title='bbox 972 3565 1092 3605; x_wconf 81' lang='lat' dir='ltr'><strong>esse</strong></span> <span class='ocrx_word' id='word_1_360' title='bbox 1137 3551 1395 3620; x_wconf 87' lang='lat' dir='ltr'><strong>principia</strong></span> <span class='ocrx_word' id='word_1_361' title='bbox 1424 3553 1663 3606; x_wconf 88' lang='lat' dir='ltr'><strong>omnium</strong></span> <span class='ocrx_word' id='word_1_362' title='bbox 1698 3551 2046 3623; x_wconf 43' lang='lat' dir='ltr'><strong>syllogismos-</strong></span> 
     </span>
    </p>
   </div>
   <div class='ocr_carea' id='block_1_53' title="bbox 468 3626 2048 3715">
    <p class='ocr_par' dir='ltr' id='par_1_53' title="bbox 468 3626 2048 3715">
     <span class='ocr_line' id='line_1_53' title="bbox 468 3626 2048 3715; baseline 0.005 -21"><span class='ocrx_word' id='word_1_363' title='bbox 468 3653 581 3694; x_wconf 89' lang='lat' dir='ltr'><strong>rum</strong></span> <span class='ocrx_word' id='word_1_364' title='bbox 613 3642 945 3710; x_wconf 56' lang='lat' dir='ltr'><strong>impossibile</strong></span> <span class='ocrx_word' id='word_1_365' title='bbox 968 3652 1071 3709; x_wconf 89' lang='lat' dir='ltr'><strong>est,</strong></span> <span class='ocrx_word' id='word_1_366' title='bbox 1120 3645 1352 3711; x_wconf 89' lang='lat' dir='ltr'><strong>primum</strong></span> <span class='ocrx_word' id='word_1_367' title='bbox 1385 3643 1599 3712; x_wconf 89' lang='lat' dir='ltr'><strong>quidem</strong></span> <span class='ocrx_word' id='word_1_368' title='bbox 1642 3644 1815 3714; x_wconf 84' lang='lat' dir='ltr'><strong>logice</strong></span> <span class='ocrx_word' id='word_1_369' title='bbox 1855 3626 2048 3715; x_wconf 79' lang='lat' dir='ltr'><strong>specu-</strong></span> 
     </span>
    </p>
   </div>
   <div class='ocr_carea' id='block_1_54' title="bbox 467 3731 2045 3805">
    <p class='ocr_par' dir='ltr' id='par_1_54' title="bbox 467 3731 2045 3805">
     <span class='ocr_line' id='line_1_54' title="bbox 467 3731 2045 3805; baseline 0.004 -19"><span class='ocrx_word' id='word_1_370' title='bbox 467 3731 716 3798; x_wconf 85' lang='lat' dir='ltr'><strong>lantibus,</strong></span> <span class='ocrx_word' id='word_1_371' title='bbox 750 3733 803 3788; x_wconf 92' lang='lat' dir='ltr'><strong>hi</strong></span> <span class='ocrx_word' id='word_1_372' title='bbox 833 3737 975 3788; x_wconf 83' lang='lat' dir='ltr'><strong>enim</strong></span> <span class='ocrx_word' id='word_1_373' title='bbox 1026 3733 1139 3789; x_wconf 87' lang='lat' dir='ltr'><strong>veri</strong></span> <span class='ocrx_word' id='word_1_374' title='bbox 1182 3744 1308 3788; x_wconf 89' lang='lat' dir='ltr'><strong>sunt</strong></span> <span class='ocrx_word' id='word_1_375' title='bbox 1352 3736 1673 3805; x_wconf 83' lang='lat' dir='ltr'><strong>syllogismi,</strong></span> <span class='ocrx_word' id='word_1_376' title='bbox 1724 3737 1816 3792; x_wconf 89' lang='lat' dir='ltr'><strong>alii</strong></span> <span class='ocrx_word' id='word_1_377' title='bbox 1864 3750 2045 3793; x_wconf 81' lang='lat' dir='ltr'><strong>autem</strong></span> 
     </span>
    </p>
   </div>
   <div class='ocr_carea' id='block_1_55' title="bbox 468 3823 2043 3897">
    <p class='ocr_par' dir='ltr' id='par_1_55' title="bbox 468 3823 2043 3897">
     <span class='ocr_line' id='line_1_55' title="bbox 468 3823 2043 3897; baseline 0.005 -20"><span class='ocrx_word' id='word_1_378' title='bbox 468 3823 606 3879; x_wconf 89' lang='lat' dir='ltr'><strong>falsi.</strong></span> <span class='ocrx_word' id='word_1_379' title='bbox 639 3825 708 3878; x_wconf 85' lang='lat' dir='ltr'><strong>Et</strong></span> <span class='ocrx_word' id='word_1_380' title='bbox 737 3825 781 3879; x_wconf 88' lang='lat' dir='ltr'><strong>si</strong></span> <span class='ocrx_word' id='word_1_381' title='bbox 806 3827 946 3878; x_wconf 90' lang='lat' dir='ltr'><strong>enim</strong></span> <span class='ocrx_word' id='word_1_382' title='bbox 977 3826 1049 3879; x_wconf 90' lang='lat' dir='ltr'><strong>sit</strong></span> <span class='ocrx_word' id='word_1_383' title='bbox 1087 3840 1269 3879; x_wconf 87' lang='lat' dir='ltr'><strong>verum</strong></span> <span class='ocrx_word' id='word_1_384' title='bbox 1291 3841 1356 3879; x_wconf 82' lang='lat' dir='ltr'><strong>ex</strong></span> <span class='ocrx_word' id='word_1_385' title='bbox 1393 3825 1544 3881; x_wconf 84' lang='lat' dir='ltr'><strong>falsis</strong></span> <span class='ocrx_word' id='word_1_386' title='bbox 1573 3827 1917 3897; x_wconf 77' lang='lat' dir='ltr'><strong>syllogizare,</strong></span> <span class='ocrx_word' id='word_1_387' title='bbox 1947 3828 2043 3885; x_wconf 64' lang='lat' dir='ltr'><strong>sed</strong></span> 
     </span>
    </p>
   </div>
   <div class='ocr_carea' id='block_1_56' title="bbox 467 3916 2081 3985">
    <p class='ocr_par' dir='ltr' id='par_1_56' title="bbox 467 3916 2081 3985">
     <span class='ocr_line' id='line_1_56' title="bbox 467 3916 2081 3985; baseline 0.006 -15"><span class='ocrx_word' id='word_1_388' title='bbox 467 3916 633 3970; x_wconf 86' lang='lat' dir='ltr'><strong>semel</strong></span> <span class='ocrx_word' id='word_1_389' title='bbox 664 3916 765 3969; x_wconf 91' lang='lat' dir='ltr'><strong>hoc</strong></span> <span class='ocrx_word' id='word_1_390' title='bbox 788 3916 867 3981; x_wconf 88' lang='lat' dir='ltr'><strong>lit,</strong></span> <span class='ocrx_word' id='word_1_391' title='bbox 897 3927 951 3969; x_wconf 91' lang='lat' dir='ltr'><strong>ut</strong></span> <span class='ocrx_word' id='word_1_392' title='bbox 973 3916 1019 3969; x_wconf 88' lang='lat' dir='ltr'><strong>si</strong></span> <span class='ocrx_word' id='word_1_393' title='bbox 1048 3933 1079 3969; x_wconf 88' lang='lat' dir='ltr'><strong>a</strong></span> <span class='ocrx_word' id='word_1_394' title='bbox 1108 3916 1175 3972; x_wconf 89' lang='lat' dir='ltr'><strong>de</strong></span> <span class='ocrx_word' id='word_1_395' title='bbox 1200 3933 1225 3970; x_wconf 88' lang='lat' dir='ltr'><strong>c</strong></span> <span class='ocrx_word' id='word_1_396' title='bbox 1252 3932 1437 3972; x_wconf 89' lang='lat' dir='ltr'><strong>verum</strong></span> <span class='ocrx_word' id='word_1_397' title='bbox 1466 3921 1558 3985; x_wconf 86' lang='lat' dir='ltr'><strong>sit,</strong></span> <span class='ocrx_word' id='word_1_398' title='bbox 1586 3919 1817 3974; x_wconf 89' lang='lat' dir='ltr'><strong>medium</strong></span> <span class='ocrx_word' id='word_1_399' title='bbox 1861 3929 2041 3975; x_wconf 88' lang='lat' dir='ltr'><strong>autem</strong></span> <span class='ocrx_word' id='word_1_400' title='bbox 2079 3977 2081 3980; x_wconf 10' lang='grc' dir='ltr'><strong>ι</strong></span> 
     </span>
    </p>
   </div>
   <div class='ocr_carea' id='block_1_57' title="bbox 469 4005 2043 4079">
    <p class='ocr_par' dir='ltr' id='par_1_57' title="bbox 469 4005 2043 4079">
     <span class='ocr_line' id='line_1_57' title="bbox 469 4005 2043 4079; baseline 0.005 -21"><span class='ocrx_word' id='word_1_401' title='bbox 469 4006 497 4058; x_wconf 87' lang='lat' dir='ltr'><strong>b</strong></span> <span class='ocrx_word' id='word_1_402' title='bbox 524 4005 749 4072; x_wconf 86' lang='lat' dir='ltr'><strong>falsum,</strong></span> <span class='ocrx_word' id='word_1_403' title='bbox 781 4022 952 4076; x_wconf 86' lang='lat' dir='ltr'><strong>neque</strong></span> <span class='ocrx_word' id='word_1_404' title='bbox 997 4008 1137 4061; x_wconf 91' lang='lat' dir='ltr'><strong>enim</strong></span> <span class='ocrx_word' id='word_1_405' title='bbox 1165 4023 1197 4059; x_wconf 90' lang='lat' dir='ltr'><strong>a</strong></span> <span class='ocrx_word' id='word_1_406' title='bbox 1239 4008 1291 4063; x_wconf 90' lang='lat' dir='ltr'><strong>in</strong></span> <span class='ocrx_word' id='word_1_407' title='bbox 1331 4008 1381 4073; x_wconf 75' lang='grc' dir='ltr'><strong>Ι),</strong></span> <span class='ocrx_word' id='word_1_408' title='bbox 1413 4023 1587 4079; x_wconf 88' lang='lat' dir='ltr'><strong>neque</strong></span> <span class='ocrx_word' id='word_1_409' title='bbox 1612 4012 1639 4062; x_wconf 78' lang='grc' dir='ltr'><em>ὸ</em></span> <span class='ocrx_word' id='word_1_410' title='bbox 1675 4010 1725 4063; x_wconf 93' lang='lat' dir='ltr'><strong>in</strong></span> <span class='ocrx_word' id='word_1_411' title='bbox 1756 4028 1817 4071; x_wconf 82' lang='lat' dir='ltr'><strong>c;</strong></span> <span class='ocrx_word' id='word_1_412' title='bbox 1860 4011 1957 4065; x_wconf 91' lang='lat' dir='ltr'><strong>sed</strong></span> <span class='ocrx_word' id='word_1_413' title='bbox 1998 4012 2043 4066; x_wconf 90' lang='lat' dir='ltr'><strong>si</strong></span> 
     </span>
    </p>
   </div>
   <div class='ocr_carea' id='block_1_58' title="bbox 470 4101 2040 4172">
    <p class='ocr_par' dir='ltr' id='par_1_58' title="bbox 470 4101 2040 4172">
     <span class='ocr_line' id='line_1_58' title="bbox 470 4101 2040 4172; baseline 0.001 -17"><span class='ocrx_word' id='word_1_414' title='bbox 470 4102 657 4156; x_wconf 90' lang='lat' dir='ltr'><strong>harum</strong></span> <span class='ocrx_word' id='word_1_415' title='bbox 677 4102 849 4155; x_wconf 87' lang='lat' dir='ltr'><strong>media</strong></span> <span class='ocrx_word' id='word_1_416' title='bbox 872 4101 1205 4171; x_wconf 65' lang='lat' dir='ltr'><strong>accipiantur</strong></span> <span class='ocrx_word' id='word_1_417' title='bbox 1227 4103 1670 4172; x_wconf 80' lang='lat' dir='ltr'><strong>propositionum,</strong></span> <span class='ocrx_word' id='word_1_418' title='bbox 1690 4103 1839 4158; x_wconf 76' lang='lat' dir='ltr'><strong>falsa:</strong></span> <span class='ocrx_word' id='word_1_419' title='bbox 1861 4113 2040 4170; x_wconf 90' lang='lat' dir='ltr'><strong>erunt,</strong></span> 
     </span>
    </p>
   </div>
   <div class='ocr_carea' id='block_1_59' title="bbox 465 4192 2043 4265">
    <p class='ocr_par' dir='ltr' id='par_1_59' title="bbox 465 4192 2043 4265">
     <span class='ocr_line' id='line_1_59' title="bbox 465 4192 2043 4265; baseline -0.001 -15"><span class='ocrx_word' id='word_1_420' title='bbox 465 4210 534 4250; x_wconf 81' lang='lat' dir='ltr'><strong>ex</strong></span> <span class='ocrx_word' id='word_1_421' title='bbox 561 4209 628 4251; x_wconf 88' lang='lat' dir='ltr'><strong>eo</strong></span> <span class='ocrx_word' id='word_1_422' title='bbox 653 4194 797 4265; x_wconf 90' lang='lat' dir='ltr'><strong>quod</strong></span> <span class='ocrx_word' id='word_1_423' title='bbox 839 4195 1014 4249; x_wconf 67' lang='lat' dir='ltr'><strong>omnis</strong></span> <span class='ocrx_word' id='word_1_424' title='bbox 1042 4195 1316 4251; x_wconf 90' lang='lat' dir='ltr'><strong>conclusio</strong></span> <span class='ocrx_word' id='word_1_425' title='bbox 1342 4192 1474 4251; x_wconf 86' lang='lat' dir='ltr'><strong>falsa</strong></span> <span class='ocrx_word' id='word_1_426' title='bbox 1504 4211 1570 4251; x_wconf 78' lang='lat' dir='ltr'><strong>ex</strong></span> <span class='ocrx_word' id='word_1_427' title='bbox 1597 4193 1748 4251; x_wconf 82' lang='lat' dir='ltr'><strong>falsis</strong></span> <span class='ocrx_word' id='word_1_428' title='bbox 1774 4206 1874 4260; x_wconf 90' lang='lat' dir='ltr'><strong>est,</strong></span> <span class='ocrx_word' id='word_1_429' title='bbox 1915 4209 2043 4249; x_wconf 88' lang='lat' dir='ltr'><strong>vera</strong></span> 
     </span>
    </p>
   </div>
   <div class='ocr_carea' id='block_1_60' title="bbox 463 4289 2043 4355">
    <p class='ocr_par' dir='ltr' id='par_1_60' title="bbox 463 4289 2043 4355">
     <span class='ocr_line' id='line_1_60' title="bbox 463 4289 2043 4355; baseline -0.001 -10"><span class='ocrx_word' id='word_1_430' title='bbox 463 4299 641 4345; x_wconf 90' lang='lat' dir='ltr'><strong>autem</strong></span> <span class='ocrx_word' id='word_1_431' title='bbox 666 4304 735 4344; x_wconf 81' lang='lat' dir='ltr'><strong>ex</strong></span> <span class='ocrx_word' id='word_1_432' title='bbox 771 4291 933 4355; x_wconf 84' lang='lat' dir='ltr'><strong>veris,</strong></span> <span class='ocrx_word' id='word_1_433' title='bbox 966 4289 1136 4345; x_wconf 86' lang='lat' dir='ltr'><strong>altera</strong></span> <span class='ocrx_word' id='word_1_434' title='bbox 1163 4300 1339 4346; x_wconf 88' lang='lat' dir='ltr'><strong>autem</strong></span> <span class='ocrx_word' id='word_1_435' title='bbox 1368 4300 1494 4345; x_wconf 89' lang='lat' dir='ltr'><strong>sunt</strong></span> <span class='ocrx_word' id='word_1_436' title='bbox 1521 4304 1647 4346; x_wconf 89' lang='lat' dir='ltr'><strong>vera</strong></span> <span class='ocrx_word' id='word_1_437' title='bbox 1674 4298 1729 4345; x_wconf 91' lang='lat' dir='ltr'><strong>et</strong></span> <span class='ocrx_word' id='word_1_438' title='bbox 1756 4290 1906 4344; x_wconf 88' lang='lat' dir='ltr'><strong>falsa.</strong></span> <span class='ocrx_word' id='word_1_439' title='bbox 1934 4289 2043 4344; x_wconf 64' lang='lat' dir='ltr'><strong>Po-</strong></span> 
     </span>
    </p>
   </div>
   <div class='ocr_carea' id='block_1_61' title="bbox 464 4379 2040 4449">
    <p class='ocr_par' dir='ltr' id='par_1_61' title="bbox 464 4379 2040 4449">
     <span class='ocr_line' id='line_1_61' title="bbox 464 4379 2040 4449; baseline 0 -14"><span class='ocrx_word' id='word_1_440' title='bbox 464 4391 576 4435; x_wconf 88' lang='lat' dir='ltr'><strong>stea</strong></span> <span class='ocrx_word' id='word_1_441' title='bbox 604 4396 775 4449; x_wconf 86' lang='lat' dir='ltr'><strong>neque</strong></span> <span class='ocrx_word' id='word_1_442' title='bbox 806 4379 937 4434; x_wconf 87' lang='lat' dir='ltr'><strong>falsa</strong></span> <span class='ocrx_word' id='word_1_443' title='bbox 978 4396 1045 4435; x_wconf 83' lang='lat' dir='ltr'><strong>ex</strong></span> <span class='ocrx_word' id='word_1_444' title='bbox 1090 4381 1291 4436; x_wconf 87' lang='lat' dir='ltr'><strong>eisdem</strong></span> <span class='ocrx_word' id='word_1_445' title='bbox 1335 4390 1481 4449; x_wconf 86' lang='lat' dir='ltr'><strong>sunt,</strong></span> <span class='ocrx_word' id='word_1_446' title='bbox 1515 4389 1598 4436; x_wconf 87' lang='lat' dir='ltr'><strong>est</strong></span> <span class='ocrx_word' id='word_1_447' title='bbox 1627 4381 1766 4436; x_wconf 91' lang='lat' dir='ltr'><strong>enim</strong></span> <span class='ocrx_word' id='word_1_448' title='bbox 1796 4380 1929 4436; x_wconf 87' lang='lat' dir='ltr'><strong>falsa</strong></span> <span class='ocrx_word' id='word_1_449' title='bbox 1970 4381 2040 4435; x_wconf 88' lang='lat' dir='ltr'><strong>ad</strong></span> 
     </span>
    </p>
   </div>
   <div class='ocr_carea' id='block_1_62' title="bbox 465 4472 2039 4545">
    <p class='ocr_par' dir='ltr' id='par_1_62' title="bbox 465 4472 2039 4545">
     <span class='ocr_line' id='line_1_62' title="bbox 465 4472 2039 4545; baseline 0.001 -18"><span class='ocrx_word' id='word_1_450' title='bbox 465 4472 716 4537; x_wconf 87' lang='lat' dir='ltr'><strong>invicem,</strong></span> <span class='ocrx_word' id='word_1_451' title='bbox 740 4482 793 4528; x_wconf 91' lang='lat' dir='ltr'><strong>et</strong></span> <span class='ocrx_word' id='word_1_452' title='bbox 821 4475 1111 4537; x_wconf 87' lang='lat' dir='ltr'><strong>contraria,</strong></span> <span class='ocrx_word' id='word_1_453' title='bbox 1144 4484 1199 4529; x_wconf 91' lang='lat' dir='ltr'><strong>et</strong></span> <span class='ocrx_word' id='word_1_454' title='bbox 1241 4475 1585 4545; x_wconf 87' lang='lat' dir='ltr'><strong>impossibilia</strong></span> <span class='ocrx_word' id='word_1_455' title='bbox 1617 4474 1774 4529; x_wconf 90' lang='lat' dir='ltr'><strong>simul</strong></span> <span class='ocrx_word' id='word_1_456' title='bbox 1809 4488 1950 4541; x_wconf 90' lang='lat' dir='ltr'><strong>esse,</strong></span> <span class='ocrx_word' id='word_1_457' title='bbox 1981 4482 2039 4529; x_wconf 88' lang='lat' dir='ltr'><strong>ut</strong></span> 
     </span>
    </p>
   </div>
   <div class='ocr_carea' id='block_1_63' title="bbox 462 4562 2038 4636">
    <p class='ocr_par' dir='ltr' id='par_1_63' title="bbox 462 4562 2038 4636">
     <span class='ocr_line' id='line_1_63' title="bbox 462 4562 2038 4636; baseline 0.002 -20"><span class='ocrx_word' id='word_1_458' title='bbox 462 4562 721 4635; x_wconf 80' lang='lat' dir='ltr'><strong>justitiam</strong></span> <span class='ocrx_word' id='word_1_459' title='bbox 770 4579 890 4618; x_wconf 89' lang='lat' dir='ltr'><strong>esse</strong></span> <span class='ocrx_word' id='word_1_460' title='bbox 937 4565 1282 4636; x_wconf 77' lang='lat' dir='ltr'><strong>injustitiam,</strong></span> <span class='ocrx_word' id='word_1_461' title='bbox 1323 4575 1417 4619; x_wconf 87' lang='lat' dir='ltr'><strong>aut</strong></span> <span class='ocrx_word' id='word_1_462' title='bbox 1467 4567 1709 4620; x_wconf 90' lang='lat' dir='ltr'><strong>timorem</strong></span> <span class='ocrx_word' id='word_1_463' title='bbox 1739 4564 2038 4630; x_wconf 89' lang='lat' dir='ltr'><strong>audaciam,</strong></span> 
     </span>
    </p>
   </div>
   <div class='ocr_carea' id='block_1_64' title="bbox 476 4655 2045 4728">
    <p class='ocr_par' dir='ltr' id='par_1_64' title="bbox 476 4655 2045 4728">
     <span class='ocr_line' id='line_1_64' title="bbox 476 4655 2045 4728; baseline 0.003 -20"><span class='ocrx_word' id='word_1_464' title='bbox 476 4666 566 4708; x_wconf 88' lang='lat' dir='ltr'><strong>aut</strong></span> <span class='ocrx_word' id='word_1_465' title='bbox 595 4656 865 4710; x_wconf 83' lang='lat' dir='ltr'><strong>hominem</strong></span> <span class='ocrx_word' id='word_1_466' title='bbox 890 4672 1084 4725; x_wconf 90' lang='lat' dir='ltr'><strong>equum</strong></span> <span class='ocrx_word' id='word_1_467' title='bbox 1112 4665 1206 4710; x_wconf 91' lang='lat' dir='ltr'><strong>aut</strong></span> <span class='ocrx_word' id='word_1_468' title='bbox 1234 4655 1445 4722; x_wconf 87' lang='lat' dir='ltr'><strong>bovem,</strong></span> <span class='ocrx_word' id='word_1_469' title='bbox 1487 4664 1579 4710; x_wconf 89' lang='lat' dir='ltr'><strong>aut</strong></span> <span class='ocrx_word' id='word_1_470' title='bbox 1619 4656 1842 4726; x_wconf 65' lang='lat' dir='ltr'><strong>aequale,</strong></span> <span class='ocrx_word' id='word_1_471' title='bbox 1872 4656 2045 4728; x_wconf 87' lang='lat' dir='ltr'><strong>majus</strong></span> 
     </span>
    </p>
   </div>
   <div class='ocr_carea' id='block_1_65' title="bbox 462 4746 2042 4816">
    <p class='ocr_par' dir='ltr' id='par_1_65' title="bbox 462 4746 2042 4816">
     <span class='ocr_line' id='line_1_65' title="bbox 462 4746 2042 4816; baseline 0.001 -15"><span class='ocrx_word' id='word_1_472' title='bbox 462 4758 513 4801; x_wconf 91' lang='lat' dir='ltr'><strong>et</strong></span> <span class='ocrx_word' id='word_1_473' title='bbox 543 4747 741 4803; x_wconf 84' lang='lat' dir='ltr'><strong>minus.</strong></span> <span class='ocrx_word' id='word_1_474' title='bbox 791 4747 867 4800; x_wconf 80' lang='lat' dir='ltr'><strong>Ex</strong></span> <span class='ocrx_word' id='word_1_475' title='bbox 916 4746 1178 4815; x_wconf 82' lang='lat' dir='ltr'><strong>appositis</strong></span> <span class='ocrx_word' id='word_1_476' title='bbox 1231 4756 1408 4801; x_wconf 90' lang='lat' dir='ltr'><strong>autem</strong></span> <span class='ocrx_word' id='word_1_477' title='bbox 1449 4748 1529 4801; x_wconf 88' lang='lat' dir='ltr'><strong>sic</strong></span> <span class='ocrx_word' id='word_1_478' title='bbox 1558 4758 1663 4813; x_wconf 89' lang='lat' dir='ltr'><strong>est,</strong></span> <span class='ocrx_word' id='word_1_479' title='bbox 1694 4762 1870 4816; x_wconf 91' lang='lat' dir='ltr'><strong>neque</strong></span> <span class='ocrx_word' id='word_1_480' title='bbox 1898 4751 2042 4802; x_wconf 87' lang='lat' dir='ltr'><strong>enim</strong></span> 
     </span>
    </p>
   </div>
   <div class='ocr_carea' id='block_1_66' title="bbox 461 4838 2043 4906">
    <p class='ocr_par' dir='ltr' id='par_1_66' title="bbox 461 4838 2043 4906">
     <span class='ocr_line' id='line_1_66' title="bbox 461 4838 2043 4906; baseline 0.002 -16"><span class='ocrx_word' id='word_1_481' title='bbox 461 4852 705 4892; x_wconf 75' lang='grc' dir='ltr'>νειοτιηιι</span> <span class='ocrx_word' id='word_1_482' title='bbox 737 4839 922 4892; x_wconf 88' lang='lat' dir='ltr'><strong>eadem</strong></span> <span class='ocrx_word' id='word_1_483' title='bbox 955 4838 1209 4906; x_wconf 88' lang='lat' dir='ltr'><strong>principia</strong></span> <span class='ocrx_word' id='word_1_484' title='bbox 1227 4838 1465 4892; x_wconf 89' lang='lat' dir='ltr'><strong>omnium</strong></span> <span class='ocrx_word' id='word_1_485' title='bbox 1498 4844 1648 4904; x_wconf 88' lang='lat' dir='ltr'><strong>sunt,</strong></span> <span class='ocrx_word' id='word_1_486' title='bbox 1688 4838 1855 4892; x_wconf 90' lang='lat' dir='ltr'><strong>altera</strong></span> <span class='ocrx_word' id='word_1_487' title='bbox 1898 4840 2043 4894; x_wconf 92' lang='lat' dir='ltr'><strong>enim</strong></span> 
     </span>
    </p>
   </div>
   <div class='ocr_carea' id='block_1_67' title="bbox 460 4932 2045 5001">
    <p class='ocr_par' dir='ltr' id='par_1_67' title="bbox 460 4932 2045 5001">
     <span class='ocr_line' id='line_1_67' title="bbox 460 4932 2045 5001; baseline 0.004 -18"><span class='ocrx_word' id='word_1_488' title='bbox 460 4932 748 4985; x_wconf 90' lang='lat' dir='ltr'><strong>multorum</strong></span> <span class='ocrx_word' id='word_1_489' title='bbox 792 4946 989 5001; x_wconf 80' lang='lat' dir='ltr'><strong>genere</strong></span> <span class='ocrx_word' id='word_1_490' title='bbox 1039 4933 1296 5001; x_wconf 88' lang='lat' dir='ltr'><strong>principia</strong></span> <span class='ocrx_word' id='word_1_491' title='bbox 1348 4940 1494 4999; x_wconf 87' lang='lat' dir='ltr'><strong>sunt,</strong></span> <span class='ocrx_word' id='word_1_492' title='bbox 1526 4939 1580 4986; x_wconf 90' lang='lat' dir='ltr'><strong>et</strong></span> <span class='ocrx_word' id='word_1_493' title='bbox 1628 4945 1799 5001; x_wconf 90' lang='lat' dir='ltr'><strong>neque</strong></span> <span class='ocrx_word' id='word_1_494' title='bbox 1846 4946 2045 4989; x_wconf 78' lang='lat' dir='ltr'><strong>conve-</strong></span> 
     </span>
    </p>
   </div>
   <div class='ocr_carea' id='block_1_68' title="bbox 460 5025 2042 5095">
    <p class='ocr_par' dir='ltr' id='par_1_68' title="bbox 460 5025 2042 5095">
     <span class='ocr_line' id='line_1_68' title="bbox 460 5025 2042 5095; baseline 0.003 -18"><span class='ocrx_word' id='word_1_495' title='bbox 460 5025 631 5089; x_wconf 90' lang='lat' dir='ltr'><strong>niunt,</strong></span> <span class='ocrx_word' id='word_1_496' title='bbox 670 5034 725 5079; x_wconf 91' lang='lat' dir='ltr'><strong>ut</strong></span> <span class='ocrx_word' id='word_1_497' title='bbox 748 5026 979 5080; x_wconf 88' lang='lat' dir='ltr'><strong>unitates</strong></span> <span class='ocrx_word' id='word_1_498' title='bbox 1011 5027 1223 5094; x_wconf 88' lang='lat' dir='ltr'><strong>punctis</strong></span> <span class='ocrx_word' id='word_1_499' title='bbox 1265 5039 1373 5081; x_wconf 93' lang='lat' dir='ltr'><strong>non</strong></span> <span class='ocrx_word' id='word_1_500' title='bbox 1403 5026 1748 5095; x_wconf 90' lang='lat' dir='ltr'><strong>conveniunt,</strong></span> <span class='ocrx_word' id='word_1_501' title='bbox 1785 5028 1867 5080; x_wconf 74' lang='lat' dir='ltr'><strong>hm</strong></span> <span class='ocrx_word' id='word_1_502' title='bbox 1898 5028 2042 5083; x_wconf 86' lang='lat' dir='ltr'><strong>enim</strong></span> 
     </span>
    </p>
   </div>
   <div class='ocr_carea' id='block_1_69' title="bbox 461 5115 2046 5186">
    <p class='ocr_par' dir='ltr' id='par_1_69' title="bbox 461 5115 2046 5186">
     <span class='ocr_line' id='line_1_69' title="bbox 461 5115 2046 5186; baseline 0.003 -18"><span class='ocrx_word' id='word_1_503' title='bbox 461 5129 567 5169; x_wconf 93' lang='lat' dir='ltr'><strong>non</strong></span> <span class='ocrx_word' id='word_1_504' title='bbox 615 5115 812 5169; x_wconf 87' lang='lat' dir='ltr'><strong>habent</strong></span> <span class='ocrx_word' id='word_1_505' title='bbox 849 5116 1192 5186; x_wconf 87' lang='lat' dir='ltr'><strong>positionem,</strong></span> <span class='ocrx_word' id='word_1_506' title='bbox 1224 5117 1312 5171; x_wconf 81' lang='lat' dir='ltr'><strong>illa</strong></span> <span class='ocrx_word' id='word_1_507' title='bbox 1351 5127 1528 5172; x_wconf 87' lang='lat' dir='ltr'><strong>autem</strong></span> <span class='ocrx_word' id='word_1_508' title='bbox 1562 5115 1780 5172; x_wconf 88' lang='lat' dir='ltr'><strong>habent.</strong></span> <span class='ocrx_word' id='word_1_509' title='bbox 1811 5115 2046 5173; x_wconf 82' lang='lat' dir='ltr'><strong>Necesse</strong></span> 
     </span>
    </p>
   </div>
   <div class='ocr_carea' id='block_1_70' title="bbox 458 5207 2049 5274">
    <p class='ocr_par' dir='ltr' id='par_1_70' title="bbox 458 5207 2049 5274">
     <span class='ocr_line' id='line_1_70' title="bbox 458 5207 2049 5274; baseline 0.004 -16"><span class='ocrx_word' id='word_1_510' title='bbox 458 5217 633 5260; x_wconf 87' lang='lat' dir='ltr'><strong>autem</strong></span> <span class='ocrx_word' id='word_1_511' title='bbox 665 5216 851 5261; x_wconf 89' lang='lat' dir='ltr'><strong>estaut</strong></span> <span class='ocrx_word' id='word_1_512' title='bbox 871 5210 922 5261; x_wconf 92' lang='lat' dir='ltr'><strong>itt</strong></span> <span class='ocrx_word' id='word_1_513' title='bbox 955 5207 1124 5261; x_wconf 73' lang='lat' dir='ltr'><strong>medi?</strong></span> <span class='ocrx_word' id='word_1_514' title='bbox 1153 5208 1461 5274; x_wconf 87' lang='lat' dir='ltr'><strong>convenire,</strong></span> <span class='ocrx_word' id='word_1_515' title='bbox 1486 5216 1580 5262; x_wconf 89' lang='lat' dir='ltr'><strong>aut</strong></span> <span class='ocrx_word' id='word_1_516' title='bbox 1609 5208 1661 5263; x_wconf 91' lang='lat' dir='ltr'><strong>in</strong></span> <span class='ocrx_word' id='word_1_517' title='bbox 1690 5221 1923 5273; x_wconf 88' lang='lat' dir='ltr'><strong>sursum,</strong></span> <span class='ocrx_word' id='word_1_518' title='bbox 1954 5216 2049 5264; x_wconf 67' lang='lat' dir='ltr'><strong>aut</strong></span> 
     </span>
    </p>
   </div>
   <div class='ocr_carea' id='block_1_71' title="bbox 456 5303 2039 5368">
    <p class='ocr_par' dir='ltr' id='par_1_71' title="bbox 456 5303 2039 5368">
     <span class='ocr_line' id='line_1_71' title="bbox 456 5303 2039 5368; baseline 0.001 -12"><span class='ocrx_word' id='word_1_519' title='bbox 456 5303 733 5368; x_wconf 87' lang='lat' dir='ltr'><strong>deorsum,</strong></span> <span class='ocrx_word' id='word_1_520' title='bbox 764 5318 855 5358; x_wconf 90' lang='lat' dir='ltr'><strong>aut</strong></span> <span class='ocrx_word' id='word_1_521' title='bbox 884 5305 982 5360; x_wconf 89' lang='lat' dir='ltr'><strong>hos</strong></span> <span class='ocrx_word' id='word_1_522' title='bbox 1010 5304 1234 5359; x_wconf 85' lang='lat' dir='ltr'><strong>interius</strong></span> <span class='ocrx_word' id='word_1_523' title='bbox 1261 5304 1458 5359; x_wconf 86' lang='lat' dir='ltr'><strong>habere</strong></span> <span class='ocrx_word' id='word_1_524' title='bbox 1478 5345 1493 5368; x_wconf 93' lang='lat'><strong>,</strong></span> <span class='ocrx_word' id='word_1_525' title='bbox 1524 5304 1649 5358; x_wconf 89' lang='lat' dir='ltr'><strong>illos</strong></span> <span class='ocrx_word' id='word_1_526' title='bbox 1677 5313 1861 5358; x_wconf 91' lang='lat' dir='ltr'><strong>autem</strong></span> <span class='ocrx_word' id='word_1_527' title='bbox 1884 5312 2039 5357; x_wconf 83' lang='lat' dir='ltr'><strong>exte-</strong></span> 
     </span>
    </p>
   </div>
   <div class='ocr_carea' id='block_1_72' title="bbox 459 5394 2044 5466">
    <p class='ocr_par' dir='ltr' id='par_1_72' title="bbox 459 5394 2044 5466">
     <span class='ocr_line' id='line_1_72' title="bbox 459 5394 2044 5466; baseline 0.003 -20"><span class='ocrx_word' id='word_1_528' title='bbox 459 5394 569 5448; x_wconf 88' lang='lat' dir='ltr'><strong>rius</strong></span> <span class='ocrx_word' id='word_1_529' title='bbox 608 5396 983 5450; x_wconf 83' lang='lat' dir='ltr'><strong>terminorum.</strong></span> <span class='ocrx_word' id='word_1_530' title='bbox 1017 5395 1123 5451; x_wconf 89' lang='lat' dir='ltr'><strong>Sed</strong></span> <span class='ocrx_word' id='word_1_531' title='bbox 1158 5409 1329 5466; x_wconf 86' lang='lat' dir='ltr'><strong>neque</strong></span> <span class='ocrx_word' id='word_1_532' title='bbox 1357 5396 1721 5455; x_wconf 87' lang='lat' dir='ltr'><strong>communium</strong></span> <span class='ocrx_word' id='word_1_533' title='bbox 1752 5396 2044 5466; x_wconf 61' lang='lat' dir='ltr'><strong>principio.</strong></span> 
     </span>
    </p>
   </div>
   <div class='ocr_carea' id='block_1_73' title="bbox 456 5486 2045 5557">
    <p class='ocr_par' dir='ltr' id='par_1_73' title="bbox 456 5486 2045 5557">
     <span class='ocr_line' id='line_1_73' title="bbox 456 5486 2045 5557; baseline 0.001 -17"><span class='ocrx_word' id='word_1_534' title='bbox 456 5500 574 5540; x_wconf 90' lang='lat' dir='ltr'><strong>rum</strong></span> <span class='ocrx_word' id='word_1_535' title='bbox 611 5497 835 5552; x_wconf 88' lang='lat' dir='ltr'><strong>possunt</strong></span> <span class='ocrx_word' id='word_1_536' title='bbox 866 5502 990 5543; x_wconf 84' lang='lat' dir='ltr'><strong>esse</strong></span> <span class='ocrx_word' id='word_1_537' title='bbox 1025 5487 1204 5557; x_wconf 88' lang='lat' dir='ltr'><strong>aliqua</strong></span> <span class='ocrx_word' id='word_1_538' title='bbox 1253 5503 1319 5543; x_wconf 79' lang='lat' dir='ltr'><strong>ex</strong></span> <span class='ocrx_word' id='word_1_539' title='bbox 1358 5486 1555 5557; x_wconf 89' lang='lat' dir='ltr'><strong>quibus</strong></span> <span class='ocrx_word' id='word_1_540' title='bbox 1585 5486 1766 5541; x_wconf 90' lang='lat' dir='ltr'><strong>omnia</strong></span> <span class='ocrx_word' id='word_1_541' title='bbox 1817 5487 2045 5542; x_wconf 86' lang='lat' dir='ltr'><strong>demon-</strong></span> 
     </span>
    </p>
   </div>
   <div class='ocr_carea' id='block_1_74' title="bbox 458 5575 2081 5643">
    <p class='ocr_par' dir='ltr' id='par_1_74' title="bbox 458 5575 2081 5643">
     <span class='ocr_line' id='line_1_74' title="bbox 458 5575 2081 5643; baseline 0.004 -16"><span class='ocrx_word' id='word_1_542' title='bbox 458 5575 789 5639; x_wconf 87' lang='lat' dir='ltr'><strong>strabuntur,</strong></span> <span class='ocrx_word' id='word_1_543' title='bbox 812 5576 935 5633; x_wconf 86' lang='lat' dir='ltr'><strong>dico</strong></span> <span class='ocrx_word' id='word_1_544' title='bbox 958 5586 1139 5632; x_wconf 85' lang='lat' dir='ltr'><strong>autem</strong></span> <span class='ocrx_word' id='word_1_545' title='bbox 1165 5578 1492 5643; x_wconf 88' lang='lat' dir='ltr'><strong>communia,</strong></span> <span class='ocrx_word' id='word_1_546' title='bbox 1516 5587 1571 5630; x_wconf 93' lang='lat' dir='ltr'><strong>ut</strong></span> <span class='ocrx_word' id='word_1_547' title='bbox 1592 5591 1753 5633; x_wconf 91' lang='lat' dir='ltr'><strong>omne</strong></span> <span class='ocrx_word' id='word_1_548' title='bbox 1773 5578 2044 5635; x_wconf 84' lang='lat' dir='ltr'><strong>affirmare</strong></span> <span class='ocrx_word' id='word_1_549' title='bbox 2078 5600 2081 5605; x_wconf 54' lang='grc' dir='ltr'>ν</span> 
     </span>
    </p>
   </div>
   <div class='ocr_carea' id='block_1_75' title="bbox 460 5668 2046 5739">
    <p class='ocr_par' dir='ltr' id='par_1_75' title="bbox 460 5668 2046 5739">
     <span class='ocr_line' id='line_1_75' title="bbox 460 5668 2046 5739; baseline 0.003 -18"><span class='ocrx_word' id='word_1_550' title='bbox 460 5676 554 5721; x_wconf 86' lang='lat' dir='ltr'><strong>aut</strong></span> <span class='ocrx_word' id='word_1_551' title='bbox 583 5680 818 5736; x_wconf 88' lang='lat' dir='ltr'><strong>negare,</strong></span> <span class='ocrx_word' id='word_1_552' title='bbox 867 5682 1061 5738; x_wconf 87' lang='lat' dir='ltr'><strong>genera</strong></span> <span class='ocrx_word' id='word_1_553' title='bbox 1113 5668 1256 5723; x_wconf 84' lang='lat' dir='ltr'><strong>enim</strong></span> <span class='ocrx_word' id='word_1_554' title='bbox 1302 5682 1487 5722; x_wconf 88' lang='lat' dir='ltr'><strong>eorum</strong></span> <span class='ocrx_word' id='word_1_555' title='bbox 1521 5683 1641 5739; x_wconf 66' lang='lat' dir='ltr'><strong>qua</strong></span> <span class='ocrx_word' id='word_1_556' title='bbox 1686 5676 1833 5735; x_wconf 84' lang='lat' dir='ltr'><strong>sunt,</strong></span> <span class='ocrx_word' id='word_1_557' title='bbox 1877 5668 2046 5725; x_wconf 86' lang='lat' dir='ltr'><strong>altera</strong></span> 
     </span>
    </p>
   </div>
   <div class='ocr_carea' id='block_1_76' title="bbox 458 5761 2045 5833">
    <p class='ocr_par' dir='ltr' id='par_1_76' title="bbox 458 5761 2045 5833">
     <span class='ocr_line' id='line_1_76' title="bbox 458 5761 2045 5833; baseline 0.003 -16"><span class='ocrx_word' id='word_1_558' title='bbox 458 5770 604 5827; x_wconf 83' lang='lat' dir='ltr'><strong>sunt,</strong></span> <span class='ocrx_word' id='word_1_559' title='bbox 643 5770 699 5818; x_wconf 93' lang='lat' dir='ltr'><strong>et</strong></span> <span class='ocrx_word' id='word_1_560' title='bbox 740 5762 847 5817; x_wconf 84' lang='lat' dir='ltr'><strong>alia</strong></span> <span class='ocrx_word' id='word_1_561' title='bbox 901 5761 1118 5833; x_wconf 89' lang='lat' dir='ltr'><strong>quidem</strong></span> <span class='ocrx_word' id='word_1_562' title='bbox 1166 5764 1220 5819; x_wconf 92' lang='lat' dir='ltr'><strong>in</strong></span> <span class='ocrx_word' id='word_1_563' title='bbox 1261 5762 1671 5832; x_wconf 87' lang='lat' dir='ltr'><strong>quantitatibus,</strong></span> <span class='ocrx_word' id='word_1_564' title='bbox 1705 5762 1807 5819; x_wconf 86' lang='lat' dir='ltr'><strong>alia</strong></span> <span class='ocrx_word' id='word_1_565' title='bbox 1838 5778 1965 5819; x_wconf 87' lang='lat' dir='ltr'><strong>vero</strong></span> <span class='ocrx_word' id='word_1_566' title='bbox 1990 5764 2045 5821; x_wconf 92' lang='lat' dir='ltr'><strong>in</strong></span> 
     </span>
    </p>
   </div>
   <div class='ocr_carea' id='block_1_77' title="bbox 458 5854 2047 5926">
    <p class='ocr_par' dir='ltr' id='par_1_77' title="bbox 458 5854 2047 5926">
     <span class='ocr_line' id='line_1_77' title="bbox 458 5854 2047 5926; baseline 0.004 -18"><span class='ocrx_word' id='word_1_567' title='bbox 458 5855 808 5921; x_wconf 68' lang='lat' dir='ltr'><strong>eualitatibus</strong></span> <span class='ocrx_word' id='word_1_568' title='bbox 828 5865 957 5913; x_wconf 84' lang='lat' dir='ltr'><strong>sunt</strong></span> <span class='ocrx_word' id='word_1_569' title='bbox 1002 5854 1200 5914; x_wconf 78' lang='lat' dir='ltr'><strong>solum.</strong></span> <span class='ocrx_word' id='word_1_570' title='bbox 1226 5870 1350 5911; x_wconf 90' lang='lat' dir='ltr'><strong>cum</strong></span> <span class='ocrx_word' id='word_1_571' title='bbox 1385 5856 1577 5926; x_wconf 80' lang='lat' dir='ltr'><strong>quibus</strong></span> <span class='ocrx_word' id='word_1_572' title='bbox 1610 5856 2047 5915; x_wconf 85' lang='lat' dir='ltr'><strong>demonstrantur</strong></span> 
     </span>
    </p>
   </div>
   <div class='ocr_carea' id='block_1_78' title="bbox 2153 1970 3735 2057">
    <p class='ocr_par' dir='ltr' id='par_1_78' title="bbox 2153 1970 3735 2057">
     <span class='ocr_line' id='line_1_78' title="bbox 2153 1970 3735 2057; baseline 0.013 -35"><span class='ocrx_word' id='word_1_573' title='bbox 2153 1970 2302 2038; x_wconf 86' lang='lat' dir='ltr'><strong>piens</strong></span> <span class='ocrx_word' id='word_1_574' title='bbox 2323 1978 2426 2025; x_wconf 90' lang='lat' dir='ltr'><strong>est.</strong></span> <span class='ocrx_word' id='word_1_575' title='bbox 2451 1970 2633 2042; x_wconf 83' lang='lat' dir='ltr'><strong>Neque</strong></span> <span class='ocrx_word' id='word_1_576' title='bbox 2657 1974 2799 2029; x_wconf 88' lang='lat' dir='ltr'><strong>enim</strong></span> <span class='ocrx_word' id='word_1_577' title='bbox 2830 1975 2882 2030; x_wconf 91' lang='lat' dir='ltr'><strong>in</strong></span> <span class='ocrx_word' id='word_1_578' title='bbox 2912 1977 3206 2047; x_wconf 83' lang='lat' dir='ltr'><strong>manifestis</strong></span> <span class='ocrx_word' id='word_1_579' title='bbox 3227 1981 3485 2039; x_wconf 89' lang='lat' dir='ltr'><strong>doctrinis</strong></span> <span class='ocrx_word' id='word_1_580' title='bbox 3523 1986 3625 2041; x_wconf 91' lang='lat' dir='ltr'><strong>hoc</strong></span> <span class='ocrx_word' id='word_1_581' title='bbox 3652 1987 3735 2057; x_wconf 89' lang='lat' dir='ltr'><strong>ﬁt,</strong></span> 
     </span>
    </p>
   </div>
   <div class='ocr_carea' id='block_1_79' title="bbox 2150 2060 3735 2139">
    <p class='ocr_par' dir='ltr' id='par_1_79' title="bbox 2150 2060 3735 2139">
     <span class='ocr_line' id='line_1_79' title="bbox 2150 2060 3735 2139; baseline 0.013 -26"><span class='ocrx_word' id='word_1_582' title='bbox 2150 2074 2327 2129; x_wconf 88' lang='lat' dir='ltr'><strong>neque</strong></span> <span class='ocrx_word' id='word_1_583' title='bbox 2369 2060 2423 2115; x_wconf 94' lang='lat' dir='ltr'><strong>in</strong></span> <span class='ocrx_word' id='word_1_584' title='bbox 2478 2062 2808 2122; x_wconf 85' lang='lat' dir='ltr'><strong>resolutione</strong></span> <span class='ocrx_word' id='word_1_585' title='bbox 2851 2066 2954 2122; x_wconf 88' lang='lat' dir='ltr'><strong>hoc</strong></span> <span class='ocrx_word' id='word_1_586' title='bbox 2980 2076 3065 2124; x_wconf 87' lang='lat' dir='ltr'><strong>est</strong></span> <span class='ocrx_word' id='word_1_587' title='bbox 3094 2072 3381 2139; x_wconf 67' lang='lat' dir='ltr'><strong>possibile,</strong></span> <span class='ocrx_word' id='word_1_588' title='bbox 3412 2075 3735 2134; x_wconf 65' lang='lat' dir='ltr'><strong>immediate:</strong></span> 
     </span>
    </p>
   </div>
   <div class='ocr_carea' id='block_1_80' title="bbox 2150 2152 3728 2229">
    <p class='ocr_par' dir='ltr' id='par_1_80' title="bbox 2150 2152 3728 2229">
     <span class='ocr_line' id='line_1_80' title="bbox 2150 2152 3728 2229; baseline 0.012 -23"><span class='ocrx_word' id='word_1_589' title='bbox 2150 2152 2292 2206; x_wconf 86' lang='lat' dir='ltr'><strong>enim</strong></span> <span class='ocrx_word' id='word_1_590' title='bbox 2317 2152 2711 2222; x_wconf 75' lang='lat' dir='ltr'><strong>propositiones</strong></span> <span class='ocrx_word' id='word_1_591' title='bbox 2736 2167 2863 2212; x_wconf 87' lang='lat' dir='ltr'><strong>sunt</strong></span> <span class='ocrx_word' id='word_1_592' title='bbox 2886 2160 3168 2229; x_wconf 85' lang='lat' dir='ltr'><strong>principia,</strong></span> <span class='ocrx_word' id='word_1_593' title='bbox 3194 2162 3361 2219; x_wconf 83' lang='lat' dir='ltr'><strong>altera</strong></span> <span class='ocrx_word' id='word_1_594' title='bbox 3388 2176 3565 2221; x_wconf 83' lang='lat' dir='ltr'><strong>autem</strong></span> <span class='ocrx_word' id='word_1_595' title='bbox 3591 2183 3728 2224; x_wconf 84' lang='lat' dir='ltr'><strong>con-</strong></span> 
     </span>
    </p>
   </div>
   <div class='ocr_carea' id='block_1_81' title="bbox 2151 2242 3731 2317">
    <p class='ocr_par' dir='ltr' id='par_1_81' title="bbox 2151 2242 3731 2317">
     <span class='ocr_line' id='line_1_81' title="bbox 2151 2242 3731 2317; baseline 0.013 -21"><span class='ocrx_word' id='word_1_596' title='bbox 2151 2242 2320 2297; x_wconf 91' lang='lat' dir='ltr'><strong>clusio</strong></span> <span class='ocrx_word' id='word_1_597' title='bbox 2361 2245 2418 2297; x_wconf 93' lang='lat' dir='ltr'><strong>ﬁt</strong></span> <span class='ocrx_word' id='word_1_598' title='bbox 2444 2254 2663 2315; x_wconf 87' lang='lat' dir='ltr'><strong>accepta</strong></span> <span class='ocrx_word' id='word_1_599' title='bbox 2690 2249 3057 2317; x_wconf 83' lang='lat' dir='ltr'><strong>propositione</strong></span> <span class='ocrx_word' id='word_1_600' title='bbox 3100 2252 3428 2310; x_wconf 86' lang='lat' dir='ltr'><strong>immediata.</strong></span> <span class='ocrx_word' id='word_1_601' title='bbox 3463 2256 3522 2313; x_wconf 89' lang='lat' dir='ltr'><strong>Si</strong></span> <span class='ocrx_word' id='word_1_602' title='bbox 3550 2268 3731 2315; x_wconf 84' lang='lat' dir='ltr'><strong>autem</strong></span> 
     </span>
    </p>
   </div>
   <div class='ocr_carea' id='block_1_82' title="bbox 2150 2334 3729 2414">
    <p class='ocr_par' dir='ltr' id='par_1_82' title="bbox 2150 2334 3729 2414">
     <span class='ocr_line' id='line_1_82' title="bbox 2150 2334 3729 2414; baseline 0.012 -26"><span class='ocrx_word' id='word_1_603' title='bbox 2150 2334 2291 2389; x_wconf 86' lang='lat' dir='ltr'><strong>dicat</strong></span> <span class='ocrx_word' id='word_1_604' title='bbox 2315 2337 2509 2406; x_wconf 83' lang='lat' dir='ltr'><strong>aliquis</strong></span> <span class='ocrx_word' id='word_1_605' title='bbox 2540 2352 2738 2406; x_wconf 58' lang='lat' dir='ltr'><strong>primas</strong></span> <span class='ocrx_word' id='word_1_606' title='bbox 2764 2340 3101 2397; x_wconf 81' lang='lat' dir='ltr'><strong>immediatas</strong></span> <span class='ocrx_word' id='word_1_607' title='bbox 3127 2346 3517 2414; x_wconf 79' lang='lat' dir='ltr'><strong>propositiones</strong></span> <span class='ocrx_word' id='word_1_608' title='bbox 3538 2350 3729 2407; x_wconf 86' lang='lat' dir='ltr'><strong>eadem</strong></span> 
     </span>
    </p>
   </div>
   <div class='ocr_carea' id='block_1_83' title="bbox 2138 2430 3731 2506">
    <p class='ocr_par' dir='ltr' id='par_1_83' title="bbox 2138 2430 3731 2506">
     <span class='ocr_line' id='line_1_83' title="bbox 2138 2430 3731 2506; baseline 0.013 -27"><span class='ocrx_word' id='word_1_609' title='bbox 2138 2442 2271 2483; x_wconf 88' lang='lat' dir='ltr'><strong>.esse</strong></span> <span class='ocrx_word' id='word_1_610' title='bbox 2298 2430 2579 2499; x_wconf 79' lang='lat' dir='ltr'><strong>principia,</strong></span> <span class='ocrx_word' id='word_1_611' title='bbox 2612 2445 2714 2487; x_wconf 89' lang='lat' dir='ltr'><strong>una</strong></span> <span class='ocrx_word' id='word_1_612' title='bbox 2741 2434 2792 2486; x_wconf 92' lang='lat' dir='ltr'><strong>in</strong></span> <span class='ocrx_word' id='word_1_613' title='bbox 2820 2448 3139 2505; x_wconf 83' lang='lat' dir='ltr'><strong>unoquoque</strong></span> <span class='ocrx_word' id='word_1_614' title='bbox 3156 2452 3358 2506; x_wconf 81' lang='lat' dir='ltr'><strong>genere</strong></span> <span class='ocrx_word' id='word_1_615' title='bbox 3384 2451 3489 2495; x_wconf 85' lang='lat' dir='ltr'><strong>est.</strong></span> <span class='ocrx_word' id='word_1_616' title='bbox 3527 2442 3584 2497; x_wconf 87' lang='lat' dir='ltr'><strong>Si</strong></span> <span class='ocrx_word' id='word_1_617' title='bbox 3604 2456 3731 2499; x_wconf 80' lang='lat' dir='ltr'><strong>vero</strong></span> 
     </span>
    </p>
   </div>
   <div class='ocr_carea' id='block_1_84' title="bbox 2152 2523 3732 2603">
    <p class='ocr_par' dir='ltr' id='par_1_84' title="bbox 2152 2523 3732 2603">
     <span class='ocr_line' id='line_1_84' title="bbox 2152 2523 3732 2603; baseline 0.01 -28"><span class='ocrx_word' id='word_1_618' title='bbox 2152 2538 2326 2590; x_wconf 78' lang='lat' dir='ltr'><strong>neque</strong></span> <span class='ocrx_word' id='word_1_619' title='bbox 2352 2538 2415 2577; x_wconf 76' lang='lat' dir='ltr'><strong>ex</strong></span> <span class='ocrx_word' id='word_1_620' title='bbox 2444 2523 2694 2579; x_wconf 88' lang='lat' dir='ltr'><strong>omnibus</strong></span> <span class='ocrx_word' id='word_1_621' title='bbox 2717 2534 2773 2579; x_wconf 92' lang='lat' dir='ltr'><strong>ut</strong></span> <span class='ocrx_word' id='word_1_622' title='bbox 2800 2540 2936 2595; x_wconf 89' lang='lat' dir='ltr'><strong>opus</strong></span> <span class='ocrx_word' id='word_1_623' title='bbox 2963 2537 3048 2582; x_wconf 86' lang='lat' dir='ltr'><strong>est</strong></span> <span class='ocrx_word' id='word_1_624' title='bbox 3079 2529 3438 2586; x_wconf 79' lang='lat' dir='ltr'><strong>demonstrari</strong></span> <span class='ocrx_word' id='word_1_625' title='bbox 3470 2534 3732 2603; x_wconf 87' lang='lat' dir='ltr'><strong>contingit</strong></span> 
     </span>
    </p>
   </div>
   <div class='ocr_carea' id='block_1_85' title="bbox 2150 2614 3733 2691">
    <p class='ocr_par' dir='ltr' id='par_1_85' title="bbox 2150 2614 3733 2691">
     <span class='ocr_line' id='line_1_85' title="bbox 2150 2614 3733 2691; baseline 0.008 -25"><span class='ocrx_word' id='word_1_626' title='bbox 2150 2614 2446 2683; x_wconf 80' lang='lat' dir='ltr'><strong>quodlibet,</strong></span> <span class='ocrx_word' id='word_1_627' title='bbox 2481 2631 2652 2685; x_wconf 91' lang='lat' dir='ltr'><strong>neque</strong></span> <span class='ocrx_word' id='word_1_628' title='bbox 2681 2616 2760 2672; x_wconf 81' lang='lat' dir='ltr'><strong>sic</strong></span> <span class='ocrx_word' id='word_1_629' title='bbox 2787 2632 2851 2672; x_wconf 79' lang='lat' dir='ltr'><strong>ex</strong></span> <span class='ocrx_word' id='word_1_630' title='bbox 2892 2622 3064 2674; x_wconf 88' lang='lat' dir='ltr'><strong>altero</strong></span> <span class='ocrx_word' id='word_1_631' title='bbox 3096 2631 3343 2691; x_wconf 87' lang='lat' dir='ltr'><strong>tauquam</strong></span> <span class='ocrx_word' id='word_1_632' title='bbox 3365 2635 3521 2678; x_wconf 74' lang='lat' dir='ltr'><strong>erum</strong></span> <span class='ocrx_word' id='word_1_633' title='bbox 3549 2627 3733 2679; x_wconf 82' lang='lat' dir='ltr'><strong>unius-</strong></span> 
     </span>
    </p>
   </div>
   <div class='ocr_carea' id='block_1_86' title="bbox 2153 2706 3732 2787">
    <p class='ocr_par' dir='ltr' id='par_1_86' title="bbox 2153 2706 3732 2787">
     <span class='ocr_line' id='line_1_86' title="bbox 2153 2706 3732 2787; baseline 0.01 -30"><span class='ocrx_word' id='word_1_634' title='bbox 2153 2706 2411 2775; x_wconf 79' lang='lat' dir='ltr'><strong>cujusque</strong></span> <span class='ocrx_word' id='word_1_635' title='bbox 2458 2708 2704 2762; x_wconf 73' lang='lat' dir='ltr'><strong>scicntia:</strong></span> <span class='ocrx_word' id='word_1_636' title='bbox 2733 2710 2922 2776; x_wconf 89' lang='lat' dir='ltr'><strong>altera,</strong></span> <span class='ocrx_word' id='word_1_637' title='bbox 2975 2711 3460 2783; x_wconf 85' lang='lat' dir='ltr'><strong>relinquitur-quod</strong></span> <span class='ocrx_word' id='word_1_638' title='bbox 3493 2719 3732 2787; x_wconf 80' lang='lat' dir='ltr'><strong>proxima</strong></span> 
     </span>
    </p>
   </div>
   <div class='ocr_carea' id='block_1_87' title="bbox 2154 2797 3733 2876">
    <p class='ocr_par' dir='ltr' id='par_1_87' title="bbox 2154 2797 3733 2876">
     <span class='ocr_line' id='line_1_87' title="bbox 2154 2797 3733 2876; baseline 0.009 -25"><span class='ocrx_word' id='word_1_639' title='bbox 2154 2797 2262 2851; x_wconf 88' lang='lat' dir='ltr'><strong>sint</strong></span> <span class='ocrx_word' id='word_1_640' title='bbox 2304 2800 2563 2867; x_wconf 86' lang='lat' dir='ltr'><strong>principia</strong></span> <span class='ocrx_word' id='word_1_641' title='bbox 2591 2805 2850 2865; x_wconf 88' lang='lat' dir='ltr'><strong>omnium,</strong></span> <span class='ocrx_word' id='word_1_642' title='bbox 2903 2810 2957 2858; x_wconf 88' lang='lat' dir='ltr'><strong>et</strong></span> <span class='ocrx_word' id='word_1_643' title='bbox 3004 2818 3069 2859; x_wconf 78' lang='lat' dir='ltr'><strong>ex</strong></span> <span class='ocrx_word' id='word_1_644' title='bbox 3116 2805 3198 2861; x_wconf 84' lang='lat' dir='ltr'><strong>his</strong></span> <span class='ocrx_word' id='word_1_645' title='bbox 3246 2807 3460 2876; x_wconf 83' lang='lat' dir='ltr'><strong>quidem</strong></span> <span class='ocrx_word' id='word_1_646' title='bbox 3505 2810 3733 2874; x_wconf 56' lang='lat' dir='ltr'><strong>hac,“</strong></span> 
     </span>
    </p>
   </div>
   <div class='ocr_carea' id='block_1_88' title="bbox 2156 2892 3733 2971">
    <p class='ocr_par' dir='ltr' id='par_1_88' title="bbox 2156 2892 3733 2971">
     <span class='ocr_line' id='line_1_88' title="bbox 2156 2892 3733 2971; baseline 0.008 -27"><span class='ocrx_word' id='word_1_647' title='bbox 2156 2892 2265 2945; x_wconf 91' lang='lat' dir='ltr'><strong>illis</strong></span> <span class='ocrx_word' id='word_1_648' title='bbox 2292 2902 2470 2948; x_wconf 88' lang='lat' dir='ltr'><strong>autem</strong></span> <span class='ocrx_word' id='word_1_649' title='bbox 2514 2894 2623 2948; x_wconf 89' lang='lat' dir='ltr'><strong>illa.</strong></span> <span class='ocrx_word' id='word_1_650' title='bbox 2657 2895 2993 2950; x_wconf 75' lang='lat' dir='ltr'><strong>Manifestum</strong></span> <span class='ocrx_word' id='word_1_651' title='bbox 3033 2907 3211 2952; x_wconf 89' lang='lat' dir='ltr'><strong>autem</strong></span> <span class='ocrx_word' id='word_1_652' title='bbox 3241 2910 3294 2953; x_wconf 91' lang='lat' dir='ltr'><strong>et</strong></span> <span class='ocrx_word' id='word_1_653' title='bbox 3341 2900 3444 2955; x_wconf 87' lang='lat' dir='ltr'><strong>hoc</strong></span> <span class='ocrx_word' id='word_1_654' title='bbox 3471 2912 3570 2966; x_wconf 79' lang='lat' dir='ltr'><strong>est,</strong></span> <span class='ocrx_word' id='word_1_655' title='bbox 3603 2918 3733 2971; x_wconf 80' lang='lat' dir='ltr'><strong>quo-</strong></span> 
     </span>
    </p>
   </div>
   <div class='ocr_carea' id='block_1_89' title="bbox 2156 2985 3732 3060">
    <p class='ocr_par' dir='ltr' id='par_1_89' title="bbox 2156 2985 3732 3060">
     <span class='ocr_line' id='line_1_89' title="bbox 2156 2985 3732 3060; baseline 0.008 -22"><span class='ocrx_word' id='word_1_656' title='bbox 2156 2985 2297 3039; x_wconf 84' lang='lat' dir='ltr'><strong>niam</strong></span> <span class='ocrx_word' id='word_1_657' title='bbox 2320 3000 2432 3041; x_wconf 90' lang='lat' dir='ltr'><strong>non</strong></span> <span class='ocrx_word' id='word_1_658' title='bbox 2453 2989 2731 3055; x_wconf 76' lang='lat' dir='ltr'><strong>contingit,</strong></span> <span class='ocrx_word' id='word_1_659' title='bbox 2757 2998 3107 3043; x_wconf 86' lang='lat' dir='ltr'><strong>monstratum</strong></span> <span class='ocrx_word' id='word_1_660' title='bbox 3128 3000 3211 3045; x_wconf 83' lang='lat' dir='ltr'><strong>est</strong></span> <span class='ocrx_word' id='word_1_661' title='bbox 3232 2992 3375 3045; x_wconf 88' lang='lat' dir='ltr'><strong>enim</strong></span> <span class='ocrx_word' id='word_1_662' title='bbox 3398 2993 3537 3060; x_wconf 88' lang='lat' dir='ltr'><strong>quod</strong></span> <span class='ocrx_word' id='word_1_663' title='bbox 3563 2998 3732 3052; x_wconf 84' lang='lat' dir='ltr'><strong>altera</strong></span> 
     </span>
    </p>
   </div>
   <div class='ocr_carea' id='block_1_90' title="bbox 2159 3078 3733 3154">
    <p class='ocr_par' dir='ltr' id='par_1_90' title="bbox 2159 3078 3733 3154">
     <span class='ocr_line' id='line_1_90' title="bbox 2159 3078 3733 3154; baseline 0.01 -27"><span class='ocrx_word' id='word_1_664' title='bbox 2159 3078 2413 3145; x_wconf 72' lang='lat' dir='ltr'><strong>ptincipia</strong></span> <span class='ocrx_word' id='word_1_665' title='bbox 2458 3092 2655 3146; x_wconf 88' lang='lat' dir='ltr'><strong>genere</strong></span> <span class='ocrx_word' id='word_1_666' title='bbox 2682 3092 2801 3132; x_wconf 75' lang='lat' dir='ltr'><strong>sunt</strong></span> <span class='ocrx_word' id='word_1_667' title='bbox 2830 3078 3189 3135; x_wconf 77' lang='lat' dir='ltr'><strong>differentium</strong></span> <span class='ocrx_word' id='word_1_668' title='bbox 3215 3097 3434 3154; x_wconf 78' lang='lat' dir='ltr'><strong>genere.</strong></span> <span class='ocrx_word' id='word_1_669' title='bbox 3464 3083 3733 3154; x_wconf 81' lang='lat' dir='ltr'><strong>Principia</strong></span> 
     </span>
    </p>
   </div>
   <div class='ocr_carea' id='block_1_91' title="bbox 2155 3153 3732 3245">
    <p class='ocr_par' dir='ltr' id='par_1_91' title="bbox 2155 3153 3732 3245">
     <span class='ocr_line' id='line_1_91' title="bbox 2155 3153 3732 3245; baseline 0.006 -24"><span class='ocrx_word' id='word_1_670' title='bbox 2155 3169 2297 3222; x_wconf 88' lang='lat' dir='ltr'><strong>enim</strong></span> <span class='ocrx_word' id='word_1_671' title='bbox 2322 3168 2549 3236; x_wconf 80' lang='lat' dir='ltr'><strong>duplicia</strong></span> <span class='ocrx_word' id='word_1_672' title='bbox 2577 3180 2719 3233; x_wconf 87' lang='lat' dir='ltr'><strong>sunt,</strong></span> <span class='ocrx_word' id='word_1_673' title='bbox 2754 3184 2824 3224; x_wconf 74' lang='lat' dir='ltr'><strong>ex</strong></span> <span class='ocrx_word' id='word_1_674' title='bbox 2848 3170 3039 3238; x_wconf 80' lang='lat' dir='ltr'><strong>quibus</strong></span> <span class='ocrx_word' id='word_1_675' title='bbox 3068 3174 3282 3227; x_wconf 86' lang='lat' dir='ltr'><strong>etcirca</strong></span> <span class='ocrx_word' id='word_1_676' title='bbox 3311 3153 3482 3241; x_wconf 57' lang='lat' dir='ltr'><strong>quod,</strong></span> <span class='ocrx_word' id='word_1_677' title='bbox 3517 3190 3583 3230; x_wconf 80' lang='lat' dir='ltr'><strong>ex</strong></span> <span class='ocrx_word' id='word_1_678' title='bbox 3613 3153 3732 3245; x_wconf 82' lang='lat' dir='ltr'><strong>qui-</strong></span> 
     </span>
    </p>
   </div>
   <div class='ocr_carea' id='block_1_92' title="bbox 2074 3248 3731 3333">
    <p class='ocr_par' dir='ltr' id='par_1_92' title="bbox 2074 3248 3731 3333">
     <span class='ocr_line' id='line_1_92' title="bbox 2074 3248 3731 3333; baseline 0.006 -20"><span class='ocrx_word' id='word_1_679' title='bbox 2074 3248 2125 3318; x_wconf 85' lang='lat' dir='ltr'><strong><em>C</em></strong></span> <span class='ocrx_word' id='word_1_680' title='bbox 2156 3258 2252 3314; x_wconf 89' lang='lat' dir='ltr'><strong>bus</strong></span> <span class='ocrx_word' id='word_1_681' title='bbox 2294 3259 2503 3327; x_wconf 80' lang='lat' dir='ltr'><strong>quidem</strong></span> <span class='ocrx_word' id='word_1_682' title='bbox 2534 3259 2711 3328; x_wconf 87' lang='lat' dir='ltr'><strong>igitur,</strong></span> <span class='ocrx_word' id='word_1_683' title='bbox 2746 3263 3046 3316; x_wconf 88' lang='lat' dir='ltr'><strong>communia</strong></span> <span class='ocrx_word' id='word_1_684' title='bbox 3078 3272 3217 3323; x_wconf 90' lang='lat' dir='ltr'><strong>sunt,</strong></span> <span class='ocrx_word' id='word_1_685' title='bbox 3253 3280 3371 3333; x_wconf 73' lang='lat' dir='ltr'><strong>qua:</strong></span> <span class='ocrx_word' id='word_1_686' title='bbox 3401 3275 3577 3320; x_wconf 88' lang='lat' dir='ltr'><strong>autem</strong></span> <span class='ocrx_word' id='word_1_687' title='bbox 3607 3276 3731 3325; x_wconf 87' lang='lat' dir='ltr'><strong>sunt</strong></span> 
     </span>
    </p>
   </div>
   <div class='ocr_carea' id='block_1_93' title="bbox 2154 3350 3722 3429">
    <p class='ocr_par' dir='ltr' id='par_1_93' title="bbox 2154 3350 3722 3429">
     <span class='ocr_line' id='line_1_93' title="bbox 2154 3350 3722 3429; baseline 0.008 -26"><span class='ocrx_word' id='word_1_688' title='bbox 2154 3350 2293 3404; x_wconf 79' lang='lat' dir='ltr'><strong>circa</strong></span> <span class='ocrx_word' id='word_1_689' title='bbox 2341 3351 2506 3420; x_wconf 80' lang='lat' dir='ltr'><strong>quod,</strong></span> <span class='ocrx_word' id='word_1_690' title='bbox 2556 3352 2771 3421; x_wconf 90' lang='lat' dir='ltr'><strong>propria</strong></span> <span class='ocrx_word' id='word_1_691' title='bbox 2822 3362 2967 3429; x_wconf 85' lang='lat' dir='ltr'><strong>sunt,</strong></span> <span class='ocrx_word' id='word_1_692' title='bbox 3002 3361 3058 3406; x_wconf 87' lang='lat' dir='ltr'><strong>ut</strong></span> <span class='ocrx_word' id='word_1_693' title='bbox 3081 3369 3365 3421; x_wconf 88' lang='lat' dir='ltr'><strong>numerus,</strong></span> <span class='ocrx_word' id='word_1_694' title='bbox 3397 3358 3722 3428; x_wconf 84' lang='lat' dir='ltr'><strong>magnitudo.</strong></span> 
     </span>
    </p>
   </div>
   <div class='ocr_carea' id='block_1_94' title="bbox 2707 3464 3164 3522">
    <p class='ocr_par' dir='ltr' id='par_1_94' title="bbox 2707 3464 3164 3522">
     <span class='ocr_line' id='line_1_94' title="bbox 2707 3464 3164 3522; baseline 0 -3"><span class='ocrx_word' id='word_1_695' title='bbox 2707 3464 2936 3521; x_wconf 84' lang='lat' dir='ltr'><strong>CAPUT</strong></span> <span class='ocrx_word' id='word_1_696' title='bbox 2978 3465 3164 3522; x_wconf 76' lang='lat' dir='ltr'><strong>XXVI.</strong></span> 
     </span>
    </p>
   </div>
   <div class='ocr_carea' id='block_1_95' title="bbox 2225 3555 3658 3632">
    <p class='ocr_par' dir='ltr' id='par_1_95' title="bbox 2225 3555 3658 3632">
     <span class='ocr_line' id='line_1_95' title="bbox 2225 3555 3658 3632; baseline 0.005 -23"><span class='ocrx_word' id='word_1_697' title='bbox 2225 3555 2375 3621; x_wconf 83' lang='lat' dir='ltr'><strong>Quod</strong></span> <span class='ocrx_word' id='word_1_698' title='bbox 2405 3557 2619 3609; x_wconf 84' lang='lat' dir='ltr'><strong>scientia</strong></span> <span class='ocrx_word' id='word_1_699' title='bbox 2647 3565 2693 3610; x_wconf 79' lang='lat' dir='ltr'><strong>et</strong></span> <span class='ocrx_word' id='word_1_700' title='bbox 2728 3558 2902 3632; x_wconf 72' lang='lat' dir='ltr'><strong>scibile</strong></span> <span class='ocrx_word' id='word_1_701' title='bbox 2931 3558 2994 3611; x_wconf 82' lang='lat' dir='ltr'><strong>ob</strong></span> <span class='ocrx_word' id='word_1_702' title='bbox 3025 3560 3318 3626; x_wconf 75' lang='lat' dir='ltr'><strong>opinatione</strong></span> <span class='ocrx_word' id='word_1_703' title='bbox 3343 3571 3388 3614; x_wconf 83' lang='lat' dir='ltr'><strong>et</strong></span> <span class='ocrx_word' id='word_1_704' title='bbox 3418 3563 3658 3632; x_wconf 81' lang='lat' dir='ltr'><strong>opinabili</strong></span> 
     </span>
    </p>
   </div>
   <div class='ocr_carea' id='block_1_96' title="bbox 2788 3628 3089 3700">
    <p class='ocr_par' dir='ltr' id='par_1_96' title="bbox 2788 3628 3089 3700">
     <span class='ocr_line' id='line_1_96' title="bbox 2788 3628 3089 3700; baseline 0.007 -20"><span class='ocrx_word' id='word_1_705' title='bbox 2788 3628 3089 3700; x_wconf 82' lang='lat' dir='ltr'><strong>discrepent.</strong></span> 
     </span>
    </p>
   </div>
   <div class='ocr_carea' id='block_1_97' title="bbox 2219 3740 3732 3815">
    <p class='ocr_par' dir='ltr' id='par_1_97' title="bbox 2219 3740 3732 3815">
     <span class='ocr_line' id='line_1_97' title="bbox 2219 3740 3732 3815; baseline 0.007 -21"><span class='ocrx_word' id='word_1_706' title='bbox 2219 3740 2419 3794; x_wconf 81' lang='lat' dir='ltr'><strong>Scihile</strong></span> <span class='ocrx_word' id='word_1_707' title='bbox 2454 3750 2631 3795; x_wconf 90' lang='lat' dir='ltr'><strong>autem</strong></span> <span class='ocrx_word' id='word_1_708' title='bbox 2671 3750 2724 3794; x_wconf 90' lang='lat' dir='ltr'><strong>et</strong></span> <span class='ocrx_word' id='word_1_709' title='bbox 2764 3742 2993 3796; x_wconf 90' lang='lat' dir='ltr'><strong>scientia</strong></span> <span class='ocrx_word' id='word_1_710' title='bbox 3024 3742 3275 3797; x_wconf 82' lang='lat' dir='ltr'><strong>differunt</strong></span> <span class='ocrx_word' id='word_1_711' title='bbox 3300 3744 3368 3798; x_wconf 92' lang='lat' dir='ltr'><strong>ab</strong></span> <span class='ocrx_word' id='word_1_712' title='bbox 3394 3745 3645 3815; x_wconf 83' lang='lat' dir='ltr'><strong>opinabili</strong></span> <span class='ocrx_word' id='word_1_713' title='bbox 3678 3753 3732 3804; x_wconf 82' lang='lat' dir='ltr'><strong>et</strong></span> 
     </span>
    </p>
   </div>
   <div class='ocr_carea' id='block_1_98' title="bbox 2149 3829 3728 3903">
    <p class='ocr_par' dir='ltr' id='par_1_98' title="bbox 2149 3829 3728 3903">
     <span class='ocr_line' id='line_1_98' title="bbox 2149 3829 3728 3903; baseline 0.006 -20"><span class='ocrx_word' id='word_1_714' title='bbox 2149 3829 2419 3897; x_wconf 81' lang='lat' dir='ltr'><strong>Opinione,</strong></span> <span class='ocrx_word' id='word_1_715' title='bbox 2451 3831 2701 3899; x_wconf 83' lang='lat' dir='ltr'><strong>quoniam</strong></span> <span class='ocrx_word' id='word_1_716' title='bbox 2730 3832 2951 3885; x_wconf 87' lang='lat' dir='ltr'><strong>scientia</strong></span> <span class='ocrx_word' id='word_1_717' title='bbox 3002 3832 3320 3887; x_wconf 85' lang='lat' dir='ltr'><strong>universalis</strong></span> <span class='ocrx_word' id='word_1_718' title='bbox 3349 3844 3405 3887; x_wconf 92' lang='lat' dir='ltr'><strong>et</strong></span> <span class='ocrx_word' id='word_1_719' title='bbox 3444 3851 3728 3903; x_wconf 86' lang='lat' dir='ltr'><strong>perneces-</strong></span> 
     </span>
    </p>
   </div>
   <div class='ocr_carea' id='block_1_99' title="bbox 2149 3921 3732 3993">
    <p class='ocr_par' dir='ltr' id='par_1_99' title="bbox 2149 3921 3732 3993">
     <span class='ocr_line' id='line_1_99' title="bbox 2149 3921 3732 3993; baseline 0.005 -18"><span class='ocrx_word' id='word_1_720' title='bbox 2149 3923 2289 3975; x_wconf 84' lang='lat' dir='ltr'><strong>saria</strong></span> <span class='ocrx_word' id='word_1_721' title='bbox 2314 3930 2415 3985; x_wconf 88' lang='lat' dir='ltr'><strong>est,</strong></span> <span class='ocrx_word' id='word_1_722' title='bbox 2449 3921 2809 3985; x_wconf 85' lang='lat' dir='ltr'><strong>necessarium</strong></span> <span class='ocrx_word' id='word_1_723' title='bbox 2838 3934 3015 3975; x_wconf 87' lang='lat' dir='ltr'><strong>autem</strong></span> <span class='ocrx_word' id='word_1_724' title='bbox 3057 3938 3160 3977; x_wconf 93' lang='lat' dir='ltr'><strong>non</strong></span> <span class='ocrx_word' id='word_1_725' title='bbox 3191 3924 3451 3993; x_wconf 86' lang='lat' dir='ltr'><strong>contingit</strong></span> <span class='ocrx_word' id='word_1_726' title='bbox 3482 3928 3639 3982; x_wconf 90' lang='lat' dir='ltr'><strong>aliter</strong></span> <span class='ocrx_word' id='word_1_727' title='bbox 3671 3944 3732 3983; x_wconf 87' lang='lat' dir='ltr'><strong>se</strong></span> 
     </span>
    </p>
   </div>
   <div class='ocr_carea' id='block_1_100' title="bbox 2152 3998 3731 4087">
    <p class='ocr_par' dir='ltr' id='par_1_100' title="bbox 2152 3998 3731 4087">
     <span class='ocr_line' id='line_1_100' title="bbox 2152 3998 3731 4087; baseline 0.008 -25"><span class='ocrx_word' id='word_1_728' title='bbox 2152 4013 2368 4066; x_wconf 88' lang='lat' dir='ltr'><strong>habere.</strong></span> <span class='ocrx_word' id='word_1_729' title='bbox 2420 4013 2556 4064; x_wconf 82' lang='lat' dir='ltr'><strong>Sunt</strong></span> <span class='ocrx_word' id='word_1_730' title='bbox 2605 3998 2782 4065; x_wconf 83' lang='lat' dir='ltr'><strong>autem</strong></span> <span class='ocrx_word' id='word_1_731' title='bbox 2828 4011 3073 4079; x_wconf 66' lang='lat' dir='ltr'><strong>quaedam</strong></span> <span class='ocrx_word' id='word_1_732' title='bbox 3130 4028 3294 4079; x_wconf 88' lang='lat' dir='ltr'><strong>vera,</strong></span> <span class='ocrx_word' id='word_1_733' title='bbox 3324 4031 3443 4083; x_wconf 76' lang='lat' dir='ltr'><strong>qua:</strong></span> <span class='ocrx_word' id='word_1_734' title='bbox 3473 4020 3731 4087; x_wconf 87' lang='lat' dir='ltr'><strong>contingit</strong></span> 
     </span>
    </p>
   </div>
   <div class='ocr_carea' id='block_1_101' title="bbox 2149 4100 3729 4174">
    <p class='ocr_par' dir='ltr' id='par_1_101' title="bbox 2149 4100 3729 4174">
     <span class='ocr_line' id='line_1_101' title="bbox 2149 4100 3729 4174; baseline 0.005 -21"><span class='ocrx_word' id='word_1_735' title='bbox 2149 4102 2307 4156; x_wconf 82' lang='lat' dir='ltr'><strong>aliter</strong></span> <span class='ocrx_word' id='word_1_736' title='bbox 2351 4117 2409 4155; x_wconf 91' lang='lat' dir='ltr'><strong>se</strong></span> <span class='ocrx_word' id='word_1_737' title='bbox 2456 4102 2678 4166; x_wconf 87' lang='lat' dir='ltr'><strong>habere,</strong></span> <span class='ocrx_word' id='word_1_738' title='bbox 2730 4100 3074 4157; x_wconf 87' lang='lat' dir='ltr'><strong>manifestum</strong></span> <span class='ocrx_word' id='word_1_739' title='bbox 3115 4112 3197 4155; x_wconf 87' lang='lat' dir='ltr'><strong>est</strong></span> <span class='ocrx_word' id='word_1_740' title='bbox 3228 4103 3385 4172; x_wconf 84' lang='lat' dir='ltr'><strong>igitur</strong></span> <span class='ocrx_word' id='word_1_741' title='bbox 3414 4107 3556 4174; x_wconf 86' lang='lat' dir='ltr'><strong>quod</strong></span> <span class='ocrx_word' id='word_1_742' title='bbox 3585 4108 3729 4162; x_wconf 90' lang='lat' dir='ltr'><strong>circa</strong></span> 
     </span>
    </p>
   </div>
   <div class='ocr_carea' id='block_1_102' title="bbox 2150 4193 3730 4266">
    <p class='ocr_par' dir='ltr' id='par_1_102' title="bbox 2150 4193 3730 4266">
     <span class='ocr_line' id='line_1_102' title="bbox 2150 4193 3730 4266; baseline 0.005 -19"><span class='ocrx_word' id='word_1_743' title='bbox 2150 4193 2265 4247; x_wconf 72' lang='lat' dir='ltr'><strong>hrcc</strong></span> <span class='ocrx_word' id='word_1_744' title='bbox 2317 4194 2538 4247; x_wconf 86' lang='lat' dir='ltr'><strong>scientia</strong></span> <span class='ocrx_word' id='word_1_745' title='bbox 2570 4208 2673 4249; x_wconf 92' lang='lat' dir='ltr'><strong>non</strong></span> <span class='ocrx_word' id='word_1_746' title='bbox 2702 4202 2807 4259; x_wconf 85' lang='lat' dir='ltr'><strong>est,</strong></span> <span class='ocrx_word' id='word_1_747' title='bbox 2850 4201 3033 4248; x_wconf 83' lang='lat' dir='ltr'><strong>essent</strong></span> <span class='ocrx_word' id='word_1_748' title='bbox 3058 4195 3199 4249; x_wconf 90' lang='lat' dir='ltr'><strong>enim</strong></span> <span class='ocrx_word' id='word_1_749' title='bbox 3246 4194 3429 4265; x_wconf 88' lang='lat' dir='ltr'><strong>tttique</strong></span> <span class='ocrx_word' id='word_1_750' title='bbox 3484 4198 3730 4266; x_wconf 70' lang='lat' dir='ltr'><strong>itupoasi~</strong></span> 
     </span>
    </p>
   </div>
   <div class='ocr_carea' id='block_1_103' title="bbox 2148 4288 3729 4362">
    <p class='ocr_par' dir='ltr' id='par_1_103' title="bbox 2148 4288 3729 4362">
     <span class='ocr_line' id='line_1_103' title="bbox 2148 4288 3729 4362; baseline 0.003 -19"><span class='ocrx_word' id='word_1_751' title='bbox 2148 4289 2273 4343; x_wconf 85' lang='lat' dir='ltr'><strong>bilia</strong></span> <span class='ocrx_word' id='word_1_752' title='bbox 2304 4289 2462 4343; x_wconf 80' lang='lat' dir='ltr'><strong>aliter</strong></span> <span class='ocrx_word' id='word_1_753' title='bbox 2506 4304 2566 4344; x_wconf 88' lang='lat' dir='ltr'><strong>se</strong></span> <span class='ocrx_word' id='word_1_754' title='bbox 2608 4288 2825 4344; x_wconf 86' lang='lat' dir='ltr'><strong>habere.</strong></span> <span class='ocrx_word' id='word_1_755' title='bbox 2875 4290 2947 4345; x_wconf 80' lang='lat' dir='ltr'><strong>At</strong></span> <span class='ocrx_word' id='word_1_756' title='bbox 2994 4304 3123 4345; x_wconf 84' lang='lat' dir='ltr'><strong>vero</strong></span> <span class='ocrx_word' id='word_1_757' title='bbox 3171 4305 3347 4361; x_wconf 81' lang='lat' dir='ltr'><strong>neque</strong></span> <span class='ocrx_word' id='word_1_758' title='bbox 3396 4290 3729 4362; x_wconf 86' lang='lat' dir='ltr'><strong>intellectus,</strong></span> 
     </span>
    </p>
   </div>
   <div class='ocr_carea' id='block_1_104' title="bbox 2149 4380 3730 4451">
    <p class='ocr_par' dir='ltr' id='par_1_104' title="bbox 2149 4380 3730 4451">
     <span class='ocr_line' id='line_1_104' title="bbox 2149 4380 3730 4451; baseline 0.003 -17"><span class='ocrx_word' id='word_1_759' title='bbox 2149 4380 2269 4434; x_wconf 84' lang='lat' dir='ltr'><strong>dico</strong></span> <span class='ocrx_word' id='word_1_760' title='bbox 2297 4380 2439 4436; x_wconf 86' lang='lat' dir='ltr'><strong>enim</strong></span> <span class='ocrx_word' id='word_1_761' title='bbox 2487 4380 2811 4436; x_wconf 79' lang='lat' dir='ltr'><strong>intellecmm</strong></span> <span class='ocrx_word' id='word_1_762' title='bbox 2845 4380 3164 4451; x_wconf 83' lang='lat' dir='ltr'><strong>principium</strong></span> <span class='ocrx_word' id='word_1_763' title='bbox 3193 4395 3315 4437; x_wconf 79' lang='lat' dir='ltr'><strong>esse</strong></span> <span class='ocrx_word' id='word_1_764' title='bbox 3346 4381 3611 4451; x_wconf 66' lang='lat' dir='ltr'><strong>scientia,</strong></span> <span class='ocrx_word' id='word_1_765' title='bbox 3636 4398 3730 4439; x_wconf 86' lang='lat' dir='ltr'><strong>ne-</strong></span> 
     </span>
    </p>
   </div>
   <div class='ocr_carea' id='block_1_105' title="bbox 2150 4472 3730 4541">
    <p class='ocr_par' dir='ltr' id='par_1_105' title="bbox 2150 4472 3730 4541">
     <span class='ocr_line' id='line_1_105' title="bbox 2150 4472 3730 4541; baseline 0.004 -17"><span class='ocrx_word' id='word_1_766' title='bbox 2150 4487 2255 4541; x_wconf 92' lang='lat' dir='ltr'><strong>que</strong></span> <span class='ocrx_word' id='word_1_767' title='bbox 2300 4472 2524 4526; x_wconf 87' lang='lat' dir='ltr'><strong>scientia</strong></span> <span class='ocrx_word' id='word_1_768' title='bbox 2552 4472 3063 4536; x_wconf 87' lang='lat' dir='ltr'><strong>indemonstrabilis,</strong></span> <span class='ocrx_word' id='word_1_769' title='bbox 3096 4472 3215 4526; x_wconf 66' lang='lat' dir='ltr'><strong>haec</strong></span> <span class='ocrx_word' id='word_1_770' title='bbox 3257 4481 3436 4529; x_wconf 89' lang='lat' dir='ltr'><strong>autem</strong></span> <span class='ocrx_word' id='word_1_771' title='bbox 3466 4481 3549 4529; x_wconf 85' lang='lat' dir='ltr'><strong>est</strong></span> <span class='ocrx_word' id='word_1_772' title='bbox 3576 4488 3730 4530; x_wconf 86' lang='lat' dir='ltr'><strong>acce-</strong></span> 
     </span>
    </p>
   </div>
   <div class='ocr_carea' id='block_1_106' title="bbox 2152 4561 3731 4630">
    <p class='ocr_par' dir='ltr' id='par_1_106' title="bbox 2152 4561 3731 4630">
     <span class='ocr_line' id='line_1_106' title="bbox 2152 4561 3731 4630; baseline 0.006 -17"><span class='ocrx_word' id='word_1_773' title='bbox 2152 4564 2260 4630; x_wconf 89' lang='lat' dir='ltr'><strong>ptio</strong></span> <span class='ocrx_word' id='word_1_774' title='bbox 2291 4563 2607 4617; x_wconf 69' lang='lat' dir='ltr'><strong>imtnediatte</strong></span> <span class='ocrx_word' id='word_1_775' title='bbox 2650 4561 3061 4630; x_wconf 64' lang='lat' dir='ltr'><strong>propositionis,</strong></span> <span class='ocrx_word' id='word_1_776' title='bbox 3094 4578 3251 4617; x_wconf 89' lang='lat' dir='ltr'><strong>verus</strong></span> <span class='ocrx_word' id='word_1_777' title='bbox 3291 4564 3435 4620; x_wconf 91' lang='lat' dir='ltr'><strong>enim</strong></span> <span class='ocrx_word' id='word_1_778' title='bbox 3466 4579 3549 4622; x_wconf 89' lang='lat' dir='ltr'><strong>est</strong></span> <span class='ocrx_word' id='word_1_779' title='bbox 3574 4568 3731 4623; x_wconf 79' lang='lat' dir='ltr'><strong>intel-</strong></span> 
     </span>
    </p>
   </div>
   <div class='ocr_carea' id='block_1_107' title="bbox 2154 4651 3729 4722">
    <p class='ocr_par' dir='ltr' id='par_1_107' title="bbox 2154 4651 3729 4722">
     <span class='ocr_line' id='line_1_107' title="bbox 2154 4651 3729 4722; baseline 0.006 -17"><span class='ocrx_word' id='word_1_780' title='bbox 2154 4651 2341 4714; x_wconf 84' lang='lat' dir='ltr'><strong>lectus,</strong></span> <span class='ocrx_word' id='word_1_781' title='bbox 2368 4661 2422 4706; x_wconf 90' lang='lat' dir='ltr'><strong>et</strong></span> <span class='ocrx_word' id='word_1_782' title='bbox 2445 4652 2692 4717; x_wconf 88' lang='lat' dir='ltr'><strong>scientia,</strong></span> <span class='ocrx_word' id='word_1_783' title='bbox 2721 4660 2776 4705; x_wconf 88' lang='lat' dir='ltr'><strong>et</strong></span> <span class='ocrx_word' id='word_1_784' title='bbox 2803 4652 3006 4719; x_wconf 90' lang='lat' dir='ltr'><strong>opinio,</strong></span> <span class='ocrx_word' id='word_1_785' title='bbox 3030 4664 3085 4707; x_wconf 91' lang='lat' dir='ltr'><strong>et</strong></span> <span class='ocrx_word' id='word_1_786' title='bbox 3105 4653 3231 4722; x_wconf 87' lang='lat' dir='ltr'><strong>quid</strong></span> <span class='ocrx_word' id='word_1_787' title='bbox 3256 4669 3350 4722; x_wconf 89' lang='lat' dir='ltr'><strong>per</strong></span> <span class='ocrx_word' id='word_1_788' title='bbox 3374 4655 3490 4711; x_wconf 70' lang='lat' dir='ltr'><strong>haec</strong></span> <span class='ocrx_word' id='word_1_789' title='bbox 3514 4658 3729 4715; x_wconf 88' lang='lat' dir='ltr'><strong>dicitur.</strong></span> 
     </span>
    </p>
   </div>
   <div class='ocr_carea' id='block_1_108' title="bbox 2152 4742 3733 4821">
    <p class='ocr_par' dir='ltr' id='par_1_108' title="bbox 2152 4742 3733 4821">
     <span class='ocr_line' id='line_1_108' title="bbox 2152 4742 3733 4821; baseline 0.005 -24"><span class='ocrx_word' id='word_1_790' title='bbox 2152 4746 2326 4809; x_wconf 80' lang='lat' dir='ltr'><strong>Quare</strong></span> <span class='ocrx_word' id='word_1_791' title='bbox 2356 4744 2676 4813; x_wconf 82' lang='lat' dir='ltr'><strong>relinquitur</strong></span> <span class='ocrx_word' id='word_1_792' title='bbox 2705 4742 3012 4813; x_wconf 86' lang='lat' dir='ltr'><strong>opinionem</strong></span> <span class='ocrx_word' id='word_1_793' title='bbox 3052 4758 3174 4800; x_wconf 85' lang='lat' dir='ltr'><strong>esse</strong></span> <span class='ocrx_word' id='word_1_794' title='bbox 3218 4746 3367 4803; x_wconf 85' lang='lat' dir='ltr'><strong>circa</strong></span> <span class='ocrx_word' id='word_1_795' title='bbox 3396 4763 3583 4805; x_wconf 86' lang='lat' dir='ltr'><strong>verum</strong></span> <span class='ocrx_word' id='word_1_796' title='bbox 3613 4753 3733 4821; x_wconf 86' lang='lat' dir='ltr'><strong>qui-</strong></span> 
     </span>
    </p>
   </div>
   <div class='ocr_carea' id='block_1_109' title="bbox 2151 4833 3733 4903">
    <p class='ocr_par' dir='ltr' id='par_1_109' title="bbox 2151 4833 3733 4903">
     <span class='ocr_line' id='line_1_109' title="bbox 2151 4833 3733 4903; baseline 0.008 -16"><span class='ocrx_word' id='word_1_797' title='bbox 2151 4833 2296 4901; x_wconf 89' lang='lat' dir='ltr'><strong>dem,</strong></span> <span class='ocrx_word' id='word_1_798' title='bbox 2331 4843 2425 4889; x_wconf 87' lang='lat' dir='ltr'><strong>aut</strong></span> <span class='ocrx_word' id='word_1_799' title='bbox 2452 4834 2642 4887; x_wconf 86' lang='lat' dir='ltr'><strong>falsum</strong></span> <span class='ocrx_word' id='word_1_800' title='bbox 2666 4876 2682 4901; x_wconf 92' lang='lat'><strong>,</strong></span> <span class='ocrx_word' id='word_1_801' title='bbox 2711 4836 3027 4903; x_wconf 85' lang='lat' dir='ltr'><strong>contingens</strong></span> <span class='ocrx_word' id='word_1_802' title='bbox 3069 4846 3245 4891; x_wconf 84' lang='lat' dir='ltr'><strong>autem</strong></span> <span class='ocrx_word' id='word_1_803' title='bbox 3275 4850 3359 4893; x_wconf 87' lang='lat' dir='ltr'><strong>est</strong></span> <span class='ocrx_word' id='word_1_804' title='bbox 3397 4850 3453 4894; x_wconf 90' lang='lat' dir='ltr'><strong>et</strong></span> <span class='ocrx_word' id='word_1_805' title='bbox 3493 4841 3649 4896; x_wconf 89' lang='lat' dir='ltr'><strong>aliter</strong></span> <span class='ocrx_word' id='word_1_806' title='bbox 3676 4857 3733 4899; x_wconf 87' lang='lat' dir='ltr'><strong>se</strong></span> 
     </span>
    </p>
   </div>
   <div class='ocr_carea' id='block_1_110' title="bbox 2153 4927 3732 5005">
    <p class='ocr_par' dir='ltr' id='par_1_110' title="bbox 2153 4927 3732 5005">
     <span class='ocr_line' id='line_1_110' title="bbox 2153 4927 3732 5005; baseline 0.006 -24"><span class='ocrx_word' id='word_1_807' title='bbox 2153 4927 2373 4982; x_wconf 85' lang='lat' dir='ltr'><strong>habere.</strong></span> <span class='ocrx_word' id='word_1_808' title='bbox 2418 4928 2528 4982; x_wconf 91' lang='lat' dir='ltr'><strong>lloc</strong></span> <span class='ocrx_word' id='word_1_809' title='bbox 2560 4938 2736 4982; x_wconf 80' lang='lat' dir='ltr'><strong>autem</strong></span> <span class='ocrx_word' id='word_1_810' title='bbox 2762 4938 2847 4983; x_wconf 89' lang='lat' dir='ltr'><strong>est</strong></span> <span class='ocrx_word' id='word_1_811' title='bbox 2875 4930 3116 4999; x_wconf 77' lang='lat' dir='ltr'><strong>acceptio</strong></span> <span class='ocrx_word' id='word_1_812' title='bbox 3142 4931 3461 4989; x_wconf 72' lang='lat' dir='ltr'><strong>immediate:</strong></span> <span class='ocrx_word' id='word_1_813' title='bbox 3491 4937 3732 5005; x_wconf 81' lang='lat' dir='ltr'><strong>proposi-</strong></span> 
     </span>
    </p>
   </div>
   <div class='ocr_carea' id='block_1_111' title="bbox 2158 5020 3733 5097">
    <p class='ocr_par' dir='ltr' id='par_1_111' title="bbox 2158 5020 3733 5097">
     <span class='ocr_line' id='line_1_111' title="bbox 2158 5020 3733 5097; baseline 0.004 -22"><span class='ocrx_word' id='word_1_814' title='bbox 2158 5020 2343 5086; x_wconf 86' lang='lat' dir='ltr'><strong>tionis,</strong></span> <span class='ocrx_word' id='word_1_815' title='bbox 2374 5031 2429 5076; x_wconf 88' lang='lat' dir='ltr'><strong>et</strong></span> <span class='ocrx_word' id='word_1_816' title='bbox 2469 5035 2575 5075; x_wconf 90' lang='lat' dir='ltr'><strong>non</strong></span> <span class='ocrx_word' id='word_1_817' title='bbox 2606 5023 2944 5078; x_wconf 61' lang='lat' dir='ltr'><strong>necessaria}.</strong></span> <span class='ocrx_word' id='word_1_818' title='bbox 2976 5020 3194 5078; x_wconf 83' lang='lat' dir='ltr'><strong>Certum</strong></span> <span class='ocrx_word' id='word_1_819' title='bbox 3224 5034 3400 5080; x_wconf 88' lang='lat' dir='ltr'><strong>autem</strong></span> <span class='ocrx_word' id='word_1_820' title='bbox 3427 5036 3510 5081; x_wconf 90' lang='lat' dir='ltr'><strong>est</strong></span> <span class='ocrx_word' id='word_1_821' title='bbox 3537 5031 3613 5082; x_wconf 91' lang='lat' dir='ltr'><strong>sic</strong></span> <span class='ocrx_word' id='word_1_822' title='bbox 3641 5042 3733 5097; x_wconf 83' lang='lat' dir='ltr'><strong>ap-</strong></span> 
     </span>
    </p>
   </div>
   <div class='ocr_carea' id='block_1_112' title="bbox 2158 5114 3732 5189">
    <p class='ocr_par' dir='ltr' id='par_1_112' title="bbox 2158 5114 3732 5189">
     <span class='ocr_line' id='line_1_112' title="bbox 2158 5114 3732 5189; baseline 0.004 -23"><span class='ocrx_word' id='word_1_823' title='bbox 2158 5114 2487 5184; x_wconf 83' lang='lat' dir='ltr'><strong>parentibus,</strong></span> <span class='ocrx_word' id='word_1_824' title='bbox 2520 5114 2702 5184; x_wconf 91' lang='lat' dir='ltr'><strong>opinio</strong></span> <span class='ocrx_word' id='word_1_825' title='bbox 2730 5114 2781 5169; x_wconf 90' lang='lat' dir='ltr'><strong>ei</strong></span> <span class='ocrx_word' id='word_1_826' title='bbox 2808 5114 3071 5169; x_wconf 87' lang='lat' dir='ltr'><strong>incertum</strong></span> <span class='ocrx_word' id='word_1_827' title='bbox 3103 5124 3205 5180; x_wconf 86' lang='lat' dir='ltr'><strong>est,</strong></span> <span class='ocrx_word' id='word_1_828' title='bbox 3246 5125 3301 5171; x_wconf 86' lang='lat' dir='ltr'><strong>et</strong></span> <span class='ocrx_word' id='word_1_829' title='bbox 3327 5126 3513 5171; x_wconf 74' lang='lat' dir='ltr'><strong>natura</strong></span> <span class='ocrx_word' id='word_1_830' title='bbox 3548 5118 3732 5189; x_wconf 86' lang='lat' dir='ltr'><strong>hujus-</strong></span> 
     </span>
    </p>
   </div>
   <div class='ocr_carea' id='block_1_113' title="bbox 2156 5205 3732 5278">
    <p class='ocr_par' dir='ltr' id='par_1_113' title="bbox 2156 5205 3732 5278">
     <span class='ocr_line' id='line_1_113' title="bbox 2156 5205 3732 5278; baseline 0.003 -19"><span class='ocrx_word' id='word_1_831' title='bbox 2156 5206 2302 5260; x_wconf 91' lang='lat' dir='ltr'><strong>modi</strong></span> <span class='ocrx_word' id='word_1_832' title='bbox 2353 5216 2457 5263; x_wconf 88' lang='lat' dir='ltr'><strong>est.</strong></span> <span class='ocrx_word' id='word_1_833' title='bbox 2505 5205 2694 5261; x_wconf 84' lang='lat' dir='ltr'><strong>Adhuc</strong></span> <span class='ocrx_word' id='word_1_834' title='bbox 2735 5215 2911 5261; x_wconf 85' lang='lat' dir='ltr'><strong>autem</strong></span> <span class='ocrx_word' id='word_1_835' title='bbox 2962 5206 3139 5261; x_wconf 87' lang='lat' dir='ltr'><strong>nullus</strong></span> <span class='ocrx_word' id='word_1_836' title='bbox 3186 5207 3473 5262; x_wconf 82' lang='lat' dir='ltr'><strong>arbitratur</strong></span> <span class='ocrx_word' id='word_1_837' title='bbox 3498 5210 3732 5278; x_wconf 78' lang='lat' dir='ltr'><strong>apinari,</strong></span> 
     </span>
    </p>
   </div>
   <div class='ocr_carea' id='block_1_114' title="bbox 2156 5299 3733 5369">
    <p class='ocr_par' dir='ltr' id='par_1_114' title="bbox 2156 5299 3733 5369">
     <span class='ocr_line' id='line_1_114' title="bbox 2156 5299 3733 5369; baseline 0.003 -17"><span class='ocrx_word' id='word_1_838' title='bbox 2156 5314 2275 5353; x_wconf 90' lang='lat' dir='ltr'><strong>cum</strong></span> <span class='ocrx_word' id='word_1_839' title='bbox 2303 5301 2551 5369; x_wconf 89' lang='lat' dir='ltr'><strong>opinetur</strong></span> <span class='ocrx_word' id='word_1_840' title='bbox 2582 5299 2908 5369; x_wconf 89' lang='lat' dir='ltr'><strong>impossibile</strong></span> <span class='ocrx_word' id='word_1_841' title='bbox 2934 5300 3090 5355; x_wconf 88' lang='lat' dir='ltr'><strong>aliter</strong></span> <span class='ocrx_word' id='word_1_842' title='bbox 3115 5314 3177 5355; x_wconf 88' lang='lat' dir='ltr'><strong>se</strong></span> <span class='ocrx_word' id='word_1_843' title='bbox 3206 5299 3425 5362; x_wconf 76' lang='lat' dir='ltr'><strong>habere,</strong></span> <span class='ocrx_word' id='word_1_844' title='bbox 3455 5301 3549 5357; x_wconf 90' lang='lat' dir='ltr'><strong>sed</strong></span> <span class='ocrx_word' id='word_1_845' title='bbox 3564 5303 3733 5367; x_wconf 72' lang='lat' dir='ltr'><strong>scire,</strong></span> 
     </span>
    </p>
   </div>
   <div class='ocr_carea' id='block_1_115' title="bbox 2156 5390 3731 5462">
    <p class='ocr_par' dir='ltr' id='par_1_115' title="bbox 2156 5390 3731 5462">
     <span class='ocr_line' id='line_1_115' title="bbox 2156 5390 3731 5462; baseline 0.003 -17"><span class='ocrx_word' id='word_1_846' title='bbox 2156 5392 2249 5445; x_wconf 89' lang='lat' dir='ltr'><strong>sed</strong></span> <span class='ocrx_word' id='word_1_847' title='bbox 2280 5392 2491 5461; x_wconf 88' lang='lat' dir='ltr'><strong>quando</strong></span> <span class='ocrx_word' id='word_1_848' title='bbox 2526 5406 2644 5446; x_wconf 90' lang='lat' dir='ltr'><strong>esse</strong></span> <span class='ocrx_word' id='word_1_849' title='bbox 2669 5390 2880 5462; x_wconf 86' lang='lat' dir='ltr'><strong>quidem</strong></span> <span class='ocrx_word' id='word_1_850' title='bbox 2920 5390 3022 5456; x_wconf 83' lang='lat' dir='ltr'><strong>sic,</strong></span> <span class='ocrx_word' id='word_1_851' title='bbox 3056 5390 3149 5444; x_wconf 91' lang='lat' dir='ltr'><strong>sed</strong></span> <span class='ocrx_word' id='word_1_852' title='bbox 3184 5399 3360 5444; x_wconf 91' lang='lat' dir='ltr'><strong>tamen</strong></span> <span class='ocrx_word' id='word_1_853' title='bbox 3390 5391 3567 5457; x_wconf 88' lang='lat' dir='ltr'><strong>aliter,</strong></span> <span class='ocrx_word' id='word_1_854' title='bbox 3603 5394 3731 5449; x_wconf 85' lang='lat' dir='ltr'><strong>nihil</strong></span> 
     </span>
    </p>
   </div>
   <div class='ocr_carea' id='block_1_116' title="bbox 2155 5481 3735 5553">
    <p class='ocr_par' dir='ltr' id='par_1_116' title="bbox 2155 5481 3735 5553">
     <span class='ocr_line' id='line_1_116' title="bbox 2155 5481 3735 5553; baseline 0.001 -16"><span class='ocrx_word' id='word_1_855' title='bbox 2155 5482 2406 5552; x_wconf 90' lang='lat' dir='ltr'><strong>prohibet</strong></span> <span class='ocrx_word' id='word_1_856' title='bbox 2449 5493 2501 5538; x_wconf 93' lang='lat' dir='ltr'><strong>et</strong></span> <span class='ocrx_word' id='word_1_857' title='bbox 2550 5492 2674 5537; x_wconf 87' lang='lat' dir='ltr'><strong>tunc</strong></span> <span class='ocrx_word' id='word_1_858' title='bbox 2720 5481 2949 5550; x_wconf 79' lang='lat' dir='ltr'><strong>apinari,</strong></span> <span class='ocrx_word' id='word_1_859' title='bbox 2982 5492 3249 5551; x_wconf 20' lang='lat' dir='ltr'><strong>[tanquam</strong></span> <span class='ocrx_word' id='word_1_860' title='bbox 3282 5482 3587 5551; x_wconf 74' lang='lat' dir='ltr'><strong>hujusmodi</strong></span> <span class='ocrx_word' id='word_1_861' title='bbox 3619 5486 3735 5553; x_wconf 78' lang='lat' dir='ltr'><strong>qui-</strong></span> 
     </span>
    </p>
   </div>
   <div class='ocr_carea' id='block_1_117' title="bbox 2153 5573 3732 5643">
    <p class='ocr_par' dir='ltr' id='par_1_117' title="bbox 2153 5573 3732 5643">
     <span class='ocr_line' id='line_1_117' title="bbox 2153 5573 3732 5643; baseline 0.001 -14"><span class='ocrx_word' id='word_1_862' title='bbox 2153 5573 2275 5629; x_wconf 89' lang='lat' dir='ltr'><strong>dem</strong></span> <span class='ocrx_word' id='word_1_863' title='bbox 2320 5574 2623 5643; x_wconf 84' lang='lat' dir='ltr'><strong>opinionem</strong></span> <span class='ocrx_word' id='word_1_864' title='bbox 2656 5587 2797 5640; x_wconf 88' lang='lat' dir='ltr'><strong>esse,</strong></span> <span class='ocrx_word' id='word_1_865' title='bbox 2831 5574 3185 5641; x_wconf 67' lang='lat' dir='ltr'><strong>necessariam</strong></span> <span class='ocrx_word' id='word_1_866' title='bbox 3214 5583 3391 5630; x_wconf 82' lang='lat' dir='ltr'><strong>autem</strong></span> <span class='ocrx_word' id='word_1_867' title='bbox 3423 5576 3732 5632; x_wconf 85' lang='lat' dir='ltr'><strong>scientiam.</strong></span> 
     </span>
    </p>
   </div>
   <div class='ocr_carea' id='block_1_118' title="bbox 2153 5663 3734 5736">
    <p class='ocr_par' dir='ltr' id='par_1_118' title="bbox 2153 5663 3734 5736">
     <span class='ocr_line' id='line_1_118' title="bbox 2153 5663 3734 5736; baseline 0.001 -13"><span class='ocrx_word' id='word_1_868' title='bbox 2153 5666 2435 5736; x_wconf 86' lang='lat' dir='ltr'><strong>Quomodo</strong></span> <span class='ocrx_word' id='word_1_869' title='bbox 2461 5674 2546 5722; x_wconf 88' lang='lat' dir='ltr'><strong>est</strong></span> <span class='ocrx_word' id='word_1_870' title='bbox 2578 5665 2734 5733; x_wconf 78' lang='lat' dir='ltr'><strong>igitur</strong></span> <span class='ocrx_word' id='word_1_871' title='bbox 2759 5680 2866 5718; x_wconf 87' lang='lat' dir='ltr'><strong>non</strong></span> <span class='ocrx_word' id='word_1_872' title='bbox 2914 5663 3056 5720; x_wconf 85' lang='lat' dir='ltr'><strong>idem</strong></span> <span class='ocrx_word' id='word_1_873' title='bbox 3101 5666 3329 5735; x_wconf 83' lang='lat' dir='ltr'><strong>opinari,</strong></span> <span class='ocrx_word' id='word_1_874' title='bbox 3380 5678 3439 5724; x_wconf 89' lang='lat' dir='ltr'><strong>et</strong></span> <span class='ocrx_word' id='word_1_875' title='bbox 3479 5670 3734 5725; x_wconf 74' lang='lat' dir='ltr'><strong>scireret</strong></span> 
     </span>
    </p>
   </div>
   <div class='ocr_carea' id='block_1_119' title="bbox 2152 5760 3732 5835">
    <p class='ocr_par' dir='ltr' id='par_1_119' title="bbox 2152 5760 3732 5835">
     <span class='ocr_line' id='line_1_119' title="bbox 2152 5760 3732 5835; baseline -0.003 -16"><span class='ocrx_word' id='word_1_876' title='bbox 2152 5778 2317 5834; x_wconf 87' lang='lat' dir='ltr'><strong>quare</strong></span> <span class='ocrx_word' id='word_1_877' title='bbox 2341 5776 2444 5817; x_wconf 94' lang='lat' dir='ltr'><strong>non</strong></span> <span class='ocrx_word' id='word_1_878' title='bbox 2472 5762 2572 5815; x_wconf 89' lang='lat' dir='ltr'><strong>erit</strong></span> <span class='ocrx_word' id='word_1_879' title='bbox 2600 5762 2781 5831; x_wconf 88' lang='lat' dir='ltr'><strong>opinio</strong></span> <span class='ocrx_word' id='word_1_880' title='bbox 2810 5760 3054 5827; x_wconf 85' lang='lat' dir='ltr'><strong>scientia,</strong></span> <span class='ocrx_word' id='word_1_881' title='bbox 3085 5761 3130 5817; x_wconf 87' lang='lat' dir='ltr'><strong>si</strong></span> <span class='ocrx_word' id='word_1_882' title='bbox 3157 5762 3275 5832; x_wconf 86' lang='lat' dir='ltr'><strong>quis</strong></span> <span class='ocrx_word' id='word_1_883' title='bbox 3298 5764 3544 5835; x_wconf 84' lang='lat' dir='ltr'><strong>posuerit</strong></span> <span class='ocrx_word' id='word_1_884' title='bbox 3570 5774 3732 5817; x_wconf 83' lang='lat' dir='ltr'><strong>omne</strong></span> 
     </span>
    </p>
   </div>
   <div class='ocr_carea' id='block_1_120' title="bbox 2150 5854 3732 5929">
    <p class='ocr_par' dir='ltr' id='par_1_120' title="bbox 2150 5854 3732 5929">
     <span class='ocr_line' id='line_1_120' title="bbox 2150 5854 3732 5929; baseline -0.003 -16"><span class='ocrx_word' id='word_1_885' title='bbox 2150 5857 2288 5929; x_wconf 84' lang='lat' dir='ltr'><strong>quod</strong></span> <span class='ocrx_word' id='word_1_886' title='bbox 2330 5858 2433 5910; x_wconf 88' lang='lat' dir='ltr'><strong>scit</strong></span> <span class='ocrx_word' id='word_1_887' title='bbox 2463 5854 2773 5927; x_wconf 79' lang='lat' dir='ltr'><strong>contingere</strong></span> <span class='ocrx_word' id='word_1_888' title='bbox 2798 5854 3053 5926; x_wconf 75' lang='lat' dir='ltr'><strong>epinari?</strong></span> <span class='ocrx_word' id='word_1_889' title='bbox 3082 5858 3429 5926; x_wconf 83' lang='lat' dir='ltr'><strong>consequitur</strong></span> <span class='ocrx_word' id='word_1_890' title='bbox 3452 5858 3595 5919; x_wconf 84' lang='lat' dir='ltr'><strong>enim</strong></span> <span class='ocrx_word' id='word_1_891' title='bbox 3640 5854 3732 5910; x_wconf 81' lang='lat' dir='ltr'><strong>hie</strong></span> 
     </span>
    </p>
   </div>
  </div>
