4296 6266
638 385 743 442 745

1858 370 1969 426 ΔΝ.
2009 367 2223 427 MANL.
2263 365 2420 425 SEV.
2463 367 2688 424 BOETII

3571 310 3621 332 ’νει

3820 375 3923 429 7η

637 495 853 570 quidem
895 491 1097 557 sciens,
1141 487 1233 542 ille
1261 499 1391 541 vero
1441 484 1666 553 opinans
1716 495 1811 552 per
1858 480 2054 545 media,
2087 494 2224 550 quo-
2251 491 2299 543 Α
2333 490 2509 534 autem
2551 480 2687 533 sicut
2716 493 2821 532 non
2854 475 3017 532 idem.
3050 476 3388 534 Manifestum
3420 490 3606 536 autem.
3629 496 3696 538 ex
3728 481 3808 539 his
3833 495 3922 542 est

638 604 807 660 usque
858 586 925 640 ad
978 581 1282 638 immediata
1331 578 1534 644 veniat,
1589 590 1755 645 quare
1803 573 1850 628 si
1889 575 1978 628 ille
2006 573 2222 642 quidem

637 682 811 743 scivit,
842 687 897 732 et
926 677 1152 745 Opinans
1179 673 1358 736 scivit,
1392 671 1532 726 sicut
1571 671 1712 724 cnim
1747 677 1801 723 et
1829 669 1952 738 quia
1991 667 2222 736 opinari,

637 781 693 827 et
711 780 926 840 pr0pter
946 767 1094 837 quid,
1121 768 1220 820 hoc
1242 776 1417 819 autem
1440 763 1670 818 medium
1692 770 1797 816 est.
1828 763 1909 814 An
1937 760 1982 816 si
2008 760 2124 830 quis
2144 760 2224 815 sic

639 864 986 920 arbitrabitur
1021 877 1127 915 non
1158 858 1523 928 contingentia
1552 856 1706 908 aliter
1737 869 1796 908 se
1837 853 2055 921 habere,
2084 853 2224 908 sicut

639 970 698 1010 se
730 955 930 1009 habent
958 952 1300 1006 deﬁnitiones
1333 964 1431 1018 per
1473 962 1606 1017 quas
1646 955 1770 1000 sunt
1805 946 2222 999 demonstratio-

640 1061 756 1112 nes,
791 1058 893 1098 non
921 1041 1226 1110 cpinabitur
1253 1040 1348 1093 sed
1379 1037 1553 1092 sciet?
1582 1036 1640 1090 Si
1661 1046 1840 1092 autem
1859 1049 1982 1090 vera
2004 1036 2220 1105 quidem

640 1153 777 1200 esse,
815 1150 921 1190 non
953 1145 1124 1189 tamen
1179 1133 1294 1186 haec
1340 1133 1470 1200 ipsis
1517 1130 1695 1184 inesse
1746 1128 2041 1183 secundum
2093 1127 2221 1182 sub-

641 1229 912 1292 stantiam,
961 1238 1014 1280 et
1060 1224 1355 1280 secundum
1403 1221 1636 1290 speciem
1672 1220 1997 1290 opinabitur,
2029 1230 2216 1274 etnon

638 1321 774 1376 sciet
803 1333 950 1384 vere,
983 1325 1037 1371 et
1065 1316 1187 1385 quia
1238 1322 1292 1368 et
1342 1321 1559 1382 promer
1588 1311 1744 1381 quid,
1775 1311 1821 1365 si
1865 1311 2080 1380 quidem
2123 1325 2220 1379 per

641 1411 945 1468 immediate
991 1408 1316 1477 opinabitur,
1366 1405 1413 1459 si
1464 1418 1590 1459 vero
1639 1419 1744 1458 non
1789 1420 1883 1473 per
1915 1404 2219 1458 immediate

642 1502 980 1573 opinabitur,
1016 1501 1188 1556 solum
1220 1499 1394 1568 ipsum
1431 1498 1553 1567 quia
1590 1497 1916 1566 opinabitur.
1959 1495 2221 1565 Ejusdem

641 1607 816 1652 autem
844 1595 1046 1666 Opinio,
1082 1603 1137 1648 et
1171 1591 1394 1646 scientia
1437 1605 1540 1644 non
1573 1589 1787 1659 penitus
1817 1597 1917 1653 εει,
1952 1588 2046 1644 sed
2078 1589 2222 1644 sicut

642 1703 787 1753 vera,
811 1697 865 1742 ει
890 1687 1024 1740 falsa
1047 1685 1288 1754 ejusdem
1307 1683 1537 1752 quodam
1567 1680 1726 1735 modo
1747 1689 1847 1747 est,
1873 1681 1951 1735 sic
1977 1691 2030 1736 et
2052 1681 2222 1735 scien-

643 1783 712 1837 tia
757 1789 810 1835 et
850 1779 1032 1848 opinio
1059 1777 1321 1846 ejusdem,
1355 1786 1407 1830 et
1437 1776 1745 1845 opinionem
1792 1774 1843 1828 ei
1893 1789 2074 1828 veram
2101 1814 2116 1838 ,
2164 1783 2221 1830 et

643 1874 827 1929 falsam
861 1871 1024 1944 (sicut
1043 1871 1230 1925 dicunt
1255 1869 1494 1939 quidam)
1521 1866 1763 1936 ejusdem
1788 1879 1930 1932 esse,
1963 1867 2219 1921 inconve-
2251 1868 2300 1929 Β

642 1965 842 2020 nientia
876 1964 1126 2018 accidunt
1155 1970 1408 2032 appetere
1461 1959 1696 2029 aliaque,
1755 1967 1812 2013 et
1858 1973 1965 2013 non
2011 1957 2221 2027 opinari

643 2073 758 2127 quae
788 2059 1075 2126 opinantur
1116 2055 1284 2111 falsae.
1329 2053 1590 2121 Quoniam
1637 2063 1815 2106 autem
1869 2051 2012 2106 idem
2044 2052 2222 2106 multi-

643 2151 850 2221 pliciter
881 2149 1092 2213 dicitur,
1127 2155 1211 2203 est
1233 2155 1412 2201 autem
1443 2146 1580 2200 sicut
1621 2143 1899 2213 contingit,
1938 2152 2021 2199 est
2045 2152 2223 2199 autem

643 2251 701 2296 ut
729 2256 856 2304 non,
888 2251 1371 2295 commensuratam
1403 2237 1547 2292 enim
1577 2235 1899 2290 diametrum
1925 2250 2046 2291 esse
2075 2251 2221 2303 vere,

642 2332 847 2403 opinari
877 2331 1264 2388 inconveniens
1293 2339 1393 2394 εει,
1437 2327 1532 2384 sed
1561 2328 1701 2398 quod
1751 2329 2014 2383 diameter
2057 2329 2223 2397 (circa

642 2439 802 2496 quam
832 2433 958 2479 sunt
976 2424 1280 2494 Opiniones)
1306 2423 1444 2477 idem
1469 2423 1546 2476 sic
1569 2422 1812 2491 ejusdem
1836 2433 1938 2490 est,
1969 2422 2061 2477 sed
2087 2424 2226 2493 quod

642 2516 768 2586 quid
811 2525 930 2571 erat
971 2530 1112 2582 esse,
1148 2516 1433 2585 unicuique
1463 2515 1758 2570 secundum
1805 2515 2065 2571 rationem
2119 2533 2227 2571 non

643 2616 725 2662 est
751 2606 914 2660 idem.
947 2606 1208 2660 Similiter
1235 2615 1416 2659 autem
1447 2615 1502 2660 et
1528 2607 1774 2670 scientia,
1797 2615 1850 2659 et
1874 2606 2056 2675 Opinio
2083 2606 2228 2676 ejus-

643 2696 768 2752 dem
789 2705 890 2760 est,
925 2698 1038 2751 haec
1065 2697 1207 2751 enim
1235 2697 1280 2750 si
1307 2696 1555 2751 animalis
1581 2706 1664 2750 est
1690 2697 1829 2766 quod
1855 2713 1958 2751 non
1987 2708 2070 2753 est
2100 2713 2228 2752 con-

645 2792 851 2862 tingere
888 2807 996 2847 non
1036 2806 1158 2847 esse
1200 2791 1423 2858 animal,
1471 2790 1568 2844 sed
1618 2790 1703 2844 illa
1736 2791 1954 2858 quidem
1998 2807 2114 2861 quae
2145 2800 2230 2847 est

645 2884 969 2955 contingere,
999 2894 1059 2939 ut
1097 2885 1144 2938 si
1177 2885 1288 2938 hare
1315 2881 1528 2952 quidem
1568 2881 1709 2950 quod
1744 2881 1973 2936 hominis
2006 2882 2222 2950 quidem

647 2986 745 3044 est,
769 2978 859 3033 illa
885 2993 1012 3034 vero
1041 2978 1272 3032 hominis
1301 2976 1537 3046 quidem,
1573 2990 1680 3031 non
1721 2985 1901 3030 autem
1926 2977 2069 3044 quod
2099 2979 2223 3047 qui-

649 3069 764 3126 lem
793 3071 1026 3150 hominis
1047 3079 1152 3138 est,
1197 3070 1339 3124 idem
1383 3069 1527 3124 enim
1573 3077 1679 3134 est,
1725 3069 1851 3138 quia
1895 3069 2078 3137 hoino,
2127 3069 2227 3124 hoc

2335 573 2478 641 quod
2510 587 2683 641 neque
2726 571 2934 639 opinari
2975 572 3129 624 simul
3185 571 3347 640 idem,
3377 582 3432 626 et
3459 574 3596 628 scire
3628 577 3907 647 contingit,

2334 667 2491 720 simul
2521 667 2664 720 enim
2697 666 2919 721 haberet
2946 665 3129 736 utique
3149 666 3459 735 opinionem
3481 668 3637 723 aliter
3664 669 3917 740 habendi,

2332 771 2387 815 et
2429 776 2536 815 non
2570 761 2726 815 aliter
2768 761 2909 815 idem
2936 801 2949 824 ,
2984 760 3126 829 quod
3155 761 3366 830 quidem
3398 777 3503 815 non
3541 763 3834 832 contingit,
3864 763 3920 820 in

2331 853 2439 907 alio
2479 854 2620 908 enim
2664 854 3079 923 unumquodque
3142 867 3262 907 es~e
3316 854 3582 924 contingit
3649 857 3918 927 ejusdem,

2336 946 2479 1001 sicut
2529 946 2729 1003 dietum
2781 956 2882 1011 est,
2937 947 3030 1000 sed
3086 946 3139 999 in
3184 946 3375 1001 eodem
3438 948 3568 1002 nihil
3610 951 3688 1002 sic
3743 957 3920 1019 potest

2329 1054 2472 1101 esse,
2505 1039 2730 1094 haberet
2767 1037 2909 1092 enim
2942 1037 3245 1107 opinionem
3271 1039 3453 1094 simul.
3487 1038 3556 1094 Ut
3580 1040 3721 1109 quod
3755 1043 3921 1098 homo

2329 1140 2474 1186 esset
2501 1130 2794 1185 secundum
2834 1129 2976 1198 quod
3033 1139 3116 1184 est
3162 1129 3382 1194 animal,
3435 1131 3536 1184 hoc
3581 1133 3724 1185 enim
3755 1133 3922 1188 fuerit

2331 1238 2438 1274 non
2469 1221 2784 1288 contingere
2813 1233 2934 1274 esse
2978 1235 3084 1274 non
3115 1221 3335 1288 animal,
3367 1230 3423 1275 et
3465 1236 3569 1275 non
3621 1224 3916 1279 secundum

2328 1310 2473 1379 quod
2511 1308 2732 1375 animal,
2792 1310 2895 1364 hoc
2940 1309 3082 1363 enim
3135 1310 3269 1382 sicut
3314 1311 3643 1384 contingere.
3693 1316 3919 1385 Reliqua

2330 1408 2512 1454 autem
2541 1399 2811 1469 quomodo
2841 1407 3054 1470 oportet
3080 1400 3403 1456 distribuere
3444 1403 3497 1457 in
3540 1406 3822 1466 rationem.
3865 1419 3919 1462 et

2331 1492 2683 1556 intellectum,
2714 1501 2769 1547 et
2793 1490 3095 1559 scientiam,
3148 1502 3202 1546 et
3230 1503 3424 1556 artem,
3466 1503 3521 1548 et
3554 1496 3914 1564 prudentiam,

2333 1594 2389 1640 et
2415 1585 2771 1654 sapientiam,
2805 1587 2920 1640 haec
2962 1585 3178 1653 quidem
3224 1584 3460 1655 physica:
3508 1594 3611 1654 est,
3662 1587 3750 1642 illa
3791 1603 3916 1643 vero

2329 1672 2533 1734 ethicae'
2550 1678 2930 1749 speculationis
2959 1677 3150 1745 magis.

2882 1775 3109 1831 CAPUT
3150 1774 3357 1830 XXVII.

2956 1870 3033 1924 De
3061 1870 3284 1926 solertia.

2399 1963 2632 2021 Solertia
2660 1970 2839 2018 autem
2869 1969 2952 2016 est
2980 1961 3246 2016 subtilitas
3284 1963 3532 2032 quaedam
3562 1961 3615 2018 in
3647 1977 3753 2018 non
3788 1979 3915 2034 per-

2328 2065 2516 2128 specto
2561 2064 2802 2125 tempore
2843 2052 3028 2108 medii.
3077 2052 3147 2108 Ut
3195 2055 3238 2108 si
3295 2054 3488 2125 aliquis
3539 2055 3730 2112 videns
3776 2057 3918 2128 quod

2329 2150 2456 2203 luna
2486 2146 2831 2217 splendorem
2862 2160 3078 2216 semper
3105 2145 3269 2201 habet
3297 2146 3362 2199 ad
3403 2148 3593 2213 solem,
3626 2150 3805 2204 statim
3835 2151 3919 2204 in-

2334 2240 2602 2296 tellexerit
2627 2246 2842 2307 propter
2864 2236 2994 2306 quid
3028 2236 3131 2291 hoc
3170 2236 3262 2302 sit,
3296 2236 3418 2306 quia
3449 2247 3670 2306 propter
3701 2239 3752 2293 id
3776 2238 3919 2309 quod

2333 2333 2629 2388 illustratur
2656 2345 2685 2383 a
2717 2330 2859 2396 sole,
2913 2337 3006 2384 aut
3049 2329 3411 2399 disputantem
3441 2346 3562 2386 cum
3593 2332 3778 2399 divite,
3829 2348 3920 2389 co-

2335 2421 2521 2491 gnovit
2565 2421 2818 2490 quoniam
2863 2420 3260 2475 commodatum
3311 2430 3411 2487 est,
3459 2431 3550 2476 aut
3596 2432 3816 2493 propter
3864 2424 3920 2483 id

2334 2514 2478 2582 quod
2513 2512 2674 2567 amici
2701 2522 2845 2576 sunt,
2875 2510 2998 2580 quia
3031 2511 3232 2566 inimici
3264 2512 3507 2580 ejusdem
3541 2523 3686 2567 sunt.
3720 2514 3921 2571 Omnes

2333 2607 2477 2662 enim
2539 2619 2729 2660 causas
2796 2605 2999 2660 medias
3047 2604 3255 2671 videns,
3306 2607 3557 2675 cognovit
3601 2616 3655 2662 et
3707 2608 3915 2663 ultima.

2335 2697 2689 2770 Splendidum
2722 2711 2843 2752 esse
2872 2696 2939 2750 ad
2970 2696 3140 2751 solem
3194 2697 3286 2764 sit,
3349 2698 3401 2750 in
3445 2712 3552 2766 quo
3595 2715 3629 2751 a
3681 2699 3862 2754 lucere
3890 2714 3918 2752 a

2335 2792 2470 2854 sole,
2501 2791 2567 2844 b:
2602 2790 2747 2854 luna,
2776 2804 2835 2854 c,
2868 2788 3009 2842 inest
3040 2787 3201 2858 igitur
3229 2788 3370 2841 lunze
3413 2786 3629 2857 quidem
3671 2789 3774 2859 ipsi
3805 2805 3832 2843 ε
3859 2790 3920 2857 b,

2337 2888 2478 2954 quod
2515 2888 2732 2955 quidem
2763 2897 2846 2942 est
2874 2886 3050 2942 lucere
3072 2903 3102 2941 a
3136 2888 3270 2951 sole,
3304 2886 3405 2956 ipsi
3431 2897 3609 2942 autem
3639 2888 3668 2940 b
3695 2906 3751 2952 a,
3784 2889 3921 2958 quod

2338 2989 2425 3034 est
2455 2979 2520 3032 ad
2555 2980 2655 3034 hoc
2683 2994 2803 3034 esse
2829 2978 3168 3048 splendidum
3192 3020 3206 3046 ,
3249 2994 3279 3034 a
3311 2993 3420 3048 quo
3449 2978 3696 3050 splendet
3723 3021 3735 3044 ,
3763 2995 3920 3050 quam

2342 3081 2395 3124 et
2427 3071 2528 3139 ipsi
2561 3087 2610 3138 c,
2642 3072 2784 3125 inest
2810 3087 2843 3123 a
2872 3085 2966 3139 per
2997 3071 3046 3126 b.

1822 3306 2112 3384 LIBER
2164 3304 2722 3386 SECUNDUS.

2108 3467 2432 3484 Μ

1148 3563 1374 3620 CAPUT
1417 3565 1706 3622 PRIMUM.

963 3643 1096 3722 Quot
1124 3656 1283 3725 quaeri
1309 3655 1472 3708 solent
1507 3658 1558 3709 in
1598 3658 1902 3725 disciplinis.

712 3746 1049 3815 Questiones
1100 3745 1332 3815 aequales
1364 3757 1486 3801 sunt
1540 3763 1765 3803 numero
1796 3750 1859 3804 iis
1899 3767 2226 3824 quaecunque

650 3855 770 3895 vere
799 3838 1016 3893 scimus.
1046 3837 1344 3904 Qumrimus
1392 3848 1566 3894 autem
1601 3849 1851 3909 quatuor,
1890 3843 2034 3911 quia,
2067 3859 2228 3915 prop-

643 3935 726 3980 ter
752 3927 899 3998 quid,
943 3927 988 3982 si
1012 3936 1114 3995 est,
1147 3935 1200 3981 et
1228 3928 1352 3996 quid
1401 3938 1505 3984 est.
1531 3928 1665 3984 Cum
1709 3933 1852 3986 enim
1899 3943 2073 3989 utrum
2124 3937 2227 3993 hoc

647 4021 788 4086 insit,
835 4028 926 4073 aut
954 4018 1057 4074 hoc
1086 4019 1400 4089 quatrimus,
1453 4022 1506 4076 in
1551 4039 1833 4080 numerum
1881 4038 2141 4095 ponentes
2170 4040 2227 4085 ut

642 4122 817 4166 utrum
859 4111 941 4164 sol
986 4110 1198 4166 deﬁciat
1241 4121 1329 4166 aut
1373 4127 1501 4179 non,
1551 4115 1724 4185 ipsum
1755 4117 1877 4187 quia
1909 4121 2220 4188 quaarimus.

642 4199 861 4263 Signum
893 4211 1072 4256 autem
1119 4201 1296 4270 hujus,
1331 4203 1664 4261 invenientes
1692 4208 1834 4262 enim
1867 4211 1995 4279 quia
2023 4212 2222 4279 deﬁcit,

643 4305 947 4360 pausamus,
981 4301 1036 4344 et
1065 4291 1108 4343 si
1139 4292 1192 4343 in
1224 4291 1483 4360 principio
1511 4295 1771 4351 sciremus
1800 4300 1924 4367 quia
1950 4300 2223 4369 deﬁceret,

643 4398 745 4436 non
769 4395 1129 4451 qumreremus
1161 4389 1360 4434 utrum.
1394 4381 1526 4436 Cum
1558 4395 1737 4441 autem
1769 4390 1998 4444 sciamus
2022 4393 2219 4461 ipsum,

643 4474 761 4540 quia
793 4476 964 4540 ipsum
991 4481 1204 4542 propter
1230 4471 1354 4541 quid
1385 4474 1698 4542 quaerimus,
1733 4485 1792 4531 ut
1823 4481 2059 4537 scientes
2098 4486 2223 4554 quia

643 4561 822 4614 deﬁcit
849 4562 959 4626 sol,
1007 4572 1060 4616 et
1099 4561 1218 4629 quia
1271 4572 1513 4617 movetur
1557 4574 1729 4632 terra,
1761 4577 1815 4623 et
1853 4581 2069 4639 prepter
2095 4573 2222 4643 quid

643 4651 839 4716 deﬁcit,
866 4659 919 4705 et
942 4660 1158 4721 propter
1179 4652 1304 4721 quid
1331 4660 1472 4707 terra
1495 4665 1756 4721 movetur,
1791 4658 2078 4725 quaerimus
2109 4660 2224 4715 haec

642 4740 855 4810 quidem
886 4740 982 4794 sic.
1013 4741 1264 4807 Quaedam
1293 4749 1473 4796 autem
1501 4743 1608 4797 alio
1637 4745 1797 4800 modo
1825 4749 2132 4815 quaerimus,
2167 4759 2225 4805 ut

642 4833 684 4884 si
713 4840 822 4896 est,
866 4841 958 4884 aut
1009 4848 1113 4885 non
1140 4842 1222 4887 est
1247 4843 1563 4900 centaurus,
1595 4847 1686 4891 aut
1716 4840 1854 4894 Deus
1874 4881 1888 4906 ,
1919 4839 2021 4897 hoc
2045 4852 2224 4898 autem

641 4921 682 4973 si
712 4928 794 4974 est
819 4931 908 4976 aut
929 4937 1059 4988 non,
1087 4923 1400 4991 simpliciter
1425 4925 1572 4991 dico,
1605 4928 1699 4981 sed
1727 4944 1831 4983 non
1857 4933 1900 4984 si
1930 4933 2080 4988 albus
2105 4945 2214 5001 est,

641 5023 730 5065 aut
765 5028 892 5067 non.
924 5015 1320 5082 Cognoscentes
1350 5026 1525 5070 autem
1559 5020 1807 5086 quoniam
1836 5032 1937 5089 est,
1975 5026 2101 5094 quid
2136 5039 2219 5084 est

639 5106 947 5172 quaerimus,
971 5115 1029 5159 ut
1052 5105 1174 5174 quid
1197 5107 1351 5176 igitur
1379 5117 1462 5161 est
1483 5108 1643 5174 Deus,
1675 5114 1904 5182 autquid
1929 5125 2010 5170 est
2036 5118 2216 5174 homo.

639 5196 769 5259 Quae
810 5197 1024 5268 quidem
1073 5199 1230 5269 igitur
1258 5200 1544 5268 qurerimus
1569 5243 1584 5268 ,
1627 5211 1681 5257 et
1721 5221 1840 5276 quae
1885 5207 2218 5270 invenientes

638 5290 856 5357 scimus,
891 5290 1004 5346 haec
1029 5301 1082 5348 et
1111 5300 1186 5346 tot
1211 5301 1352 5347 sunt.

1269 5383 1494 5440 CAPUT
1533 5387 1596 5442 II.

983 5473 1191 5532 Omnem
1210 5480 1542 5550 quwstionem
1571 5483 1724 5537 medii
1751 5501 1877 5541 esse.

712 5566 1011 5633 Quaerimus
1039 5580 1239 5642 autem,
1272 5587 1391 5628 cum
1421 5576 1708 5643 quaerimus
1753 5578 1876 5649 quia
1921 5589 2024 5649 est,
2058 5591 2148 5637 aut
2176 5584 2221 5639 si

641 5668 723 5712 est
750 5661 1080 5730 simpliciter,
1113 5674 1288 5720 utrum
1318 5667 1388 5721 sit
1415 5669 1652 5724 medium
1699 5671 1898 5741 ipsius,
1949 5682 2041 5727 aut
2083 5689 2218 5741 non;

640 5761 758 5802 cum
783 5761 956 5807 autem
983 5768 1366 5824 cognoscentes
1393 5770 1484 5815 aut
1511 5763 1636 5832 quia
1665 5773 1776 5831 est,
1805 5774 1896 5820 aut
1924 5767 1968 5820 si
2000 5775 2103 5832 est,
2128 5779 2219 5825 aut

642 5841 696 5894 in
726 5852 900 5910 parte,
927 5858 1018 5902 aut
1046 5851 1377 5921 simpliciter,
1404 5857 1596 5912 iterum
1622 5869 1837 5928 prepter
1865 5860 1992 5930 quid
2023 5863 2216 5932 quaeri-

2267 3573 2313 3636 C
2342 3585 2491 3638 mus,
2523 3579 2614 3625 aut
2653 3569 2780 3640 quid
2823 3580 2928 3637 est,
2960 3580 3016 3626 et
3068 3579 3193 3626 tunc
3230 3573 3516 3642 quarrimus
3545 3573 3669 3644 quid
3701 3575 3771 3629 sit
3814 3591 3921 3633 me.

2332 3664 2500 3716 dium.
2534 3663 2665 3717 Dico
2696 3672 2873 3717 autem
2905 3664 3030 3734 quia
3058 3673 3163 3726 est,
3187 3674 3278 3718 aut
3322 3665 3364 3717 si
3397 3672 3501 3730 est,
3525 3673 3618 3720 aut
3659 3666 3712 3720 in
3742 3676 3919 3736 parte,

2331 3763 2421 3807 aut
2465 3752 2801 3821 simpliciter.
2831 3754 2889 3808 In
2933 3764 3082 3824 parte
3123 3754 3362 3824 quidem,
3406 3764 3463 3808 ut
3511 3765 3690 3810 utrum
3736 3758 3922 3816 deﬁcit

2330 3846 2454 3900 luna
2477 3886 2490 3911 ,
2522 3855 2615 3900 aut
2643 3855 2888 3915 augetur,
2937 3849 2982 3900 si
3011 3847 3152 3901 enim
3201 3855 3283 3901 est
3331 3847 3551 3917 aliquid,
3586 3859 3676 3903 aut
3705 3865 3808 3904 non
3839 3861 3921 3911 est

2334 3940 2557 4011 aliquid,
2592 3938 2645 3994 in
2675 3940 2978 4008 hujusmodi
3012 3941 3338 4010 quaerimus;
3383 3941 3697 4010 simpliciter
3723 3953 3921 4013 autem,

2330 4036 2376 4090 si
2421 4044 2523 4100 est,
2553 4045 2646 4090 aut
2688 4045 2907 4089 nonest
2953 4036 3104 4100 luna,
3149 4043 3240 4088 aut
3270 4050 3396 4090 nox.
3432 4036 3708 4106 Contingit
3749 4040 3923 4109 itaque

2329 4120 2381 4178 in
2428 4126 2673 4180 omnibus
2719 4124 3100 4193 quaestionibus
3139 4139 3402 4193 qumrere,
3449 4135 3539 4179 aut
3588 4127 3632 4180 si
3677 4137 3760 4182 est
3804 4144 3919 4183 me-

2328 4218 2496 4286 dium,
2541 4227 2630 4272 aut
2669 4217 2791 4286 quid
2837 4226 2915 4271 est
2968 4215 3224 4271 medium.
3273 4215 3439 4271 Causa
3481 4219 3622 4272 enim
3671 4228 3753 4273 est
3807 4234 3958 4289 [ηε-4

2329 4313 2496 4376 dium,
2552 4315 2605 4366 in
2642 4313 2890 4366 omnibus
2945 4320 3123 4367 autem
3182 4312 3297 4368 haec
3339 4314 3614 4382 quaeritur,
3655 4324 3711 4369 ut
3741 4325 3918 4375 utrum

2329 4403 2511 4456 deﬁcit
2556 4403 2698 4466 luna,
2745 4412 2919 4457 utrum
2961 4413 3044 4458 est
3077 4405 3252 4473 aliqua
3279 4419 3460 4472 causa,
3500 4415 3592 4460 aut
3626 4423 3753 4474 non,
3803 4422 3920 4479 post

2329 4493 2446 4549 haec
2493 4495 2723 4550 scientes
2768 4495 2890 4564 quia
2933 4507 3015 4550 εει
3053 4497 3247 4566 aliqua,
3293 4497 3419 4566 quid
3459 4498 3618 4567 igitur
3669 4499 3786 4555 haec
3829 4502 3919 4566 sit,

2328 4586 2638 4654 quaerimus.
2670 4586 2840 4640 Causa
2871 4589 3016 4642 enim
3045 4589 3212 4658 ipsius
3243 4603 3368 4643 esse
3395 4604 3500 4642 non
3527 4590 3648 4654 hoc,
3680 4602 3770 4647 aut
3794 4593 3915 4660 hoc,

2327 4677 2420 4731 sed
2451 4677 2769 4746 simpliciter
2789 4679 3162 4746 substantiam,
3194 4687 3287 4733 aut
3309 4695 3414 4734 non
3457 4681 3795 4751 simpliciter,
3823 4684 3916 4740 sed

2327 4769 2525 4839 aliquid
2556 4785 2740 4825 eorum
2772 4786 2889 4839 quae
2929 4781 3055 4826 sunt
3083 4787 3181 4840 per
3210 4787 3302 4839 se,
3333 4781 3425 4826 aut
3453 4774 3748 4828 secundum
3777 4776 3918 4829 acci-

2327 4861 2482 4926 dens,
2525 4863 2757 4917 medium
2789 4873 2891 4918 est.
2943 4864 3072 4918 Dico
3099 4872 3276 4918 autem
3327 4867 3649 4935 simpliciter
3700 4867 3915 4935 quidem

2247 4952 2619 5023 Dsubjectum
2669 4963 2727 5009 ut
2777 4955 2976 5020 lunam,
3024 4964 3115 5009 aut
3155 4965 3376 5019 terram,
3425 4967 3515 5011 aut
3570 4959 3762 5024 solem,
3816 4967 3913 5014 aut

2330 5046 2868 5116 triangulom,'quid
2926 5058 3103 5103 autem
3159 5063 3279 5104 esse
3327 5049 3630 5116 defectum,
3695 5050 3950 5119 :cquali-'

2329 5145 2488 5190 tatem
2543 5147 2635 5192 aut
2684 5140 3145 5210 inaequalitatem,
3203 5144 3247 5197 εἰ
3305 5145 3356 5197 in
3421 5143 3599 5198 medio
3654 5145 3764 5209 sit,
3822 5152 3915 5200 aut

2329 5243 2455 5282 non.
2491 5227 2546 5281 In
2569 5230 2817 5286 omnibus
2841 5233 2981 5287 enim
3009 5234 3091 5288 his
3120 5230 3460 5289 manifestum
3493 5243 3577 5288 est
3606 5234 3747 5303 quod
3773 5233 3910 5290 idem

2329 5321 2396 5374 sit
2434 5319 2575 5390 quod
2604 5321 2728 5390 quid
2760 5335 2861 5390 εει,
2915 5334 2968 5378 ει
3000 5335 3218 5394 pr0pter
3267 5325 3393 5395 quid
3425 5335 3528 5380 est.
3563 5325 3634 5380 Ut
3673 5326 3797 5396 quid
3827 5332 3910 5382 est

2329 5411 2608 5467 delectus?
2643 5414 2869 5480 privatio
2899 5416 3118 5470 luminis
3147 5432 3176 5469 a
3222 5418 3344 5472 luna
3386 5433 3415 5471 a
3463 5427 3620 5473 terrae
3672 5417 3907 5488 objectu.

2330 5503 2563 5574 Propter
2592 5506 2718 5574 quid
2749 5517 2830 5560 est
2877 5507 3136 5576 defectus,
3168 5519 3260 5564 aut
3314 5519 3536 5580 propter
3564 5511 3690 5580 quid
3727 5509 3908 5567 deﬁcit

2327 5597 2490 5651 luna?
2522 5609 2741 5667 prepter
2785 5599 3050 5657 defectum
3079 5602 3295 5656 luminis
3337 5603 3546 5672 objecta
3575 5612 3736 5658 terra.
3771 5601 3906 5670 Quid

2323 5699 2404 5743 est
2432 5693 2822 5746 consonantia?
2852 5693 2986 5749 ratio
3014 5709 3357 5750 numerorum
3381 5697 3432 5750 in
3463 5705 3620 5751 acuto
3651 5706 3704 5750 et
3734 5695 3904 5765 gravi,

2323 5790 2373 5834 ct
2409 5792 2624 5850 propter
2652 5784 2777 5852 quid
2820 5794 3084 5840 consonat
3122 5795 3340 5843 acutum
3369 5787 3555 5856 gravi?
3601 5796 3822 5857 propter
3853 5786 3906 5841 id

2323 5872 2464 5940 quod
2485 5874 2744 5930 rationem
2770 5876 2930 5932 habet
2953 5893 3297 5935 numerormn
3325 5889 3380 5936 et
3405 5895 3570 5950 grave
3594 5887 3648 5936 et
3668 5889 3907 5935 acutum.
