4296 6266
400 5988 437 6005 ι

401 341 501 397 745

942 334 1425 394 POSTERIORUM
1467 331 1998 389 ANALYTICORUM

2128 329 2490 386 dSTU’l‘ELlS
2531 328 3106 386 INTERPRISTA'I'IO.

3552 328 3651 385 7i6

398 453 584 513 Utrum
612 462 696 510 est
726 466 1023 509 consonare
1054 461 1266 506 acutum
1297 458 1351 504 et
1378 446 1579 519 grave?
1612 446 1798 501 Utrum
1822 445 1891 499 sit
1921 445 1972 498 in
2008 447 2059 505 Α
2082 451 2237 499 erunt
2278 442 2797 497 indcmonslrabiles.
2847 443 2953 499 Sed
3000 454 3173 499 unum
3226 444 3272 498 si
3327 460 3430 499 non
3482 450 3659 503 omnis

397 551 640 606 numeris
690 550 824 604 ratio
870 546 1094 603 eorum?
1143 545 1475 614 Aceipieutes
1513 551 1686 596 autem
1718 541 1839 610 quia
1871 550 1975 606 est,

400 640 528 713 quid
561 641 723 709 igitur
751 647 832 695 est
853 638 990 694 ratio
1030 637 1341 708 quaerimus.
1368 633 1519 702 Quod
1547 645 1726 689 autem
1754 634 1824 688 sit
1866 648 1980 687 me-

403 733 473 789 dii
490 732 737 803 quaastio,
756 730 1051 786 ostenditur
1066 729 1489 800 quandocunque
1510 727 1742 783 medium
1761 735 1840 781 est
1860 741 1983 781 sen-

401 827 575 883 sibilc.
611 825 904 895 Qumrimus
935 824 1076 880 enim
1111 838 1216 878 non
1244 823 1538 887 sentientes
1574 831 1631 877 ut
1674 821 1742 877 de
1770 819 1981 876 defectu

402 922 448 977 si
476 932 576 989 est,
602 933 691 976 aut
715 936 841 975 non.
864 919 1061 975 Sivero
1087 934 1330 974 essemus
1352 933 1515 986 super
1538 918 1741 983 lunam,
1757 933 1861 973 non
1888 917 1985 972 uti-

404 1029 506 1086 que
545 1026 908 1083 qurereremus
956 1025 1126 1081 neque
1170 1010 1213 1065 si
1270 1010 1350 1076 ﬁt,
1381 1025 1555 1080 neque
1606 1020 1826 1080 propter
1846 1008 1981 1079 quid

406 1106 483 1172 ﬁt,
511 1106 603 1159 sed
634 1102 792 1159 simul
822 1102 1159 1157 manifestum
1190 1103 1375 1173 utique
1396 1111 1543 1157 esset
1569 1112 1853 1172 utrumque
1875 1142 1891 1168 ,
1917 1116 1980 1157 ex

402 1213 468 1254 eo
493 1197 633 1252 enim
667 1196 808 1268 quod
854 1196 1117 1251 sentimus
1145 1205 1198 1250 et
1227 1195 1531 1250 universale
1554 1195 1748 1251 factum
1776 1204 1859 1251 est
1889 1212 1985 1249 no-

401 1289 485 1348 bis
510 1297 715 1344 notum.
748 1289 953 1345 Sensus
982 1288 1123 1342 enim
1151 1287 1290 1357 quod
1321 1303 1461 1342 nunc
1487 1287 1760 1356 obiicitur,
1789 1296 1843 1343 et
1871 1302 1985 1341 ma-

322 1445 326 1448 ἠ
405 1381 657 1440 nifestum
686 1389 769 1437 est
796 1379 938 1451 quod
967 1395 1110 1436 nunc
1138 1378 1341 1445 delicit,
1365 1397 1428 1435 ει
1455 1380 1538 1434 his
1568 1390 1745 1436 autem
1775 1382 1985 1435 univer-

406 1473 521 1530 sale
563 1474 747 1541 utique
792 1472 990 1527 factum
1041 1481 1142 1527 est.
1175 1471 1326 1527 Sicut
1383 1471 1541 1542 igitur
1583 1472 1815 1527 diximus
1844 1472 1985 1542 quod

408 1564 532 1635 quid
560 1572 643 1619 est
673 1564 816 1619 scire
862 1563 1000 1617 idem
1032 1572 1112 1619 est
1140 1573 1194 1619 et
1222 1572 1445 1635 propter
1464 1563 1590 1635 quid
1623 1573 1727 1630 est,
1759 1564 1860 1617 hoc
1890 1578 1985 1617 au-

414 1663 521 1711 tem
568 1663 663 1711 aut
688 1663 772 1712 est
800 1654 1141 1724 simpliciter,
1172 1663 1223 1710 et
1270 1671 1381 1709 non
1409 1670 1595 1711 eorum
1642 1670 1760 1726 quas
1807 1655 1990 1710 insunt

412 1747 612 1819 aliquid
637 1756 753 1815 est,
802 1757 895 1802 aut
924 1764 1043 1817 quae
1094 1749 1293 1813 insunt,
1338 1758 1395 1803 ut
1428 1749 1677 1818 quoniam
1722 1746 1828 1803 duo
1858 1747 1989 1803 recti

2084 536 2346 607 ejusdem,
2375 537 2468 591 sed
2500 535 2723 605 alicujus
2770 536 3010 605 ejusdem
3059 539 3129 592 sit
3170 537 3415 596 definito
3460 549 3514 596 ct
3563 542 3661 596 dc-

2087 628 2421 692 mousuatio,
2451 644 2517 683 an
2564 629 2892 699 impossibile
2942 632 3048 697 sit;
3081 648 3184 687 non
3234 633 3378 687 enim
3414 634 3660 705 ejusdem

2086 719 2471 774 demonstratio
2515 723 2667 789 Cujus
2707 729 2790 775 est
2832 723 3094 789 definitio,
3146 723 3386 782 definitio
3443 726 3663 795 quidem

2087 809 2253 879 ipsius
2279 810 2405 881 quid
2429 818 2529 877 est,
2553 820 2606 866 et
2632 812 2946 868 substantire
2994 824 3095 880 ε-ι,
3125 816 3217 871 sed
3250 817 3666 873 demonstratio-

2088 918 2185 959 nes
2210 918 2398 958 omnes
2427 903 2681 959 videntur
2710 919 3032 976 supponere,
3085 916 3139 961 et
3167 909 3493 977 accipientes
3521 915 3666 983 quod

2085 997 2212 1067 quid
2242 1006 2345 1061 est,
2380 1006 2435 1052 ut
2465 997 2856 1053 mathematicas
2876 1000 2998 1069 quid
3029 1000 3224 1068 unitas,
3249 1011 3301 1057 et
3322 1004 3445 1073 quid
3471 1005 3669 1076 impar,

2088 1107 2142 1153 et
2168 1097 2414 1151 similiter
2443 1096 2584 1152 aliae.
2633 1097 2895 1167 Amplius,
2928 1098 3103 1153 omnis
3134 1098 3522 1156 demous'ratio
3573 1106 3668 1159 ali-

2087 1189 2213 1258 quid
2242 1189 2309 1244 de
2336 1189 2515 1259 aliquo
2547 1199 2828 1252 monstrat.
2864 1192 3057 1261 utquia
3089 1202 3192 1258 est,
3222 1201 3313 1248 aut
3339 1210 3444 1250 non
3476 1199 3665 1261 est;in

2088 1281 2399 1338 deﬁnitione
2422 1295 2596 1338 autem
2624 1284 2751 1338 nihil
2776 1284 3001 1341 alterum
3031 1286 3097 1341 de
3129 1288 3300 1344 altcro
3319 1290 3659 1359 praedicatur,

2090 1381 2148 1427 ut
2179 1389 2349 1442 neque
2380 1377 2519 1442 quod
2548 1374 2745 1429 animal
2790 1377 2853 1431 de
2886 1377 3095 1445 hipede,
3128 1395 3297 1450 neque
3325 1379 3426 1435 hoc
3456 1384 3521 1437 de
3547 1385 3669 1439 auio

2094 1466 2241 1527 mali.
2275 1482 2447 1536 neque
2477 1467 2541 1522 de
2575 1468 2729 1536 plano
2759 1470 2945 1538 figura,
2971 1487 3141 1540 neque
3167 1474 3308 1529 enim
3339 1486 3418 1530 est
3449 1476 3663 1545 planum

2094 1558 2282 1626 figura,
2317 1572 2490 1627 neque
2515 1559 2676 1629 figura
2711 1560 2947 1629 planum.
2982 1564 3239 1631 Amplius,
3272 1567 3499 1623 alterum
3529 1569 3669 1640 quod

2093 1653 2217 1723 quid
2248 1662 2350 1717 est,
2378 1663 2431 1710 et
2487 1656 2608 1722 quia
2637 1665 2956 1721 monstrare,
2987 1656 3226 1713 deﬁnitio
3261 1661 3402 1715 enim
3431 1663 3554 1732 quid
3585 1675 3674 1719 est

2094 1745 2364 1812 ostendit,
2395 1745 2487 1801 sed
2528 1746 2913 1810 demonstratio
2932 1749 3057 1817 quia
3080 1760 3159 1804 est
3192 1751 3291 1807 hoc
3313 1751 3379 1807 de
3415 1752 3535 1821 hoc,
3585 1765 3675 1808 aut

413 1849 553 1906 sunt,
583 1847 677 1894 aut
703 1839 954 1908 quoniam
1013 1839 1187 1909 majus
1224 1848 1315 1894 aut
1346 1841 1522 1895 minus
1550 1841 1851 1907 esthuod
1896 1841 1993 1911 igi-
2024 1834 2068 1894 Β
2098 1852 2203 1892 non
2236 1847 2341 1893 est.
2368 1837 2603 1893 Alterius
2626 1849 2802 1893 autem
2832 1840 2997 1894 altera
3025 1841 3411 1897 demonstratio
3441 1854 3543 1913 est,
3570 1846 3669 1900 nisi

415 1941 498 1988 tur
519 1931 693 1985 omnia
725 1945 845 2000 qua:
874 1939 1186 2001 quairuntur
1215 1931 1375 1987 medii
1399 1934 1625 2003 qumstio
1652 1930 1781 2003 sint,
1822 1932 1993 1987 maui-

420 2022 612 2078 festum
640 2030 744 2077 est.

1028 2135 1257 2193 CAPUT
1297 2135 1381 2192 lll.

425 2228 739 2297 Discrepatio
764 2230 900 2297 quod
932 2230 1294 2313 demonstratio
1321 2241 1366 2285 et
1394 2232 1626 2301 deﬁnitio
1649 2249 1749 2286 non
1770 2234 1998 2299 eiusdem

1141 2310 1261 2356 sint.

492 2410 771 2480 Quomodo
801 2420 978 2467 autem
1010 2413 1151 2482 quod
1191 2414 1315 2484 quid
1358 2423 1440 2471 est
1492 2414 1915 2482 demonstratur,
1949 2426 2003 2471 ct

426 2504 541 2574 quis
582 2503 774 2559 modus
800 2503 1235 2570 iutroductionis,
1285 2515 1338 2561 et
1379 2506 1501 2576 quid
1546 2518 1631 2562 est
1656 2507 1916 2574 deﬁnitio,
1948 2517 2004 2563 et

428 2610 683 2666 quorum,
728 2596 1000 2663 dicemus,
1056 2596 1287 2667 primum
1341 2608 1679 2667 opponentes
1728 2600 1796 2653 de
1850 2600 1999 2667 ipsis.

429 2686 752 2757 Principium
798 2696 976 2743 autem
1021 2689 1089 2743 sit
1138 2689 1458 2753 futurorum,
1506 2690 1646 2758 quod
1694 2690 1905 2758 quidem
1936 2690 2007 2743 sit

430 2768 978 2853 maxime‘prnprium
1021 2782 1218 2837 habitis
1257 2782 1568 2839 rationibus.
1612 2783 1885 2838 Dubitabit
1913 2798 2007 2838 au-

430 2882 537 2927 tem
565 2873 755 2944 aliquis
784 2884 960 2929 utrum
992 2874 1062 2929 sit
1090 2875 1229 2930 idem
1253 2916 1267 2939 ,
1297 2884 1350 2930 et
1377 2874 1671 2929 secundum
1701 2874 1842 2930 idem
1873 2876 2009 2930 deﬁ-

437 2964 639 3019 nitione
685 2967 824 3022 scire
869 2975 923 3021 ει
972 2946 1433 3024 demonstratione
1462 2969 1625 3032 scire,
1673 2978 1766 3023 aut
1810 2970 1878 3024 sit
1909 2970 2008 3025 im-

432 3056 702 3125 possibile.
734 3057 980 3113 Deﬁnitio
1022 3059 1167 3115 enim
1216 3059 1384 3129 ipsius
1425 3059 1566 3130 quod
1617 3060 1743 3130 quid
1774 3069 1857 3115 est
1886 3074 2008 3117 esse

434 3147 643 3203 videtur
674 3164 688 3212 ;
721 3148 862 3218 quod
908 3158 1088 3205 autem
1136 3150 1263 3221 quid
1294 3159 1379 3206 est
1433 3166 1593 3206 omne
1625 3150 1924 3208 universale
1954 3162 2009 3208 et

437 3240 969 3326 praedicativumest;
1022 3244 1321 3315 syllogismi
1351 3254 1529 3298 autem
1579 3257 1724 3311 sunt,
1771 3244 1861 3300 alii
1890 3248 2008 3315 qui-

435 3331 555 3388 dem
589 3333 859 3403 privativi,
910 3335 997 3389 alii
1047 3350 1173 3391 vero
1224 3351 1330 3390 non
1388 3337 1737 3401 universales,
1785 3337 1925 3390 sicut
1956 3337 2009 3391 in

436 3425 665 3481 secunda
704 3426 866 3495 ﬁgura
908 3425 1154 3497 privativi
1188 3442 1372 3482 omnes
1418 3437 1571 3494 sunt,
1612 3429 1661 3481 in
1697 3428 1849 3482 tertia
1882 3443 2011 3482 vero

437 3531 540 3572 non
563 3517 915 3573 universales.
945 3517 1073 3575 Post
1101 3534 1162 3574 ea
1191 3535 1366 3589 neque
1396 3535 1581 3575 eorum
1611 3537 1728 3591 qua:
1758 3520 1810 3574 in
1843 3522 2010 3589 prima

437 3608 600 3679 ﬁgura
631 3610 1093 3680 praedicativorum
1120 3614 1359 3669 omnium
1391 3622 1475 3669 est
1510 3614 1769 3684 definitio,
1794 3624 1851 3669 ut
1880 3630 2015 3686 quo-

438 3700 576 3756 niam
596 3703 770 3757 omnis
801 3704 1094 3775 triangulus
1120 3706 1329 3761 duobus
1366 3708 1529 3762 rectis
1562 3708 1723 3763 habet
1753 3710 2009 3778 :eqnalcs.

439 3793 606 3866 Hujus
653 3804 833 3852 autem
886 3797 1021 3851 ratio
1069 3807 1173 3864 est,
1215 3800 1464 3869 quoniam
1510 3801 1649 3856 scire
1680 3800 2015 3855 demonstra~

440 3885 543 3942 bile
595 3896 677 3942 est
697 3887 1207 3945 demonstrationem
1239 3890 1460 3957 habere,
1489 3906 1652 3963 quare
1680 3892 1722 3947 si
1747 3892 1798 3947 in
1825 3893 2018 3947 talibus

442 3988 525 4033 est
553 3979 960 4045 demonstratio,
1006 3990 1089 4036 est
1119 3981 1458 4038 manifestum
1492 3984 1632 4054 quod
1687 4000 1791 4039 non
1831 3986 2018 4054 utique

378 4078 389 4089 ‘
446 4073 548 4128 erit
588 4087 774 4128 eorum
804 4072 1062 4129 deﬁnitio.
1087 4074 1235 4131 Sciet
1264 4076 1401 4131 enim
1428 4077 1608 4147 utique
1638 4076 1827 4146 aliquis
1849 4086 1901 4131 et
1931 4092 2018 4131 sc-

441 4164 670 4220 candum
699 4165 1086 4235 deﬁnitionem,
1113 4181 1217 4223 non
1240 4167 1439 4224 habens
1470 4168 2014 4233 demonstrationem,

441 4256 732 4312 nihilenim
758 4257 1005 4327 prohibet
1035 4274 1142 4315 non
1173 4258 1333 4314 simul
1358 4260 1575 4317 habere.
1605 4259 1816 4315 Sufficit
1838 4271 2019 4314 autem

441 4348 571 4403 ﬁdes
598 4360 653 4403 et
703 4364 772 4404 ex
825 4350 1157 4421 inductione,
1187 4350 1318 4406 nihil
1364 4352 1509 4407 enim
1559 4351 1874 4407 delinientes
1922 4350 2021 4404 ali-

441 4440 651 4509 quando
677 4456 1083 4512 cognoscemus,
1108 4460 1282 4513 neque
1304 4459 1488 4499 eorum
1523 4460 1642 4515 quae
1672 4458 1767 4514 per
1793 4460 1852 4500 se
1874 4453 2021 4508 sunt,

2102 1934 2171 1987 sit
2207 1941 2455 2001 tanquam
2480 1947 2609 2002 pars
2657 1933 2899 2002 quaadim
2955 1936 3115 1989 totius
3161 1936 3287 2006 (hoc
3328 1948 3507 1993 autem
3554 1939 3676 1993 dico

2101 2026 2241 2097 quod
2274 2036 2545 2081 ostensum
2593 2039 2675 2082 est
2704 2029 2911 2082 duobus
2939 2031 3097 2084 rectis
3125 2031 3357 2099 aequales
3387 2031 3579 2088 habere
3609 2034 3676 2087 de

2102 2120 2344 2185 isoscele,
2375 2120 2419 2175 si
2449 2120 2626 2175 omnis
2649 2129 2895 2175 ostensus
2922 2130 3002 2175 est
3031 2123 3346 2193 triangulus,
3383 2138 3503 2193 pars
3532 2124 3675 2179 enEm

2080 2212 2205 2275 hoc
2243 2222 2345 2276 est,
2393 2211 2521 2266 illud
2550 2211 2781 2282 totum);
2816 2213 2927 2267 lucc
2973 2222 3147 2268 autem
3199 2215 3265 2267 ad
3313 2215 3538 2270 invicem
3569 2232 3676 2270 non

2105 2318 2223 2358 sese
2256 2303 2453 2358 habent
2476 2303 2551 2357 sic
2572 2344 2588 2370 ,
2635 2314 2689 2359 et
2716 2306 2836 2374 quia
2868 2314 2968 2365 est,
3017 2316 3069 2359 et
3109 2307 3232 2375 quid
3263 2320 3364 2373 εει,
3400 2325 3503 2363 non
3535 2311 3675 2364 enim

2106 2395 2332 2449 alterum
2357 2404 2438 2450 est
2460 2396 2678 2451 alterius
2708 2411 2849 2463 pars.
2876 2395 3207 2451 Manifestum
3230 2397 3408 2468 itaque
3427 2402 3677 2469 quoniam

2108 2499 2282 2554 neque
2309 2486 2460 2554 cujus
2481 2479 2746 2549 deﬁnitio,
2773 2485 2948 2540 munis
2974 2486 3128 2555 hujus
3160 2487 3566 2554 demonstratio,
3591 2505 3680 2546 nec

2106 2592 2211 2647 que
2242 2578 2392 2645 cujus
2422 2578 2595 2632 omnis
2647 2577 2717 2631 sit
2746 2576 3156 2645 demonstratio,
3196 2588 3250 2634 et
3298 2581 3457 2649 hujus
3503 2583 3682 2637 omnis

2108 2672 2175 2724 sit
2221 2670 2480 2725 deﬁnitio.
2509 2672 2686 2738 Quare
2716 2672 2935 2727 omnino
2964 2673 3205 2743 ejusdem
3236 2674 3431 2731 nullius
3474 2678 3682 2733 contin-

2107 2761 2184 2831 git
2212 2770 2441 2830 utraque
2464 2762 2680 2819 habere.
2717 2764 3051 2820 Manifestum
3075 2776 3166 2847 est
3206 2767 3383 2837 itaque
3423 2768 3563 2839 quod
3597 2784 3684 2826 ne-

2109 2868 2214 2922 que
2262 2852 2504 2909 deﬁnitio
2568 2866 2619 2909 et
2664 2855 3049 2911 demonstratio
3097 2873 3269 2927 neque
3324 2859 3466 2914 idem
3510 2870 3683 2928 erunt,

2111 2961 2286 3016 neque
2326 2946 2555 3002 alterum
2599 2947 2650 3001 in
2691 2946 2878 3012 altero,
2918 2955 2970 3003 et
3006 2963 3234 3017 namque
3268 2949 3507 3018 subjecta
3542 2952 3683 3005 simi«

2110 3039 2233 3095 liter
2273 3055 2332 3095 se
2363 3039 2643 3095 haberent.
2685 3038 2807 3093 Haec
2847 3054 2975 3110 ergo
3024 3056 3192 3109 usque
3242 3040 3344 3097 huc
3377 3041 3683 3097 addubitata

2112 3140 2256 3188 Stult.
2788 3149 2791 3152 '

2733 3245 2957 3303 CAPUT
3000 3246 3084 3302 IV.

2152 3342 2463 3414 Syllogismo
2490 3340 2737 3411 duplante
2762 3357 2863 3424 non
2895 3340 3231 3395 demonstrari
3258 3342 3378 3408 quid
3404 3350 3475 3395 est
3506 3343 3569 3396 de
3599 3358 3656 3395 eo

2771 3428 2917 3482 cujus
2948 3425 3040 3467 est.

2190 3528 2362 3599 Ipsius
2392 3537 2569 3583 autem
2617 3526 2742 3596 quid
2773 3536 2856 3582 est
2884 3536 3060 3581 utrum
3115 3525 3453 3597 syllogismus
3507 3527 3596 3591 sit,
3645 3536 3695 3584 et

2116 3622 2508 3677 demonstratio
2554 3631 2646 3675 aut
2678 3636 2809 3687 non,
2854 3620 2990 3676 sicut
3040 3635 3181 3674 nunc
3230 3620 3366 3675 ratio
3395 3620 3693 3691 supposuit.

2118 3714 2471 3786 Syllogismus
2520 3715 2664 3769 enim
2715 3713 2916 3785 aliquid
2972 3714 3039 3769 de
3077 3715 3257 3786 aliquo
3302 3724 3563 3771 monstrat
3606 3726 3697 3783 per

2120 3808 2374 3867 medium.
2403 3807 2496 3861 sed
2519 3806 2643 3876 quid
2677 3817 2778 3871 est,
2813 3807 3083 3875 proprium
3112 3807 3327 3877 quidem
3357 3816 3458 3873 est,
3490 3817 3544 3862 et
3563 3808 3614 3862 in
3638 3821 3703 3861 ea

2120 3899 2259 3968 quod
2288 3899 2414 3968 quid
2461 3908 2542 3953 est
2580 3897 2921 3967 prmdicatur,
2969 3896 3072 3951 hoc
3118 3907 3298 3952 autem
3342 3912 3568 3953 necesse
3618 3906 3705 3953 est

2120 3991 2384 4044 converti.
2420 3990 2474 4042 Si
2505 3990 2649 4043 enim
2678 3986 2777 4054 ipsi
2808 4004 2835 4039 ε
2858 3986 3133 4056 proprium
3163 3996 3248 4041 est
3272 4004 3327 4051 a,
3359 3987 3705 4043 manifestum

2121 4096 2331 4151 quoque
2360 4090 2415 4134 et
2437 4080 2533 4149 ipsi
2565 4078 2613 4144 ὁ,
2640 4087 2696 4133 ει
2736 4078 2837 4133 hoc
2860 4079 2958 4146 ipsi
2985 4093 3034 4146 c,
3065 4091 3233 4147 quare
3278 4078 3457 4132 omnia
3486 4086 3611 4131 sunt
3636 4075 3706 4131 ad

2126 4173 2350 4229 invicem
2382 4190 2396 4238 ;
2426 4181 2479 4227 at
2506 4188 2633 4227 vero
2653 4181 2707 4225 et
2736 4172 2780 4227 si
2816 4187 2848 4225 α
2878 4172 2930 4226 in
2967 4185 3033 4227 eo
3060 4170 3203 4241 quod
3226 4169 3353 4242 quid
3392 4178 3477 4226 est
3500 4169 3649 4229 omni
3675 4168 3707 4221 ὁ

2124 4270 2281 4334 inest,
2313 4278 2367 4322 et
2396 4265 2768 4321 universalitcr
2799 4265 2826 4319 b
2851 4264 2920 4322 de
2947 4266 3093 4321 omni
3140 4282 3167 4320 c
3197 4265 3249 4320 in
3283 4279 3349 4321 eo
3389 4263 3530 4328 quod
3575 4261 3703 4334 quid

2126 4370 2207 4415 est
2243 4360 2457 4426 dicitur,
2503 4374 2722 4415 necesse
2750 4367 2835 4414 est
2880 4377 2913 4412 a
2941 4361 2994 4415 in
3036 4376 3102 4415 eo
3132 4360 3275 4430 quod
3319 4358 3445 4428 quid
3474 4366 3558 4411 est
3586 4356 3655 4411 de
3680 4370 3707 4409 ι

2129 4456 2234 4510 dici
2261 4473 2274 4518 ;
2307 4456 2353 4511 si
2382 4471 2512 4511 vero
2560 4470 2666 4509 non
2709 4455 2787 4509 sic
2817 4454 3011 4523 accipit
3053 4454 3244 4522 aliquis
3270 4451 3570 4519 duplicans,
3602 4464 3707 4505 non

444 4547 617 4602 neque
640 4549 757 4603 quas
782 4536 1072 4591 secundum
1097 4536 1368 4591 accidens.
1395 4537 1657 4605 Amplius,
1682 4537 1729 4591 si
1784 4535 2007 4591 deﬁnitit

2133 4560 2353 4602 necesse
2379 4547 2482 4600 erit
2511 4563 2542 4598 a
2574 4546 2626 4599 in
2673 4560 2739 4599 eo
2772 4545 2919 4615 quod
2950 4544 3077 4612 quid
3106 4551 3192 4598 est
3244 4542 3519 4611 praedicari
3546 4541 3615 4598 de
3658 4559 3708 4606 ε,

443 4628 751 4683 substantiae
774 4630 1016 4699 quadam
1045 4631 1281 4701 cognitio
1321 4639 1425 4693 est,
1459 4629 1767 4698 hujusmodi
1797 4627 2023 4683 manife-

442 4727 580 4775 stum
611 4729 696 4775 est
724 4720 866 4790 quod
899 4736 1008 4776 non
1039 4724 1147 4777 sint
1168 4722 1501 4789 substantia',
1534 4723 1782 4791 quoniam
1807 4722 2019 4791 quidem

444 4810 606 4882 igitur
638 4827 743 4866 non
773 4822 857 4869 est
875 4813 1118 4869 deﬁnitio
1140 4816 1317 4869 omnis
1338 4816 1490 4884 cujus
1515 4825 1593 4868 est
1612 4815 2019 4883 demonstratio,

443 4906 776 4961 manifestum
805 4916 905 4963 est.
936 4905 1075 4974 Quid
1096 4916 1273 4962 autem
1301 4906 1453 4976 cujus
1485 4916 1566 4961 est
1594 4905 1855 4974 deﬁnitio,
1889 4922 2026 4962 nun-

353 5052 360 5059 .
443 5000 566 5070 quid
595 5002 767 5055 omnis
803 5000 1194 5056 demonstratio
1221 5011 1324 5066 est,
1358 4996 1452 5055 aut
1480 5000 1625 5055 non?
1656 5015 1757 5054 una
1803 4999 2020 5069 quidem

442 5091 548 5159 jam
594 5091 729 5146 ratio
756 5100 811 5146 et
835 5091 903 5146 de
949 5091 1050 5147 hoc
1078 5091 1268 5147 eadem
1295 5103 1397 5157 est,
1431 5090 1587 5146 unius
1616 5092 1760 5147 enim
1793 5090 2021 5161 inquan-

443 5192 553 5240 tum
599 5201 762 5240 unum
793 5193 879 5241 est
924 5200 1031 5240 una
1080 5186 1326 5251 scientia,
1381 5201 1546 5256 quare
1576 5187 1619 5240 si
1654 5186 1837 5256 utique
1880 5187 2021 5241 scire

443 5276 859 5334 demonstrabile
906 5288 988 5333 est
1019 5277 1531 5334 demonstrationem
1576 5278 1795 5343 habere,
1828 5279 2025 5333 accidit

443 5370 706 5442 quoddam
760 5371 1139 5441 impossibile,
1191 5371 1558 5427 deﬁnitionem
1611 5375 1754 5425 enim
1816 5370 2021 5425 habens

440 5464 560 5517 sine
584 5462 1041 5517 demonstratione
1061 5462 1213 5517 sciet.
1235 5463 1499 5532 Amplius,
1525 5462 1781 5531 principia
1803 5460 2023 5515 demon—

443 5553 764 5610 strationum
792 5563 918 5608 sunt
945 5552 1309 5619 deﬁnitiones,
1354 5569 1580 5625 quorum
1613 5568 1718 5606 non
1764 5566 1884 5607 esse
1922 5551 2021 5606 de-

442 5646 862 5705 monstrationes
884 5654 1240 5701 monstratum
1268 5655 1350 5702 est
1371 5647 1520 5716 prius
1546 5662 1559 5699 :
1582 5653 1672 5698 aut
1698 5644 1839 5699 enim
1869 5652 2025 5699 erunt

446 5738 703 5813 principia
730 5738 1191 5803 demonstrabilia,
1230 5748 1287 5794 et
1315 5740 1695 5809 principiorum
1729 5738 2020 5807 principia,

444 5842 495 5891 et
535 5834 638 5889 hoc
665 5831 718 5890 iu
769 5830 1036 5888 inﬁnitum
1083 5831 1290 5894 abibit;
1324 5839 1412 5885 aut
1458 5831 1642 5901 priuue
1686 5828 2023 5888 deﬁnitiones

890 5926 1164 5991 Panos.
1203 5926 1422 5990 LXIV.

2126 4639 2220 4694 sed
2269 4639 2313 4692 si
2358 4655 2390 4691 a
2427 4637 2494 4692 de
2524 4637 2549 4688 ιι
2593 4638 2645 4690 in
2683 4650 2749 4690 eo
2783 4635 2923 4705 quod
2952 4634 3078 4705 quid
3107 4642 3213 4699 est,
3237 4649 3342 4688 non
3381 4642 3557 4689 autem
3586 4634 3616 4685 ὁ
3642 4634 3709 4688 de

2127 4742 2445 4798 quocunque
2477 4727 2528 4781 in
2557 4740 2621 4780 eo
2660 4724 2800 4795 quod
2841 4724 2967 4795 quid
2998 4734 3116 4790 est,
3151 4724 3323 4795 ipsum
3371 4734 3549 4779 autem
3579 4723 3708 4793 quid

2126 4825 2210 4873 est
2238 4826 2462 4886 utraque
2492 4815 2764 4869 habebunt
2791 4854 2806 4877 ,
2832 4814 2898 4870 de
2927 4814 3028 4869 hoc
3066 4814 3169 4870 erit
3211 4814 3393 4884 utique
3424 4823 3478 4868 et
3510 4813 3539 4866 ὁ
3584 4813 3650 4868 de
3679 4830 3707 4864 ε
3778 4845 3784 4886 ι

2129 4908 2181 4962 in
2212 4923 2277 4963 eo
2308 4876 2603 4977 quodquid
2633 4914 2736 4960 est.
2766 4876 2822 4960 Si
2856 4904 3017 4973 igitur
3046 4904 3185 4974 quod
3216 4876 3343 4975 quid
3376 4910 3459 4957 est
3496 4910 3551 4957 ct
3576 4898 3704 4970 quid

2128 5005 2243 5055 erat
2265 5012 2383 5052 esse
2404 5005 2629 5066 utraque
2654 4995 2870 5062 habent,
2901 4995 2954 5049 iu
2985 4995 3160 5051 medio
3188 4995 3416 5050 termino
3437 4994 3541 5049 erit
3564 4993 3710 5061 prius
3785 4998 3791 5031 ῖ

2130 5090 2270 5160 quod
2306 5088 2431 5159 quid
2462 5098 2578 5142 erat
2624 5102 2767 5153 esse,
2818 5098 2872 5141 et
2925 5086 3145 5141 omnino
3191 5087 3237 5140 si
3277 5093 3363 5141 est
3406 5090 3704 5139 monstrare

2130 5182 2257 5254 quid
2285 5192 2367 5237 est
2400 5182 2580 5245 homo,
2612 5181 2681 5235 sit
2722 5197 2748 5233 c
2779 5182 2959 5246 homo,
3008 5198 3039 5233 a
3075 5194 3201 5234 vero
3250 5178 3392 5247 quod
3421 5177 3550 5257 quid
3605 5188 3710 5243 est,
3790 5184 3795 5192 ‘

2130 5274 2242 5329 sive
2272 5274 2468 5329 animal
2511 5274 2684 5344 bipes,
2716 5272 2827 5327 sive
2856 5271 3056 5341 aliquid
3088 5269 3254 5325 aliud.
3282 5270 3338 5324 Si
3367 5283 3497 5339 ergo
3538 5268 3704 5339 syllo-
3791 5258 3802 5349 ί

2130 5371 2330 5440 gizatur
2357 5386 2389 5423 a
2414 5369 2480 5425 de
2518 5387 2565 5435 c,
2613 5381 2832 5423 necesse
2871 5374 2955 5421 est
2998 5382 3031 5418 a
3052 5365 3120 5419 de
3152 5364 3295 5418 omni
3328 5364 3355 5416 b
3384 5363 3660 5434 praedicari
3690 5382 3704 5423 ;

2130 5459 2287 5531 bujus
2308 5469 2482 5515 autem
2513 5459 2616 5514 erit
2652 5458 2752 5512 alia
2782 5448 2954 5511 media
2998 5456 3155 5518 ratio,
3188 5469 3352 5522 quare
3388 5467 3438 5509 et
3472 5456 3574 5509 hoc
3600 5454 3705 5507 ciit

2126 5549 2269 5622 quod
2310 5551 2435 5621 quid
2490 5558 2571 5604 est
2615 5549 2795 5614 homo,
2840 5546 3034 5615 accipit
3089 5545 3252 5614 igitur
3299 5545 3441 5615 quod
3490 5554 3704 5616 oportet

2127 5642 2431 5707 ostendere,
2465 5638 2663 5694 etenim
2689 5639 2713 5690 b
2744 5650 2824 5692 εει
2846 5636 2987 5702 quod
3011 5635 3133 5704 quid
3156 5645 3235 5689 est
3256 5634 3510 5692 hominis.
3533 5636 3703 5707 Opor-

2130 5744 2201 5789 tet
2230 5746 2406 5788 autem
2454 5733 2504 5786 in
2536 5730 2741 5786 duabus
2773 5728 3260 5800 propositionibus,
3313 5738 3366 5784 et
3416 5731 3624 5799 primis,
3656 5748 3684 5780 ιε

2131 5825 2450 5882 immediatis
2509 5821 2847 5877 considerare
2933 5821 3161 5885 maxime
3201 5820 3340 5875 enim
3373 5819 3706 5876 manifestum

3163 5912 3240 5974 2's
