4296 6266
613 441 707 495 727
1854 434 1965 485 AN.
2006 431 2192 487 MANL

2305 431 2403 486 εν,
2445 429 2667 487 ΒΟΕΤΙΙ

3764 428 3869 487 7ιὸ

613 552 748 621 quod
793 550 1005 613 dicitur,
1038 546 1116 599 ﬁt.
1164 544 1261 598 Per
1292 542 1699 597 conversionem
1748 542 1963 611 quidem
2015 542 2453 611 igituermnis
2513 559 2618 599 non
2697 554 2781 601 est
2826 544 3103 609 deﬁnitio,
3151 558 3319 614 quare
3366 544 3553 613 quavis
3601 542 3902 598 divisione

612 649 969 701 monstrantes
996 636 1121 705 quid
1156 645 1239 691 est
1266 635 1466 701 anima,
1493 643 1585 688 aut
1611 632 1736 702 quid
1767 642 1849 688 est
1875 632 2056 699 homo,
2091 641 2184 691 aut

610 736 751 792 aliud
780 732 1053 801 quodlibet
1078 745 1261 787 eorum
1290 743 1412 799 qua:
1438 736 1580 790 sunt,
1612 726 1754 797 quod
1782 733 1948 781 estex
1981 727 2183 793 princio

610 831 699 900 pio
732 836 935 898 petunt,
964 824 1085 881 utsi
1110 823 1229 894 quis
1252 831 1400 892 putet
1417 822 1650 876 animam
1672 835 1794 876 esse
1809 819 2053 877 eamdem
2078 819 2184 876 sibi

612 920 708 989 ipsi
742 932 953 972 causam
984 913 1216 977 vivendi,
1258 914 1361 970 hoc
1413 920 1590 967 autem
1622 927 1904 971 numerqu
1932 911 2183 967 eumdem

611 1014 842 1082 seipsuin
876 1017 1213 1074 moventem,
1270 1021 1489 1062 necesse
1518 1014 1602 1061 est
1645 1005 1789 1060 enim
1843 1014 2024 1073 petere
2064 1004 2188 1059 ani-

568 1090 573 1145 ἶ
612 1119 752 1169 nium
804 1104 905 1155 hoc
946 1116 1066 1155 esse
1095 1098 1237 1169 quod
1291 1112 1572 1152 numerum
1621 1111 1743 1151 esse
1773 1111 1832 1151 se
1862 1096 2038 1165 ipsum
2076 1110 2191 1149 mo-

570 1188 588 1227 ὀ
612 1205 823 1251 ventem
853 1193 930 1246 sic
959 1194 1096 1246 sicut
1120 1190 1284 1243 idem.
1309 1187 1420 1241 Non
1450 1189 1592 1242 enim
1620 1188 1665 1241 si
1690 1186 2035 1257 consequitur
2056 1204 2088 1243 (ι
2133 1186 2186 1251 b,

613 1297 667 1342 et
690 1285 788 1339 hoc
839 1302 885 1351 ο,
915 1286 1017 1338 erit
1047 1283 1098 1337 in
1126 1284 1238 1352 ipso
1266 1298 1292 1333 ε
1345 1297 1376 1334 a
1404 1279 1544 1350 quod
1567 1288 1682 1333 erat
1704 1294 1844 1341 esse.
1874 1278 1969 1333 sed
2001 1293 2188 1333 verum

613 1379 715 1432 erit
738 1375 917 1431 dicere
946 1391 971 1427 c
998 1373 1187 1426 solum.
1220 1370 1401 1440 Neque
1431 1372 1475 1423 si
1515 1379 1597 1425 est
1626 1386 1658 1423 α
1683 1369 1825 1441 quod
1847 1370 1973 1439 quid
2000 1379 2103 1436 est,
2137 1377 2191 1425 et

614 1471 681 1525 de
718 1470 747 1523 b
784 1466 1099 1538 prmdicatur
1145 1465 1313 1532 omni,
1361 1474 1413 1518 et
1468 1478 1696 1533 namque
1745 1463 1993 1519 animalis
2065 1476 2187 1518 esse

616 1561 933 1629 prmdicalur
982 1557 1047 1612 de
1100 1555 1328 1610 hominis
1372 1568 1530 1622 esse,
1567 1569 1750 1609 verum
1801 1554 1945 1610 enim
1995 1563 2081 1609 est
2123 1554 2194 1609 de

615 1652 756 1707 omni
790 1649 1017 1705 hominis
1069 1662 1187 1701 esse
1236 1645 1482 1699 animalis
1503 1660 1647 1709 esse,
1680 1644 1818 1700 sicut
1845 1654 1899 1699 et
1929 1645 1997 1699 de
2041 1646 2188 1699 omni

615 1743 832 1799 homine
858 1742 1073 1807 animal,
1116 1740 1210 1797 sed
1240 1756 1342 1794 non
1367 1739 1443 1794 sic
1466 1740 1609 1795 sicut
1636 1754 1804 1793 unum
1826 1752 1972 1795 esse.
2002 1738 2059 1793 Si
2083 1739 2195 1808 qui-

617 1839 735 1893 dem
758 1837 915 1907 igitur
947 1851 1049 1891 non
1080 1835 1157 1888 sic
1187 1834 1428 1905 accipiat,
1460 1824 1565 1889 non
1603 1834 1953 1906 syllogizatur
1983 1833 2124 1904 quod
2159 1850 2193 1887 α

2289 636 2636 703 monstravit,
2665 635 2763 691 sed
2788 645 2965 691 tamen
2991 634 3258 701 deﬁnitio,
3286 649 3393 690 non
3418 634 3763 706 syllogismus
3789 640 3867 690 lit.

2893 745 3117 803 CAPUT
3156 745 3243 801 Vl.

2328 838 2449 893 Non
2489 841 2757 892 monstrari
2796 837 3145 907 deﬁnitionem
3191 836 3440 890 sumendo
3482 836 3833 902 deﬁnitionem

2490 909 2834 978 deﬁnitionis,
2875 924 3032 978 neque
3068 908 3366 977 deﬁnitione
3400 908 3668 967 contrarii.

2361 1021 2468 1077 Sed
2497 1031 2670 1077 utrum
2701 1021 2775 1077 sit
2800 1021 3172 1077 demonstrare
3196 1020 3338 1090 quod
3379 1019 3509 1089 quid
3550 1026 3635 1074 est
3676 1032 3871 1074 secun-

2294 1112 2416 1169 dum
2461 1113 2815 1169 substantiam
2855 1128 2921 1169 ex
2970 1111 3279 1168 conditione
3327 1110 3679 1181 accipientem
3726 1107 3871 1185 quod

2295 1209 2421 1277 quid
2466 1220 2580 1263 erat
2619 1223 2739 1263 esse
2760 1248 2775 1272 ,
2801 1206 2943 1277 quod
2973 1216 3053 1261 est
3082 1221 3148 1261 ex
3174 1206 3238 1260 iis
3257 1219 3377 1275 qua
3397 1214 3524 1259 sunt
3549 1203 3604 1258 in
3632 1216 3700 1257 eo
3728 1200 3873 1272 quod

2296 1298 2421 1367 quid
2452 1307 2533 1353 est
2573 1298 2824 1367 propriis.
2859 1296 2982 1350 llaec
3022 1303 3201 1351 autem
3243 1296 3297 1349 in
3335 1308 3403 1350 eo
3437 1293 3580 1364 quod
3617 1291 3744 1362 quid
3787 1296 3874 1345 est

2297 1388 2410 1443 sola
2430 1427 2446 1453 ,
2478 1397 2531 1440 et
2562 1388 2833 1456 proprium
2862 1396 2944 1441 est
2971 1399 3134 1440 omne
3152 1425 3168 1447 .
3199 1385 3300 1441 hoc
3328 1386 3473 1439 enim
3498 1393 3583 1439 est
3623 1397 3744 1439 esse
3769 1382 3870 1436 illi.

2299 1479 2380 1535 An
2424 1479 2614 1533 iterum
2656 1476 2862 1546 accepit
2901 1476 3043 1545 quod
3084 1476 3213 1545 quid
3251 1484 3369 1530 erat
3406 1488 3529 1530 esse
3555 1481 3611 1528 et
3647 1473 3699 1526 in
3733 1470 3876 1526 hoc?

2299 1586 2522 1627 necesse
2551 1578 2637 1627 est
2663 1570 2807 1625 enim
2837 1584 2934 1638 per
2961 1568 3196 1623 medium
3228 1577 3555 1621 monstrare.
3598 1564 3871 1633 Amplius,

2299 1665 2439 1720 sicut
2477 1677 2650 1731 neque
2693 1662 2745 1717 in
2786 1661 3099 1731 syllogismo
3138 1658 3401 1727 accipitur
3440 1656 3581 1726 quod
3625 1655 3749 1726 quid
3791 1662 3873 1710 est

2297 1754 2653 1826 syllogizare,
2686 1766 2901 1822 semper
2926 1752 3071 1807 enim
3102 1760 3209 1806 tota
3251 1759 3345 1805 aut
3401 1764 3525 1819 pars
3556 1759 3638 1804 est
3676 1762 3874 1818 prop0¢

2299 1848 2448 1913 sitio,
2472 1864 2537 1903 ex
2561 1846 2757 1916 quibus
2778 1854 2863 1902 est
2883 1845 3224 1916 syllogismus
3244 1886 3259 1911 ,
3289 1840 3365 1896 sic
3386 1855 3559 1911 neque
3581 1840 3721 1910 quod
3745 1838 3873 1909 quid
3934 1882 3943 1885 -

617 1930 682 1984 sit
717 1929 769 1983 in
818 1945 846 1981 c
898 1927 1039 1998 quod
1083 1926 1205 1995 quid
1238 1936 1352 1980 erat
1394 1940 1516 1980 esse
1545 1936 1595 1978 et
1623 1924 1951 1989 substantia;
1983 1924 2027 1977 si
2059 1939 2191 1980 vero

2305 1949 2380 1995 est
2435 1954 2556 1996 esse
2596 1946 2812 2007 oportet
2848 1952 2971 1997 esse
3010 1937 3065 1991 in
3104 1934 3448 2005 syllogismo,
3495 1932 3586 1988 sed
3628 1944 3869 1985 seorsum

618 2024 693 2079 sic
726 2021 973 2090 accipiat,
1018 2022 1164 2089 prius
1188 2019 1291 2074 erit
1320 2018 1589 2089 accipiens
1635 2018 1690 2071 in
1720 2033 1767 2081 c,
1816 2015 2065 2085 quoniam
2111 2024 2194 2072 est

620 2116 755 2189 quod
777 2115 903 2187 quid
927 2125 1041 2171 erat
1071 2129 1193 2169 esse
1226 2113 1274 2180 ι),
1302 2127 1469 2183 quare
1493 2128 1597 2166 non
1632 2111 2059 2167 demonstratum
2089 2119 2194 2178 est,

616 2211 756 2283 quod
778 2210 919 2266 enim
942 2216 1056 2266 erat
1079 2207 1130 2262 in
1166 2206 1427 2277 principio
1447 2206 1679 2274 accepit.

1245 2359 1470 2417 CAPUT
1508 2361 1571 2414 V.

622 2457 801 2533 Neque
836 2460 972 2514 idem
1010 2458 1137 2527 efﬁci
1182 2472 1329 2525 posse
1380 2472 1469 2526 per
1507 2453 1809 2524 divisionem
1873 2455 2193 2526 syllogismo.

690 2596 756 2649 At
784 2606 912 2645 vero
946 2603 1121 2657 neque
1152 2603 1245 2656 per
1284 2587 1598 2642 divisionem
1640 2588 1723 2641 via
1765 2597 1847 2643 est
1885 2588 2201 2659 syllogizare

621 2684 756 2737 sicut
788 2682 837 2735 in
871 2679 1196 2736 resolutione
1222 2680 1363 2733 circa
1397 2678 1593 2746 liguras
1621 2677 1820 2732 dictum
1852 2687 1954 2733 est.
1988 2679 2198 2747 Nequa-

619 2790 778 2846 quam
819 2774 964 2828 enim
1006 2783 1224 2825 necesse
1267 2770 1325 2823 lit
1374 2782 1487 2823 rem
1540 2768 1683 2823 illam
1726 2782 1873 2832 esse,
1916 2784 2035 2823 cum
2084 2768 2201 2824 inec

621 2867 757 2933 sint,
789 2865 882 2921 sed
912 2864 1047 2919 sicut
1067 2862 1237 2930 neque
1260 2860 1515 2915 inducens
1533 2859 1885 2914 demonstrat.
1919 2860 2032 2915 Non
2053 2861 2199 2916 enim

558 2954 563 2961 ’
622 2967 830 3029 oportet
872 2956 1273 3013 conclusionem
1316 2953 1645 3023 interrogare
1668 2993 1683 3018 ,
1716 2967 1891 3022 neque
1923 2953 1973 3007 in
2005 2968 2198 3008 conce-

622 3052 796 3108 dendo
822 3066 941 3106 csse
959 3090 973 3116 ,
1003 3050 1097 3103 sed
1126 3062 1346 3103 necesse
1373 3055 1455 3101 est
1481 3060 1602 3101 esse
1630 3060 1753 3099 cum
1785 3047 1894 3111 sint
1922 3045 2008 3099 illa
2031 3086 2046 3111 ,
2075 3054 2130 3101 et
2154 3044 2201 3100 si

621 3158 726 3199 non
760 3144 902 3198 dicat
932 3140 1290 3210 respondens,
1324 3148 1499 3191 utrum
1538 3140 1694 3191 homo
1726 3136 1921 3190 animal
1954 3145 2070 3202 est,
2110 3145 2202 3191 aut

622 3237 1005 3294 inanimatum?
1033 3247 1218 3306 postea
1250 3232 1442 3301 accipit
1471 3230 1700 3294 animal,
1732 3244 1837 3282 non
1868 3229 2148 3298 syllogizat
2177 3244 2193 3292 ;

2299 2032 2402 2088 hoc
2420 2047 2449 2087 a
2476 2032 2664 2101 positis
2694 2045 2834 2085 esse.
2867 2031 2933 2084 Et
2962 2029 3026 2082 ad
3058 2028 3389 2083 dubitantem
3411 2041 3479 2080 an
3507 2024 3872 2094 syllogisatum

2301 2133 2405 2194 est,
2428 2140 2497 2179 an
2518 2138 2625 2178 non
2650 2132 2732 2179 est
2758 2121 2896 2176 hoc?
2922 2120 3245 2177 obviandum
3266 2160 3281 2185 ,
3306 2117 3577 2188 quoniam,
3607 2117 3707 2171 hoc
3734 2116 3875 2171 enim

2301 2227 2421 2275 erat
2468 2217 2850 2287 syllogismus,
2902 2225 2958 2270 et
2999 2213 3174 2273 adhuc
3226 2211 3367 2283 quod
3414 2226 3514 2268 nec
3563 2210 3705 2282 quod
3750 2210 3877 2281 quid

2301 2316 2417 2363 erat
2461 2306 2831 2376 syllogizatum
2877 2312 2994 2372 est,
3040 2306 3289 2374 quoniam
3331 2304 3547 2372 utique,
3586 2302 3688 2356 hoc
3728 2302 3870 2356 enim

2302 2400 2531 2472 positum
2561 2406 2645 2454 est
2680 2397 2833 2453 nobis
2868 2396 3009 2468 quod
3047 2396 3178 2467 quid
3216 2403 3333 2452 erat
3375 2409 3530 2460 esse,
3570 2408 3737 2464 quare
3774 2407 3872 2447 ae-

2302 2509 2453 2551 cesse
2479 2499 2535 2550 ct
2561 2493 2678 2547 sine
2704 2506 2769 2547 eo
2798 2490 2942 2562 quod
2971 2490 3099 2561 quid
3130 2498 3247 2557 est,
3276 2489 3345 2545 sit
3373 2488 3721 2559 syllogismus
3739 2528 3756 2554 ,
3786 2495 3879 2543 aut

2304 2587 2446 2658 quod
2473 2585 2600 2656 quid
2625 2593 2743 2640 erat
2767 2598 2888 2640 esse
2912 2582 3232 2654 syllogizare
3259 2580 3478 2650 aliquid.
3504 2580 3569 2635 Et
3590 2580 3636 2634 si
3662 2594 3727 2635 ex
3754 2593 3881 2634 con-
3982 2639 3998 2651 ,

2307 2680 2511 2735 ditione
2540 2684 2836 2740 monstret,
2868 2682 2930 2730 ut
2967 2675 3014 2728 si
3056 2674 3198 2729 malo
3241 2674 3381 2728 inest
3417 2670 3688 2727 divisibile
3726 2684 3877 2734 esse,

2308 2772 2361 2825 in
2391 2769 2665 2824 contrario
2694 2776 2777 2822 est
2803 2765 3129 2821 contrarium
3161 2778 3282 2819 esse
3309 2804 3325 2831 ,
3379 2764 3433 2818 in
3479 2763 3880 2833 quibuscunque

2310 2875 2393 2918 est
2432 2861 2630 2930 aliquid
2660 2859 2991 2916 contrarium
3012 2899 3028 2924 ,
3060 2857 3258 2915 bonum
3286 2866 3466 2913 autem
3499 2858 3643 2912 malo
3666 2866 3881 2912 contra-

2306 2954 2445 3007 rium
2477 2962 2589 3018 est,
2629 2962 2684 3006 et
2721 2948 3051 3006 indivisibile
3091 2948 3375 3013 dMsibili;
3416 2958 3501 3004 est
3546 2949 3723 3017 itaque
3762 2948 3880 3003 boni

2306 3055 2362 3103 et
2393 3044 2717 3119 indivisibile
2743 3058 2883 3099 esse.
2944 3043 3156 3098 Etenim
3186 3041 3276 3098 hic
3301 3041 3571 3110 accipiens
3600 3044 3741 3112 quod
3770 3053 3882 3100 erat

2306 3154 2462 3205 esse,
2506 3122 2789 3194 monstrat.
2830 3135 3100 3205 Aceipitur
3144 3146 3323 3192 autem
3366 3136 3432 3190 ad
3478 3137 3879 3192 monstrandum

2309 3231 2445 3301 quod
2475 3229 2600 3299 quid
2630 3237 2743 3283 erat
2774 3243 2928 3293 csse,
2960 3228 3189 3283 alterum
3218 3238 3396 3283 tamen
3437 3231 3526 3284 sit.
3574 3228 3786 3285 Etenim
3828 3230 3877 3284 in

622 3332 813 3387 lterum
844 3343 1003 3383 omne
1029 3325 1255 3388 animal,
1286 3334 1376 3377 aut
1403 3322 1709 3393 gressibile,
1743 3329 1835 3375 aut
1860 3321 2160 3388 aquaticum
2180 3358 2196 3383 ,
2230 3289 2279 3355 α
2308 3318 2856 3374 demonstrationibus
2880 3327 2964 3373 est
2990 3317 3091 3374 hoc
3120 3318 3330 3388 quidem
3368 3320 3438 3375 de
3468 3319 3568 3376 hoc
3588 3361 3604 3385 ,
3636 3321 3727 3376 sed
3771 3336 3875 3376 non

623 3424 829 3488 accepit
868 3418 1180 3487 gressibile,
1227 3426 1280 3468 et
1320 3414 1590 3469 hominem
1635 3427 1753 3464 esse
1798 3419 1965 3464 totum
2005 3410 2201 3463 animal

624 3511 934 3582 gressibile,
977 3523 1082 3561 non
1130 3520 1350 3560 necesse
1390 3506 1494 3558 erit
1531 3518 1598 3558 ex
1643 3502 1836 3568 dictis,
1870 3502 1964 3555 sed
2010 3502 2205 3569 accipit

624 3616 675 3661 ct
716 3604 835 3657 hoc.
877 3598 1062 3654 Dil‘fert
1100 3606 1276 3650 autem
1320 3594 1449 3647 nihil
1482 3595 1533 3647 in
1566 3594 1782 3657 multis,
1816 3600 1905 3645 aut
1936 3591 1988 3645 in
2020 3592 2204 3661 paucis

624 3698 703 3750 sic
731 3694 908 3748 dicere
928 3731 944 3757 ,
976 3689 1114 3744 idem
1148 3688 1287 3741 enim
1318 3693 1419 3740 est.
1452 3684 1566 3738 Non
1598 3683 1959 3754 syllogisticus
1988 3682 2206 3753 quidem

626 3788 785 3856 igitur
812 3791 867 3837 et
894 3796 1020 3835 usus
1055 3782 1110 3833 lit
1136 3779 1211 3833 sic
1241 3776 1657 3847 procedentibus
1678 3820 1691 3843 ,
1720 3784 1773 3829 et
1800 3774 1867 3828 de
1892 3775 2207 3844 contingen-

626 3877 768 3929 tibus
794 3871 1115 3944 syllogizari.
1145 3868 1279 3936 Quid
1309 3866 1453 3923 enim
1498 3865 1743 3936 prohibet
1783 3875 1837 3921 et
1876 3864 1978 3919 hoc
2021 3881 2208 3922 verum

628 3966 843 4040 quidem
873 3979 1034 4019 omne
1062 3978 1182 4019 esse
1211 3962 1278 4016 de
1309 3960 1555 4025 homine,
1586 3974 1691 4013 non
1724 3968 1901 4014 tamen
1928 3959 2057 4028 quid
2087 3968 2203 4028 est,

626 4072 799 4129 neque
825 4055 965 4128 quod
992 4054 1113 4126 quid
1145 4060 1262 4109 erat
1285 4067 1405 4108 esse
1433 4050 1746 4106 ostendens.
1777 4049 2019 4118 Amplius
2039 4090 2054 4115 ,
2083 4047 2209 4116 quid

626 4150 873 4223 prohibet
918 4156 1010 4201 aut
1055 4159 1323 4215 apponere
1367 4142 1610 4212 aliquid,
1662 4150 1753 4193 aut
1800 4140 2015 4194 auferre
2043 4181 2060 4206 ,
2117 4145 2208 4192 aut

626 4242 886 4298 excellere
910 4238 1254 4300 substantias,
1281 4235 1394 4287 hcce
1419 4234 1632 4303 quidem
1664 4233 1820 4300 igitur
1842 4231 2203 4285 dimittuntur.

626 4332 897 4401 Contingit
936 4339 1111 4383 autem
1159 4327 1372 4380 solvere
1414 4325 1466 4377 in
1509 4323 1821 4392 accipiendo
1862 4324 1911 4375 in
1954 4337 2020 4376 eo
2066 4320 2209 4389 quod

626 4425 750 4496 quid
774 4434 855 4478 est
880 4423 1058 4475 omnia
1081 4460 1096 4484 ,
1119 4427 1175 4473 et
1193 4417 1335 4487 quod
1362 4425 1444 4470 est
1470 4422 1862 4481 consequenter
1888 4413 2207 4466 divisionem

627 4520 800 4573 facere
828 4514 1109 4586 quaesitum
1140 4512 1317 4582 prius,
1351 4517 1405 4563 et
1434 4507 1563 4561 nihil
1592 4506 1927 4575 relinquere;
1971 4503 2072 4557 hoc
2112 4517 2207 4556 au-

626 4618 737 4663 tem
768 4606 1126 4660 necessarium
1158 4610 1272 4667 est,
1306 4600 1349 4653 si
1378 4614 1539 4665 omne
1570 4598 1622 4650 in
1651 4594 1913 4650 divisione
1940 4593 2116 4657 cadit,
2147 4599 2204 4646 et

627 4698 759 4755 nihil
785 4698 1065 4767 relinquit,
1091 4692 1421 4749 individuum
1451 4689 1591 4744 enim
1618 4687 1796 4758 specie
1824 4694 2035 4755 oportet
2060 4698 2203 4738 esse.

532 4838 535 4839 ν
629 4792 734 4849 Sed
758 4791 1097 4863 syllogismus
1122 4796 1297 4841 tamen
1327 4802 1431 4839 non
1455 4785 1628 4851 inest,
1661 4782 1753 4837 sed
1782 4782 1825 4835 si
1854 4782 2068 4849 quidem
2100 4777 2207 4832 alio

630 4882 791 4939 modo
814 4896 1137 4953 cognoscere
1163 4878 1283 4933 facit
1305 4919 1319 4942 ,
1352 4879 1452 4931 hoc
1474 4874 1687 4944 quidem
1734 4888 1837 4927 non
1889 4871 1986 4926 fuit
2019 4872 2205 4926 incon-

630 4977 880 5038 veniens,
911 4990 1081 5041 neque
1107 4970 1249 5023 enim
1272 4968 1529 5021 inducens
1557 4965 1692 5018 forte
1718 4962 2073 5026 demonstrat,
2110 4956 2205 5014 sed

630 5077 823 5135 tamen.
846 5064 1079 5120 ostendit
1108 5060 1332 5129 aliquid.
1372 5055 1751 5127 Syllogismum
1779 5062 1957 5108 autem
1989 5068 2091 5106 non
2123 5052 2204 5104 die

630 5164 738 5227 cit,
769 5175 833 5216 ex
865 5158 1127 5213 divisione
1156 5153 1355 5220 eligens
1381 5148 1746 5203 deﬁnitionem
1768 5186 1785 5213 ,
1813 5148 1952 5202 sicut
1973 5146 2113 5200 enim
2151 5147 2204 5200 in

630 5267 733 5307 con
768 5249 1062 5305 lusionibus
1088 5261 1202 5316 que
1224 5246 1339 5299 sine
1362 5241 1551 5296 mediis
1580 5247 1739 5306 sunt,
1762 5239 1807 5295 si
1838 5238 2029 5307 aliquis
2060 5238 2205 5294 dicat

630 5343 880 5413 quoniam
912 5342 992 5394 bis
1022 5322 1369 5395 existentibus
1397 5348 1619 5389 necesse
1645 5341 1729 5387 est
1757 5333 1857 5387 hoc
1884 5346 2036 5397 esse,
2068 5348 2201 5387 cono

633 5437 792 5507 tingit
816 5436 1142 5503 interrogare
1163 5439 1378 5501 propter
1397 5428 1525 5500 quid
1544 5427 1635 5494 sit,
1656 5428 1731 5482 sic
1751 5427 1879 5483 etin
1902 5426 2089 5482 divisis
2104 5435 2207 5482 ter-

633 5531 832 5586 minis?
874 5538 952 5597 ut,
993 5528 1117 5599 quid
1138 5536 1218 5583 est
1256 5526 1453 5581 homo?
1491 5523 1687 5579 animal
1732 5524 1992 5591 mortale,
2042 5524 2203 5593 pedes

634 5623 837 5679 habens
858 5664 874 5690 ,
906 5622 1055 5691 bipes
1073 5660 1089 5688 ,
1115 5621 1228 5675 sine
1257 5617 1468 5689 pennis.
1491 5616 1716 5684 Propter
1739 5615 1865 5687 quid
1892 5615 1992 5669 scit
2017 5629 2207 5668 unam-

637 5731 905 5787 quamque
937 5713 1327 5785 appositionem
1347 5750 1364 5779 ,
1392 5718 1447 5765 et
1473 5708 1615 5765 dicet
1640 5708 1784 5764 enim
1806 5749 1822 5774 ,
1854 5716 1907 5762 et
1933 5716 2208 5761 monstra-

640 5806 717 5861 bit
743 5806 1001 5859 divisione
1022 5845 1036 5869 ,
1078 5803 1215 5858 sicut
1243 5801 1488 5870 opinatur
1519 5799 1657 5869 quod
1691 5813 1850 5854 omne
1880 5797 2076 5852 animal
2112 5804 2204 5851 aut

639 5896 904 5961 mortale,
928 5904 1018 5948 aut
1038 5896 1334 5949 immortale
1355 5895 1456 5958 sit;
1486 5894 1784 5961 huiusmodi
1818 5902 1999 5946 autem
2025 5892 2200 5947 oratio

2306 3413 2479 3479 ipsum
2503 3453 2519 3477 ,
2546 3425 2717 3478 neque
2742 3409 2893 3479 cujus
2918 3416 3001 3464 est
3022 3409 3207 3473 eadem
3234 3411 3370 3469 ratio
3387 3451 3404 3478 ,
3436 3419 3491 3467 et
3524 3412 3875 3467 convertitur.

2309 3500 2391 3555 Ad
2418 3509 2671 3568 utrosque
2699 3507 2902 3566 autem,
2925 3508 2980 3554 et
2999 3501 3291 3559 secundum
3310 3500 3623 3558 divisionem
3651 3504 3873 3559 demon-

2309 3598 2565 3646 strantem
2586 3631 2603 3657 ,
2631 3601 2684 3645 et
2705 3590 2770 3643 ad
2795 3592 2872 3645 sic
2891 3592 3257 3663 syllogismum
3273 3634 3290 3661 ,
3313 3603 3397 3650 est
3416 3594 3603 3653 eadem
3622 3597 3881 3653 dubitatio

2312 3688 2530 3751 propter
2558 3681 2684 3749 quid
2715 3690 2797 3735 εει
2828 3681 2988 3737 homo
3016 3684 3210 3740 animal
3252 3687 3529 3755 gressibile
3556 3689 3741 3758 bipes,
3783 3688 3878 3744 sed

2312 3788 2418 3828 non
2460 3773 2658 3829 animal
2687 3782 2743 3829 et
2771 3773 2955 3843 bipes,
2997 3790 3064 3832 ex
3103 3779 3339 3848 acceptis
3382 3780 3525 3836 enim
3569 3795 3740 3850 neque
3776 3795 3881 3838 una

2312 3867 2602 3927 necessitas
2627 3874 2711 3921 est
2734 3881 2898 3920 unum
2944 3866 3059 3921 ﬁeri
3099 3868 3243 3934 quod
3282 3870 3621 3939 praedicatur,
3665 3871 3757 3928 sed
3788 3875 3882 3928 uti-

2313 3971 2419 4028 que
2440 3958 2582 4012 sicut
2606 3955 2748 4012 idem
2770 3956 2930 4012 homo
2951 3959 3054 4013 erit
3076 3968 3131 4014 et
3155 3962 3393 4018 musicus
3412 3974 3464 4019 et
3486 3966 3879 4033 grammaticus.

2910 4047 3135 4105 CAPUT
3175 4050 3289 4109 VII.

2497 4136 2769 4193 Contendit
2804 4140 2925 4210 quid
2964 4150 3034 4194 est
3074 4157 3175 4197 non
3212 4159 3357 4215 posse
3396 4148 3692 4202 monstrari.

2383 4230 2623 4297 Qualiter
2672 4230 2834 4301 igitur
2880 4229 3146 4287 deﬁniens
3196 4232 3584 4289 demonstrabit
3634 4234 3880 4290 substan-

2314 4326 2439 4378 tiam
2459 4364 2477 4390 ,
2507 4332 2600 4379 aut
2626 4323 2769 4393 quod
2797 4324 2923 4395 quid
2956 4323 3081 4379 est?
3117 4340 3287 4395 neque
3324 4325 3468 4380 enim
3492 4326 3632 4380 sicut
3659 4326 3879 4382 demon-

2311 4426 2487 4472 strans
2540 4433 2605 4472 ex
2646 4418 2808 4475 certis
2859 4417 3194 4475 manifestum
3228 4432 3346 4475 esse
3386 4417 3547 4476 faciet
3600 4420 3743 4490 quod
3784 4435 3881 4477 ne-

2312 4521 2468 4565 cesse
2520 4517 2606 4565 est
2640 4525 2761 4565 cum
2804 4509 2915 4566 sint
2952 4512 3042 4566 illa
3092 4513 3316 4568 alterum
3354 4512 3555 4583 aliquid
3595 4527 3734 4571 esse.
3773 4513 3879 4571 ῡεα

2312 4606 2627 4659 monstratio
2654 4603 2795 4660 enim
2827 4604 2930 4660 hoc
2958 4614 3079 4676 est,
3110 4622 3284 4678 neque
3313 4606 3450 4662 sicut
3492 4606 3751 4663 inducens
3786 4622 3883 4677 per

2313 4697 2632 4769 singularia,
2675 4714 2794 4754 cum
2827 4697 3108 4755 manifesta
3137 4700 3285 4765 sint,
3316 4700 3569 4769 quoniam
3608 4714 3765 4759 omne
3808 4699 3885 4754 sic

2315 4799 2435 4853 est,
2481 4804 2546 4844 eo
2590 4789 2735 4861 quod
2779 4791 2909 4844 nihil
2951 4790 3109 4847 aliter
3152 4800 3259 4847 est.
3297 4791 3417 4848 Non
3455 4792 3599 4848 enim
3640 4792 3767 4863 quid
3805 4798 3886 4849 est

2315 4882 2680 4949 demonstrat,
2723 4869 2820 4939 sed
2859 4885 3108 4954 quoniam
3156 4894 3277 4947 est,
3327 4894 3423 4940 aut
3461 4901 3569 4942 non
3608 4896 3711 4942 est.
3755 4885 3885 4954 Quis

2316 4975 2474 5044 igitur
2502 4985 2586 5032 est
2612 4976 2751 5032 alius
2784 4977 2973 5034 modus
3013 4977 3292 5048 reliquus?
3334 4994 3442 5036 non
3483 4980 3626 5036 enim
3666 4981 3887 5036 demon-

2315 5067 2504 5121 strabit
2532 5082 2732 5135 sensu,
2763 5079 2851 5123 aut
2879 5070 3067 5140 digito.
3107 5071 3387 5141 Amplius,
3430 5073 3701 5144 quomodo
3738 5087 3889 5131 mone

2314 5155 2505 5210 strabit
2530 5156 2673 5226 quod
2703 5157 2831 5227 quid
2859 5168 2942 5215 est
2970 5160 3164 5217 homo?
3193 5176 3418 5221 necesse
3436 5171 3522 5219 est
3548 5162 3689 5219 en'nn
3717 5164 3890 5220 scien-
3963 5182 3977 5189 ν

2316 5255 2422 5301 ιεω
2466 5246 2593 5315 quid
2630 5257 2714 5303 est
2753 5248 2950 5318 homo,
2994 5264 3085 5307 aut
3122 5253 3264 5309 aliud
3306 5253 3689 5326 quodcunque,
3746 5255 3887 5317 scire

2314 5339 2434 5410 quia
2464 5349 2567 5395 est.
2610 5340 2762 5409 Quod
2797 5344 2939 5399 enim
2971 5360 3079 5401 non
3108 5355 3225 5412 est,
3256 5347 3433 5403 nullus
3463 5348 3567 5414 scit
3592 5346 3733 5417 quod
3761 5346 3890 5415 quid

2317 5442 2432 5499 εει,
2463 5431 2557 5488 sed
2586 5432 2711 5504 quid
2740 5433 3033 5504 signiﬁcat:
3065 5438 3237 5494 oratio
3275 5436 3526 5509 quidem,
3566 5446 3660 5503 aut
3696 5452 3891 5499 nomen

2319 5538 2438 5576 cum
2463 5522 2587 5578 dico
2618 5524 2988 5596 tragelaphus,
3018 5528 3148 5597 quid
3174 5536 3359 5599 autem,
3395 5536 3480 5597 est
3515 5528 3886 5599 ιῑθεειεριιιμ.

2320 5616 2649 5685 impossibile
2713 5626 2797 5674 est
2862 5620 3020 5679 scire.
3089 5625 3157 5677 At
3216 5637 3343 5680 vero
3400 5623 3449 5679 si
3504 5619 3892 5687 demonstrabit

2317 5706 2441 5777 quid
2469 5718 2581 5778 est,
2612 5716 2667 5764 et
2695 5709 2819 5779 quia
2846 5719 2959 5776 est,
2989 5721 3044 5768 et
3071 5714 3301 5784 qualiter
3325 5712 3516 5779 eadem
3552 5714 3762 5771 ratione
3799 5712 3890 5768 de-

2316 5801 2661 5869 monstrabit,
2692 5800 2912 5859 deﬁnito
2935 5806 3075 5861 enim
3106 5823 3271 5864 unum
3310 5808 3542 5881 aliquid,
3580 5818 3636 5865 et
3671 5808 3891 5865 demen-

2313 5896 2531 5957 stratio,
2563 5894 2615 5947 id
2642 5904 2818 5948 autem
2856 5898 2997 5965 quod
3040 5908 3123 5967 est
3159 5900 3285 5971 quid
3324 5910 3408 5961 est
3448 5901 3638 5965 homo,
3681 5911 3735 5957 et
3775 5913 3897 5956 esse
