4296 6266
417 430 511 483 τις»
970 424 1446 486 POSTERIORUM
1487 415 2022 517 ΑΝᾼιγτιοοιιυιι

2093 426 2511 486 tRlS’l‘OTELlS
2550 422 3115 486 INTERPRETATIO.

3564 430 3666 482 730

413 539 681 602 hominem
703 578 720 609 ,
775 537 917 598 aliud
962 553 1065 600 est.
1115 545 1300 599 Postea
1346 558 1440 613 per
1483 544 1988 599 demonstrationem
2015 546 2069 605 Α
2096 551 2281 599 centes
2310 558 2376 597 ex
2405 543 2686 613 principio.
2720 543 2871 600 Sicut
2900 546 3042 599 enim
3069 553 3286 614 propter
3315 542 3442 614 quid
3470 557 3667 614 quatri-

415 636 642 692 dicimus
688 637 1045 692 necessarium
1089 651 1212 693 esse
1258 636 1628 691 demonstrare
1666 651 1827 691 omne
1867 636 1989 705 quia

396 739 532 795 ~est,
566 727 668 782 nisi
698 729 995 784 substantia
1024 729 1127 795 sit,
1168 743 1288 784 esse
1326 735 1503 783 autem
1545 736 1651 782 nun
1690 728 1989 783 substantia

415 823 520 877 ulla
543 830 658 886 est,
690 835 796 876 non
819 821 958 876 enim
987 830 1069 876 est
1098 836 1266 891 genus
1285 860 1301 885 ,
1333 819 1472 888 quod
1503 828 1621 885 est,
1649 818 1987 874 demonstra-

414 914 487 964 tio
514 913 689 980 itaque
715 912 819 965 erit
845 911 967 979 quia
995 920 1108 978 est,
1133 910 1273 979 quod
1301 910 1518 980 quidem
1543 919 1597 964 et
1621 925 1761 965 nunc
1788 908 1992 965 faciunt

414 1002 684 1065 scientia};
734 1000 861 1069 quid
911 1001 1051 1055 enim
1094 1000 1357 1070 signiﬁcat
1408 1000 1747 1071 triangulus,
1794 1001 1989 1069 accipit

414 1100 683 1159 geometra
705 1130 722 1158 ,
754 1092 875 1158 quia
918 1100 1095 1146 autem
1134 1100 1249 1158 est,
1280 1092 1631 1147 demonstrat.
1662 1090 1798 1157 Quid
1830 1090 1990 1161 igitur

413 1183 723 1238 monstrabit
771 1182 1069 1260 deﬁniens,
1114 1183 1241 1253 quid
1290 1196 1373 1238 est
1416 1184 1755 1252 triangulus?
1806 1183 1985 1238 sciens

411 1275 586 1344 itaque
615 1275 809 1344 aliquis
840 1275 1154 1330 definitione
1184 1276 1311 1344 quid
1341 1285 1458 1341 est,
1490 1279 1535 1330 si
1568 1284 1652 1331 est
1678 1292 1785 1330 non
1816 1276 1984 1343 sciet,

410 1366 502 1421 sed
535 1365 887 1435 impossibile.
922 1366 1257 1421 Manifestum
1302 1377 1385 1422 est
1422 1377 1475 1420 et
1516 1367 1809 1421 secundum
1852 1381 1991 1422 nunc

413 1458 602 1513 mudos
625 1458 976 1511 terminorum
997 1498 1013 1522 ,
1043 1457 1185 1525 quod
1216 1473 1320 1512 non
1347 1467 1647 1512 monstrant
1670 1458 1991 1514 deﬁnientes

414 1550 535 1619 quia
569 1556 669 1603 e-t.
702 1549 760 1603 Si
788 1549 935 1603 enim
964 1560 1016 1603 et
1045 1559 1127 1603 est
1165 1565 1231 1603 ex
1277 1551 1451 1605 medio
1494 1550 1706 1621 aliquod
1749 1552 1986 1619 mquale,

415 1641 505 1695 svd
538 1649 757 1710 propter
785 1639 909 1708 quid
939 1650 1021 1694 est
1049 1640 1191 1709 quod
1228 1640 1501 1703 delinitur,
1530 1649 1585 1695 et
1615 1652 1832 1710 propter
1861 1640 1989 1711 quid

416 1743 500 1788 est
528 1733 761 1788 circulus
792 1731 1070 1800 quaeritur,
1116 1740 1260 1787 esset
1297 1732 1438 1787 enim
1480 1732 1663 1802 utique
1703 1740 1756 1787 et
1795 1733 1991 1787 montis

415 1826 549 1882 tenui
590 1824 768 1879 dicere
814 1825 1019 1893 ipsum,
1065 1840 1238 1895 neque
1279 1826 1420 1880 enim
1464 1827 1586 1895 quia
1628 1826 1880 1895 possibile
1918 1828 1991 1882 sit

2091 648 2211 689 nius
2234 675 2247 697 ,
2277 634 2535 689 habentes
2575 635 2697 705 quia
2726 643 2842 702 est,
2871 635 3158 703 aliquando
3187 646 3365 691 autem
3413 644 3468 691 et
3507 635 3670 691 simul
3708 684 3711 687 .

2091 724 2370 780 manifesta
2402 724 2558 791 ﬁunt,
2596 724 2691 780 sed
2720 740 2893 794 neque
2920 726 3073 795 prius
3098 736 3313 797 propter
3341 727 3466 796 quid
3496 728 3671 798 possi-

2090 812 2200 869 bile
2228 824 2309 869 est
2332 826 2683 884 cognoscere,
2698 829 2860 885 quam
2884 816 3031 884 quia,
3062 818 3402 873 manifestum
3429 827 3511 874 est
3529 818 3670 893 quod

2091 908 2339 964 similiter
2384 917 2439 963 et
2482 908 2624 978 quod
2653 908 2781 979 quid
2810 916 2925 963 erat
2976 921 3097 963 esse
3126 924 3231 965 non
3258 912 3373 965 sine
3394 912 3519 981 quia
3554 922 3669 977 est;

2093 1000 2423 1069 impossibile
2450 1010 2535 1056 est
2560 1002 2703 1055 enim
2726 1001 2866 1055 scire
2884 998 3011 1069 quid
3034 1008 3137 1061 est,
3172 1000 3480 1071 ignorantes
3498 1005 3541 1060 si
3562 1015 3669 1060 est.

2092 1091 2205 1148 [loc
2247 1101 2425 1149 autem
2455 1095 2500 1148 si
2548 1102 2630 1150 est
2660 1092 2953 1164 aliquando
2973 1093 3222 1164 quidem,
3253 1094 3349 1151 sed
3382 1097 3669 1153 secundum

2092 1183 2339 1238 accidens
2377 1184 2665 1252 habemus,
2721 1184 3009 1255 aliquando
3056 1199 3184 1241 vero
3235 1184 3494 1242 habentes
3544 1188 3668 1257 quid

2092 1275 2262 1343 ipsius
2290 1278 2389 1341 rei,
2422 1289 2480 1331 ut
2509 1277 2824 1341 tonitruum,
2852 1277 3105 1346 quoniam
3137 1291 3301 1333 sonus
3339 1275 3552 1345 quidam
3592 1286 3673 1333 est

2090 1358 2433 1433 nebularum,
2468 1377 2521 1423 et
2550 1367 2845 1436 delectum,
2876 1368 3129 1437 quoniam
3158 1368 3389 1439 privatio
3429 1368 3673 1437 quasdam

2090 1456 2330 1522 luminis,
2358 1467 2410 1513 et
2440 1458 2735 1523 hominem,
2765 1460 3014 1529 quoniam
3044 1460 3241 1515 animal
3267 1460 3536 1529 quoddam
3565 1470 3671 1524 est,
3704 1506 3705 1511 η

2090 1556 2143 1602 ει
2172 1547 2429 1615 animam,
2475 1548 2616 1603 idem
2664 1549 2898 1619 seipsum
2930 1565 3172 1606 movens.
3206 1552 3308 1607 Sed
3340 1566 3671 1621 quaecunque

2090 1640 2306 1710 quidem
2330 1641 2623 1696 secundum
2651 1642 2900 1697 accidens
2921 1643 3122 1698 scimus
3137 1645 3258 1714 quia
3278 1653 3419 1709 sunt.
3448 1660 3670 1703 necesse
3696 1680 3699 1683 »

2090 1740 2175 1785 est
2196 1731 2285 1785 illa
2313 1731 2461 1785 nullo
2481 1730 2640 1785 modo
2662 1746 2721 1785 se
2745 1730 2945 1787 habere
2967 1732 3031 1785 ad
3056 1733 3185 1801 quid
3211 1741 3312 1803 est,
3336 1749 3509 1804 neque
3529 1737 3672 1790 enim

2091 1824 2214 1893 quia
2235 1832 2361 1878 sunt
2384 1824 2608 1887 scimus,
2637 1838 2881 1893 quaerere
2926 1834 3019 1881 ant
3052 1826 3178 1895 quid
3209 1837 3312 1891 εει,
3342 1841 3445 1881 non
3474 1827 3672 1885 haben-

415 1935 532 1975 csse
569 1918 711 1988 quod
751 1918 947 1972 dicitur
977 1919 1250 1989 assignant
1280 1920 1528 1986 termini,
1556 1935 1729 1991 neque
1756 1920 1897 1990 quod
1928 1920 1992 1974 il-
2021 1910 2069 1972 Β
2096 1923 2178 1971 tes
2208 1916 2330 1985 quia
2370 1927 2483 1981 est,
2515 1915 2646 1970 nihil
2680 1930 2923 1984 quaerere
2950 1927 3068 1983 est,
3100 1919 3394 1973 secundum
3425 1934 3673 1989 quaecun-

420 2008 505 2063 lnd
535 2016 620 2063 est
648 2009 801 2075 cujus
830 2007 1011 2062 dicunt
1035 2022 1155 2063 esse
1194 2008 1559 2064 definitionem
1580 2048 1596 2074 ,
1643 2010 1735 2065 sed
1777 2025 1987 2079 semper

417 2095 543 2152 licet
567 2098 748 2152 dicere
776 2107 830 2151 et
863 2110 1085 2167 propter
1113 2099 1260 2167 quid.
1295 2099 1350 2155 Si
1379 2115 1509 2169 ergo
1536 2101 1797 2158 deﬁniens
1840 2117 1991 2156 mou-

421 2188 611 2242 strabit
638 2199 725 2241 aut
756 2188 879 2259 quid
912 2200 1031 2256 est,
1062 2202 1153 2245 aut
1180 2191 1305 2261 quid
1342 2193 1608 2260 signiﬁcat
1636 2209 1828 2251 nomen
1848 2238 1865 2261 ,
1896 2197 1989 2252 sed

422 2294 525 2334 non
552 2291 628 2334 est
662 2282 771 2334 ullo
801 2281 960 2337 modo
999 2282 1116 2351 ejus
1157 2283 1296 2354 quod
1338 2285 1464 2354 quid
1507 2296 1621 2354 εει,
1668 2289 1769 2343 erit
1811 2289 1992 2360 utique

418 2370 653 2425 deﬁnitio
693 2373 828 2426 ratio
868 2372 1130 2439 nominis,
1174 2374 1315 2429 idem
1358 2375 1699 2445 signiﬁcans,
1745 2378 1841 2433 sed
1884 2393 1990 2433 non

417 2464 737 2519 conveniens
782 2473 883 2519 est.
932 2464 1168 2520 Primum
1212 2466 1423 2536 quidem
1464 2470 1585 2539 quia
1626 2480 1681 2524 et
1717 2485 1824 2525 non
1863 2469 1989 2524 sub-

424 2556 737 2610 stantiarum
771 2566 915 2612 esset
945 2558 1219 2624 deﬁnitio,
1252 2568 1306 2614 et
1335 2574 1520 2616 eorum
1552 2577 1672 2630 quae
1703 2578 1807 2616 non
1835 2570 1991 2627 sunt,

424 2645 722 2715 signiﬁcare
747 2648 889 2702 enim
920 2658 999 2703 est
1031 2658 1086 2705 et
1114 2665 1233 2719 quze
1264 2666 1369 2705 non
1400 2661 1546 2706 sunt.
1576 2652 1850 2721 Amplius,
1878 2668 1994 2707 om-

420 2750 514 2795 nes
542 2740 1171 2798 orationesdelinitiones
1216 2752 1404 2809 erunt;
1455 2752 1601 2799 εεεει
1638 2747 1778 2799 enim
1811 2745 1995 2815 utique

421 2844 613 2886 nomen
648 2845 846 2900 ponere
872 2834 1091 2889 cuilibet
1122 2836 1349 2889 orationi
1376 2877 1391 2900 ,
1424 2851 1591 2905 quare
1620 2838 1861 2893 terminis
1887 2839 1993 2890 uti-

422 2939 522 2993 que
553 2925 942 2994 diSputabimus
971 2942 1191 2992 omnes,
1221 2939 1273 2983 et
1300 2929 1423 2984 Ilias
1449 2930 1689 2983 deﬁnitio
1715 2929 1839 2985 erit.
1868 2932 1998 2984 Am-

421 3014 579 3083 plius,
611 3032 779 3087 neque
804 3032 905 3072 una
931 3017 1151 3073 scientia
1180 3018 1513 3074 demonstrat
1542 3021 1721 3090 utique
1744 3021 1865 3090 quia
1894 3020 1998 3075 hoc

422 3117 615 3163 nomen
644 3106 760 3176 ejus
785 3108 926 3176 quod
950 3109 1074 3176 quid
1099 3116 1178 3162 est
1207 3124 1328 3163 esse
1350 3110 1615 3175 ostendit,
1646 3126 1815 3181 neque
1839 3111 1998 3179 igitur

333 3219 341 3224 ν
424 3193 760 3251 deﬁnitiones
789 3196 888 3252 hoc
916 3198 1208 3266 assignant.
1243 3199 1325 3252 Ex
1366 3200 1448 3254 his
1480 3200 1636 3269 igitur
1667 3216 1840 3270 neque
1869 3200 1999 3256 deﬁ-

2093 2021 2199 2073 que
2226 2019 2403 2061 autem
2430 2006 2688 2085 habemus
2720 2007 2847 2074 quid
2878 2006 3033 2065 facile
3062 2019 3143 2065 εει
3169 2027 3184 2065 :
3217 2025 3381 2079 quare
3418 2012 3674 2081 quemad-

2093 2096 2309 2151 modum
2357 2096 2616 2151 habemus
2647 2098 2768 2166 quia
2800 2107 2916 2163 BSt,
2949 2099 3028 2154 sic
3070 2099 3326 2155 habemus
3355 2108 3412 2156 et
3449 2102 3515 2156 ad
3545 2102 3672 2171 quid

2094 2195 2196 2244 εει.
2226 2186 2466 2253 Quorum
2496 2186 2659 2256 igitur
2683 2186 2946 2247 habemus
2989 2188 3209 2259 aliquid,
3234 2190 3372 2259 quod
3399 2191 3523 2262 quid
3555 2202 3671 2261 εει,

2095 2279 2326 2347 primum
2357 2279 2572 2353 quidem
2602 2279 2672 2335 sit
2697 2278 2939 2335 defectus
2958 2280 3010 2335 in
3039 2296 3145 2350 quo
3173 2298 3227 2351 α,
3260 2282 3385 2347 luna
3416 2283 3471 2338 in
3493 2299 3600 2353 quo
3621 2302 3672 2359 ε,

2094 2370 2362 2438 oppositio
2396 2378 2550 2425 terra:
2580 2371 2633 2424 in
2664 2385 2770 2440 quo
2793 2370 2843 2423 ὁ.
2870 2369 3057 2427 Utrum
3088 2371 3302 2441 quidem
3341 2372 3553 2441 deﬁcit,
3603 2390 3672 2431 an

2096 2476 2223 2523 non,
2249 2460 2278 2513 b
2304 2476 2549 2529 quterere
2578 2468 2685 2528 est,
2709 2462 2946 2532 nunquid
2969 2473 3071 2530 est,
3102 2478 3170 2523 an
3197 2479 3325 2520 non.
3352 2464 3466 2523 lloc
3492 2476 3672 2523 autem

2096 2551 2229 2607 nihil
2258 2552 2437 2609 diﬁ'ert
2477 2568 2746 2623 quau-ere,
2775 2570 2935 2624 quam
2964 2555 3011 2611 si
3035 2564 3119 2611 est
3146 2558 3283 2619 ratio
3312 2557 3482 2628 ipsius
3500 2597 3517 2625 ,
3546 2568 3602 2615 ει
3629 2558 3673 2615 si

2096 2644 2168 2699 sit
2193 2644 2316 2711 hoc,
2347 2652 2402 2699 et
2428 2644 2559 2700 illud
2576 2646 2809 2701 dicimus
2833 2660 2973 2717 esse,
2992 2656 3084 2703 aut
3107 2648 3279 2705 utrius
3296 2648 3673 2705 contradictio-

2098 2738 2182 2791 nis
2221 2747 2303 2792 est
2350 2739 2508 2804 ratio.
2559 2748 2739 2795 utrum
2767 2740 3000 2797 habendi
3034 2742 3170 2799 duos
3199 2752 3394 2809 rectos,
3443 2754 3538 2800 aut
3569 2760 3674 2803 non

2098 2826 2375 2885 habendi?
2400 2826 2530 2885 Cum
2564 2840 2741 2888 autem
2774 2833 3107 2890 inveniamus
3135 2836 3293 2891 simul
3324 2838 3498 2904 ipsum
3528 2838 3673 2908 quia,

2098 2927 2153 2973 et
2174 2929 2390 2989 propter
2413 2921 2539 2990 quid
2568 2924 2788 2990 scimus,
2815 2924 2858 2989 si
2888 2939 2982 2993 per
3005 2924 3177 2981 media
3200 2926 3291 2992 sit,
3312 2928 3357 2981 si
3389 2942 3513 2982 vero
3538 2943 3671 2994 non,
3728 2994 3741 3001 ,

2099 3011 2219 3079 quia
2248 3013 2466 3078 scimus,
2495 3022 2713 3083 propter
2739 3014 2867 3084 quid
2894 3025 3075 3072 autem
3106 3032 3233 3072 non.
3268 3018 3351 3074 Sit
3378 3033 3512 3090 ergo
3550 3020 3673 3076 luna

2101 3116 2149 3164 s,
2178 3099 2420 3157 defeetus
2446 3119 2497 3169 α,
2523 3102 2701 3159 lunam
2731 3106 2967 3173 plenam,
3002 3106 3244 3164 umbram
3272 3124 3381 3165 non
3413 3124 3571 3179 posse
3594 3112 3673 3167 fa-

2101 3204 2247 3260 cere,
2272 3192 2421 3247 nullo
2447 3200 2688 3249 nostrum
2718 3194 2769 3259 in
2800 3196 2977 3251 medio
3004 3198 3272 3254 existente
3296 3200 3601 3268 manifesto,
3621 3202 3679 3263 in

426 3284 560 3339 nitio
591 3297 643 3341 et
672 3287 1010 3357 syllogismus
1041 3289 1181 3343 idem
1214 3290 1421 3344 videtur
1450 3305 1570 3345 esse
1591 3331 1606 3356 ,
1640 3306 1813 3361 neque
1852 3293 1996 3365 ejus-
2024 3274 2075 3339 ε
2101 3297 2209 3353 quo
2238 3283 2288 3350 θ,
2316 3284 2361 3339 εί
2386 3297 2516 3354 81‘80
2543 3284 2598 3339 ill
2626 3301 2653 3337 ο
2690 3296 2772 3342 θει
2797 3287 2849 3350 ὒν
2880 3287 3020 3357 (ιυοά
3072 3297 3153 3351 εει
3184 3304 3290 3345 non
3319 3304 3475 3360 posse
3501 3294 3677 3349 facere

426 3380 543 3432 dem
595 3379 932 3450 syllogismus
980 3389 1035 3434 et
1083 3380 1343 3435 deﬁnitio.
1400 3381 1587 3435 Adhuc
1638 3393 1811 3438 autem
1855 3384 1994 3452 quod

425 3487 594 3540 neque
623 3472 862 3527 deﬁnitio
902 3472 1034 3525 nihil
1077 3472 1439 3543 demqnstrat,
1486 3489 1659 3542 neque
1701 3485 1994 3545 monstrat,

427 3577 595 3634 neque
626 3565 766 3635 quod
797 3563 922 3632 quid
955 3573 1070 3629 est,
1104 3579 1280 3635 neque
1307 3564 1655 3636 deﬁnitione,
1690 3582 1861 3639 neque
1902 3567 1997 3624 de-

426 3658 806 3712 monstratione
836 3668 1159 3727 cognoscere
1186 3666 1285 3712 est.

1006 3747 1235 3823 CAPUT
1277 3748 1410 3802 vut.

588 3904 597 3907 μ
640 3836 774 3903 Quid
804 3845 893 3901 est,
936 3839 1207 3891 monstrari
1240 3854 1331 3908 per
1350 3839 1497 3892 aliud
1538 3840 1660 3906 quid
1690 3851 1780 3896 est.

501 3950 693 4005 lterum
724 3960 898 4014 autem
928 3954 1307 4027 speculandum
1336 3965 1421 4011 est
1449 3955 1573 4026 quid
1596 3970 1781 4012 eorum
1803 3956 1999 4013 dicitur

431 4044 588 4108 bene,
619 4054 672 4100 et
692 4045 818 4115 quid
847 4062 950 4101 non
981 4048 1137 4113 bene,
1171 4058 1226 4105 et
1249 4051 1377 4120 quid
1405 4062 1489 4107 est
1515 4052 1775 4125 deﬁnitio,
1802 4064 1857 4108 et
1882 4054 2000 4123 ejus

428 4135 565 4205 quod
588 4135 713 4205 quid
737 4145 838 4199 est,
865 4139 1100 4207 nunquid
1122 4142 1348 4209 quodam
1377 4143 1537 4199 modo
1558 4152 1640 4198 est
1659 4144 1998 4198 demonstra-

427 4226 533 4291 tio,
558 4234 652 4281 aut
691 4226 960 4294 deﬁnitio.
991 4239 1085 4285 aut
1122 4230 1272 4287 nullo
1315 4233 1491 4288 modo.
1538 4232 1797 4301 Quoniam
1831 4234 2000 4301 (sicut

426 4316 679 4387 diximus)
708 4317 850 4373 idem
882 4330 965 4376 est
990 4322 1130 4378 scire
1154 4324 1297 4392 quod
1327 4324 1452 4391 quid
1478 4333 1580 4387 est,
1608 4333 1664 4379 et
1706 4325 1844 4379 scire
1872 4337 1997 4377 cau-

340 4454 345 4459 .
425 4423 540 4467 eam
569 4409 738 4477 ipsius
760 4412 805 4467 si
831 4424 936 4481 est,
968 4414 1104 4468 ratio
1123 4423 1299 4468 autem
1329 4414 1484 4482 hujus
1514 4426 1596 4469 est
1645 4414 1893 4483 quoniam
1917 4422 2000 4470 est

426 4500 601 4569 aliqua
621 4516 775 4557 causa
797 4542 812 4569 ,
838 4513 893 4559 et
922 4505 1066 4572 ltzec,
1092 4515 1186 4560 aut
1236 4506 1422 4560 eadem
1465 4515 1556 4559 aut
1596 4506 1700 4561 alia
1731 4516 1846 4572 est,
1874 4517 1925 4561 et
1953 4506 1998 4561 si

431 4593 610 4664 utique
634 4595 739 4651 alia
761 4607 864 4665 est,
897 4608 991 4654 aut
1012 4600 1446 4656 demonstrabilis
1470 4609 1575 4665 est,
1601 4611 1691 4656 aut
1721 4601 1999 4655 indemon-
2028 4626 2080 4686 Ι)

428 4685 678 4741 strabilis.
710 4685 766 4741 Si
811 4686 973 4758 igitur
1002 4690 1232 4755 estalia,
1255 4698 1309 4744 et
1335 4689 1595 4758 contingit
1625 4690 1999 4759 demonstrari,

328 4830 329 4833 η
427 4792 649 4834 necesse
677 4786 761 4834 est
785 4780 1014 4834 mediam
1044 4796 1259 4835 causam
1286 4796 1429 4847 esse,
1461 4792 1515 4836 et
1542 4780 1595 4836 iu
1639 4782 1803 4852 ﬁgura
1834 4783 1999 4852 prima

427 4869 751 4937 monstrari;
774 4873 1074 4928 universale
1092 4875 1236 4929 enim
1266 4884 1321 4929 et
1343 4874 1737 4943 praedicativum
1756 4885 1839 4930 est
1858 4877 1999 4945 quod

426 4958 841 5018 demonstratur.
875 4963 1020 5020 Unus
1046 4966 1261 5035 quidem
1293 4968 1484 5021 modus
1521 4982 1663 5022 nunc
1709 4967 2001 5037 exquisitus

426 5060 506 5104 est
527 5065 621 5120 per
651 5051 796 5107 aliud
827 5053 969 5124 quod
999 5057 1125 5125 quid
1170 5066 1252 5114 est
1282 5068 1605 5124 monstrare,
1629 5056 1817 5112 horum
1860 5057 1999 5113 enim

430 5142 570 5211 quod
611 5143 736 5213 quid
766 5155 847 5199 est
877 5160 1097 5203 necesse
1128 5157 1211 5203 est
1256 5149 1487 5205 medium
1516 5164 1639 5206 esse
1665 5150 1789 5220 quid
1817 5158 1919 5216 est,
1950 5158 2004 5205 et
2042 5152 2050 5161 '

428 5235 766 5303 propriorum
798 5239 1092 5307 proprium.
1123 5241 1299 5307 Quare
1329 5242 1430 5297 hoc
1473 5243 1690 5312 quidem
1732 5252 2000 5298 monstra-

427 5322 524 5395 bit,
551 5324 678 5380 illud
708 5341 838 5382 vero
868 5342 973 5382 non
1005 5344 1193 5385 eorum
1234 5332 1374 5400 quod
1404 5332 1529 5401 quid
1564 5341 1680 5389 erat
1712 5348 1833 5390 esse
1860 5334 2001 5400 ejus-

430 5418 549 5473 dem
578 5422 674 5474 rei.
708 5421 805 5476 llic
831 5423 1044 5491 quidem
1081 5425 1241 5495 igitur
1268 5425 1455 5480 modus
1503 5428 1643 5497 quod
1676 5443 1782 5482 non
1817 5428 1887 5483 sit
1913 5431 1997 5485 de.

430 5514 747 5566 monstratio
776 5514 975 5569 dictum
1000 5526 1085 5571 est
1121 5517 1291 5587 prius,
1327 5516 1419 5573 sed
1446 5528 1526 5574 est
1554 5520 1897 5590 syllogismus
1921 5520 1999 5573 lo-

428 5599 582 5671 giens
610 5601 777 5672 ipsius
798 5603 927 5671 quid
955 5613 1059 5661 est.
1586 5658 1591 5663 .
1966 5618 1983 5631 ‘

1044 5694 1269 5750 CAPUT
1310 5696 1398 5752 IX.

867 5780 943 5836 De
968 5786 1091 5852 quid
1118 5797 1223 5852 est,
1254 5799 1299 5842 et
1330 5789 1465 5859 quod
1492 5796 1583 5844 εει.

500 5875 615 5946 Quo
657 5886 833 5933 autem
878 5878 1036 5934 modo
1077 5882 1351 5952 contingat
1394 5881 1664 5952 dicemus,
1700 5885 1887 5941 iterum
1926 5886 2006 5942 di-

2104 3373 2375 3442 umbram,
2406 3390 2528 3429 cum
2572 3376 2750 3447 nullus
2779 3389 3021 3434 nostrum
3062 3378 3113 3437 in
3146 3380 3324 3436 medio
3353 3382 3442 3451 sit,
3490 3384 3545 3440 in
3577 3385 3679 3440 hoc

2102 3464 2314 3533 quidem
2343 3481 2397 3533 a,
2428 3466 2569 3535 quod
2599 3475 2682 3522 est
2702 3466 2951 3535 deﬁcere,
2978 3469 3099 3538 quia
3132 3469 3312 3529 deﬁcit
3338 3472 3677 3530 manifestum

2101 3566 2219 3625 est,
2243 3558 2337 3613 sed
2370 3566 2585 3629 propter
2631 3559 2789 3630 quid,
2836 3560 3104 3630 nondum,
3136 3562 3229 3618 sed
3279 3563 3401 3633 quia
3439 3565 3679 3623 defectus

2101 3650 2314 3720 quidem
2344 3660 2427 3708 est
2455 3652 2675 3722 scimus,
2724 3653 2853 3724 quid
2882 3667 3062 3721 autem
3087 3664 3190 3724 est,
3220 3658 3507 3715 nescimus.
3545 3659 3678 3719 Cum

2100 3754 2278 3801 autem
2304 3747 2641 3803 manifestum
2664 3756 2748 3804 est
2771 3749 2896 3820 quia
2916 3765 2950 3803 α
2974 3750 3029 3805 in
3049 3767 3077 3805 c
3093 3751 3172 3816 ﬁt,
3201 3751 3294 3807 sed
3321 3761 3537 3822 prouter
3553 3753 3679 3823 quid

2102 3838 2222 3892 est?
2250 3852 2493 3907 quaerere
2523 3840 2551 3891 b
2573 3840 2786 3909 quidem
2817 3849 2921 3909 est,
2952 3851 3127 3897 utrum
3157 3842 3419 3912 objectio,
3443 3853 3531 3900 aut
3552 3859 3679 3901 con-

2103 3930 2284 3984 wrsio
2314 3930 2474 3997 lunzr,
2506 3941 2598 3986 aut
2621 3933 2909 3987 esstinctio
2932 3934 3176 3999 luminis;
3208 3934 3313 3991 hoc
3336 3947 3513 3993 autem
3545 3941 3681 3995 ratio

2100 4021 2322 4077 alterius
2346 4022 2577 4087 termini,
2593 4032 2651 4079 ut
2673 4024 2723 4077 in
2750 4024 2854 4089 bis,
2879 4024 3045 4092 ipsius
3066 4042 3118 4088 ο,
3134 4034 3220 4080 εει
3239 4028 3384 4082 enim
3411 4029 3677 4099 defectus,

2102 4110 2333 4179 objectio
2364 4121 2539 4167 terrai.
2572 4114 2709 4181 Quid
2761 4122 2937 4175 autem
2974 4125 3058 4170 est
3085 4116 3394 4173 tonitruus?
3422 4120 3557 4188 ignis
3585 4137 3679 4177 es-

2102 4202 2319 4256 stinctio
2349 4204 2401 4257 in
2426 4202 2589 4257 nube.
2618 4204 2845 4272 Propter
2871 4205 2996 4273 quid
3018 4215 3167 4261 tonat
3190 4207 3211 4261 ?
3235 4217 3450 4279 propter
3477 4212 3679 4269 exstin-

2101 4291 2190 4363 gui
2223 4293 2396 4362 ignem
2422 4295 2475 4349 in
2504 4295 2663 4351 nube.
2691 4296 2771 4352 Sit
2798 4295 2968 4352 nubes
2994 4313 3042 4364 ε,
3075 4298 3365 4354 tonitruum
3392 4317 3444 4369 a,
3475 4303 3679 4359 exsﬁn—

2102 4388 2209 4444 ctio
2239 4390 2376 4459 ignis
2405 4390 2454 4458 b,
2482 4391 2533 4447 in
2562 4407 2589 4445 c
2617 4393 2776 4463 igitur
2804 4394 2945 4449 nube
2965 4404 3051 4453 est
3075 4397 3125 4463 b,
3153 4397 3509 4469 exstinguitur
3533 4404 3678 4461 enim

2104 4478 2157 4553 in
2182 4478 2293 4548 ipsa
2326 4480 2480 4549 ignis,
2515 4482 2636 4537 huic
2652 4493 2830 4539 autem
2864 4485 3068 4546 inesta.
3099 4497 3152 4541 et
3176 4496 3259 4542 est
3288 4490 3425 4544 ratio
3442 4490 3494 4555 ὁ,
3514 4491 3679 4560 ipsius

2103 4584 2135 4620 a
2168 4568 2323 4635 primi
2358 4571 2604 4635 termini;
2649 4574 2693 4624 si
2735 4581 2911 4649 autem
2960 4575 3150 4631 iterum
3197 4578 3354 4649 hujus
3395 4581 3535 4638 aliud
3566 4599 3679 4641 me-

2104 4659 2248 4713 dium
2275 4660 2361 4724 sit,
2385 4675 2450 4713 ex
2481 4662 2699 4731 reliquis
2723 4648 2826 4717 erit
2851 4663 3170 4721 rationibus.
3201 4668 3269 4723 Ut
3298 4669 3459 4741 igitur
3482 4675 3679 4743 accipi-

2108 4760 2190 4805 tur
2231 4754 2355 4823 quid
2386 4764 2487 4819 est,
2518 4765 2573 4809 et
2602 4754 2659 4810 ﬁt
2700 4764 2909 4825 notum,
2942 4759 3141 4817 dictum
3171 4772 3272 4821 est.
3310 4767 3488 4835 Quare
3515 4771 3679 4841 syllo-

2104 4847 2308 4916 gismus
2333 4847 2545 4916 quidem
2588 4849 2752 4919 ipsius
2791 4852 2932 4921 quod
2962 4853 3090 4923 quid
3132 4867 3216 4911 est
3252 4874 3357 4913 non
3389 4859 3476 4927 ﬁt,
3507 4877 3680 4935 neque

2107 4935 2517 5003 demonstratio,
2538 4939 2878 4996 manifesmm
2901 4948 3077 4999 tamen
3097 4956 3178 5001 est
3199 4963 3293 5016 per
3312 4949 3677 5022 syllogismum

2106 5036 2164 5082 et
2193 5026 2706 5087 demonstrationem
2731 5071 2744 5096 ,
2774 5046 2941 5100 quare
2971 5048 3145 5105 neque
3192 5038 3308 5093 sine
3346 5040 3681 5097 demonstra-

2109 5118 2255 5175 tione
2280 5125 2364 5175 e‘st
2406 5134 2729 5191 cognoscere
2766 5124 2891 5193 quid
2923 5133 3022 5190 est,
3056 5127 3205 5197 cujus
3244 5136 3328 5184 est
3355 5145 3512 5186 causa
3554 5134 3678 5203 alia,

2111 5224 2285 5280 neque
2309 5221 2393 5267 est
2431 5213 2811 5271 demonstratio
2844 5217 3030 5284 ipsius,
3061 5220 3196 5274 sicut
3232 5226 3285 5274 et
3312 5220 3365 5276 in
3396 5216 3682 5280 dubitatio-

2109 5301 2266 5357 nibus
2291 5302 2544 5359 diximus.

2733 5412 2957 5471 CAPUT
2990 5415 3054 5469 Χ.

2324 5502 2400 5558 De
2429 5505 2725 5573 deﬁnitione
2750 5506 2873 5575 quid
2895 5515 2990 5571 est,
3018 5518 3061 5561 et
3091 5517 3297 5577 prapler
3320 5514 3462 5581 quid.

2181 5614 2277 5671 Est
2303 5627 2478 5671 autem
2510 5618 2857 5687 quorumdam
2884 5619 3126 5688 quaedam
3148 5636 3307 5679 causa
3333 5627 3524 5696 altera,
3546 5646 3680 5702 quo-

2108 5706 2348 5761 rumdam
2380 5718 2556 5761 autem
2588 5722 2692 5762 non
2719 5716 2803 5763 est
2829 5726 2841 5761 :
2869 5724 3035 5778 quare
3065 5713 3399 5774 manifestum
3430 5724 3680 5791 quoniam

2109 5814 2292 5854 eorum
2322 5815 2439 5868 qua!
2469 5810 2592 5853 sunt
2641 5801 2764 5869 quid
2798 5811 2901 5870 est,
2936 5803 3037 5857 alia
3083 5805 3298 5875 quidem
3328 5810 3446 5868 sine
3473 5817 3682 5881 medio.

2111 5899 2166 5945 ut
2197 5888 2454 5959 principia
2497 5903 2642 5955 sunt,
2669 5904 2789 5962 qua:
2818 5894 2941 5962 quia
2966 5905 3109 5962 sunt,
3140 5905 3193 5954 et
3232 5913 3352 5972 qua:
3379 5904 3505 5974 quid
3533 5916 3682 5976 sunt,
