4296 6266
589 434 685 493 751

1815 429 1919 483 ΛΝ.
1966 422 2172 483 MANL.
2211 424 2364 480 SEV.
2408 423 2627 481 BOETll

3743 425 3850 484 752

590 564 892 623 supponere
922 555 1151 618 oportet,
1182 558 1272 600 aut
1301 544 1407 601 alio
1429 546 1585 599 modo
1625 543 1802 597 facere
1845 542 2161 605 manifesta,
2189 539 2352 601 Adia
2390 539 2616 595 duorum
2671 547 2938 596 rectorum
2988 540 3039 595 in
3076 553 3185 612 quo
3209 542 3269 605 ὁ,
3318 541 3411 613 qui
3456 551 3536 600 est
3582 542 3638 599 in
3686 544 3851 601 semi-

590 646 728 712 quod
753 640 964 710 quidem
990 637 1358 692 arithmeticos
1386 636 1525 690 facit.
1555 635 1621 689 Et
1646 649 1878 705 namque
1906 634 2033 703 quid
2061 641 2162 697 est,

591 736 846 789 unitatem
876 730 1157 802 supponit,
1189 739 1244 783 et
1279 729 1399 798 quia
1442 738 1544 795 εει,
1577 727 1671 782 sed
1710 726 2018 781 habentium
2056 740 2168 779 me-

590 827 758 890 dium,
780 835 834 880 ει
853 840 1077 896 quorum
1100 833 1182 879 est
1198 822 1437 892 quietiam
1463 822 1628 875 altera
1650 835 1810 875 causa
1828 820 2162 885 substantim,

594 926 648 972 et
677 917 844 987 ipsius
870 930 989 971 esse
1009 957 1023 981 ,
1057 924 1139 970 est
1175 928 1267 983 per
1296 913 1805 967 demonstrationem
1837 911 2001 980 (sicut
2026 908 2166 963 dixi-

594 1008 748 1078 mus)
779 1007 1094 1070 ostendere,
1126 1020 1230 1058 non
1277 1002 1664 1058 demonstrare.
1708 1001 1952 1055 Deﬁnitio
1989 1007 2166 1054 autem

594 1102 845 1171 quoniam
873 1101 1086 1171 quidem
1118 1097 1312 1152 dicitur
1341 1096 1477 1152 ratio
1517 1097 1685 1166 ipsius
1714 1095 1856 1165 quod
1894 1094 2023 1165 quid
2054 1101 2167 1160 est,

595 1191 932 1245 tnanifestum
952 1198 1037 1243 est
1064 1188 1313 1257 quoniam
1336 1187 1511 1256 aliqua
1538 1186 1641 1240 erit
1670 1186 1808 1240 ratio
1839 1186 2005 1254 ipsius
2028 1184 2167 1254 quod

594 1284 810 1353 quidem
854 1282 1117 1352 signiﬁcat
1167 1294 1393 1345 nomen,
1428 1287 1519 1332 aut
1544 1279 1681 1333 ratio
1720 1278 1924 1344 altera,
1952 1276 2169 1331 nomina

597 1389 837 1444 ponens:
871 1382 928 1425 ut
953 1371 1077 1439 quid
1106 1369 1371 1439 significat
1415 1370 1555 1437 quod
1598 1368 1723 1437 quid
1755 1376 1837 1423 est
1879 1368 2168 1422 secundum

593 1464 734 1534 quod
760 1462 1056 1531 triangulus
1081 1470 1184 1525 est,
1217 1460 1357 1529 quod
1385 1460 1599 1528 quidem
1625 1459 1884 1515 habentes
1913 1460 2036 1529 quia
2064 1470 2167 1526 est,

595 1556 885 1623 quaerimus
914 1563 1136 1622 propter
1184 1552 1309 1622 quid
1360 1562 1459 1605 est.
1515 1550 1741 1605 Difﬁcile
1779 1559 1954 1605 autent
1987 1550 2062 1604 sic
2090 1558 2172 1605 est

595 1647 840 1717 accipere
864 1660 981 1715 quas
1012 1643 1281 1698 nescimus
1313 1644 1434 1711 quia
1468 1651 1613 1703 sunt,
1642 1655 1799 1695 causa
1830 1650 2008 1694 autem
2029 1639 2169 1694 dicta

598 1752 680 1800 est
706 1744 852 1814 prius
875 1739 1223 1802 diﬁcultatis,
1254 1738 1377 1806 quia
1407 1752 1580 1805 neque
1601 1735 1645 1789 si
1669 1744 1769 1799 est,
1797 1749 1966 1804 neque
1997 1733 2041 1786 si
2068 1747 2171 1787 non

597 1846 678 1892 est
709 1834 929 1898 scimus,
972 1833 1066 1888 sed
1096 1841 1187 1885 aut
1237 1830 1335 1883 hoc
1365 1827 1657 1883 secundum
1686 1827 1957 1881 accidens.
1989 1824 2172 1880 Oratio

2268 632 2471 687 circulo
2504 631 2556 686 in
2611 647 2719 702 quo
2748 647 2795 698 c,
2832 632 2999 702 ipsius
3037 649 3067 685 a
3100 633 3259 703 igitur
3302 646 3508 691 rectum
3544 650 3667 692 esse
3706 637 3759 691 in
3797 653 3848 705 e,

2271 726 2359 795 qui
2390 734 2472 778 est
2512 725 2565 779 in
2597 724 2937 780 semicirculo
2958 765 2972 789 ,
3004 740 3163 781 causa
3207 735 3291 781 est
3328 728 3392 793 ὁ,
3435 729 3537 784 hoc
3564 728 3707 784 enim
3751 726 3853 800 ipsi

2269 835 2303 872 a
2353 819 2557 889 mquale
2614 828 2724 885 est,
2764 820 2855 889 qui
2909 834 3039 875 vero
3095 829 3178 875 est
3231 837 3298 885 e,
3354 821 3456 891 ipsi
3506 823 3554 877 ὁ.
3617 822 3849 878 Duorum

2271 914 2413 968 enim
2470 922 2735 967 rectorum
2779 912 3058 967 dimidium
3104 922 3218 983 est,
3248 915 3513 969 existente
3570 913 3729 983 igitur
3771 913 3853 969 di-

2273 1002 2440 1057 midio
2490 1001 2713 1057 duorum
2764 1014 3076 1067 rectorum,
3122 1019 3152 1054 o
3197 1004 3249 1056 in
3293 1019 3320 1055 ο
3357 1014 3467 1069 est,
3522 1003 3624 1058 hoc
3672 1011 3851 1059 autem

2278 1102 2395 1148 erat
2440 1094 2492 1148 in
2540 1093 2878 1148 semicirculo
2926 1104 3128 1149 rectum
3158 1108 3298 1149 esse.
3343 1093 3456 1149 Hoc
3502 1103 3680 1150 autem
3712 1098 3851 1152 idem

2272 1192 2357 1239 est
2397 1183 2447 1239 ei
2491 1184 2628 1253 quod
2670 1184 2794 1254 quid
2846 1195 2962 1239 erat
2990 1200 3147 1253 esse,
3186 1199 3306 1240 cum
3368 1187 3467 1255 hoc
3522 1188 3852 1258 signiﬁcaret

2278 1277 2560 1341 oratione,
2610 1284 2666 1330 at
2707 1291 2834 1331 vero
2878 1287 2932 1331 et
2980 1278 3148 1346 ipsius
3198 1278 3335 1347 quod
3390 1281 3518 1350 quid
3566 1291 3683 1337 erat
3729 1296 3849 1339 esse

2274 1380 2433 1418 causa
2466 1374 2756 1420 monstrata
2784 1368 3088 1422 est-media.
3120 1366 3231 1423 Hoc
3265 1378 3441 1425 autem
3481 1380 3697 1440 propter
3723 1373 3849 1441 quid

2278 1456 2551 1511 Medorum
2601 1457 2801 1512 bellum
2851 1457 3048 1514 factum
3096 1469 3180 1516 est
3230 1460 3689 1517 Atheniensibus?
3733 1478 3852 1532 qua:

2275 1563 2433 1603 causa
2465 1561 2547 1603 est
2578 1549 2806 1618 praeliari
2847 1550 3237 1607 Athenienses?
3273 1554 3525 1620 quoniam
3564 1553 3615 1607 in
3658 1552 3857 1609 Sardes

2275 1655 2396 1695 cum
2426 1638 2686 1695 Erethriis
2713 1642 3125 1707 commiserunt,
3157 1652 3373 1713 propter
3418 1643 3521 1698 hoc
3566 1645 3708 1699 enim
3744 1658 3856 1700 mo-

2278 1741 2389 1786 tum
2421 1741 2521 1787 est.
2554 1732 2794 1787 Primum
2827 1734 2897 1788 sit
2927 1734 3121 1789 bellum
3154 1734 3205 1789 in
3234 1750 3340 1805 quo
3368 1752 3434 1803 a,
3478 1737 3685 1806 priores
3711 1752 3859 1793 com~

2278 1825 2552 1879 mittentes
2580 1825 2631 1879 iu
2659 1826 2794 1879 alios
2822 1825 2873 1892 b,
2904 1825 3258 1882 Athenienses
3283 1844 3310 1880 c
3328 1866 3344 1893 ,
3368 1837 3450 1882 est
3479 1828 3639 1898 igitur
3667 1828 3696 1882 ό
3725 1830 3778 1884 in
3806 1845 3855 1896 ε,

596 1937 775 1984 autem
803 1943 904 1981 una
936 1934 1019 1980 est
1044 1923 1326 1993 dupliciter
1351 1938 1365 1977 :
1393 1922 1505 1975 haec
1536 1919 1750 1990 quidem
1779 1917 2173 1987 conjunctione,
2206 1919 2253 1979 Β
2282 1916 2425 1985 prius
2450 1915 2595 1971 enim
2625 1925 2709 1970 est
2741 1918 3077 1973 committere
3098 1959 3113 1983 ,
3147 1918 3590 1985 Atheniensibus,
3618 1937 3650 1973 α
3677 1931 3854 1977 autem

598 2032 656 2077 ut
681 2020 834 2084 llias;
865 2019 970 2072 alia
1004 2030 1135 2072 vero
1172 2030 1333 2069 unum
1386 2013 1453 2068 de
1480 2027 1585 2067 uno
1614 2010 1901 2081 ostendens
1944 2025 2047 2064 non
2092 2024 2174 2064 se-

598 2113 829 2169 cundum
872 2110 1149 2175 accidens,
1192 2123 1293 2162 una
1333 2104 1546 2175 quidem
1585 2104 1745 2173 igitur
1785 2102 2048 2157 terminus
2094 2111 2176 2156 est

601 2201 832 2266 termini,
851 2216 969 2270 quae
995 2200 1136 2255 dicta
1160 2208 1263 2253 est.
1293 2195 1442 2251 Alius
1464 2208 1590 2250 vero
1611 2195 1868 2255 terminus
1895 2204 1976 2247 est
2004 2193 2175 2246 oratio

598 2297 979 2353 demonstrans
1009 2302 1228 2362 propter
1253 2290 1380 2361 quid
1414 2296 1516 2352 est,
1545 2303 1711 2358 quare
1741 2287 1887 2357 prior
1915 2284 2176 2353 signiﬁcat

601 2389 837 2460 quidem,
867 2387 1201 2442 demonstrat
1229 2393 1405 2437 autem
1437 2380 1719 2446 non.Qum
1749 2392 1873 2432 vero
1915 2376 2178 2447 posterior

602 2490 711 2544 est,
745 2478 1082 2535 manifestum
1124 2484 1206 2531 est
1250 2474 1501 2544 quoniam
1545 2473 1650 2527 erit
1694 2480 1753 2525 ut
1793 2468 2178 2541 demonstratio

602 2591 719 2645 ejus
750 2572 889 2643 quod
921 2572 1048 2640 quid
1076 2578 1179 2637 est,
1203 2568 1469 2637 positione
1508 2566 1760 2622 differens
1789 2582 1818 2619 a
1847 2565 2179 2620 demonstra-

605 2669 767 2722 tione.
792 2664 979 2718 Diﬁ'crt
997 2663 1149 2718 enim
1174 2662 1355 2715 dicere
1382 2669 1599 2730 propter
1626 2659 1750 2729 quid
1780 2666 1950 2725 tonat,
1974 2666 2027 2713 et
2052 2658 2178 2728 quid

608 2771 691 2815 est
722 2758 989 2813 tonitruus
1021 2800 1036 2823 ,
1078 2756 1215 2811 dicet
1236 2755 1376 2809 enim
1404 2754 1478 2808 sic
1497 2752 1708 2824 quidem
1733 2762 1951 2822 propter
1968 2751 2021 2806 id
2039 2750 2178 2823 quod

608 2850 963 2921 exstinguitur
1009 2847 1145 2917 ignis
1188 2846 1240 2901 in
1281 2845 1513 2900 nubibus
1543 2843 1718 2912 :Quid
1762 2852 1842 2898 est
1880 2842 2181 2898 tonitruus?

603 2960 765 3003 sonus
794 2941 1161 2999 exstinctionis
1189 2938 1324 3008 ignis
1355 2939 1409 2991 in
1451 2937 1612 2993 nube.
1643 2935 1822 3003 Quare
1847 2933 2032 2989 eadem
2062 2948 2183 2988 ora-

600 3016 675 3093 tio
698 3038 802 3093 alio
834 3034 1015 3099 modo,
1046 3041 1101 3088 et
1129 3031 1234 3086 alio
1262 3030 1476 3096 dicitur,
1508 3039 1561 3084 et
1602 3028 1681 3084 sic
1721 3026 1933 3098 quidem
1960 3025 2183 3081 demon-

603 3129 793 3186 stratio
840 3127 1089 3183 continua
1110 3164 1127 3193 ,
1155 3125 1235 3180 sic
1276 3131 1453 3179 autem
1483 3121 1742 3177 deﬁnitio.
1790 3118 2029 3188 Amplius
2053 3157 2068 3184 ,
2100 3124 2184 3172 est

603 3223 862 3279 terminus
912 3218 1149 3284 tonitrui,
1174 3230 1337 3273 sonus
1365 3216 1419 3271 in
1462 3215 1722 3283 nubibus,
1755 3212 1869 3268 haec
1895 3219 2072 3267 autem
2101 3219 2183 3266 est

2280 2011 2334 2067 in
2362 2012 2410 2075 ὁ,
2442 2010 2846 2066 debellaveruut
2871 2012 3013 2067 enim
3046 2012 3191 2083 prius
3217 2012 3463 2081 injustos,
3497 2022 3576 2069 est
3604 2014 3778 2084 itaque
3803 2015 3855 2070 in

2280 2106 2310 2159 b
2338 2125 2387 2171 a,
2413 2106 2671 2161 debellari
2702 2106 2847 2175 prius
2878 2107 3214 2177 incipientes,
3247 2109 3276 2162 ὸ
3302 2118 3481 2165 autem
3506 2110 3556 2164 in
3586 2126 3630 2174 c,
3663 2110 3775 2165 sive
3806 2112 3857 2165 in

2281 2203 2730 2271 Atheniensibus,
2780 2203 2984 2272 priores
3034 2205 3176 2259 enim
3231 2205 3587 2271 inceperunt,
3623 2205 3858 2261 medium

2281 2294 2458 2365 itaque
2506 2294 2595 2350 hic
2646 2309 2803 2349 causa
2845 2295 3073 2364 primum
3120 2299 3364 2349 movetis.
3412 2296 3859 2365 Quorumcunque

2283 2404 2410 2445 vero
2440 2403 2604 2446 causa
2626 2399 2706 2444 est
2726 2388 2875 2458 cujus
2898 2390 3090 2459 gratia,
3113 2398 3170 2443 ut
3195 2396 3413 2459 prapter
3437 2389 3559 2459 quid
3583 2389 3858 2444 ambulat?

2282 2494 2341 2539 ut
2372 2498 2534 2538 sanus
2562 2483 2671 2537 ﬁat.
2703 2483 2923 2551 Propter
2951 2480 3078 2552 quid
3115 2480 3309 2536 domus
3342 2481 3469 2535 est?
3497 2488 3553 2536 ut
3585 2481 3858 2536 salventur

2284 2592 2431 2633 vasa.
2464 2575 2575 2631 Hoc
2597 2574 2809 2645 quidem
2839 2575 3007 2644 gratia
3040 2573 3195 2643 hujus
3222 2574 3366 2642 quod
3390 2581 3473 2628 est
3499 2574 3698 2636 sanari,
3728 2573 3859 2628 illud

2283 2667 2610 2737 vero‘gratia
2643 2666 2801 2736 hujus
2826 2665 2968 2735 quod
2997 2675 3077 2720 est
3111 2664 3340 2733 salvari,
3375 2673 3430 2719 et
3474 2675 3688 2735 propter
3732 2665 3859 2733 quid

2284 2768 2495 2830 oportet
2528 2766 2648 2828 post
2670 2771 2877 2813 cuinam
2907 2756 3209 2821 ambulare,
3240 2764 3293 2810 et
3331 2755 3484 2824 cujus
3508 2754 3676 2825 gratia
3705 2770 3861 2824 opor-

2286 2858 2380 2919 tet,
2413 2848 2544 2905 nihil
2570 2848 2768 2903 diﬁ‘ert.
2794 2847 2876 2903 Sit
2902 2847 3172 2902 ambulare
3202 2856 3322 2917 POsl
3350 2861 3583 2913 cuinam,
3611 2845 3663 2900 iu
3685 2861 3790 2917 quo
3814 2863 3862 2913 c,

2286 2959 2389 2998 non
2437 2942 2677 2998 eminere
2723 2942 2905 3006 cibos,
2936 2940 2988 2994 in
3018 2955 3121 3009 quo
3150 2939 3179 2992 ιν
3200 2980 3216 3005 ,
3244 2939 3421 2994 sanari
3453 2939 3504 2994 in
3547 2953 3652 3009 quo
3692 2955 3743 2993 α.
3785 2939 3863 2997 Sit

2288 3033 2446 3103 igitur
2477 3034 2529 3087 in
2561 3047 2625 3087 eo
2651 3032 2793 3102 quod
2827 3040 2909 3087 est
2939 3039 3059 3098 post
3086 3044 3292 3103 cmnam
3329 3030 3597 3100 ambulat,
3628 3046 3749 3087 esse
3780 3030 3861 3085 fa.

2284 3139 2407 3181 cere
2439 3140 2543 3180 non
2568 3124 2971 3194 supereminere
2994 3123 3142 3179 cibos
3165 3122 3316 3192 juxta
3337 3137 3398 3177 os
3423 3122 3647 3187 ventris,
3680 3130 3735 3178 et
3764 3122 3864 3179 hoc

2285 3234 2405 3276 esse
2432 3234 2619 3274 sanum
2641 3260 2656 3284 ,
2689 3216 2900 3271 videtur
2928 3218 3068 3271 enim
3093 3216 3267 3270 inesse
3293 3213 3394 3284 ipsi
3420 3214 3696 3270 auibulare
3726 3214 3865 3284 quod

602 3329 722 3383 qua:
749 3320 831 3367 est
857 3310 1023 3379 ipsius
1052 3308 1180 3378 quid
1210 3316 1325 3374 est,
1369 3305 1843 3362 demonstrationis
1873 3302 2178 3366 conclusio,
2208 3310 2256 3375 ς
2288 3326 2370 3373 εει
2398 3334 2424 3371 ο
2445 3357 2460 3381 ν
2486 3316 2513 3369 ι,
2544 3330 2650 3369 non
2680 3312 2917 3368 eminere
2943 3312 3110 3366 cibos,
3144 3310 3199 3365 1η
3233 3312 3260 3365 b
3295 3319 3472 3367 autem
3501 3328 3560 3375 α,
3597 3314 3696 3368 hoc
3723 3312 3863 3383 quod
3906 3310 3911 3316 ‘

606 3418 727 3474 qua:
767 3412 941 3455 autem
969 3410 1052 3455 est
1083 3400 1514 3454 immediatorum
1554 3398 1832 3462 deﬁnitio,
1874 3395 2069 3465 positio
2100 3403 2183 3449 est

606 3492 772 3563 ipsius
800 3490 924 3560 quid
956 3499 1059 3553 est,
1096 3497 1151 3543 et
1177 3488 1697 3552 indemonstrabilis;
1732 3497 1809 3541 est
1837 3501 1966 3555 ergo
1993 3485 2183 3540 deﬁni-

604 3586 683 3638 tio
712 3598 814 3637 una
845 3581 1057 3651 quidem
1085 3580 1258 3634 oratio
1284 3579 1399 3646 ejus
1429 3579 1568 3648 quod
1598 3577 1724 3649 quid
1762 3586 1875 3642 est,
1906 3576 2182 3630 indemon-

604 3673 866 3735 strabilis;
900 3686 1007 3724 una
1031 3684 1163 3724 vero
1187 3669 1531 3739 syllogismus
1560 3669 1726 3739 ipsius
1754 3668 1877 3737 quid
1910 3677 2022 3734 est,
2054 3683 2180 3724 casu

606 3764 861 3821 diﬁ’erens
888 3777 917 3815 a
942 3758 1432 3824 demonstratione;
1461 3760 1614 3815 tertia
1644 3773 1770 3813 vero
1807 3768 1889 3813 est
1939 3775 2059 3829 qua:
2100 3767 2184 3814 est

607 3856 777 3925 ipsius
803 3852 929 3924 quid
960 3862 1062 3917 est,
1105 3850 1576 3906 demonstrationis
1620 3850 1913 3906 conclusio.
1959 3850 2183 3906 Manife-

605 3957 746 4002 stum
780 3945 941 4015 igitur
968 3960 1032 3999 ει
1058 3942 1215 3997 dictis
1243 3950 1346 4009 est,
1382 3950 1435 3998 et
1459 3942 1687 4011 qualiter
1727 3950 1811 3997 est
1845 3941 2012 4012 ipsius
2040 3941 2182 4012 quod

607 4038 734 4112 quid
758 4047 839 4093 est
864 4036 1271 4103 demonstratio,
1303 4045 1356 4092 et
1385 4035 1651 4107 quomodo
1680 4052 1782 4092 non
1830 4045 1935 4104 est,
1967 4045 2021 4093 et
2051 4052 2187 4108 quo-

606 4151 725 4192 rum
754 4142 856 4201 est,
880 4142 933 4189 et
953 4147 1179 4203 quorum
1204 4147 1309 4186 non
1326 4139 1426 4187 est.
1458 4132 1700 4203 Amplius
1717 4142 1918 4200 autem,
1942 4132 2185 4189 deliuitio

604 4235 736 4298 quot
783 4224 956 4281 modis
989 4225 1205 4289 dicitur,
1241 4233 1295 4279 et
1322 4224 1552 4294 qualiter
1578 4225 1717 4292 quod
1749 4226 1878 4295 quid
1907 4236 1991 4281 est
2033 4240 2186 4282 mon-

604 4327 764 4386 strat,
802 4326 856 4373 et
896 4317 1162 4387 quomodo
1190 4332 1293 4371 non
1316 4361 1329 4384 ,
1360 4328 1411 4371 et
1443 4334 1667 4386 quorum
1701 4328 1811 4384 est,
1859 4329 1915 4374 et
1958 4337 2184 4390 quorum

610 4423 737 4471 non,
782 4407 955 4461 adhuc
982 4415 1158 4461 autem
1187 4416 1243 4460 et
1267 4407 1332 4460 ad
1360 4408 1874 4464 demonstrationem
1917 4411 2188 4480 quomodo

611 4514 671 4554 se
698 4500 888 4565 habet,
921 4508 975 4555 et
1013 4497 1280 4568 quomodo
1334 4498 1594 4568 contingit
1640 4495 1878 4569 ejusdem
1929 4516 2090 4567 esse,
2136 4509 2191 4558 et

610 4592 841 4659 qualiter
862 4607 966 4645 non
993 4591 1270 4661 contingit.

1214 4703 1439 4760 CAPUT
1478 4701 1569 4759 ΧΙ.

738 4795 839 4851 Per
858 4793 1113 4866 quodlibet
1138 4811 1294 4867 genus
1325 4811 1491 4850 causa:
1521 4796 1865 4851 demonstrari
1892 4813 2057 4868 posse.

680 4910 941 4979 Quoniam
973 4917 1148 4963 autem
1182 4907 1321 4961 scire
1350 4906 1631 4976 opinamur
1663 4924 1784 4963 cum
1807 4909 2042 4966 sciamus
2066 4926 2192 4967 cau-

610 5020 747 5071 sam,
780 5018 953 5060 causa:
995 5013 1174 5058 autem
1203 5010 1430 5070 quatuor
1468 5011 1628 5055 sunt:
1656 5018 1757 5057 una
1802 5003 2016 5072 quidem
2046 5005 2188 5074 quod

612 5099 734 5167 quid
780 5105 894 5153 erat
923 5108 1071 5152 esse:
1103 5106 1205 5147 una
1240 5106 1367 5146 vero
1400 5106 1519 5146 cum
1566 5090 1670 5146 hoc
1712 5092 1801 5155 sit,
1850 5107 2069 5148 necesse
2107 5106 2189 5149 est

611 5187 716 5244 hoc
752 5203 903 5251 esse;
949 5185 1117 5240 altera
1157 5192 1335 5238 autem
1375 5198 1491 5253 quze
1530 5183 1732 5254 aliquid
1771 5185 1941 5253 primo
1985 5187 2182 5254 movit;

611 5294 799 5351 quarta
827 5295 957 5336 vero
985 5279 1133 5348 cujus
1156 5278 1323 5349 gratia
1341 5291 1527 5332 omnes
1546 5276 1628 5332 ita:
1651 5293 1744 5347 per
1765 5277 1998 5335 medium
2034 5296 2185 5337 mon-

612 5380 798 5427 strant.
848 5372 916 5426 Et
944 5371 1046 5426 hoc
1071 5373 1213 5427 enim
1259 5373 1399 5440 quod
1430 5383 1548 5425 eum
1578 5371 1647 5424 sit
1678 5371 1807 5439 hoc,
1843 5387 2063 5430 necesse
2106 5384 2187 5431 est

612 5480 750 5530 esse,
779 5478 883 5519 una
914 5464 1127 5534 quidem
1159 5473 1374 5535 accepta
1394 5464 1757 5535 propositione
1780 5480 1884 5520 non
1917 5476 2021 5533 est,
2055 5467 2207 5521 dua-'

607 5556 711 5613 bus
739 5568 915 5612 autent
945 5560 1011 5613 ad
1039 5561 1231 5623 minus,
1264 5559 1365 5614 hoc
1397 5566 1570 5614 autem
1597 5569 1698 5627 est,
1729 5576 1846 5616 cum
1880 5577 2039 5615 unum
2071 5576 2183 5617 me-

600 5649 757 5705 dium
782 5650 1032 5717 habeant,
1078 5652 1178 5708 hoc
1201 5668 1332 5721 ergo
1358 5668 1463 5708 uno
1505 5663 1721 5724 accepto
1740 5696 1753 5720 ,
1778 5655 2178 5709 conclusionem

607 5752 835 5796 necesse
888 5755 970 5797 est
1017 5757 1156 5797 esse.
1210 5744 1543 5799 Manifestum
1595 5754 1675 5801 est
1727 5752 1903 5800 autem
1961 5755 2015 5799 et
2064 5746 2180 5811 sic,

602 5837 829 5902 propter
867 5832 990 5901 quid
1048 5846 1127 5888 est
1176 5842 1351 5890 rectus
1404 5836 1453 5888 in
1503 5836 1887 5890 semicirculo?
1932 5843 2026 5893 aut
2077 5852 2184 5908 quo

608 5920 874 5997 existente
905 5930 1086 5977 rectus
1113 5931 1196 5976 est
1224 5925 1246 5971 7
1271 5922 1354 5977 Sit
1385 5939 1509 5990 ergo
1540 5933 1713 5979 rectus
1756 5925 1807 5979 in
1840 5939 1943 5995 quo
1986 5944 2039 5991 a,
2070 5943 2183 5987 me-

2281 3417 2363 3462 est
2385 3406 2684 3461 sanativum
2713 3447 2727 3470 ,
2758 3419 2878 3473 qua:
2909 3404 3067 3471 igitur
3094 3418 3254 3458 causa
3284 3413 3383 3470 est,
3415 3403 3465 3458 in
3498 3420 3524 3457 c
3551 3404 3689 3475 quod
3714 3422 3746 3458 a
3771 3405 3859 3471 sit,

2281 3498 2423 3570 quod
2454 3508 2538 3553 est
2565 3496 2733 3567 gratia
2756 3495 2945 3564 cujus?
2976 3494 3004 3547 b
3031 3509 3136 3550 non
3160 3496 3421 3562 eminere,
3448 3495 3547 3551 hoc
3575 3505 3752 3552 autem
3779 3507 3863 3553 est

2281 3591 2416 3646 sicut
2443 3590 2582 3645 illius
2613 3589 2767 3651 ratio,
2798 3604 2829 3640 α
2859 3587 2999 3642 enim
3031 3586 3109 3643 sic
3137 3586 3412 3653 reddetur,
3442 3597 3658 3659 propter
3683 3590 3809 3660 quid
3835 3591 3862 3644 ὁ

2284 3687 2418 3741 inest
2447 3686 2514 3739 εἳ
2554 3683 2803 3754 quoniam
2848 3682 2948 3738 hoc
2995 3692 3078 3739 est
3119 3684 3335 3750 sanari,
3378 3685 3479 3741 hoc
3524 3686 3605 3741 sic
3646 3686 3863 3744 habere.

2282 3780 2508 3850 Oportet
2536 3788 2710 3834 autem
2737 3785 3072 3834 commutare
3122 3778 3388 3845 rationes,
3436 3786 3491 3834 et
3537 3779 3616 3835 sic
3656 3780 3859 3851 singula

2285 3872 2452 3943 magis
2506 3870 2859 3942 apparebunt.
2905 3870 3289 3927 Generationes
3336 3880 3515 3928 autem
3562 3873 3863 3930 econtrario

2287 3964 2372 4021 hic
2395 3973 2450 4020 et
2480 3963 2531 4019 in
2563 3963 2736 4019 causis
2764 3962 3058 4019 secundum
3088 3972 3327 4017 motum:
3358 3964 3429 4018 ibi
3458 3964 3602 4019 enim
3634 3962 3863 4021 medim:

2286 4064 2498 4124 oportet
2527 4054 2758 4126 primum
2790 4054 2941 4121 ﬁeri,
2975 4053 3059 4108 hic
3087 4063 3263 4109 autem
3290 4055 3463 4126 ipsum
3493 4073 3519 4109 ε
3540 4066 3860 4125 extremum,

2290 4150 2533 4205 ultimum
2558 4158 2734 4204 autem
2760 4148 2927 4218 gratia
2949 4147 3120 4218 cujus.
3146 4148 3415 4219 Contingit
3435 4160 3611 4205 autem
3641 4151 3780 4206 idem
3810 4160 3862 4206 et

2288 4243 2455 4313 gratia
2486 4242 2636 4311 cujus
2665 4255 2787 4297 esse
2814 4250 2868 4296 et
2895 4256 2961 4295 ex
2993 4241 3344 4315 necessitate,
3387 4250 3443 4295 ut
3493 4255 3587 4310 per
3627 4242 3861 4297 lucerna:

2292 4334 2483 4403 pellem
2528 4334 2707 4388 lumen
2738 4332 2956 4403 egredi;
2983 4334 3182 4390 etenim
3212 4348 3275 4388 ex
3310 4332 3626 4388 necessitate
3651 4331 3863 4402 disgre-

2290 4428 2465 4496 ditur,
2495 4428 2637 4499 quod
2668 4428 2722 4483 in
2751 4442 2916 4498 parva
2938 4437 3022 4484 est
3054 4426 3379 4498 partibilius,
3408 4436 3462 4483 et
3503 4443 3600 4497 per
3633 4428 3864 4496 majores

2292 4536 2473 4593 peros,
2498 4521 2544 4576 si
2568 4520 2781 4592 quidem
2811 4520 2989 4578 lumen
3016 4522 3077 4578 ﬁt
3094 4520 3490 4593 disgrediendo,
3513 4529 3570 4578 et
3590 4522 3759 4593 gratia
3783 4536 3868 4577 cu~

2291 4616 2411 4685 jus,
2439 4623 2496 4671 ut
2525 4629 2633 4671 non
2662 4614 3017 4673 offendamus.
3041 4616 3228 4673 Nonne
3256 4617 3418 4691 igitur
3446 4616 3491 4673 si
3519 4632 3640 4674 esse
3664 4618 3865 4674 contin-

2222 4702 2276 4763 D
2298 4709 2407 4780 git,
2442 4719 2495 4764 et
2520 4708 2636 4763 ﬁeri
2667 4708 2963 4778 contingit?
2988 4709 3128 4764 sicut
3165 4710 3208 4764 si
3254 4717 3405 4764 tonat
3430 4709 3693 4766 exstincto
3719 4708 3867 4782 igne,

2296 4814 2515 4856 necesse
2542 4809 2627 4856 est
2655 4802 2813 4856 sizire
2840 4809 2897 4856 et
2922 4814 3132 4867 sonare,
3165 4810 3219 4856 et
3251 4801 3733 4872 (quemadmodum
3762 4799 3869 4871 Py-
3952 4833 3963 4842 -

2282 4891 2553 4961 .tliagorici
2582 4886 3092 4963 dicunt)'miuarum
3126 4906 3286 4949 causa
3316 4894 3385 4948 iis
3412 4894 3504 4964 qui
3530 4904 3652 4950 sunt
3684 4893 3735 4948 in
3764 4901 3871 4948 tar-

2294 4993 2447 5050 taro,
2475 4994 2735 5054 quatenus
2777 4984 3017 5040 timeant.
3072 4983 3305 5041 Plurima
3347 4997 3525 5042 autem
3566 4984 3872 5054 huiusmodi

2296 5087 2451 5142 sunt,
2480 5086 2532 5131 et
2561 5079 2792 5133 maxime
2813 5077 2864 5132 in
2901 5078 2967 5132 iis
2998 5092 3117 5147 quae
3161 5088 3351 5133 natura
3380 5078 3680 5134 subsistunt
3699 5121 3712 5142 ,
3741 5086 3796 5133 et
3820 5075 3873 5133 in

2296 5170 2665 5224 constantibus
2711 5168 2826 5224 haec
2858 5167 3071 5239 quidem
3104 5179 3322 5240 propter
3365 5169 3467 5225 hoc
3509 5180 3696 5224 natura
3727 5168 3871 5234 facit,

2296 5259 2383 5314 illa
2413 5273 2539 5314 vero
2568 5275 2631 5315 ex
2664 5260 3002 5316 necessitate.
3032 5260 3331 5318 Necessitas
3351 5270 3527 5318 autem
3550 5271 3631 5317 est
3651 5261 3873 5330 duplex,

2294 5356 2408 5412 haec
2436 5357 2652 5427 quidem
2674 5357 2969 5413 secundum
2990 5370 3232 5415 naturam
3281 5369 3337 5416 et
3361 5359 3735 5430 aptitudinem,
3762 5357 3899 5437 haec,

2290 5464 2419 5505 vero
2446 5450 2676 5507 violenta
2716 5459 2769 5506 et
2797 5462 2983 5507 contra
3025 5452 3411 5523 aptitudinem,
3451 5451 3588 5508 sicut
3626 5451 3759 5522 lapis
3809 5462 3876 5506 ex

2294 5542 2613 5598 necessitate
2667 5553 2720 5599 et
2763 5556 2974 5598 sursum
3020 5554 3073 5599 et
3100 5544 3353 5601 deorsum
3386 5546 3585 5611 fertur,
3634 5542 3729 5599 sed
3770 5555 3875 5598 non

2296 5622 2513 5705 propter
2541 5636 2783 5692 eamdem
2814 5638 3211 5694 necessitatem.
3256 5639 3363 5696 Sed
3403 5640 3456 5695 in
3495 5637 3564 5695 iis
3591 5652 3711 5710 qua:
3754 5644 3876 5692 sunt

2294 5738 2359 5790 ab
2391 5739 2776 5809 intelligentia,
2806 5740 2907 5795 alia
2941 5741 3155 5809 quidem
3185 5758 3524 5815 nequaquam
3552 5748 3679 5798 sunt
3716 5738 3785 5795 ab
3809 5751 3876 5793 eo

2292 5836 2429 5907 quod
2453 5853 2549 5909 per
2579 5853 2637 5894 se
2664 5839 2856 5896 frustra
2883 5850 2994 5907 est,
3019 5851 3076 5899 ut
3102 5844 3292 5901 domus
3322 5854 3415 5903 aut
3442 5846 3668 5918 efﬁgies,
3704 5864 3877 5920 neque

2290 5950 2355 5991 ex
2387 5935 2701 5996 necessitate
2742 5950 2894 5999 sunt.
2943 5941 3034 5997 sed
3084 5940 3307 6016 propter
3340 5946 3459 6005 hoe.
3512 5950 3630 6007 Alia
3677 5966 3804 6009 vero
3847 5972 3873 6010 a
