4296 6266
435 412 537 466 753

977 408 1451 466 rosremonon
1502 366 2024 463 instmrtconuu

2082 408 2517 464 ARISTO'I‘ELlS
2560 412 3137 469 ιΝΤειιΡιιΕτλιίο.

3585 404 3703 461 τες

434 525 648 580 fortuna
678 534 829 587 sunt,
854 533 908 577 ut
927 523 1149 587 sanitas,
1180 534 1232 577 et
1254 522 1418 586 salus,
1454 519 1681 574 maxime
1709 522 1762 575 in
1793 521 2012 591 quibns-
2041 526 2085 583 Α
2116 525 2379 591 posterius
2410 533 2584 576 autem
2608 540 2632 575 c
2665 523 2878 585 factum,
2911 544 2940 576 u
2964 536 3140 580 autem
3174 528 3334 593 ptius.
3366 523 3692 592 Principium

433 634 645 688 cunque
674 602 951 689 contingit,
981 626 1034 671 et
1058 617 1136 671 sic
1160 626 1213 670 et
1244 614 1421 678 aliter,
1452 628 1570 667 cum
1600 628 1703 667 non
1734 628 1762 666 a
1796 612 2009 667 fortuna

432 712 715 783 generatio
745 711 833 765 sit.
862 710 1039 777 Quare
1084 709 1203 764 ﬁnis
1247 708 1417 763 bonas
1458 707 1681 777 alicujus
1724 710 1889 776 gratia
1922 708 2007 773 tit,

432 814 524 859 aut
555 812 761 870 natura,
795 814 881 857 aut
910 812 1058 868 arte;
1087 816 1116 855 a
1149 803 1358 856 fortuna
1401 810 1577 854 autem
1629 800 1761 854 nihil
1795 809 2011 869 propter

432 897 631 967 aliquid
684 898 762 950 ﬁt.
813 896 1005 951 Eadem
1056 902 1229 949 autem
1274 908 1431 949 causa
1481 902 1562 949 εει
1601 901 1655 947 ει
1692 893 1743 946 in
1792 894 1854 947 iis
1892 908 2011 963 qute

435 988 599 1054 ﬁunt,
629 997 680 1041 et
724 987 774 1039 in
809 985 990 1050 factis,
1020 996 1073 1039 et
1104 984 1323 1049 futuris,
1351 999 1471 1055 qua:
1517 998 1643 1038 vere
1690 992 1770 1037 est
1798 983 1864 1039 iis
1893 999 2010 1053 qua:

430 1090 587 1146 sunt,
624 1078 855 1134 medium
892 1079 1035 1132 enim
1087 1092 1245 1133 causa
1289 1086 1411 1141 est;
1450 1084 1816 1131 verumtamen
1863 1077 1917 1130 in
1950 1076 2011 1130 iis

429 1188 547 1241 qn:e
598 1180 721 1224 sunt
762 1186 880 1240 qua:
909 1179 1023 1236 est,
1065 1170 1116 1223 in
1162 1170 1226 1223 iis
1255 1178 1432 1223 autem
1460 1183 1577 1237 qua:
1609 1168 1740 1221 ﬁunt
1768 1182 1886 1234 quae
1918 1168 2007 1233 lit,

428 1262 583 1317 factis
612 1273 789 1316 autem
819 1261 954 1315 facta
975 1302 988 1326 ,
1020 1270 1073 1316 et
1106 1259 1295 1314 futuris
1322 1260 1514 1314 futura.
1549 1258 1617 1314 Ut
1642 1267 1859 1328 propter
1884 1257 2008 1327 quid

426 1352 597 1407 factus
618 1362 700 1406 est
727 1350 989 1413 defectus,
1013 1360 1230 1421 propter
1251 1351 1301 1405 id
1324 1350 1467 1420 quod
1494 1350 1545 1403 in
1572 1349 1750 1402 medio
1772 1351 1903 1403 facta
1928 1359 2010 1403 est

428 1451 606 1508 terra,
640 1443 699 1497 ﬁt
726 1443 868 1498 enim
920 1449 1138 1512 pr0pter
1169 1442 1218 1494 id
1261 1440 1401 1509 quod
1454 1440 1548 1503 ﬁt,
1595 1441 1697 1495 erit
1738 1449 1911 1493 autem
1957 1450 2010 1495 et

430 1545 649 1606 propter
676 1534 726 1589 id
758 1532 898 1603 quod
929 1533 1033 1587 erit
1061 1532 1111 1586 in
1144 1512 1355 1597 medio,
1386 1540 1438 1584 et
1468 1540 1548 1585 cst
1589 1539 1763 1583 autem
1796 1538 2011 1597 propter

428 1628 481 1683 id
514 1627 652 1694 quod
680 1636 778 1682 est.
811 1625 880 1680 Ut
906 1624 1029 1696 quid
1061 1633 1143 1679 est
1185 1623 1498 1695 crystallus,
1551 1620 1838 1691 accipiatur
1881 1635 2011 1689 quo-

430 1719 575 1773 niam
604 1731 736 1786 aqna
765 1704 1055 1785 congelata'
1078 1724 1180 1769 est.
1227 1718 1375 1783 Aqua
1404 1713 1455 1766 in
1484 1726 1592 1782 quo
1633 1726 1688 1775 c,
1732 1711 2008 1777 congelata

430 1811 483 1865 in
512 1823 618 1876 quo
646 1824 696 1869 α,
730 1822 887 1861 causa
922 1807 1095 1861 media
1129 1808 1182 1859 in
1210 1820 1316 1874 quo
1347 1805 1395 1868 b,
1429 1803 1670 1859 defectus
1697 1802 1893 1857 caloris
1921 1818 2009 1872 pe-

2114 614 2272 683 igitur
2292 626 2372 667 cst
2403 631 2451 678 c,
2477 624 2688 682 propter
2712 615 2761 668 id
2788 616 2930 685 quod
2956 618 3253 683 proximum
3285 625 3366 669 est
3396 615 3492 684 ipsi
3524 628 3687 678 nunc,

2112 709 2253 779 quod
2280 717 2364 762 est
2389 708 2706 777 principium
2739 711 3017 777 temporis,
3049 709 3141 763 sed
3166 726 3191 760 ε
3225 709 3416 763 factum
3447 719 3550 771 εει,
3583 708 3626 761 si
3655 708 3692 760 ά

2113 801 2307 858 factum
2337 811 2441 865 est,
2468 815 2587 854 eum
2619 801 2778 869 igitur
2805 801 2839 852 Δ
2870 801 3060 854 factum
3093 811 3192 865 est,
3227 815 3445 856 necesse
3464 808 3547 855 est
3577 807 3631 854 et
3653 815 3688 851 α

2111 893 2303 948 factum
2329 906 2487 947 esse:
2519 906 2675 945 causa
2707 901 2883 946 autem
2912 900 2995 944 est
3024 908 3083 957 c,
3125 892 3159 943 ιι
3197 892 3337 945 enim
3382 891 3548 955 facto,
3596 904 3692 945 ne-

2110 1001 2261 1043 cesse
2288 994 2369 1040 est
2390 1003 2418 1039 ε
2451 985 2645 1039 factum
2678 999 2819 1049 esse,
2843 1001 2870 1037 c
2899 993 3073 1039 autem
3106 985 3273 1048 facto,
3306 998 3524 1039 necesse
3547 993 3630 1037 est
3656 1000 3695 1038 τι

2112 1083 2259 1150 prius
2286 1080 2495 1149 lfuisse.
2544 1079 2599 1133 Si
2653 1088 2830 1133 autem
2876 1077 3144 1147 accipiens
3189 1075 3397 1145 aliquod
3445 1076 3682 1130 medium

2112 1174 2274 1228 stabit
2318 1172 2476 1226 alieni
2520 1170 2917 1237 immediatum,
2968 1185 3036 1223 an
3081 1182 3294 1235 semper
3339 1178 3487 1220 estta
3534 1166 3693 1221 cadet
3766 1154 3774 1169 ’

2112 1272 2331 1335 propter
2356 1262 2665 1317 inﬁnitum?
2703 1276 2807 1316 non
2835 1261 2978 1315 enim
3003 1260 3312 1315 continuum
3342 1256 3537 1311 factum
3567 1270 3688 1310 cum

2110 1356 2273 1421 facto,
2299 1355 2743 1425 quemadmodum
2769 1354 2969 1407 dictum
2999 1362 3101 1418 est,
3125 1353 3217 1406 sed
3244 1350 3480 1418 incipere
3509 1358 3684 1403 tamen

2111 1456 2193 1502 est
2216 1461 2435 1501 necesse
2466 1462 2493 1498 τι
2522 1446 2719 1510 medio,
2748 1456 2800 1499 et
2827 1444 2893 1497 ab
2916 1444 3031 1513 ipso
3058 1458 3200 1497 nunc
3218 1442 3408 1510 primo.
3434 1439 3693 1495 Similiter

2110 1547 2289 1592 autem
2319 1546 2401 1591 εει
2421 1546 2476 1591 ει
2497 1539 2548 1591 in
2570 1551 2636 1592 eo
2665 1537 2807 1605 quod
2829 1536 2960 1599 erit;
2992 1535 3037 1587 si
3067 1534 3209 1587 enim
3251 1547 3437 1588 verum
3483 1540 3568 1588 est
3609 1532 3692 1585 di-

2111 1646 2237 1685 cere
2262 1630 2512 1699 quoniam
2543 1630 2645 1683 erit
2674 1631 2706 1680 ά
2730 1668 2743 1691 ,
2766 1641 2987 1682 ηεεεεεε
3014 1636 3094 1680 εει
3124 1626 3270 1693 prius
3299 1640 3480 1679 verum
3508 1625 3693 1679 dicere

2111 1724 2360 1792 quoniam
2400 1739 2433 1774 α
2467 1722 2569 1777 erit
2592 1762 2606 1785 ,
2642 1721 2797 1789 hujus
2828 1728 3005 1773 autem
3037 1731 3197 1773 causa
3226 1726 3308 1772 εει
3345 1734 3391 1781 τ,
3424 1716 3689 1784 siquidem

2111 1816 2251 1869 enim
2281 1816 2314 1866 ἀ
2341 1813 2464 1876 erit,
2498 1814 2645 1881 prius
2685 1828 2710 1863 c
2739 1812 2862 1875 erit,
2888 1812 2931 1864 si
2964 1825 3092 1863 vero
3122 1825 3149 1862 c
3177 1808 3300 1873 erit,
3333 1808 3481 1875 prius
3506 1822 3537 1858 α
3563 1804 3682 1859 erit.

435 1899 573 1954 nitus
594 1938 607 1963 ,
640 1905 721 1951 est
748 1898 905 1965 igitur
930 1896 981 1949 in
1012 1913 1038 1949 c
1067 1895 1278 1965 quidem
1300 1896 1361 1961 ι,
1397 1897 1448 1948 in
1478 1895 1579 1949 hoc
1606 1904 1781 1948 autem
1809 1908 2003 1962 conge-

2111 1907 2368 1964 Similiter
2395 1913 2568 1960 autem
2598 1913 2653 1960 et
2680 1904 2884 1957 inﬁn'ta
2914 1911 2994 1956 est
3022 1900 3223 1955 deeisio
3251 1910 3305 1954 et
3348 1898 3402 1953 in
3432 1897 3546 1963 his;
3580 1912 3685 1951 non

430 1989 594 2044 latum
626 2002 772 2049 esse,
808 1985 949 2055 quod
981 1994 1063 2041 est
1092 1986 1143 2039 in
1169 1999 1276 2054 quo
1304 1992 1386 2038 est
1412 2002 1474 2050 a,
1506 1984 1565 2037 fit
1590 1993 1765 2039 autem
1787 1984 2009 2054 crystal-

434 2078 516 2134 lus
538 2120 552 2145 ,
594 2092 713 2132 cum
745 2076 834 2130 ﬁat
876 2077 903 2128 b
929 2119 944 2143 ,
982 2075 1148 2129 factus
1175 2083 1258 2128 est
1279 2080 1454 2127 autem
1485 2072 1627 2126 facto
1649 2111 1666 2138 ,
1699 2076 1799 2126 erit
1828 2081 2006 2127 autem

434 2167 610 2221 futuro
642 2168 688 2219 ὁ.
713 2165 801 2221 Sic
831 2164 1042 2235 quidem
1068 2165 1230 2234 igitur
1252 2178 1432 2228 causa,
1458 2172 1509 2217 et
1539 2164 1691 2232 cujus
1716 2178 1876 2217 causa
1904 2173 2003 2228 est,

434 2256 592 2311 simul
627 2255 684 2309 llt
713 2270 831 2309 cum
859 2254 936 2318 ﬁt,
970 2264 1023 2308 et
1052 2262 1133 2309 est
1168 2267 1289 2307 cum
1321 2262 1441 2317 est,
1474 2260 1527 2306 et
1562 2252 1616 2306 in
1644 2266 1710 2307 eo
1753 2252 1896 2322 quod
1928 2252 2007 2305 fa-

434 2358 572 2404 ctum
601 2358 703 2413 est,
733 2354 787 2401 et
813 2346 862 2400 in
895 2345 1073 2400 futuro
1096 2344 1284 2399 eodem
1319 2343 1495 2397 modo.

1032 2481 1257 2537 CAPUT
1296 2481 1406 2535 XII.

916 2573 992 2628 De
1019 2574 1133 2643 ﬁeri
1161 2583 1206 2626 et
1236 2578 1372 2644 facto
1400 2588 1524 2626 esse.

509 2687 564 2743 In
593 2687 658 2743 iis
686 2696 863 2741 autem
896 2700 1014 2753 quae
1042 2698 1147 2739 non
1187 2682 1343 2738 simul
1371 2692 1526 2745 sunt,
1562 2681 1796 2749 nunquid
1850 2681 1917 2734 sit
1958 2679 2009 2733 in

439 2779 688 2832 continuo
734 2775 1007 2846 tempore?
1056 2774 1192 2827 sicut
1230 2760 1441 2826 videtur
1483 2771 1637 2825 nobis
1677 2771 1778 2824 alia
1826 2786 2010 2824 corum

438 2882 596 2923 causa
623 2882 760 2929 esse,
793 2876 851 2920 ut
878 2864 999 2920 facti
1027 2878 1146 2919 esse
1175 2863 1341 2916 altera
1372 2862 1526 2925 facta,
1547 2870 1597 2914 et
1620 2858 1780 2913 futuri
1814 2859 2009 2926 futura,

440 2968 494 3015 et
517 2960 633 3029 ejus
657 2958 798 3028 quod
838 2956 892 3010 ﬁt
917 3000 930 3023 ,
957 2956 1000 3009 si
1028 2954 1224 3025 aliquid
1253 2962 1407 3007 antea
1440 2951 1632 3006 factum
1662 2960 1764 3006 est.
1795 2951 1889 3006 Est
1919 2951 2013 3020 igi-

446 3059 575 3105 tura
609 3048 872 3119 posterius
902 3048 1043 3102 laeto
1070 3045 1427 3117 syllogismus,
1475 3044 1789 3114 principium
1836 3053 2011 3100 autem

440 3154 496 3199 et
521 3144 707 3199 horum
737 3157 857 3211 qum
885 3141 1020 3196 facta
1048 3150 1190 3204 sunt,
1222 3137 1438 3194 undecet
1468 3139 1517 3193 in
1549 3138 1614 3193 iis
1634 3153 1753 3208 qua:
1780 3138 1912 3192 ﬁunt
1938 3138 2012 3192 si-

442 3233 670 3297 militrr,
700 3247 729 3286 a
760 3230 921 3302 priori
947 3242 1124 3284 autem
1164 3244 1269 3282 non
1297 3237 1407 3293 est,
1441 3236 1498 3282 ut
1523 3228 1771 3297 quoniam
1804 3227 1905 3282 hoc
1936 3229 2011 3281 fa-

440 3336 583 3381 ctum
606 3334 706 3390 est,
740 3322 880 3395 quod
910 3322 1009 3377 hoc
1037 3322 1300 3389 posterius
1330 3320 1525 3375 factum
1555 3330 1659 3387 est,
1686 3332 1738 3376 et
1762 3323 1814 3375 in
1840 3322 2017 3378 futuro

442 3417 688 3475 similiter
713 3424 817 3481 est,
846 3429 1018 3485 neque
1048 3413 1190 3469 enim
1222 3412 1429 3466 inﬁnito
1456 3420 1545 3466 aut
1576 3412 1723 3466 ﬁnito
1754 3414 1854 3467 erit
1887 3424 2019 3467 tem—

444 3524 604 3580 pore,
650 3522 815 3579 quare
851 3506 1101 3576 quoniam
1148 3504 1248 3559 hoc
1286 3520 1469 3559 verum
1498 3503 1779 3559 estdicere
1823 3504 2016 3559 factum

444 3614 593 3665 esse,
623 3599 723 3654 hoc
752 3613 935 3653 verum
968 3607 1049 3650 εει
1070 3596 1249 3651 dicere
1279 3599 1471 3650 iactum
1499 3610 1618 3650 esse
1645 3598 1927 3664 posterius.
1962 3597 2018 3651 in

448 3692 627 3748 medio
670 3701 847 3745 autem
894 3688 1083 3743 falsum
1132 3697 1274 3742 esset
1312 3687 1492 3742 dicere
1544 3687 1647 3743 hoc
1687 3687 1796 3757 jam
1853 3690 2020 3743 altero

446 3782 617 3847 facto,
646 3779 836 3836 eadem
882 3786 1057 3832 autem
1106 3777 1242 3831 ratio
1288 3788 1365 3831 est
1414 3787 1468 3831 et
1511 3776 1562 3831 in
1614 3777 1809 3835 futuro.
1839 3778 2019 3849 Neque

447 3876 697 3947 quoniam
729 3876 831 3928 hoc
859 3872 1053 3927 factum
1082 3882 1197 3938 est,
1231 3872 1330 3927 hoc
1356 3874 1485 3938 erit;
1520 3875 1750 3929 medium
1781 3879 1923 3930 enim
1946 3877 2020 3931 si-

452 3968 561 4021 mul
588 3964 827 4034 genitum
851 3970 1062 4031 oportet
1089 3976 1207 4016 esse
1228 4004 1241 4026 ,
1271 3964 1526 4017 factorum
1560 3963 1752 4019 factum
1775 4010 1787 4031 ,
1814 3965 2018 4020 futuro—

453 4071 573 4113 rum
604 4054 834 4110 futurum
854 4093 868 4119 ,
895 4067 1014 4107 cum
1046 4053 1108 4109 iis
1136 4068 1253 4123 qua:
1282 4054 1411 4108 ﬁunt
1456 4056 1566 4108 fieri
1586 4094 1603 4121 ,
1655 4070 1777 4109 cum
1810 4056 1873 4109 iis
1901 4071 2020 4125 qua:

449 4158 572 4205 sunt
610 4159 762 4213 esse,
789 4143 881 4201 sed
916 4144 1146 4200 futurum
1179 4160 1331 4213 esse,
1365 4156 1417 4201 et
1446 4161 1595 4213 esse,
1626 4162 1729 4201 non
1761 4149 2020 4217 contingit

447 4241 606 4297 simul
634 4256 754 4297 esse
779 4242 1036 4311 genitum.
1069 4241 1343 4311 Amplius,
1390 4256 1560 4311 neque
1598 4240 1859 4295 inﬁnitum
1888 4255 2019 4303 con-

450 4335 604 4402 tingit
630 4347 751 4389 esse
780 4342 988 4402 tempus
1019 4332 1280 4395 medium,
1326 4341 1498 4401 neque
1548 4332 1785 4398 ﬁnitum;
1834 4334 2019 4388 falsum

447 4429 589 4483 enim
620 4428 725 4481 erit
754 4427 930 4481 dicere
958 4428 1009 4481 in
1040 4428 1233 4483 medio.
1288 4428 1681 4496 Speculandum
1729 4428 1867 4499 ergo’
1894 4430 2021 4499 quid

448 4525 535 4575 est
560 4520 871 4575 continens?
897 4531 953 4575 ut
983 4534 1100 4589 poSt
1128 4520 1179 4574 id
1211 4522 1354 4591 quod
1387 4522 1582 4577 factum
1621 4534 1703 4577 est
1728 4564 1742 4585 ,
1796 4524 1865 4577 sit
1908 4524 2021 4578 ﬁeri

454 4610 508 4665 in
539 4610 743 4665 rebus?
784 4626 850 4665 an
895 4611 1232 4665 manifestum
1280 4612 1528 4681 estquod
1576 4629 1680 4667 non
1711 4614 2021 4668 continuum

450 4716 572 4757 cum
614 4700 751 4756 facto
778 4717 931 4765 esse,
982 4702 1121 4772 quod
1170 4703 1265 4756 ﬁt?
1307 4718 1479 4773 neque
1516 4705 1711 4757 factum
1751 4718 1872 4758 cum
1905 4715 2025 4773 post

452 4792 593 4847 facto
619 4793 773 4849 esse?
798 4792 937 4848 Τεΐη
964 4794 1034 4847 ini
1057 4792 1198 4849 enim
1225 4804 1350 4847 sunt
1378 4795 1561 4858 atomi,
1580 4794 1718 4847 sicut
1749 4795 1906 4863 igitur
1932 4809 2025 4850 ne-

442 4898 554 4958 gue
592 4893 716 4938 sunt
753 4894 943 4955 puncta
989 4883 1057 4939 ad
1106 4884 1329 4939 invicem
1378 4887 1650 4955 copulata,
1698 4900 1870 4955 neque
1907 4902 2026 4956 qua

451 4972 590 5029 facta
619 4986 781 5045 sunt,
816 4985 1038 5046 utraque
1081 4978 1225 5033 enim
1275 4977 1613 5033 indivisibilia
1658 4988 1803 5033 sunt.
1845 4977 2027 5048 Neque

447 5064 606 5136 igitur
628 5068 769 5137 quod
796 5068 854 5121 ﬁt
872 5083 993 5123 cum
1012 5084 1079 5124 eo
1103 5070 1246 5140 quod
1268 5070 1463 5127 factum
1486 5082 1568 5127 est
1601 5081 1814 5141 propter
1861 5072 2023 5137 idem,

449 5159 588 5229 quod
619 5160 761 5215 enim
811 5161 902 5225 ﬁt,
949 5162 1217 5219 divisibile
1254 5176 1364 5230 est;
1414 5165 1554 5235 quod
1602 5175 1777 5220 autent
1829 5165 2024 5221 factum

449 5261 552 5320 est,
577 5251 903 5308 indivisibile
927 5263 1031 5308 est.
1062 5254 1214 5311 Sicut
1235 5256 1394 5326 igitur
1423 5259 1558 5312 linea
1591 5258 1655 5310 ad
1686 5267 1936 5325 punctum
1968 5272 2027 5311 se

450 5343 642 5409 habet,
668 5345 746 5399 sic
769 5345 910 5414 quod
943 5345 1000 5399 fit
1063 5346 1137 5401 ad
1178 5348 1320 5415 quod
1351 5347 1545 5402 factum
1575 5355 1659 5402 est
1682 5388 1695 5411 ,
1734 5357 1855 5402 sunt
1883 5348 2026 5401 enim

448 5434 654 5490 inﬁnita
682 5437 817 5489 facta
849 5437 902 5490 in
924 5451 990 5491 eo
1015 5437 1159 5507 quod
1180 5438 1258 5504 iit,
1287 5439 1624 5492 manifesmm
1653 5448 1829 5493 autem
1862 5440 2029 5508 magis

448 5526 611 5579 estin
638 5526 1061 5583 universalibus.
1094 5528 1171 5584 De
1201 5539 1346 5584 motu
1374 5537 1586 5597 Oportet
1612 5529 1790 5584 dicere
1827 5530 1896 5584 de
1924 5529 2027 5585 his.

448 5615 622 5671 De-eo
645 5615 807 5684 igitur
836 5617 1110 5686 quomodo
1132 5634 1253 5675 eum
1284 5634 1350 5674 eo
1383 5619 1526 5690 quod
1554 5633 1943 5691 consequenter
1973 5624 2035 5676 ﬁt

370 5732 375 5735 ν
403 5750 410 5759 .
445 5706 797 5778 generatione
828 5721 891 5762 se
921 5706 1116 5763 habeat
1141 5710 1312 5765 media
1343 5724 1503 5766 causa
1531 5753 1545 5777 ,
1580 5709 1841 5767 intantum
1881 5726 2031 5769 acce-

450 5808 601 5872 ptum
629 5799 717 5865 sit,
745 5813 967 5856 necesse
995 5789 1136 5856 enim
1170 5812 1224 5858 et
1250 5803 1305 5859 in
1334 5804 1416 5857 his
1442 5802 1690 5865 mediam.
1722 5813 1777 5860 et
1809 5806 2033 5873 primam

452 5893 757 5957 hntnediata
781 5908 934 5966 esse,
969 5904 1078 5953 uta
1101 5895 1319 5963 factum,
1351 5896 1598 5975 quoniam
1628 5915 1654 5957 ο
1683 5898 1881 5960 factum
1905 5911 1989 5962 est
2018 5942 2031 5969 ,

2109 2001 2249 2055 enim
2292 2006 2449 2052 erunt
2494 2012 2614 2067 qua:
2656 2004 2813 2049 erunt
2836 1994 3083 2049 continua
3110 1992 3175 2046 ad
3205 1990 3452 2054 invicem,
3483 1988 3684 2057 princi-

2108 2091 2255 2158 pium
2284 2100 2462 2143 autem
2511 2098 2566 2141 et
2609 2086 2663 2141 in
2712 2087 2793 2140 his
2832 2086 2948 2140 sine
2978 2083 3153 2139 medio
3181 2080 3548 2152 accipiendum
3580 2088 3678 2134 est.

2112 2180 2318 2234 Habent
2345 2187 2522 2232 autem
2548 2177 2625 2232 sic
2653 2191 2711 2231 se
2738 2176 2790 2230 in
2816 2175 3094 2246 Operibns.
3122 2174 3178 2229 Si
3206 2174 3340 2227 facta
3363 2182 3443 2227 est
3469 2170 3682 2235 domus,

2110 2282 2330 2324 necesse
2361 2277 2443 2323 est
2474 2268 2687 2322 decisos
2717 2281 2837 2322 esse
2866 2266 3097 2336 lapides,
3125 2274 3178 2320 et
3206 2264 3404 2318 factum
3432 2276 3553 2317 esse
3586 2263 3685 2318 hoc

2113 2370 2329 2430 propter
2354 2358 2481 2429 quid
2511 2371 2614 2425 est,
2643 2360 2892 2428 quoniam
2925 2372 3146 2412 neocsse
3172 2365 3254 2412 est
3284 2354 3683 2410 fundamentum

2114 2455 2309 2508 factum
2359 2467 2509 2516 esse,
2556 2452 2600 2506 si
2629 2452 2842 2521 quidem
2870 2460 2924 2505 et
2963 2452 3156 2505 domus
3184 2452 3319 2503 facta
3345 2457 3460 2511 εει,
3489 2447 3534 2501 si
3560 2461 3687 2502 vero

2112 2543 2513 2598 fundamentum
2540 2553 2657 2608 est,
2696 2544 2842 2612 prius
2883 2543 3087 2612 lapides
3112 2557 3230 2598 esse
3274 2542 3441 2596 factos
3471 2554 3689 2595 necesse

2112 2643 2193 2689 est
2217 2648 2232 2698 ;
2276 2634 2468 2688 iterum
2509 2634 2551 2687 si
2579 2634 2685 2688 erit
2712 2633 2902 2688 domus
2922 2675 2937 2701 ,
2965 2634 3214 2689 similiter
3242 2634 3389 2702 prius
3417 2640 3573 2686 erunt
3598 2644 3690 2702 pa-

2115 2726 2277 2780 rietes
2317 2724 2745 2795 (demonstratur
2774 2734 2951 2780 autem
2985 2741 3078 2796 per
3106 2723 3338 2780 medium
3384 2721 3688 2791 similiter),

2114 2820 2215 2873 erit
2239 2817 2379 2873 enim
2411 2816 2813 2871 fundamentum
2847 2819 3010 2885 prius.

2707 2924 2932 2981 CAPUT
2968 2924 3106 3004 xm.

2117 3021 2183 3075 In
2225 3021 2288 3074 iis
2332 3035 2445 3090 qua:
2511 3020 2700 3071 circulo
2747 3019 3025 3087 gignuntur
3062 3018 3543 3072 demonstrationem
3588 3036 3694 3075 esss

2748 3091 3067 3141 circa/arent.

2187 3203 2445 3272 Quoniam
2469 3210 2645 3256 autem
2678 3202 2916 3257 videmus
2946 3203 2996 3257 in
3030 3202 3093 3258 iis
3137 3219 3253 3273 qute
3300 3183 3456 3268 ﬁunt,
3486 3205 3689 3259 circulo

2121 3295 2404 3366 quamdam
2437 3294 2835 3364 generationem
2865 3310 2986 3351 esse
3008 3337 3022 3361 ,
3055 3304 3109 3349 et
3138 3298 3395 3366 contingit
3426 3296 3527 3353 hoc
3554 3314 3698 3364 esse.

2122 3387 2165 3439 si
2198 3385 2410 3453 quidem
2442 3396 2836 3454 consequantur
2878 3386 2941 3438 ad
2990 3386 3215 3441 invicem
3258 3388 3487 3443 medimn
3515 3401 3567 3443 et
3596 3400 3699 3444 ter-

2123 3477 2287 3541 mini,
2323 3477 2375 3529 in
2419 3477 2499 3529 his
2526 3476 2668 3529 enim
2715 3478 2953 3530 converti
2984 3487 3084 3541 cst,
3115 3486 3386 3532 ostensum
3418 3488 3592 3534 autem
3619 3489 3704 3540 est

2124 3570 2225 3624 hoc
2247 3570 2371 3639 impt
2387 3570 2506 3623 imis
2520 3572 2658 3638 quod
2680 3579 3064 3625 convertuntur
3084 3572 3475 3632 conclusiones.
3499 3573 3703 3629 circulo

2124 3672 2299 3716 autem
2326 3663 2424 3717 hoc
2446 3674 2547 3739 est,
2579 3664 2632 3717 In
2656 3664 2905 3732 operibus
2925 3672 3101 3718 autem
3127 3665 3336 3718 videtur
3361 3668 3461 3730 sie,
3488 3666 3703 3733 dcpluta

2127 3767 2286 3819 terra,
2334 3770 2549 3808 noeesse
2596 3764 2676 3807 est
2709 3770 2956 3823 vapor-cm
3000 3757 3137 3820 lieri,
3170 3754 3272 3809 hoc
3321 3765 3499 3810 autem
3542 3754 3700 3817 facto,

2126 3844 2344 3909 "Ubt'lll,
2376 3844 2471 3897 hac
2502 3853 2675 3897 autem
2706 3845 2863 3905 facta,
2892 3862 3108 3912 a‘juam,
3142 3846 3240 3900 hac
3267 3863 3393 3900 vero
3422 3849 3580 3913 facta,
3611 3863 3704 3904 nec

2123 3947 2279 3987 cesse
2307 3944 2388 3987 est
2418 3944 2611 3987 terram
2659 3934 2929 4001 deplutam
2960 3951 3097 3988 esse.
3147 3937 3255 3989 lloc
3292 3949 3469 3992 autem
3500 3948 3617 3993 erat
3640 3955 3706 3996 ex

2128 4024 2407 4090 principio,
2442 4037 2604 4090 quare
2635 4023 2830 4075 circulo
2858 4024 3133 4085 circnivit,
3181 4040 3301 4078 cum
3347 4029 3490 4080 enim
3537 4044 3703 4085 unum

2124 4110 2317 4164 horum
2339 4111 2612 4181 quodlibet
2646 4121 2727 4163 est
2755 4112 2977 4165 alterum
2994 4120 3290 4176 est,etcum
3313 4116 3437 4167 illud
3455 4116 3700 4184 alterum,

2125 4212 2321 4259 etcum
2352 4204 2450 4255 hoc
2490 4203 2737 4271 primum.
2789 4203 2923 4257 Sunt
2950 4210 3126 4256 autem
3158 4204 3399 4273 quasdam
3430 4220 3548 4275 quae
3577 4208 3708 4263 liunt

2127 4294 2523 4360 universaliter,
2556 4310 2770 4366 semper
2790 4298 2929 4350 enim
2963 4307 3016 4351 et
3042 4296 3093 4351 in
3123 4300 3269 4353 omni
3298 4308 3389 4353 aut
3416 4299 3493 4353 sic
3522 4313 3580 4354 se
3610 4302 3707 4355 ha-

2126 4388 2275 4455 bent,
2323 4396 2415 4442 aut
2442 4388 2610 4452 ﬁunt;
2642 4388 2743 4442 alia
2772 4404 2900 4443 vero
2931 4388 3145 4458 quidem
3187 4406 3401 4461 semper
3445 4403 3572 4456 non,
3609 4393 3705 4445 sed

2127 4482 2265 4535 sicut
2296 4482 2597 4550 frequenter
2627 4492 2784 4547 sunt,
2814 4491 2867 4535 nt
2911 4498 3016 4536 non
3044 4483 3219 4536 onmis
3250 4483 3411 4536 homo
3443 4482 3707 4537 masculus

2130 4573 2290 4626 habet
2320 4575 2561 4637 barbam,
2589 4576 2679 4627 sed
2704 4584 2785 4627 est
2808 4575 2939 4627 sicut
2972 4576 3293 4641 frequenter.
3320 4575 3523 4629 'l'alium
3550 4576 3710 4646 igitur

2052 4650 2103 4709 ι)
2129 4682 2348 4721 necesse
2375 4681 2451 4719 εει
2486 4677 2537 4719 ει
2560 4666 2790 4719 medium
2823 4669 2957 4719 sicut
2985 4670 3291 4735 frequenter
3318 4682 3454 4721 esse.
3484 4668 3535 4721 Si
3565 4667 3709 4721 enim

2129 4776 2159 4809 ι
2188 4744 2301 4811 deb
2334 4756 2650 4825 praedicatur
2678 4758 3064 4821 universaliter,
3093 4758 3267 4812 ethoc
3294 4758 3360 4811 de
3384 4774 3410 4808 c
3438 4756 3711 4813 universa-

2131 4852 2254 4905 liter
2282 4864 2503 4905 necesse
2530 4862 2631 4913 est,
2664 4860 2718 4903 et
2756 4866 2786 4901 α
2814 4850 2878 4903 de
2910 4866 2936 4902 c
2966 4865 3197 4919 semper,
3232 4862 3282 4905 et
3308 4853 3373 4905 de
3399 4852 3541 4906 omni
3573 4867 3711 4922 prm-

2131 4938 2319 5003 dieari,
2346 4941 2445 4991 hoc
2466 4940 2607 4991 enim
2631 4946 2713 4991 est
2733 4939 3122 5003 universaliter,
3146 4950 3192 4993 et
3218 4943 3282 4993 de
3307 4944 3473 5005 oinni,
3501 4950 3556 4995 et
3576 4956 3713 4996 sem-

2132 5046 2247 5100 per,
2268 5030 2361 5084 scd
2384 5035 2713 5099 suppositum
2736 5040 2818 5085 est
2840 5032 2979 5085 sicut
3002 5033 3308 5103 frequenter
3327 5050 3464 5098 esse;
3489 5049 3711 5089 necesse

2135 5132 2219 5176 est
2249 5137 2375 5192 ergo
2408 5122 2637 5176 medium
2683 5124 2821 5177 sicut
2852 5124 3160 5195 frequenter
3199 5142 3319 5181 esse
3367 5126 3506 5194 quod
3540 5136 3621 5179 est
3663 5128 3715 5181 in

2133 5230 2240 5282 quo
2281 5216 2329 5266 ὁ.
2382 5214 2547 5267 Erunt
2591 5229 2721 5283 ergo
2766 5226 2819 5269 et
2865 5232 3050 5269 eorum
3103 5215 3357 5284 principia
3407 5215 3717 5284 frequenter

2135 5308 2253 5361 sine
2300 5306 2498 5373 medio,
2545 5322 2874 5377 qmecunqne
2907 5317 2963 5362 ut
3000 5308 3285 5377 plurimum
3330 5307 3403 5360 sic
3449 5315 3593 5376 sunt,
3626 5318 3717 5365 aut

2134 5400 2283 5454 ﬁunt.

2715 5509 2939 5566 CAPUT
2981 5514 3115 5568 XIV.

2431 5608 2545 5670 Quo
2572 5614 2719 5671 pacto
2748 5605 2978 5672 deﬁnitio
3007 5609 3301 5678 castiganda
3320 5617 3405 5672 su.

2208 5717 2487 5783 Quomodo
2517 5720 2735 5785 quidem
2785 5720 2853 5773 sit
2899 5722 3035 5791 quod
3084 5724 3209 5793 quid
3246 5738 3328 5781 est
3357 5727 3409 5782 in
3455 5731 3721 5785 termino:

2137 5805 2543 5875 assignandum,
2580 5817 2631 5861 et
2661 5808 2889 5877 qualiter
2915 5811 3323 5882 demonstratio,
3356 5829 3447 5875 aut
3475 5820 3722 5875 definito

2139 5899 2208 5959 sit
2240 5897 2428 5973 ipsius,
2459 5911 2550 5963 aut
2582 5916 2706 5972 non,
2752 5903 2951 5965 dictum
2985 5918 3063 5965 ρει
3103 5911 3267 5982 prius.
3313 5914 3593 5991 Quomodo
3624 5933 3723 5975 nm
