4296 6266
621 384 723 447 755

1854 386 1963 443 AN.
2007 385 2210 440 MANL.
2251 383 2405 441 SEV.
2447 382 2664 439 ΒΟΕΤΙΙ

3789 381 3893 435 7ῧὺ

627 517 737 563 tem
761 512 970 579 oportet
993 502 1171 559 venari
1200 502 1253 556 in
1285 515 1351 556 eo
1392 501 1536 570 quod
1562 500 1687 569 quid
1719 509 1803 554 est
1831 499 2196 567 praedicanda,
2230 496 2467 567 Aplius,
2498 496 2629 561 nihil
2661 496 3068 567 reltnquendum
3119 497 3170 553 in
3222 511 3288 553 eo
3317 500 3458 566 quod
3506 496 3631 566 quid
3683 507 3784 563 est,
3811 499 3889 553 sic

625 597 767 657 nunc
794 602 1052 656 dicemus.
1086 598 1282 652 Eorum
1313 595 1473 665 igitur
1492 609 1611 665 qua:
1634 581 2051 660 insunt'semper
2081 592 2204 645 uni-

625 698 836 763 cuique,
878 691 1120 762 quaedam
1166 705 1226 745 se
1268 688 1562 745 extendunt
1592 688 1644 741 in
1679 687 1817 755 plus,
1869 703 1974 739 non
2023 697 2199 739 tamen

625 794 775 840 extra
804 796 994 853 genus.
1046 782 1177 838 Dico
1205 790 1381 836 autem
1434 780 1485 833 in
1536 778 1655 849 plus
1696 793 1818 833 esse
1869 792 2203 848 quaecunque

625 880 809 933 insunt
830 878 1044 948 quidem
1079 876 1363 947 unicuique
1403 874 1806 937 universaliter,
1838 882 1891 926 at
1942 886 2047 925 non
2078 885 2205 924 vero

622 980 679 1027 et
707 972 816 1036 alii,
846 978 905 1024 ut
940 967 1253 1037 estaliquid
1288 967 1430 1036 quod
1459 966 1603 1020 omni
1648 964 1867 1019 trinitati
1914 962 2075 1024 inest.
2108 959 2204 1014 sed

621 1070 677 1119 et
704 1079 808 1117 non
842 1063 1093 1126 trinitati;
1122 1040 1262 1115 sicut
1285 1059 1421 1127 quod
1453 1067 1554 1125 est,
1590 1058 1729 1112 inest
1748 1055 1991 1118 trinitati,
2029 1052 2123 1107 sed
2152 1058 2206 1106 et

621 1171 729 1211 ncn
763 1169 1005 1222 numero,
1060 1152 1154 1209 sed
1206 1153 1378 1222 impar
1417 1152 1555 1205 inest
1583 1150 1727 1204 omni
1776 1147 2023 1211 trinitati,
2066 1155 2121 1198 et
2152 1145 2203 1199 in
2238 1214 2251 1223 ~

624 1250 741 1317 plus
775 1259 878 1309 εει,
911 1255 965 1300 et
995 1258 1225 1314 namque
1252 1244 1351 1313 ipsi
1376 1242 1621 1312 quinario
1648 1242 1811 1304 inest,
1845 1239 1938 1294 sed
1976 1254 2080 1292 non
2110 1253 2208 1291 ex-

625 1353 705 1395 tra
731 1354 918 1407 genus,
964 1337 1242 1409 quinarius
1290 1336 1504 1404 quidem
1556 1345 1809 1387 numerus
1859 1338 1962 1392 est,
1995 1329 2200 1384 nullum

622 1440 798 1485 autem
829 1439 980 1485 extra
1011 1442 1315 1494 numerum,
1348 1425 1520 1494 impar
1559 1434 1663 1479 est.
1696 1421 2010 1491 llujusmodi
2042 1420 2204 1507 igitur

623 1521 927 1590 accipienda
950 1528 1073 1573 sunt
1104 1534 1270 1589 usque
1307 1517 1514 1579 adhoc,
1538 1530 1813 1586 quousque
1832 1523 1908 1569 tot
1936 1512 2206 1581 accipian-

623 1622 708 1664 tur
739 1610 962 1678 primum
998 1623 1220 1678 quorum
1271 1608 1685 1677 unumquodque
1715 1607 1766 1661 in
1814 1607 1933 1675 plus
1965 1605 2053 1670 sit,
2084 1621 2202 1658 om-

550 1733 557 1739 -
623 1703 706 1757 nia
734 1713 908 1757 autem
938 1718 1045 1757 non
1095 1704 1146 1757 in
1177 1704 1325 1771 plus,
1359 1703 1494 1756 hanc
1521 1703 1664 1757 enim
1709 1716 1930 1756 necesse
1963 1714 2045 1757 est
2075 1701 2203 1756 sub-

621 1794 869 1845 stantiam
901 1793 976 1845 rei
1004 1807 1141 1847 esse.
1194 1792 1262 1848 Ut
1312 1792 1532 1845 trinitati
1565 1791 1705 1846 inest
1731 1792 1901 1857 omni,
1947 1805 2202 1846 numerus

2309 589 2646 647 solummodo
2674 589 2959 658 contingit,
2986 603 3105 643 cum
3138 587 3280 644 enim
3327 588 3557 658 primum
3603 589 3889 657 accipiatur

2307 696 2496 752 genus,
2520 681 2565 735 si
2591 681 2805 749 quidem
2832 681 3054 749 alicojus
3081 679 3396 735 inferiorum
3413 680 3645 751 aliquam
3675 680 3890 736 divisio-

2309 788 2432 827 num
2463 772 2708 841 accipiat,
2736 789 2837 826 non
2870 773 3074 827 incidet
3095 786 3254 827 omne
3281 772 3337 827 in
3364 772 3484 837 hoc,
3510 783 3565 827 ut
3598 788 3705 827 non
3733 789 3889 828 omne

2306 866 2522 932 animal,
2549 876 2639 919 aut
2666 875 2831 920 totum
2858 872 3146 934 pennatum
3170 873 3272 930 εει,
3300 875 3391 918 aut
3413 864 3641 920 divisum
3676 867 3887 935 pennis,

2306 958 2400 1011 sed
2434 964 2742 1024 pennatnm,
2770 955 2967 1010 animal
2997 971 3176 1010 omne.
3206 955 3375 1026 Hujus
3397 958 3541 1011 enim
3587 956 3889 1013 differentia

2308 1046 2425 1103 haec
2445 1056 2547 1103 est.
2598 1048 2771 1101 l’rima
2823 1057 2999 1101 autem
3046 1046 3345 1101 differentia
3395 1057 3475 1101 est
3521 1047 3788 1115 animalis,
3836 1049 3891 1104 in

2306 1154 2465 1207 quam
2519 1153 2677 1193 omne
2722 1138 2916 1192 animal
2971 1138 3176 1191 incidit.
3229 1137 3489 1193 Similiter
3520 1148 3695 1192 autem
3740 1145 3795 1191 et
3832 1138 3887 1191 in

2308 1246 2630 1301 unoquoque
2673 1232 2922 1298 aliorum,
2967 1240 3021 1285 ct
3048 1231 3101 1285 in
3154 1231 3221 1285 iis
3267 1246 3386 1301 qua:
3410 1241 3557 1286 extra
3584 1245 3799 1302 genera,
3834 1238 3888 1285 ct

2307 1337 2424 1391 quae
2454 1321 2554 1377 sub
2581 1322 2710 1390 ipsis
2740 1329 2887 1385 sunt,
2921 1331 2977 1375 ut
3010 1323 3061 1375 in
3083 1337 3202 1386 ave,
3235 1322 3288 1375 in
3316 1337 3415 1389 qua
3438 1328 3521 1377 est
3549 1322 3722 1376 omnis
3747 1336 3883 1384 avts.

2308 1423 2359 1468 et
2394 1415 2445 1468 in
2478 1415 2644 1482 pisce,
2672 1415 2727 1468 in
2755 1430 2863 1483 quo
2907 1412 3081 1468 omnis
3123 1422 3205 1468 est
3245 1414 3424 1483 piscis.
3475 1414 3565 1469 Sic
3616 1414 3777 1483 igitur
3805 1430 3888 1467 va-

2306 1502 2450 1558 denti
2480 1513 2782 1574 promptum
2814 1513 2897 1558 est
2925 1504 3062 1558 scire
3090 1504 3341 1573 quoniam
3364 1504 3493 1558 nihil
3520 1503 3762 1559 relictum
3784 1516 3884 1572 est,

2306 1595 2460 1651 aliter
2500 1604 2681 1651 autem
2734 1595 3040 1665 relinquere
3093 1608 3316 1650 necesse
3358 1604 3462 1658 est,
3493 1604 3545 1649 et
3575 1609 3680 1648 non
3730 1596 3886 1648 scire.

2306 1686 2446 1742 Nihil
2472 1698 2650 1743 autem
2696 1696 2909 1757 oportet
2956 1684 3301 1741 definientem
3333 1695 3386 1739 ct
3415 1674 3737 1740 dividentem
3777 1700 3887 1739 om-

2308 1780 2394 1835 nia
2421 1780 2561 1836 scire
2588 1796 2709 1850 quat
2734 1788 2881 1846 sunt,
2910 1789 2967 1835 et
2994 1788 3175 1833 tamen
3210 1777 3535 1848 impossibile
3563 1777 3745 1831 dicunt
3771 1790 3887 1832 esse

622 1882 794 1950 impar
812 1882 1012 1951 primus
1039 1883 1335 1951 utrobique,
1356 1894 1410 1937 et
1430 1883 1567 1937 sicut
1585 1884 1722 1952 quod
1746 1892 1826 1937 est
1851 1898 1955 1936 non
1984 1898 2197 1937 mensu-
2227 1885 2276 1946 Β
2310 1889 2318 1922 ⁴

2190 1914 2197 1927 .
2227 1885 2276 1946 Β
2310 1871 2548 1940 quidam,
2573 1870 2902 1927 differentias
2928 1883 3276 1939 cognoscere,
3301 1884 3418 1938 quae
3448 1876 3573 1922 sunt
3600 1867 3666 1922 ad
3696 1884 3886 1922 unum-

621 1974 728 2026 rari
762 1987 1007 2041 numero,
1036 1984 1091 2029 et
1110 1973 1248 2028 sicut
1279 1989 1383 2028 non
1413 1975 1658 2042 componi
1687 1991 1751 2029 ex
1795 1976 2053 2031 numeris.
2090 1976 2202 2030 Hoc

622 2061 802 2130 itaque
828 2062 934 2128 jam
964 2062 1178 2116 trinitas
1206 2071 1310 2125 est,
1362 2077 1613 2118 numerus
1660 2066 1830 2131 impar
1884 2065 2105 2133 primus,
2148 2076 2203 2119 ct

623 2150 699 2204 sic
726 2150 949 2218 primus.
975 2152 1177 2206 Horum
1231 2152 1374 2206 enim
1404 2152 1818 2222 unumquodque
1870 2155 1956 2210 illa
1985 2157 2199 2225 quidem

629 2242 924 2310 imparibus
951 2244 1204 2298 omnibus
1252 2245 1453 2313 insunt,
1488 2246 1729 2299 ultimum
1771 2256 1950 2301 autem
1990 2258 2043 2303 et
2069 2248 2201 2303 dua-

624 2334 783 2397 litati,
817 2336 994 2390 omnia
1025 2345 1203 2391 autem
1235 2338 1387 2392 nulli.
1419 2337 1679 2405 Quoniam
1719 2348 1894 2393 autem
1926 2349 2199 2397 ostensum

623 2439 653 2479 a
692 2426 847 2480 nobis
895 2427 947 2480 in
998 2427 1401 2495 superioribus,
1450 2430 1590 2498 quod
1635 2430 1939 2485 necessaria
1987 2431 2200 2499 quidem

622 2524 750 2569 sunt
771 2517 824 2569 in
846 2531 909 2569 co
934 2517 1073 2585 quod
1100 2517 1225 2586 quid
1253 2529 1334 2571 est
1368 2518 1732 2585 praedicantia,
1762 2521 2079 2576 universalia
2109 2539 2203 2578 au~

624 2614 731 2657 tem
763 2606 1066 2659 necessaria
1100 2614 1242 2670 sunt,
1278 2608 1499 2662 trinitati
1547 2620 1745 2676 autem,
1777 2621 1831 2666 et
1867 2613 2085 2668 cuilibet
2113 2616 2202 2670 alti

622 2694 700 2749 sic
724 2694 1059 2761 accipiuntur
1088 2695 1142 2751 in
1186 2712 1252 2751 eo
1280 2697 1419 2766 quod
1448 2698 1573 2768 quid
1607 2710 1690 2754 est
1736 2714 1974 2771 accepta,
2011 2705 2089 2759 sic
2134 2721 2199 2760 ex

622 2784 944 2839 necessitate
999 2786 1217 2856 quidem
1267 2788 1369 2842 erit
1418 2788 1627 2843 trinitas
1677 2790 1811 2845 haec.
1845 2792 1995 2857 Quod
2014 2805 2201 2851 autem

622 2875 914 2931 substantia
967 2878 1056 2943 sit,
1088 2894 1153 2933 ex
1209 2878 1291 2933 his
1338 2880 1676 2936 manifestum
1729 2893 1832 2947 est,
1879 2900 2095 2940 necesse
2120 2897 2202 2942 est

621 2966 768 3023 enim
817 2966 918 3022 nisi
950 2970 1047 3023 hoc
1096 2970 1163 3023 sit
1196 2970 1445 3025 trinitatis
1491 2956 1638 3037 esse,
1678 2982 1733 3027 ut
1773 2988 1939 3043 genus
1989 2976 2201 3044 aliquod

622 3072 768 3124 esse;
792 3059 890 3112 hoc
917 3066 1093 3113 autem
1128 3062 1453 3115 nominatum
1474 3070 1574 3125 est,
1599 3071 1689 3115 aut
1714 3079 1817 3116 non
1848 3065 2197 3131 ιιο.ιιίιιίιιιιιῐι,

586 3138 596 3147 ’
628 3148 733 3202 erit
766 3146 925 3216 igitur
954 3148 1007 3203 in
1038 3149 1153 3218 plus
1177 3165 1332 3217 quam
1362 3149 1585 3204 trinitati
1622 3151 1938 3209 inexistens.
1972 3154 2200 3209 Conces-

2302 1963 2551 2033 quodque
2577 1980 2689 2036 non~
2716 1971 3127 2033 cognoscentem
3153 1960 3589 2030 unumquodque,
3649 1960 3763 2014 sine
3792 1973 3883 2012 au-

2303 2066 2409 2110 tem
2439 2054 2758 2109 dili'erentiis
2778 2070 2885 2109 non
2916 2069 3037 2110 esse
3066 2052 3484 2123 unumquodque
3511 2052 3669 2117 scire,
3703 2066 3734 2105 a
3776 2066 3883 2121 quo

2302 2148 2444 2202 enim
2467 2163 2572 2201 non
2590 2146 2786 2212 differt,
2820 2144 2961 2199 idem
2991 2159 3113 2199 esse
3136 2143 3280 2208 huic,
3301 2158 3334 2197 a
3362 2157 3469 2213 quo
3482 2151 3661 2197 autem
3683 2140 3881 2209 differt,

2300 2241 2526 2293 alterum
2559 2239 2628 2292 ab
2675 2238 2795 2292 hoc.
2846 2237 3087 2292 Primum
3130 2235 3343 2305 quidem
3396 2236 3500 2291 hoc
3530 2236 3720 2290 falsum
3760 2245 3882 2302 est,

2303 2348 2407 2386 non
2467 2332 2608 2385 enim
2656 2331 2949 2385 secundum
2998 2342 3211 2385 omnem
3260 2327 3613 2383 differentiam
3654 2328 3880 2381 alterum

2302 2434 2422 2486 est;
2460 2423 2642 2476 multa:
2688 2422 2832 2475 enim
2866 2430 2991 2475 sunt
3018 2419 3331 2475 differentia:
3356 2420 3409 2472 in
3449 2418 3651 2473 eisdem
3680 2418 3877 2486 specie,

2302 2517 2396 2570 sed
2442 2530 2545 2569 non
2574 2516 2866 2593 secundum
2901 2513 3279 2575 substantiam,
3313 2526 3486 2579 neque
3523 2525 3617 2579 per
3663 2524 3741 2563 se.
3776 2510 3879 2564 Po-

2302 2617 2415 2661 stea
2446 2622 2564 2660 cum
2596 2606 2929 2674 accipiantur
2976 2605 3223 2673 opposita
3245 2612 3300 2657 et
3321 2601 3643 2666 differentia,
3670 2610 3720 2655 et
3741 2601 3880 2670 quod

2304 2714 2462 2754 onme
2509 2697 2696 2753 incidit
2744 2696 2869 2751 hinc
2920 2706 3007 2748 aut
3053 2695 3200 2761 inde,
3256 2704 3309 2749 et
3364 2694 3587 2763 accipiat
3617 2694 3670 2746 in
3712 2692 3879 2746 alt'ero

2305 2791 2447 2859 quod
2470 2793 2725 2861 quaeritur
2748 2804 2890 2856 esse,
2939 2799 2993 2844 et
3042 2789 3143 2843 hoc
3194 2797 3503 2857 cognoscat,
3535 2786 3665 2839 nihil
3709 2786 3883 2840 differt

2306 2882 2443 2936 scire
2495 2890 2585 2935 aut
2645 2896 2751 2935 non
2792 2881 2935 2936 scire
2964 2879 3032 2934 de
3078 2878 3483 2948 quibuscunque
3529 2875 3883 2945 praedicantur

2305 2973 2427 3026 aliis
2468 2971 2802 3026 differentirr.
2843 2970 3178 3025 Manifestum
3228 2968 3373 3023 enim
3428 2969 3676 3037 estquod
3732 2968 3775 3021 si
3806 2969 3882 3023 sic

2308 3063 2507 3116 vadens
2541 3062 2723 3115 veniat
2748 3062 2800 3114 in
2833 3060 2947 3115 haec
2977 3074 3205 3130 quorum
3258 3072 3365 3111 non
3416 3067 3497 3111 est
3527 3058 3754 3127 ampiius
3778 3057 3882 3112 dif-

2307 3153 2558 3221 ferentia,
2594 3152 2809 3206 habt-bit
2854 3152 3115 3205 rationem
3148 3148 3481 3213 substantire,
3509 3162 3671 3203 omne
3709 3157 3881 3204 autem

622 3251 740 3291 sum
776 3241 919 3293 enim
954 3238 1254 3307 hujusmodi
1304 3239 1373 3294 sit
1403 3255 1525 3295 esse
1553 3256 1741 3312 genus,
1787 3253 1844 3298 ut
1888 3245 2027 3314 quod
2078 3245 2202 3301 insit
2227 3244 2275 3311 ε
2310 3245 2548 3300 incidere
2580 3246 2632 3298 in
2664 3243 3012 3311 divisionem,
3044 3243 3089 3295 si
3132 3243 3239 3295 sint
3282 3239 3526 3309 opposita
3575 3240 3766 3309 quibus
3805 3240 3883 3293 ni-

623 3330 838 3398 quidem
870 3331 1163 3385 secundum
1198 3331 1485 3399 potentiam
1517 3333 1569 3386 in
1598 3334 1735 3402 plus,
1784 3334 1831 3388 si
1863 3335 2021 3404 igitur
2066 3338 2195 3391 nulli

622 3419 765 3471 inest
784 3418 874 3471 alii
907 3434 1063 3485 quam
1094 3420 1283 3474 atomis
1341 3422 1687 3489 trinitatibus,
1732 3424 1831 3477 hoc
1862 3427 2045 3494 utique
2097 3430 2201 3485 erit

623 3503 1032 3570 trinitatisesse;
1058 3519 1386 3576 supponatur
1414 3510 1558 3562 enim
1577 3510 1676 3564 hoc
1704 3511 2000 3566 substantia
2018 3516 2199 3571 unius-

623 3595 881 3667 cttjusque
941 3610 1091 3661 esse,
1142 3610 1261 3665 qure
1314 3596 1364 3649 in
1411 3599 1604 3650 atomis
1643 3598 1882 3654 ttltimum
1940 3603 2197 3671 praedica-

622 3698 754 3753 tum,
789 3702 954 3758 quare
983 3688 1229 3742 similiter
1256 3699 1306 3742 et
1337 3689 1425 3742 alii
1469 3689 1707 3756 cuilibet,
1753 3691 1831 3744 sic
1866 3692 2199 3748 demonstra-

623 3788 798 3832 torum
833 3778 1070 3845 quidem,
1124 3774 1197 3830 illi
1247 3792 1367 3833 esse
1396 3779 1517 3832 erit.
1567 3778 1867 3851 Congruum
1901 3791 2079 3845 autem
2119 3795 2201 3840 est

621 3882 739 3924 cum
772 3877 937 3947 totum
969 3868 1180 3939 aliquod
1238 3870 1539 3941 negotietur
1582 3873 1773 3943 aliquis
1821 3874 2073 3944 departiri
2109 3894 2201 3947 ge-

619 3972 719 4013 nus
748 3946 1006 4014 in'atoma
1037 3960 1212 4029 specie
1240 3960 1434 4030 prima,
1486 3971 1539 4014 ut
1581 3978 1856 4017 numerum
1890 3963 1943 4017 in
1994 3946 2201 4019 trinita-

621 4062 748 4120 tem,
779 4061 834 4108 et
860 4051 1192 4120 dualitatem,
1247 4063 1429 4124 postea
1484 4055 1561 4110 sic
1610 4056 1816 4112 illorum
1863 4057 2198 4115 definitiones

621 4146 868 4215 accipere
901 4155 1128 4215 tentare,
1162 4156 1218 4201 ut
1263 4159 1422 4202 rectae
1465 4149 1639 4216 lineae,
1668 4159 1720 4205 et
1741 4152 1948 4219 circuli,
1982 4163 2036 4207 et
2066 4154 2198 4208 recti

622 4237 821 4304 anguli.
848 4237 972 4291 Post
1004 4236 1120 4291 inec
1150 4246 1327 4291 autem
1368 4238 1717 4307 accipientem
1744 4241 1882 4309 quod
1914 4257 2081 4310 genus
2109 4242 2199 4309 sit,

623 4336 680 4381 ut
710 4338 883 4382 utrum
910 4328 1288 4397 quantitatum,
1319 4335 1410 4380 aut
1434 4329 1772 4395 qualitatum,
1804 4330 2045 4398 pr0prias
2076 4346 2197 4398 pas-

623 4417 802 4472 siones
840 4413 1106 4485 speculari
1157 4430 1251 4483 per
1297 4418 1598 4470 communia
1648 4420 1839 4485 prima,
1890 4419 2200 4487 compositis

623 4510 765 4562 enim
794 4524 857 4561 ex
888 4506 1080 4561 atomis
1108 4506 1499 4571 convenientia,
1523 4522 1586 4561 ex
1614 4507 2013 4564 definitionibus
2042 4519 2200 4563 erunt

2310 3334 2382 3389 hil
2412 3337 2649 3401 interest,
2686 3349 2790 3387 non
2819 3345 2897 3388 εει
2929 3333 3114 3402 petitio
3141 3348 3156 3397 ;
3191 3346 3413 3387 necesse
3442 3340 3527 3385 est
3554 3332 3695 3386 enim
3726 3345 3883 3386 omne

2309 3428 2361 3480 in
2393 3427 2560 3481 altero
2591 3426 2824 3493 ipsorum
2871 3436 3012 3486 esse,
3058 3421 3101 3474 si
3153 3421 3368 3488 quidem
3416 3420 3560 3475 illius
3586 3420 3881 3476 differentia

2307 3526 2406 3569 Osi.
2443 3516 2521 3569 Ad
2550 3513 2878 3584 probandum
2908 3520 3083 3565 autem
3127 3513 3416 3565 terminum
3442 3526 3538 3581 per
3574 3509 3883 3575 divisiones,

2307 3609 2404 3662 ttia
2437 3616 2645 3677 oportet
2666 3607 3057 3675 conjecturare,
3113 3611 3169 3657 ιιι
3227 3604 3555 3674 accipiantur
3601 3604 3883 3675 praedicata

2307 3703 2357 3757 in
2383 3717 2447 3756 eo
2471 3698 2610 3769 quod
2642 3698 2765 3768 quid
2800 3708 2901 3767 est,
2935 3706 2989 3753 et
3036 3697 3151 3752 haec
3204 3698 3465 3752 ordinate
3497 3697 3621 3767 quid
3654 3698 3884 3766 primum

2305 3802 2406 3856 est,
2437 3801 2526 3847 aut
2555 3790 2867 3857 secundum,
2899 3798 2953 3844 et
2983 3790 3230 3859 quoniam
3262 3788 3375 3843 hmo
3415 3789 3595 3842 omnia
3626 3788 3752 3842 sint.
3787 3786 3881 3841 Est

2305 3895 2481 3939 autem
2504 3899 2665 3937 unum
2694 3884 2880 3936 horum
2924 3890 2976 3935 et
3006 3881 3233 3950 primum
3288 3896 3383 3947 per
3412 3879 3463 3933 id
3512 3879 3651 3948 quod
3699 3893 3884 3948 possu-

2306 3992 2423 4032 mus
2465 3978 2600 4030 sicut
2652 3975 2728 4028 ad'
2764 3972 3012 4027 accidens
3054 3973 3391 4042 syllogizare,
3438 3973 3691 4041 quoniam
3723 3980 3807 4026 est
3832 3981 3883 4026 et

2307 4083 2401 4137 per
2428 4074 2594 4136 genus
2628 4064 2873 4132 probare.
2930 4062 3190 4117 Ordinare
3239 4071 3414 4115 autem
3458 4062 3598 4117 sicut
3651 4071 3883 4131 oportet,

2305 4156 2425 4220 erit,
2452 4156 2496 4211 si
2528 4156 2756 4221 primum
2789 4153 3035 4219 accipiat,
3070 4153 3170 4206 hoc
3198 4160 3373 4205 autem
3422 4153 3525 4204 erit
3573 4152 3621 4204 si
3651 4152 3880 4218 accipia-

2309 4256 2393 4301 tur
2418 4245 2558 4315 quod
2589 4243 2834 4297 omnibus
2883 4244 3141 4312 sequitur,
3188 4242 3257 4295 illi
3306 4249 3479 4294 autem
3524 4255 3628 4293 non
3674 4241 3877 4305 omnia,

2305 4352 2527 4392 necesse
2572 4345 2654 4389 est
2684 4335 2824 4388 enim
2865 4335 3075 4403 aliquod
3122 4347 3239 4387 esse
3280 4331 3606 4400 hujusmodi,
3652 4342 3877 4400 accepto

2302 4435 2479 4480 autem
2515 4428 2633 4493 hoc,
2663 4425 2771 4493 jam
2802 4425 2942 4478 idem
2970 4423 3306 4478 interioribus
3337 4421 3548 4491 modus,
3580 4423 3879 4479 secundum

2304 4517 2467 4583 enim,
2492 4516 2721 4570 aliorum
2754 4517 2982 4585 primum
3011 4518 3130 4579 erit,
3160 4524 3214 4569 et
3243 4514 3457 4569 tertium
3481 4516 3879 4583 contittuorum,

628 4595 932 4664 manifesta,
958 4606 1239 4668 propterea
1283 4597 1424 4668 quod
1475 4588 1792 4667 principium
1846 4610 1927 4653 est
1960 4600 2197 4653 omnium
2226 4628 2281 4689 Β
2307 4616 2515 4660 remoto
2542 4607 2685 4661 enim
2708 4605 2849 4675 quod
2904 4615 2985 4659 est
3028 4619 3262 4670 sursum,
3293 4606 3604 4661 continuum
3656 4606 3879 4662 aliorum

621 4690 883 4753 definitio,
915 4698 969 4744 et
996 4690 1135 4759 quod
1166 4690 1395 4761 simplex
1424 4701 1528 4757 est,
1559 4700 1609 4745 et
1638 4692 1971 4761 simplicibus
2003 4709 2097 4763 per
2137 4710 2195 4748 se

622 4780 798 4835 inesse
825 4780 1193 4836 convenientia
1224 4782 1371 4845 solis,
1405 4780 1524 4835 aliis
1550 4790 1725 4837 autem
1757 4784 2050 4838 secundum
2084 4786 2193 4840 illa.

623 4871 728 4927 Sed
757 4870 1049 4926 divisiones
1076 4887 1194 4942 qua:
1216 4880 1339 4926 sunt
1368 4872 1659 4926 secundum
1690 4872 2040 4939 dilTerentias,
2090 4875 2189 4928 uti-

622 4962 699 5017 les
724 4973 850 5017 sunt
878 4964 943 5016 ad
989 4965 1085 5016 hoc
1113 4964 1191 5016 sic
1219 4963 1543 5029 adeundum,
1578 4974 1633 5018 ut
1660 4974 1835 5019 tamen
1875 4976 2193 5033 monstrant,

621 5054 818 5110 dictum
846 5066 927 5109 est
958 5055 1122 5123 prius.
1153 5055 1322 5111 Utiles
1352 5069 1529 5112 autem
1576 5069 1733 5112 erunt
1758 5061 1835 5114 sic
1880 5060 2060 5129 utique
2106 5078 2194 5117 so-

622 5146 730 5201 lum
756 5147 820 5200 ad
847 5147 1203 5217 colligendum
1236 5147 1375 5216 quod
1410 5151 1535 5219 quid
1584 5160 1688 5218 est,
1720 5162 1771 5205 et
1800 5151 2064 5206 videbitur
2093 5155 2197 5208 uti-

620 5252 725 5307 que
756 5238 887 5292 nihil
919 5246 1242 5305 monstrare,
1273 5239 1364 5293 sed
1395 5257 1517 5295 mox
1546 5243 1795 5313 decipere
1830 5244 2032 5310 omnia,
2084 5256 2198 5303 tan-

620 5343 781 5398 quam
812 5331 856 5385 si
883 5346 945 5383 ex
980 5330 1239 5399 principio
1262 5334 1742 5406 acceperitaliquis
1770 5339 1887 5394 sine
1913 5339 2195 5400 divisione.

625 5417 813 5475 Diliert
851 5429 1029 5476 autem
1049 5421 1251 5493 aliquid
1279 5425 1505 5486 primum
1535 5437 1589 5481 et
1639 5432 1904 5498 posterius
1941 5436 2197 5501 praedica-

622 5522 923 5566 mentorum
949 5514 1251 5583 praedicari,
1281 5526 1343 5571 ut
1370 5527 1451 5574 est
1496 5519 1675 5575 dicere
1716 5524 1913 5577 animal
1952 5540 2196 5581 mansue-

622 5608 733 5655 tum
767 5601 937 5669 bipes,
984 5607 1066 5659 Vel
1115 5605 1266 5673 bipes
1311 5608 1506 5663 animal
1554 5624 1917 5677 mansuetum;
1971 5617 2013 5668 si
2054 5617 2194 5670 enim

622 5703 783 5747 omne
801 5708 871 5748 ex
895 5693 1105 5751 duobus
1128 5705 1230 5764 est,
1259 5706 1315 5753 et
1358 5714 1519 5754 unum
1550 5702 1678 5771 quid
1726 5705 1794 5759 sit
1822 5705 2014 5759 animal
2050 5720 2199 5759 man-

624 5789 856 5847 suetum,
886 5784 1075 5841 iterum
1103 5801 1171 5842 ex
1201 5788 1301 5843 hoc
1329 5799 1385 5843 et
1407 5791 1702 5846 differentia
1730 5796 1887 5847 homo
1912 5806 2000 5849 aut
2028 5796 2201 5864 quod-

625 5872 755 5934 libet
784 5887 948 5930 unum
975 5878 1063 5943 sit,
1087 5891 1305 5934 necesse
1342 5890 1427 5935 est
1471 5880 1791 5940 dividentem
1838 5895 2039 5956 petere,
2071 5887 2199 5951 Am-

2308 4699 2536 4767 primum
2568 4701 2690 4763 erit,
2722 4699 2966 4752 similiter
2986 4708 3161 4753 autem
3178 4706 3240 4751 et
3268 4698 3323 4753 in
3352 4698 3491 4753 aliis.
3523 4697 3675 4764 Quod
3704 4707 3879 4756 autem

2304 4787 2481 4840 omnia
2512 4786 2626 4840 hrcc
2653 4787 2782 4850 sint,
2805 4785 3143 4840 manifestum
3182 4801 3247 4841 ex
3281 4786 3383 4841 hoc
3404 4786 3545 4856 quod
3575 4786 3878 4855 recipimus,

2308 4879 2536 4946 primum
2559 4879 2771 4946 quid-em
2794 4876 3084 4933 secundum
3097 4877 3698 4947 divisionem,quoniatn
3720 4890 3879 4959 omne

2304 4979 2395 5022 aut
2421 4972 2543 5032 hoc,
2569 4976 2661 5021 aut
2690 4968 2819 5022 illud
2846 4976 2950 5033 est,
2983 4977 3064 5022 est
3088 4978 3266 5023 autem
3315 4969 3439 5032 hoc,
3466 4982 3520 5025 et
3544 4970 3739 5024 iterum
3786 4968 3873 5023 itu-

2274 5060 2391 5127 tjus
2422 5060 2583 5111 totius
2604 5058 2981 5123 differentiam,
3013 5057 3241 5112 extremi
3285 5068 3461 5114 autem
3507 5074 3610 5113 non
3655 5058 3879 5125 amplius

2301 5165 2421 5205 esse
2449 5149 2827 5217 differentiam,
2853 5150 2934 5202 vel
2959 5148 3118 5203 etiam
3150 5150 3328 5203 statim
3355 5164 3476 5204 cum
3521 5149 3707 5205 ultima
3736 5148 3879 5204 diffe-

2303 5241 2528 5297 rentias
2560 5249 2671 5294 toto
2716 5256 2821 5295 non
2870 5240 3089 5296 differre
3140 5239 3342 5307 specie.
3387 5239 3501 5295 lioc
3546 5239 3880 5296 manifestum

2300 5334 2445 5388 enim
2474 5342 2577 5398 est,
2606 5332 2856 5401 quoniam
2889 5348 3063 5402 neque
3113 5326 3232 5401 plus
3265 5331 3364 5386 hoc
3411 5333 3718 5402 opponitur.
3753 5336 3879 5387 Um-

2302 5429 2387 5483 nia
2420 5429 2563 5483 enim
2592 5427 2644 5481 in
2671 5442 2737 5481 eo
2765 5426 2906 5495 quod
2935 5425 3062 5496 quid
3084 5436 3169 5481 est
3188 5427 3526 5495 accipiuntur
3553 5426 3765 5490 borum,
3791 5441 3895 5503 ne«_

2300 5530 2404 5590 que
2423 5520 2605 5576 deficit
2628 5518 2790 5589 nihil,
2822 5529 2915 5574 aut
2938 5520 3082 5575 enim
3124 5522 3312 5589 genus,
3342 5530 3433 5573 aut
3460 5518 3756 5575 differentia
3785 5521 3879 5575 uti-

2304 5625 2409 5679 que
2436 5612 2560 5677 erit,
2592 5624 2762 5680 genus
2798 5609 3013 5677 quidem
3044 5610 3339 5678 igitur-est
3376 5610 3630 5678 primum,
3672 5620 3727 5665 et
3762 5624 3878 5665 cum

2301 5703 2619 5759 differentiis
2649 5708 2752 5758 hoc
2777 5712 3053 5772 acceptum
3077 5712 3181 5767 est,
3209 5701 3528 5759 differentia
3559 5712 3736 5759 autem
3770 5718 3879 5759 om-

2304 5812 2401 5877 nes
2431 5797 2722 5862 habentur,
2756 5812 2860 5851 non
2886 5795 3031 5850 enim
3063 5787 3294 5871 amplius
3322 5805 3406 5852 est
3434 5795 3716 5865 posterior.
3750 5794 3879 5865 Spe-

2302 5889 2385 5951 cie
2405 5887 2547 5944 enim
2571 5888 2750 5958 utique
2778 5885 3037 5957 ὤσει-εει,
3067 5896 3124 5955 ει
3146 5886 3411 5963 ultimum,
3443 5886 3545 5950 hoc
3587 5893 3762 5949 autem
3801 5884 3879 5947 di-
