4296 6266
438 403 544 463 757

977 395 1459 457 POSTERIORUM
1500 392 2041 450 ANALYTICORUM
2080 394 2530 454 ARISTOTELIS
2564 398 3139 457 INTERPRETATIO.

3576 388 3691 457 i758

438 493 582 579 etum
611 528 694 577 est
713 535 820 575 non
851 508 1089 575 differre:
1109 517 1357 585 Quarrere
1388 522 1563 567 autem
1604 510 2007 579 oportetinten-
2045 508 2092 569 Α
2120 510 2329 578 quidem
2396 511 2688 566 secundum
2738 528 2798 567 ea
2848 530 2968 583 quae
3010 513 3348 583 assignantur
3394 514 3694 567 communia

439 615 655 671 dentem
682 613 736 667 in
767 613 979 677 similia,
1011 616 1065 666 et
1090 606 1465 672 indifferentia,
1494 606 1723 674 primum
1742 602 1868 672 quid
1898 614 2015 654 om-

440 710 531 764 nia
550 708 694 763 idem
718 706 964 767 habeant,
1022 711 1204 772 postea
1260 701 1447 754 iterum
1497 700 1545 750 in
1594 696 1782 759 altera,
1814 709 1931 763 quae
1960 693 2014 746 in

440 800 633 855 eodem
667 795 879 866 quidem
907 798 1104 864 genere
1152 798 1281 846 sunt
1329 804 1448 844 cum
1501 786 1625 852 illis,
1672 796 1793 840 sunt
1840 794 2015 839 autem

441 892 573 963 ipsis
604 889 819 960 quidem
851 887 990 942 idem
1016 885 1216 954 specie,
1248 881 1445 936 abillis
1467 888 1643 935 autem
1674 879 1861 944 altera,
1894 892 2016 931 cum

442 990 619 1036 autem
662 980 714 1033 in
759 976 841 1032 his
877 975 1163 1044 accipiatur
1210 972 1333 1043 quid
1370 969 1592 1024 omnino
1633 968 1810 1035 idem,
1864 976 1915 1021 et
1964 966 2017 1020 in

441 1074 559 1127 aliis
589 1071 855 1135 similiter,
886 1070 937 1122 in
968 1066 1202 1135 acceptis
1226 1066 1415 1119 iterum
1446 1059 1827 1116 intendendum
1862 1069 1944 1113 est
1974 1060 2018 1112 si

438 1160 579 1216 idem
630 1162 713 1223 sit,
739 1168 1013 1228 quousque
1059 1156 1114 1209 in
1168 1168 1325 1208 unam
1368 1150 1691 1207 conveniant
1733 1150 2016 1203 rationem.

438 1252 565 1307 Hec
588 1251 732 1307 enim
758 1252 862 1306 erit
887 1248 1149 1303 deﬁnitio.
1178 1247 1234 1301 Si
1266 1260 1393 1300 vero
1422 1259 1527 1298 non
1558 1242 1704 1297 vadit
1750 1242 1802 1295 in
1834 1256 2014 1307 unam,

436 1344 533 1399 sed
565 1344 619 1398 in
651 1343 805 1407 duas,
834 1348 925 1395 aut
967 1339 1170 1410 plures,
1229 1337 1567 1392 manifestum
1618 1344 1703 1389 est
1749 1333 1889 1403 quod
1921 1333 2019 1386 uti-

442 1449 549 1506 que
592 1449 696 1489 non
753 1440 837 1488 est
888 1445 1051 1484 unum
1103 1427 1321 1498 aliquod
1374 1425 1514 1495 quod
1558 1424 1897 1494 pradicatur,
1927 1422 2019 1477 sed

442 1524 625 1593 plura.
655 1521 724 1578 Ut
751 1522 893 1587 dico,
921 1520 965 1573 si
991 1518 1119 1589 quid
1143 1528 1226 1572 est
1258 1514 1667 1585 magnanimitas
1710 1515 2016 1583 quaerimus,

442 1614 831 1670 intendendum
868 1620 952 1667 est
977 1611 1030 1665 in
1058 1609 1316 1681 quosdam
1347 1606 1735 1678 magnanimos,
1760 1621 1894 1674 quos
1913 1606 2019 1660 sci-

444 1718 564 1765 mus
592 1709 717 1779 quid
748 1709 972 1763 habeant
1004 1720 1166 1760 unum
1200 1717 1391 1759 omnes
1419 1703 1729 1771 inquantum
1758 1708 1885 1756 sunt
1926 1700 2022 1754 ltu-

442 1803 694 1874 jusmodi.
724 1800 791 1855 Ut
814 1801 859 1855 si
889 1796 1195 1852 Alcibiades
1225 1796 1618 1879 magnanimus2
1645 1800 1734 1846 aut
1761 1791 2017 1859 Achilles,

2119 601 2352 659 nomina,
2389 600 2637 655 dicimus.
2672 603 2896 671 Oportet
2938 611 3117 658 autem
3149 620 3251 657 non
3293 603 3469 658 solum
3517 604 3569 657 in
3614 604 3696 658 his

2118 693 2480 756 considerare,
2512 693 2607 749 sed
2638 702 2693 748 et
2720 696 2764 749 si
2793 695 2933 749 aliud
2957 696 3151 762 aliquid
3174 695 3384 751 videtur
3410 710 3695 750 commune

2118 786 2353 840 existens
2382 786 2758 854 accipientem,
2788 798 2967 857 postea
2992 790 3179 857 quibus
3202 791 3303 843 hoc
3330 792 3609 856 inhaereat,
3639 800 3696 846 et

2118 878 2293 948 qualia
2323 879 2449 933 huic
2476 892 2786 949 sequamur,
2830 891 2889 935 ut
2911 896 3111 937 cornua
3134 882 3450 939 habentibus
3496 885 3693 941 habere
3769 883 3779 893 ’

2119 979 2356 1038 ventres,
2382 980 2433 1024 ct
2460 987 2564 1024 non
2614 972 2897 1042 utrobique
2945 973 3134 1027 dentes
3172 988 3313 1037 esse,
3343 975 3466 1028 item
3498 976 3698 1032 habere

2119 1078 2315 1119 cornua
2368 1064 2561 1133 quibus
2608 1066 2870 1135 sequitur,
2928 1064 3265 1120 manifestum
3297 1066 3437 1121 enim
3482 1077 3696 1137 propter

2120 1156 2243 1226 quid
2276 1157 2328 1211 in
2359 1158 2462 1210 illis
2493 1150 2575 1212 est
2603 1158 2743 1228 quod
2773 1158 2988 1224 dicitur,
3045 1167 3262 1228 propter
3288 1159 3337 1213 id
3367 1160 3511 1214 enim
3555 1164 3696 1229 quod

2118 1262 2317 1302 cornua
2344 1248 2739 1315 habent,inest.
2765 1250 3041 1320 Amplius,
3067 1251 3203 1305 alius
3254 1249 3442 1303 modus
3488 1261 3568 1305 est
3611 1265 3695 1306 se-

2120 1340 2351 1394 cundum
2378 1341 2659 1409 analogum
2694 1342 2914 1412 eligere,
2945 1358 3107 1396 unum
3136 1356 3277 1396 etum
3319 1341 3561 1409 accipere
3592 1356 3695 1395 non

2119 1441 2202 1486 est
2228 1431 2391 1497 idem,
2426 1432 2564 1501 quod
2595 1443 2809 1502 oportet
2836 1449 3026 1488 vocare
3062 1434 3319 1501 scipsum,
3370 1444 3422 1488 et
3468 1432 3695 1504 spinam,

2120 1530 2175 1577 et
2201 1536 2285 1588 os,
2314 1531 2439 1577 sunt
2467 1531 2643 1577 autem
2664 1539 2781 1593 quas
2804 1537 3097 1594 sequuntur
3127 1536 3179 1581 et
3204 1526 3306 1592 his,
3333 1535 3581 1597 tauqmm
3603 1542 3695 1581 na-

2121 1622 2240 1669 tura
2267 1630 2371 1670 una
2398 1614 2703 1682 hujusmodi
2730 1618 3015 1670 existente.
3051 1617 3250 1670 Eadem
3300 1627 3473 1671 autem
3508 1634 3697 1686 propo~

2120 1705 2223 1760 sita
2246 1716 2390 1772 sunt,
2418 1722 2539 1777 qua:
2569 1706 2780 1776 quidem
2811 1708 2948 1761 idem
2978 1708 3207 1773 medium
3241 1709 3456 1773 habent,
3485 1718 3540 1762 ut
3570 1725 3697 1778 quo-

2123 1800 2262 1854 niam
2296 1801 2472 1855 omnia
2504 1801 2757 1855 contrarii
2779 1809 2967 1865 status,
3002 1800 3190 1853 horum
3234 1809 3407 1855 autem
3455 1801 3695 1868 quaedam

442 1872 496 1951 et
524 1894 678 1961 Aiax.
697 1891 820 1961 quid
841 1900 1203 1943 unumomnes
1233 1887 1463 1942 habent?
1492 1872 1852 1943 nonvtolemre
1872 1886 2019 1954 inju-
2049 1872 2096 1934 Β
2123 1905 2323 1959 genere
2352 1890 2539 1946 eadem
2571 1900 2718 1956 sunt,
2748 1907 3076 1962 quazcunque
3105 1893 3303 1946 habent
3347 1892 3696 1951 diti‘erentias.

444 1986 587 2041 tiati.
604 1986 697 2039 llic
709 1986 848 2039 enim
865 1982 1151 2049 dimicavit,
1168 1981 1257 2036 ille
1272 1983 1537 2048 insanivit,
1566 1982 1651 2036 hic
1663 1990 1838 2035 autem
1853 1980 2016 2035 inter-

445 2079 572 2133 fecit
599 2078 854 2146 seipsutn.
881 2076 1077 2129 Iterum
1122 2074 1261 2127 idem
1290 2082 1373 2128 est
1402 2075 1454 2127 in
1497 2074 1701 2140 alteris,
1732 2084 1787 2127 ut
1817 2072 2014 2143 Lysan-

447 2168 565 2235 dro,
586 2177 639 2224 et
654 2168 899 2233 Socrate,
914 2166 1077 2235 sijam
1094 2164 1458 2219 indifferentes
1486 2179 1630 2227 esse,
1659 2173 1711 2219 et
1736 2163 2013 2229 fortunati,

446 2270 500 2318 et
524 2258 853 2324 infortunati;
884 2257 994 2310 haec
1017 2256 1122 2310 duo
1144 2255 1411 2325 accipiens
1432 2256 1679 2311 intendas
1720 2258 1846 2327 quid
1879 2257 2014 2311 idem

447 2353 665 2416 habent,
723 2356 814 2403 aut
865 2346 1264 2417 iutpassihilitas
1305 2362 1424 2416 quae
1453 2356 1537 2402 est
1576 2348 1717 2402 circa
1756 2351 2011 2412 fortunas,

447 2452 537 2498 aut
566 2457 671 2497 nou
704 2439 985 2496 tolerantia
1031 2454 1151 2493 cum
1184 2439 1535 2507 iujuriantur;
1566 2440 1610 2493 si
1642 2452 1770 2493 vero
1811 2440 2015 2493 nullum

449 2534 521 2588 sit
547 2545 848 2594 commune,
882 2530 1003 2585 dua:
1032 2532 1240 2599 species
1265 2540 1419 2584 erunt
1450 2528 1636 2597 utique
1671 2529 2018 2597 magnanimi-

449 2623 593 2678 tatis.
612 2623 987 2691 Semperenim
1010 2622 1277 2677 estomnis
1297 2620 1532 2675 deﬁnitio
1553 2623 1887 2688 universalis,
1911 2637 2017 2675 non

448 2717 589 2771 enim
619 2716 671 2769 in
721 2714 949 2783 quodam
981 2714 1138 2768 oculo
1175 2712 1305 2768 dicit
1343 2713 1583 2768 sanabile
1622 2713 1879 2779 medicus,
1922 2713 2016 2769 sed

448 2816 542 2861 aut
570 2807 622 2860 in
645 2804 810 2869 omni,
838 2814 929 2859 aut
955 2805 1009 2858 in
1039 2805 1222 2874 specie
1251 2804 1632 2859 determinans.

1037 2895 1261 2951 CAPUT
1301 2894 1418 2949 XV.

728 2988 930 3057 Species
960 2986 1163 3057 {acilius
1189 3004 1339 3058 quam
1368 3004 1552 3060 genera
1577 2987 1735 3057 ﬁniri.

520 3083 696 3137 Facile
724 3092 897 3136 autem
927 3072 1006 3135 est
1052 3082 1219 3150 magis
1262 3081 1528 3149 singulare
1568 3080 1809 3144 delinire,
1861 3094 2013 3148 quam

451 3170 772 3245 universale,
798 3170 936 3226 unde
980 3180 1197 3241 oportet
1221 3186 1249 3224 a
1278 3171 1634 3240 singularibus
1665 3170 1715 3223 in
1748 3169 2019 3224 universa-

450 3268 522 3323 lia
551 3267 857 3321 ascendere.
890 3266 952 3318 Et
998 3279 1227 3333 namque
1268 3261 1717 3332 mquivocationes
1751 3263 1915 3330 magis
1946 3261 2020 3315 la-

450 3368 563 3415 tent
597 3360 650 3414 In
683 3357 1068 3412 universalibus
1107 3371 1263 3426 quam
1294 3354 1348 3409 in
1389 3352 1833 3408 indiﬁ'erentibus.
1876 3352 2022 3415 Sicut

448 3462 620 3507 autem
637 3450 687 3505 in
704 3448 1247 3504 demonstratiouibus
1269 3445 1789 3515 oportetsyllogizari
1820 3442 2017 3514 inesse,

447 3548 526 3599 sic
551 3555 601 3599 et
632 3544 684 3597 in
711 3542 953 3598 terminis
978 3542 1212 3595 clarum:
1240 3538 1340 3593 hoc
1362 3547 1537 3592 autem
1582 3537 1705 3601 erit,
1746 3538 1788 3591 si
1833 3553 1928 3606 per
1960 3550 2020 3591 ca

450 3653 565 3708 quae
596 3636 886 3693 secundum
918 3632 1329 3702 unumquodque
1360 3632 1623 3693 dicuntur,
1673 3632 1742 3684 sit
1791 3632 1842 3683 in
1890 3645 2023 3684 uno-

450 3746 660 3802 quoque
704 3743 901 3800 genere
959 3728 1167 3782 deﬁniri
1219 3726 1529 3794 separatim,
1591 3732 1646 3777 ut
1699 3724 1869 3777 simile
1917 3739 2022 3778 non

454 3838 630 3887 omne,
662 3821 757 3876 sed
780 3823 831 3874 in
860 3820 1127 3874 coloribus
1156 3822 1209 3873 et
1258 3818 1463 3887 figuris,
1513 3824 1566 3871 ει
1620 3825 1851 3881 acutum,
1883 3816 2022 3886 quod

458 3918 541 3966 cst
571 3912 623 3964 in
645 3924 795 3975 voce,
828 3917 881 3963 et
902 3910 978 3963 sic
1003 3909 1055 3961 in
1082 3922 1363 3961 commune
1385 3908 1488 3961 erit
1520 3910 1619 3973 ire,
1656 3909 1928 3961 timentem
1960 3924 2024 3962 ne

458 4004 808 4072 mquivocatio
836 4001 1128 4072 contingat.
1158 4000 1214 4055 Si
1241 4011 1413 4056 autem
1447 4016 1549 4055 non
1592 4006 1802 4068 oportet
1844 4001 2026 4069 dispu-

459 4100 572 4150 tare
601 4094 653 4148 in
682 4093 1066 4164 methaphoris,
1101 4091 1437 4146 manifestum
1480 4102 1563 4146 est
1594 4107 1765 4160 neque
1805 4090 2027 4145 deﬁnire

457 4187 804 4257 metaphoris,
834 4202 1005 4258 neque
1031 4186 1357 4257 qiuecunqttc
1383 4186 1630 4239 dicuntur
1656 4186 1709 4238 in
1751 4183 2028 4252 metapho-

458 4279 552 4345 ris,
578 4278 855 4350 disputare
881 4279 1020 4334 enim
1048 4281 1151 4334 erit
1174 4293 1394 4333 necesse
1422 4278 1473 4333 in
1497 4275 1846 4347 metaphoris.

1036 4414 1261 4470 CAPUT
1299 4413 1437 4468 XVI.

420 4564 421 4567 η
463 4474 735 4559 Auatomen
750 4513 797 4559 et
811 4504 1099 4576 analogiam
1123 4504 1411 4557 terminand
1417 4506 1456 4559 is
1468 4503 1791 4574 problematis
1810 4517 2028 4556 momen-

1064 4586 1170 4629 tum
1196 4575 1396 4629 habere.

507 4685 573 4741 Ut
589 4686 874 4742 habeamus
893 4689 1184 4756 proposita,
1206 4688 1401 4756 eligere
1430 4696 1638 4753 oportet
1665 4684 1961 4737 decisioucs
1982 4688 2037 4737 et

459 4782 1036 4852 divisiones,sicautem
1051 4784 1247 4852 eligere
1262 4780 1554 4836 secundum
1567 4778 1858 4847 subjectum
1872 4792 2037 4846 genus

460 4886 740 4928 commune
755 4874 1014 4927 omnium.
1042 4873 1105 4927 Ut
1119 4874 1165 4926 si
1179 4870 1422 4926 animalia
1438 4870 1547 4925 sint
1563 4884 1679 4939 quae
1694 4866 2039 4923 consideran-

460 4972 564 5029 tur,
596 4965 771 5033 qualia
801 4964 948 5019 omtti
974 4965 1190 5020 animali
1216 4964 1413 5019 insunt.
1447 4962 1695 5031 Acceptis
1721 4969 1896 5014 autem
1930 4959 2034 5026 his,

460 5055 782 5121 reliquorum
812 5058 981 5127 primo
1007 5058 1183 5126 qualia
1214 5056 1359 5112 omni
1383 5065 1692 5125 sequantur,
1749 5062 1803 5108 ut
1849 5053 1894 5107 si
1936 5051 2038 5107 hoc

459 5155 540 5199 est
560 5148 694 5211 avis,
724 5150 903 5217 qualia
930 5149 1075 5203 omni
1105 5158 1399 5217 sequantur
1423 5149 1508 5203 avi
1554 5157 1609 5202 et
1632 5148 1709 5202 sic
1729 5150 1941 5215 semper
1963 5143 2041 5199 illi

460 5239 721 5305 proxima.
748 5239 1084 5294 Manifestum
1131 5241 1274 5295 enim
1322 5249 1407 5295 est
1448 5239 1695 5309 quoniam
1729 5237 2042 5292 habebimus

455 5328 565 5397 jam
609 5331 788 5385 dicere
833 5341 1049 5399 propter
1089 5332 1214 5400 quid
1276 5331 1456 5385 insunt
1497 5331 1770 5398 sequentia
1822 5330 1885 5382 iis
1924 5341 2042 5396 qua:

461 5428 586 5474 sunt
614 5422 713 5475 sub
748 5424 1041 5488 communi,
1076 5435 1133 5478 ut
1167 5431 1383 5489 propter
1412 5422 1535 5490 quid
1568 5420 1768 5473 homini
1794 5427 1883 5471 aut
1906 5432 2043 5485 equo

402 5553 411 5557 -
463 5509 665 5564 insunt.
696 5510 777 5565 Sit
806 5519 983 5566 autem
1010 5514 1203 5567 animal
1237 5511 1287 5563 in
1327 5526 1434 5579 quo
1461 5528 1513 5574 a,
1549 5512 1575 5563 ὁ
1612 5519 1790 5563 autem
1820 5523 2045 5577 sequen-

465 5603 535 5656 tia
556 5603 701 5656 omni
729 5602 971 5667 animali,
1002 5605 1053 5658 in
1086 5604 1278 5673 quibus
1304 5614 1479 5657 autem
1509 5614 1630 5658 sunt
1677 5618 1706 5659 ο
1756 5606 1785 5656 ιι
1823 5619 1870 5669 e,
1909 5603 2047 5658 sicut

462 5692 709 5762 quaedam
765 5693 1040 5757 animalia,
1092 5692 1429 5747 manifestum
1486 5692 1646 5761 igitur
1696 5700 1779 5746 εει
1832 5701 2048 5761 propter

404 5822 407 5827 ν
464 5789 605 5859 quod
634 5799 715 5845 est
741 5790 771 5844 ὸ
802 5789 855 5843 in
884 5789 938 5853 d,
974 5800 1191 5861 propter
1218 5808 1251 5843 α
1280 5791 1443 5857 enim,
1493 5789 1738 5844 similiter
1784 5797 1960 5844 autem
1994 5796 2049 5843 et

466 5884 680 5955 insitis,
712 5894 1026 5973 «semper.
1053 5885 1108 5944 in
1155 5884 1276 5961 aliis
1325 5881 1510 5957 eadem
1559 5892 1641 5949 est
1686 5881 1843 5953 ratio.
1896 5880 2047 5951 Nunc

2120 1997 2184 2037 ex
2210 1997 2317 2051 quo
2342 1982 2567 2037 aliorum
2622 1991 2713 2036 aut
2740 1982 2897 2037 aliter
2930 1993 3073 2047 sunt,
3126 1992 3183 2036 ttt
3211 1993 3426 2052 promer
3456 1985 3579 2051 quid
3612 1999 3697 2036 re-

2118 2083 2295 2137 sonat,
2345 2083 2436 2129 aut
2483 2083 2701 2143 propter
2752 2075 2877 2144 quid
2932 2085 3170 2144 apparet,
3222 2089 3273 2130 et
3306 2086 3519 2145 prepter
3558 2076 3696 2144 q‘uod

2120 2164 2465 2233 iris;omnia
2523 2169 2665 2221 enim
2732 2165 2844 2219 haec
2886 2166 3097 2235 quidem
3151 2182 3311 2220 unum
3373 2167 3698 2236 propositum

2119 2266 2246 2313 sunt
2272 2272 2491 2327 genere,
2516 2258 2692 2311 omnia
2724 2258 2871 2311 cninr
2917 2258 3249 2327 repercussio
3273 2269 3416 2321 sunt,
3446 2258 3538 2311 sed
3582 2272 3699 2327 spe~

2120 2348 2203 2403 cie
2223 2348 2411 2403 altera.
2438 2348 2552 2401 Alia
2585 2356 2761 2403 autem
2800 2363 2865 2401 ex
2914 2362 2979 2402 eo
3023 2348 3163 2417 quod
3207 2348 3439 2402 medium
3487 2348 3699 2415 quidem

2120 2440 2484 2494 subalternutn
2510 2439 2742 2492 medium
2767 2447 2868 2502 εει,
2901 2438 3153 2493 diﬁ'erunt
3197 2439 3611 2509 prepOsitorutn,
3646 2447 3700 2498 ut

2122 2539 2337 2599 promer
2362 2531 2487 2600 quid
2519 2530 2667 2586 Nilus
2698 2531 2914 2585 ﬁniente
2968 2545 3152 2586 mense
3189 2532 3356 2602 magis
3403 2531 3552 2585 ﬁuit?
3580 2545 3701 2599 pro-

2122 2630 2240 2691 pter
2266 2621 2318 2675 id
2341 2623 2477 2688 quod
2511 2623 2780 2677 hibernior
2838 2632 2923 2677 εει
2976 2623 3169 2678 ﬁniens
3213 2624 3431 2677 mt-nsis.
3484 2623 3701 2691 Propter

2120 2711 2247 2782 quid
2271 2723 2447 2766 autem
2496 2713 2767 2767 hibernior
2798 2724 2879 2769 est
2909 2714 3096 2769 finiens
3126 2715 3360 2769 mensis?
3403 2725 3617 2784 prepter
3647 2714 3698 2767 id

2120 2805 2261 2874 quod
2280 2805 2401 2861 luna
2426 2806 2622 2861 deﬁcit.
2645 2807 2768 2861 ﬂare
2797 2809 2936 2861 enim
2959 2808 3035 2863 sic
3055 2823 3112 2862 se
3143 2808 3334 2862 habent
3363 2808 3426 2860 ad
3452 2808 3701 2867 invicem.

2694 2918 2921 2973 CAPUT
2964 2917 3122 2973 XVII.

2182 3009 2255 3063 De
2275 3011 2444 3064 causis
2469 3020 2515 3064 et
2540 3010 2755 3077 e/fectis,
2786 3021 2833 3065 et
2864 3029 2929 3064 an
2958 3012 3109 3064 unius
3138 3013 3310 3081 plures
3337 3013 3436 3064 sint
3463 3029 3647 3066 coitur.

2198 3124 2271 3178 De
2293 3139 2452 3178 causa
2481 3135 2678 3191 autem,
2712 3134 2765 3180 et
2814 3125 2963 3195 cujus
2992 3141 3148 3181 causa
3198 3137 3280 3182 est
3307 3128 3569 3182 dubitabit
3608 3131 3700 3183 alis

2044 3244 2093 3312 α
2123 3219 2264 3287 quis,
2294 3218 2532 3287 nunquid
2564 3235 2683 3273 cum
2721 3228 2997 3274 causatum
3025 3230 3127 3287 est,
3154 3230 3207 3274 et
3245 3235 3405 3274 causa
3448 3233 3549 3288 est,
3573 3233 3630 3275 ut
3656 3225 3701 3279 si

2127 3311 2247 3364 folia
2279 3312 2470 3378 ﬁuttnt,
2503 3320 2594 3365 aut
2623 3312 2803 3365 deficit
2832 3312 2977 3377 luna,
3008 3322 3062 3367 et
3091 3326 3248 3366 causa
3280 3313 3584 3377 deﬁciendi,
3618 3316 3700 3370 vel

2126 3396 2247 3456 folia
2279 3404 2501 3456 cadendi
2529 3404 2652 3465 erit,
2684 3403 2804 3457 utsi
2836 3404 2991 3473 hujus
3041 3413 3123 3457 est
3150 3404 3255 3457 lata
3307 3405 3507 3459 habere
3555 3405 3699 3468 folia,

2126 3494 2404 3549 deﬁeiendi
2435 3504 2613 3566 autqn
2644 3504 2839 3547 terram
2871 3496 2922 3548 in
2956 3496 3132 3549 medio
3159 3508 3298 3549 esse.
3333 3496 3385 3549 Si
3404 3497 3544 3549 enim
3574 3509 3700 3562 nou,

2126 3587 2299 3655 aliqua
2330 3586 2429 3639 alia
2463 3586 2564 3640 erit
2593 3601 2751 3641 causa
2781 3589 3041 3655 ipsorum,
3074 3588 3118 3639 si
3168 3601 3295 3641 vero
3333 3600 3494 3641 causa
3533 3588 3622 3649 sit,
3652 3595 3705 3643 ει

2128 3689 2400 3734 causatum
2425 3680 2604 3745 simul,
2630 3690 2687 3733 ut
2709 3682 2749 3733 si
2783 3680 2834 3733 in
2864 3681 3041 3735 medio
3065 3688 3149 3734 est
3176 3688 3338 3747 terra,
3372 3680 3571 3742 deﬁcit,
3592 3686 3705 3746 aut,

2128 3772 2171 3824 si
2202 3771 2363 3824 latum
2394 3780 2475 3823 est
2506 3768 2715 3835 folium,
2778 3770 2901 3825 folia
2958 3771 3126 3824 ﬁuunt
3152 3786 3167 3836 ;
3201 3770 3245 3823 si
3274 3780 3449 3825 autem
3497 3770 3573 3824 sic
3599 3776 3703 3833 est,

2129 3864 2284 3917 simul
2310 3865 2492 3930 utique
2519 3874 2697 3926 erunt,
2726 3873 2778 3915 et
2801 3863 3311 3915 demonstrabuntur
3335 3877 3430 3928 per
3454 3862 3705 3916 invicem.

2130 3953 2212 4008 Sit
2236 3954 2377 4007 enim
2403 3952 2585 4005 folium
2614 3951 2781 4004 ﬁuere
2808 3951 2859 4002 in
2888 3965 2994 4017 quo
3041 3967 3095 4011 a,
3138 3952 3299 4002 latum
3320 3962 3496 4004 autem
3525 3951 3706 4003 folium

2131 4045 2181 4097 in
2213 4059 2320 4111 quo
2349 4044 2399 4108 Ι),
2428 4041 2551 4096 vitis
2574 4055 2702 4093 vero
2726 4041 2778 4093 in
2807 4053 2913 4107 quo
2933 4056 2980 4102 c,
3010 4041 3053 4090 si
3084 4039 3242 4103 igitur
3265 4040 3316 4091 in
3347 4041 3376 4091 ὸ
3404 4048 3487 4093 εει
3513 4056 3566 4103 α,
3589 4053 3707 4092 om-

2132 4150 2199 4189 ne
2228 4134 2371 4189 enim
2401 4135 2565 4187 latum
2600 4131 2784 4184 folium
2841 4129 3042 4181 habens
3094 4127 3221 4180 folio
3276 4128 3411 4190 ﬁuit,
3462 4144 3490 4180 c
3531 4136 3708 4184 autem

2133 4228 2273 4281 inest
2293 4226 2345 4291 b,
2365 4224 2538 4279 omnis
2554 4224 2698 4277 enim
2716 4223 2836 4275 vitis
2854 4219 3130 4275 habetlata
3155 4218 3301 4284 folia,
3329 4227 3385 4273 et
3410 4236 3442 4271 a
3476 4221 3527 4271 in
3553 4234 3580 4270 ε
3606 4224 3709 4281 est.

2134 4319 2314 4376 omnis
2338 4318 2461 4371 vitis
2485 4316 2612 4371 folio
2642 4314 2754 4369 ﬁuit
2781 4331 2796 4369 :
2829 4328 2989 4368 causa
3016 4321 3099 4368 est
3143 4313 3172 4366 b
3218 4312 3476 4367 medium.
3523 4309 3629 4365 Sed
3658 4318 3711 4366 et
3768 4316 3771 4319 λ

2136 4409 2388 4480 quoniam
2419 4407 2544 4463 latis
2574 4406 2717 4461 foliis
2748 4406 2869 4460 vitis
2901 4404 2989 4469 sit,
3018 4412 3099 4458 est
3128 4415 3345 4472 prepter
3374 4400 3426 4456 id
3460 4398 3600 4467 quod
3632 4397 3712 4454 [ο-

2139 4502 2208 4556 lio
2235 4501 2350 4554 ﬁuit
2396 4499 2787 4554 demonstrare.
2816 4496 2900 4552 Sit
2943 4495 3085 4550 enim
3129 4495 3162 4547 d
3193 4494 3355 4547 latum
3396 4491 3608 4562 quidem
3638 4489 3713 4545 fo-

2065 4625 2121 4688 D
2146 4594 2296 4656 lium,
2319 4608 2346 4646 ε
2372 4601 2546 4645 autem
2578 4590 2704 4644 folio
2733 4588 2917 4648 ﬂuere.
2970 4586 3092 4641 \‘itis
3143 4599 3268 4639 vero
3316 4584 3367 4638 in
3416 4598 3519 4651 quo
3542 4588 3582 4653 f.
3616 4582 3715 4650 In]

2146 4684 2305 4754 igitur
2330 4690 2412 4735 est
2437 4698 2485 4745 ε,
2511 4682 2707 4735 etenim
2741 4677 2868 4733 folio
2898 4677 3013 4732 ﬁuit
3038 4676 3213 4729 omnis
3236 4675 3384 4741 vitis,
3416 4675 3468 4727 in
3493 4691 3519 4726 e
3542 4681 3716 4729 autem

2140 4774 2174 4826 ά
2203 4781 2305 4841 εει,
2334 4786 2493 4825 omne
2520 4772 2660 4824 enim
2702 4769 2870 4823 ﬁuens
2901 4766 3049 4834 folio,
3082 4766 3243 4821 latum
3273 4776 3356 4821 est
3398 4766 3580 4819 folium
3629 4765 3718 4818 ha-

2139 4864 2272 4919 bens
2299 4879 2314 4928 ;
2344 4863 2517 4918 omnis
2560 4863 2737 4930 itaque
2772 4859 2891 4913 vitis
2947 4859 3109 4913 latum
3141 4868 3222 4912 est
3262 4857 3444 4910 folium
3493 4855 3718 4918 habens,

2139 4970 2297 5012 causa
2330 4968 2506 5010 autem
2537 4962 2620 5009 est
2649 4953 2775 5009 folio
2806 4952 2993 5007 ﬁuere.
3028 4951 3083 5008 Si
3114 4960 3287 5005 autem
3320 4964 3423 5003 non
3462 4947 3720 5018 contingit

2145 5068 2303 5109 casus
2330 5067 2454 5109 esse
2483 5052 2547 5107 ad
2578 5050 2829 5113 inticem,
2883 5062 3041 5103 causa
3072 5047 3214 5102 enim
3248 5046 3391 5115 prius
3420 5053 3502 5098 est
3529 5058 3595 5097 eo
3618 5058 3722 5097 cu-

2143 5149 2232 5217 jus
2254 5157 2336 5203 est
2360 5161 2540 5223 causa,
2568 5156 2620 5198 et
2651 5143 2929 5199 deﬁciendi
2961 5141 3175 5211 quidem
3199 5150 3279 5195 est
3309 5154 3490 5199 causa,
3525 5146 3722 5191 terram

2146 5253 2266 5293 esse
2294 5238 2345 5291 in
2376 5235 2573 5300 medio,
2601 5234 2717 5303 ejus
2746 5242 2919 5287 autem
2968 5230 3103 5300 quod
3133 5229 3288 5284 estin
3315 5227 3492 5281 medio
3522 5237 3720 5279 terram

2148 5346 2291 5393 esse,
2320 5345 2423 5384 non
2477 5338 2558 5383 est
2599 5342 2756 5382 causa
2787 5325 3032 5378 deiicere.
3077 5322 3133 5375 Si
3175 5322 3337 5392 igitur
3367 5335 3461 5389 per
3504 5332 3722 5373 causam

2144 5423 2528 5480 demonstratio
2548 5428 2646 5483 est,
2682 5426 2895 5485 pmpter
2923 5414 3046 5484 quid
3078 5422 3182 5480 est,
3222 5413 3268 5466 si
3314 5426 3579 5467 veronon
3630 5422 3725 5476 per

2148 5530 2367 5569 causam
2399 5513 2583 5580 ipsius,
2614 5510 2759 5577 quia,
2787 5507 3035 5575 quoniam
3064 5502 3278 5571 quidem
3302 5511 3441 5556 terra
3466 5504 3515 5554 in
3543 5498 3720 5554 medio

2149 5614 2232 5661 est
2260 5603 2528 5673 Cognovit,
2563 5608 2777 5668 prepter
2799 5594 2925 5665 quid
2967 5581 3315 5650 autemnon.
3344 5594 3495 5662 Quod
3543 5602 3711 5650 autem

2148 5711 2277 5759 non,
2308 5692 2539 5748 deﬁcere
2567 5704 2720 5743 causa
2752 5688 2817 5741 sit
2849 5689 2903 5743 in
2950 5686 3123 5741 medio
3172 5700 3313 5751 esse,
3345 5686 3437 5740 sed
3472 5688 3593 5751 hoc,
3628 5685 3724 5738 de-
3807 5698 3813 5762 ς

2144 5784 2361 5851 ,ιίεἱεηίιί
2388 5781 2724 5836 manifesmm
2756 5789 2837 5833 est
2867 5795 2880 5843 ;
2908 5780 2967 5852 in.
2995 5778 3193 5831 ratione
3224 5776 3367 5830 enim
3415 5776 3717 5839 deficieudi,
3805 5780 3813 5809 ι

2154 5879 2291 5944 inest
2309 5872 2453 5944 quod
2478 5879 2561 5929 est
2587 5871 2641 5927 in
2670 5869 2867 5955 medio,
2900 5884 3063 5945 quare
3091 5865 3428 5941 manifestum
3470 5877 3552 5939 est
3581 5863 3730 5951 quod.

3788 5970 3800 6001 I
