4296 6266
606 400 703 460 759

1821 395 1926 449 AN.
1975 395 2184 449 MANL.
2230 393 2379 446 SEV.
2428 391 2647 448 ΒΟΕΤΙΙ

3769 392 3877 451 7ῠο

602 533 696 585 per
721 519 821 573 hoc
849 515 975 571 illud
1004 522 1376 584 cognoscatur,
1425 513 1539 565 sed.
1568 528 1674 566 non
1733 508 1834 563 hoc
1885 522 1980 578 per
2027 506 2178 560 illud.
2215 505 2637 571 Aconvertitur,
2678 507 2903 574 primum
2950 519 3129 561 autem
3187 508 3506 574 universale,
3554 511 3637 561 cui
3680 524 3873 564 unum.

600 617 679 665 An
714 607 975 675 contingit
1002 605 1159 657 unius
1190 603 1371 673 plures
1397 617 1518 657 esse
1547 600 1774 656 causas?
1800 611 1852 654 et
1880 612 2111 667 namque
2139 595 2185 651 si

601 708 681 753 cst
705 698 845 755 ident
875 698 942 751 de
968 696 1211 767 pluribus
1242 695 1424 769 primis
1448 692 1723 764 prmdicari
1758 692 1947 762 primo,
1982 690 2050 744 sit
2078 705 2108 741 a
2132 688 2185 741 in

601 795 629 845 ὑ
661 791 840 863 primo
861 790 1116 855 existens,
1148 797 1203 842 et
1225 788 1275 843 in
1304 805 1331 840 ε
1358 788 1462 841 alio
1485 787 1677 855 primo,
1698 794 1754 839 et
1784 784 1883 837 hoc
1925 785 1991 836 sit
2037 782 2089 836 in
2127 783 2184 847 d,

602 886 706 940 hoc
732 900 860 940 vero
891 883 958 937 sit
981 884 1032 937 in
1052 899 1100 947 ε,
1133 882 1236 935 erit
1259 880 1439 950 itaque
1466 897 1498 933 a
1531 881 1583 933 in
1632 879 1665 931 τι
1715 887 1769 932 et
1821 878 1872 930 in
1930 891 1974 941 ε,
2024 888 2183 929 causa

601 987 781 1033 autem
811 976 953 1046 quod
982 992 1013 1028 α
1045 974 1113 1028 sil.
1141 974 1192 1027 in
1223 975 1257 1026 ά
1284 972 1497 1042 quidem
1522 972 1571 1035 b,
1601 973 1653 1025 in
1683 986 1710 1023 e
1734 978 1911 1023 autem
1934 982 1993 1029 c;
2020 981 2188 1038 quare

603 1085 725 1126 cum
757 1083 916 1124 causa
947 1068 1039 1133 sit,
1075 1063 1295 1119 necesse
1323 1072 1403 1117 est
1432 1078 1543 1117 rem
1577 1076 1791 1116 omnem
1820 1073 1960 1122 esse,
1984 1058 2075 1113 sed
2098 1073 2187 1113 res

603 1187 724 1224 cum
757 1170 848 1234 sit,
882 1183 985 1221 non
1019 1181 1242 1222 necesse
1270 1174 1353 1221 est
1379 1179 1498 1220 esse
1528 1179 1689 1219 omne
1735 1161 2091 1233 quodcunque
2118 1161 2188 1215 sit

601 1284 784 1336 causa,
809 1268 901 1323 sed
926 1282 1140 1322 causam
1171 1264 1385 1336 quidem
1420 1278 1643 1319 necesse
1671 1272 1752 1317 est
1783 1276 1922 1327 esse,
1957 1277 2061 1316 non
2110 1269 2189 1314 ta-

601 1378 725 1418 men
754 1378 991 1417 omnem.
1018 1365 1096 1415 An
1145 1361 1187 1413 si
1221 1373 1434 1429 semper
1476 1356 1777 1412 universale
1831 1355 2183 1425 pr0positum,

609 1468 661 1510 et
694 1470 853 1509 causa
884 1463 1050 1507 totum
1080 1452 1335 1523 quiddam
1369 1459 1472 1514 est,
1500 1459 1553 1503 et
1597 1449 1747 1518 cujus
1790 1456 1872 1502 est
1894 1463 2051 1502 causa
2076 1447 2189 1501 uni-

601 1545 841 1601 versale?
874 1552 929 1596 nt
952 1543 1078 1596 folio
1101 1542 1267 1595 ﬁuere
1295 1540 1346 1594 itt
1373 1549 1485 1594 toto
1510 1540 1742 1608 quodam
1773 1538 2187 1592 determinatam

603 1647 708 1701 est,
737 1647 786 1690 et
815 1637 859 1691 si
889 1636 1096 1704 species
1118 1634 1283 1701 ipsius
1309 1635 1435 1687 sint.
1473 1632 1863 1688 Universaliter
1891 1632 2052 1700 igitur
2099 1640 2187 1685 aut

604 1728 820 1795 plantis,
850 1736 941 1780 aut
971 1724 1508 1795 hujusmodiplantis,
1537 1740 1705 1794 quare
1734 1734 1788 1779 et
1826 1723 2061 1778 medium
2112 1740 2187 1777 a3-

602 1822 760 1889 quale
785 1829 997 1889 oportet
1022 1835 1142 1873 esse
1165 1820 1217 1872 in
1245 1818 1330 1874 his
1357 1828 1412 1873 et
1438 1818 1589 1887 cujus
1621 1827 1705 1872 est
1749 1832 1930 1885 causa,
1966 1827 2020 1873 et
2053 1833 2186 1873 con-

2292 595 2537 669 quodque
2614 596 2831 667 quidem
2905 613 3009 653 non
3085 600 3445 665 convertitur,
3527 602 3704 656 omnia
3779 617 3876 657 au-

2290 700 2395 745 tem
2469 701 2870 754 convertuntur,
2954 702 3007 746 et
3083 709 3188 747 non
3270 693 3573 759 excedunt,
3652 695 3779 765 ipsis
3844 697 3893 754 dt

2289 784 2449 853 igitur
2502 800 2661 839 causa
2727 784 2898 854 ipsius
2954 803 2986 839 a
3038 796 3120 840 est
3182 787 3229 839 b.
3321 788 3547 856 Oportet
3609 789 3784 860 itaque
3848 808 3881 846 α

2289 876 2342 929 in
2376 876 2494 945 plus
2544 890 2702 946 quam
2758 876 2785 929 ὁ
2835 876 3055 931 extendi
3087 893 3100 939 ;
3134 878 3177 930 si
3216 893 3345 933 vero
3398 894 3530 945 non,
3560 881 3683 947 quid
3715 882 3880 953 magis

2289 982 2448 1024 causa
2476 968 2581 1022 erit
2610 968 2709 1021 hoc
2768 968 2943 1023 illius?
2993 966 3051 1022 Si
3096 968 3259 1034 igitur
3294 969 3345 1022 itt
3384 971 3637 1027 omnibus
3664 990 3692 1027 ε
3717 984 3801 1028 est
3828 990 3878 1040 (ι,

2291 1068 2448 1114 erunt
2473 1058 2668 1129 aliquid
2696 1059 2784 1113 illa
2812 1075 2973 1114 unum
2998 1060 3182 1114 omnia
3212 1061 3355 1114 aliud
3381 1077 3540 1131 quam
3574 1064 3623 1119 Ι).
3656 1067 3710 1121 Si
3737 1067 3879 1123 enim

2289 1167 2414 1215 non,
2444 1151 2713 1222 quomodo
2741 1153 2842 1206 erit
2894 1152 3072 1207 dicere
3111 1153 3362 1221 quoniam
3412 1154 3464 1208 in
3496 1170 3599 1224 quo
3630 1167 3707 1210 est
3738 1176 3764 1211 c
3813 1158 3877 1212 sit

2289 1262 2343 1309 a,
2372 1244 2556 1305 omni?
2604 1244 2654 1297 in
2702 1258 2807 1314 quo
2832 1254 3009 1297 autem
3055 1261 3087 1297 ιι
3130 1259 3238 1297 non
3285 1246 3428 1299 omni
3483 1246 3550 1301 sit
3579 1250 3881 1317 e?propter

2290 1334 2416 1406 quid
2442 1338 2584 1390 enim
2613 1350 2715 1389 non
2746 1335 2853 1389 erit
2881 1349 3039 1389 causa
3083 1336 3257 1404 aliqua
3292 1346 3346 1389 ut
3378 1353 3409 1390 a
3437 1338 3507 1390 sit
3538 1338 3591 1392 in
3633 1339 3881 1395 omnibus

2292 1428 2369 1483 αν
2392 1427 2487 1483 sed
2516 1428 2753 1497 nunquid
2785 1437 2839 1481 et
2866 1442 2983 1497 qua:
3014 1436 3139 1480 sunt
3167 1444 3194 1480 e
3232 1437 3393 1481 erunt
3437 1430 3649 1497 aliquod
3684 1431 3881 1486 unum?

2290 1519 2635 1574 considerare
2664 1527 2877 1588 oportet
2900 1518 3092 1582 hoc,et
3116 1517 3183 1572 sit
3208 1534 3256 1582 ε,
3281 1519 3543 1589 contingit
3570 1520 3729 1589 igitur
3745 1521 3884 1590 ejus-

2289 1614 2411 1667 dem
2442 1612 2619 1682 plures
2646 1625 2835 1666 causas
2865 1626 3006 1679 esse,
3036 1611 3131 1665 sed
3180 1625 3283 1665 non
3342 1611 3544 1665 eisdem
3585 1614 3779 1682 specie.
3821 1615 3883 1671 Ut

2291 1707 2461 1775 longsc
2491 1704 3021 1773 vitteqttadrupedia,
3051 1719 3156 1757 non
3183 1702 3383 1758 habere
3414 1703 3689 1759 choleram
3713 1721 3869 1761 causa

2290 1807 2390 1859 est,
2424 1795 2657 1849 volatilia
2685 1805 2885 1857 autem,
2916 1796 3057 1849 sicca
3101 1808 3221 1848 esse
3261 1806 3352 1847 aut
3378 1796 3540 1849 altera
3589 1796 3787 1865 aliqua,
3838 1798 3879 1852 si

606 1872 762 1977 verti,
796 1872 849 1965 ul
881 1918 1099 1981 propter
1123 1910 1252 1979 quid
1287 1872 1521 1964 arbores.
1538 1908 1665 1963 folio
1715 1872 1930 1975 ﬂuunt;
2059 1924 2189 1979 ergo
2219 1885 2266 1946 Β
2293 1896 2471 1941 autem
2504 1886 2557 1940 in
2590 1872 2823 1940 atomum
2857 1900 2963 1940 non
2986 1885 3166 1940 statim
3198 1884 3434 1952 veniunt,
3468 1896 3521 1940 et
3576 1902 3678 1940 non
3706 1889 3878 1942 solum

602 2012 823 2076 propter
851 2003 1167 2058 densitatem
1184 2002 1410 2067 humidi,
1430 2002 1544 2056 sive
1568 2002 1695 2056 folio
1719 2000 1829 2055 ﬁuit
1844 2003 2023 2069 arbor,
2042 2018 2193 2072 opor-

603 2106 679 2151 tet
707 2111 825 2151 esse
851 2096 1197 2162 densitatem,
1228 2095 1340 2150 sive
1369 2094 1605 2150 densitas
1635 2104 1718 2149 est
1761 2111 1866 2150 non
1916 2096 1970 2149 in
2019 2095 2193 2166 quali-

604 2192 716 2255 bet,
741 2190 835 2244 sed
864 2190 916 2245 in
949 2190 1164 2254 arbore,
1216 2198 1297 2244 est
1353 2188 1478 2243 folio
1533 2190 1719 2243 ﬁuere.
1774 2190 1957 2243 Utrum
2012 2198 2188 2243 autem

604 2283 876 2352 contingat
904 2299 1008 2337 nun
1025 2282 1269 2337 eamdem
1297 2296 1416 2336 esse
1438 2295 1652 2336 causam
1679 2280 1921 2349 ejusdem
1952 2282 2001 2335 in
2018 2282 2192 2335 omni-

605 2388 730 2446 bus,
753 2377 846 2433 sed
874 2378 1117 2444 alteram,
1143 2393 1211 2431 an
1256 2377 1398 2431 non?
1444 2390 1507 2428 an
1552 2374 1814 2445 siquidem
1864 2389 1958 2444 per
2009 2390 2068 2430 se
2099 2374 2194 2429 de-

609 2477 958 2531 monstretur,
990 2479 1079 2522 aut
1105 2483 1211 2522 non
1234 2466 1530 2522 secundum
1561 2466 1767 2535 signum
1795 2475 1882 2519 aut
1907 2465 2189 2519 accidens?

606 2577 711 2616 non
747 2569 919 2628 potest
965 2575 1105 2614 esse.
1161 2560 1313 2613 [latio
1344 2559 1486 2613 enim
1532 2558 1780 2624 extremi,
1844 2556 2113 2621 medium;
2144 2558 2187 2612 si

608 2667 736 2707 vero
764 2666 869 2706 non
902 2652 977 2706 sic
1001 2653 1283 2721 contingit.
1336 2661 1416 2706 est
1446 2660 1623 2704 autem
1662 2662 1713 2705 et
1766 2651 1919 2720 cujus
1950 2666 2109 2706 causa
2138 2661 2192 2705 et

606 2742 713 2807 cui,
741 2743 1083 2798 considerare
1108 2742 1405 2797 secundum
1456 2742 1724 2809 accidens,
1772 2758 1875 2796 non
1908 2751 2086 2798 tamen
2115 2742 2192 2796 vi-

608 2834 805 2890 dentur
830 2836 1099 2903 proposita
1124 2847 1264 2887 esse.
1287 2833 1534 2887 Siautem
1568 2848 1698 2899 non,
1732 2833 1981 2887 similiter
2009 2849 2067 2887 se
2101 2834 2191 2886 hac

604 2927 755 2985 bebit
783 2925 1042 2991 medium,
1080 2924 1344 2994 siquidem
1369 2936 1487 2979 sunt
1537 2925 1828 2994 :equivoca,
1861 2924 2191 2994 aequivocum

605 3020 843 3077 medium
874 3020 979 3085 est,
1004 3018 1050 3074 si
1075 3032 1205 3073 vero
1232 3017 1367 3071 sicut
1399 3016 1452 3071 in
1479 3032 1700 3088 genere,
1734 3017 1981 3071 similiter
2013 3032 2070 3073 se
2100 3016 2193 3071 ha-

603 3115 775 3181 bebit,
818 3124 873 3168 ut
918 3122 1137 3182 propter
1188 3108 1315 3180 quid
1358 3109 1833 3176 commutabiliter,
1882 3110 2188 3180 analogttm,

608 3211 709 3267 alia
741 3212 883 3267 enim
912 3218 995 3265 est
1014 3220 1173 3264 causa
1200 3206 1256 3261 in
1277 3206 1537 3274 numeris,
1568 3206 1691 3260 etin
1711 3205 1885 3271 lineis,
1919 3216 1972 3261 et
2002 3205 2188 3262 eadem

608 3304 823 3376 quidem
854 3305 1168 3371 inquantum
1194 3299 1371 3365 lineae,
1403 3294 1530 3364 alia,
1555 3299 1864 3368 inquantum
1896 3307 2073 3352 autem
2096 3298 2188 3351 ha-

606 3398 741 3455 bens
774 3406 1115 3467 augmentum
1147 3393 1476 3463 hujusmodi,
1504 3393 1714 3459 eadem,
1739 3393 1817 3449 sic
1843 3393 1894 3446 in
1917 3391 2186 3447 omnibus.

606 3487 853 3546 Similem
884 3495 1060 3540 autem
1093 3499 1212 3538 esse
1238 3484 1477 3539 colorem
1509 3483 1701 3547 colori,
1727 3495 1781 3545 et
1812 3485 2034 3552 ﬁguram
2062 3484 2192 3554 ﬁgu-

610 3593 714 3641 rae,
744 3577 905 3631 aliam
932 3591 1052 3631 esse
1078 3589 1293 3630 causam
1340 3574 1453 3641 alii,
1486 3574 1818 3641 mquivocum
1848 3576 1989 3629 enim
2021 3585 2100 3629 est
2128 3577 2194 3631 si-

609 3669 740 3727 mile
769 3668 822 3721 in
855 3666 957 3729 his,
991 3666 1077 3720 hic
1104 3664 1319 3733 quidem
1349 3673 1432 3718 est
1462 3664 1703 3719 fortassis
1744 3666 2035 3721 secundum
2066 3683 2193 3722 ana-

606 3762 808 3831 legiam
831 3759 1028 3813 habere
1050 3758 1221 3813 latera
1252 3766 1307 3813 et
1335 3758 1568 3827 aequales
1618 3760 1862 3830 angulos,
1914 3762 1968 3815 in
1998 3762 2195 3816 colori-

606 3852 714 3907 bus
735 3858 913 3905 autem
946 3864 1108 3905 unum
1130 3862 1347 3904 sensum
1375 3865 1517 3917 esse,
1561 3858 1654 3906 aut
1679 3851 1879 3921 aliquid
1920 3853 2064 3908 aliud
2096 3854 2194 3908 hu-

609 3941 867 4015 jusmodi,
904 3955 1024 4011 qua:
1043 3949 1218 3995 autem
1274 3941 1569 3996 secundum
1607 3942 1906 4013 analogiam
1954 3954 2077 3998 sunt
2108 3959 2196 3999 ea-

611 4042 756 4106 dem,
790 4050 843 4096 et
867 4040 1097 4096 medium
1127 4038 1325 4094 habent
1355 4040 1646 4096 secundum
1686 4044 2004 4114 analogiam.
2032 4044 2199 4100 Habet

615 4142 792 4188 autem
820 4132 897 4188 sic
927 4132 1181 4201 consequi
1211 4145 1368 4186 causa
1423 4132 1490 4185 ad
1536 4132 1782 4201 invicem,
1841 4144 1895 4191 et
1935 4137 2088 4206 cujus
2117 4147 2202 4192 est

613 4238 799 4290 causa,
818 4234 870 4279 et
882 4222 966 4278 cui
982 4234 1231 4277 estcausa
1248 4223 1660 4293 unumquodque
1673 4226 1882 4295 quidem
1898 4228 2197 4297 accipienti,

611 4328 665 4374 et
677 4317 830 4387 cujus
840 4324 1086 4370 estcausa
1103 4314 1156 4366 in
1175 4314 1293 4383 plus
1306 4324 1407 4377 est,
1423 4324 1481 4369 ttt
1494 4328 1723 4386 quatuor
1734 4319 1966 4387 mquales
1977 4322 2065 4389 qui
2078 4332 2202 4374 sunt

614 4432 786 4487 extra,
801 4424 853 4476 in
871 4422 987 4490 plus
1002 4430 1301 4489 suntquam
1329 4416 1644 4486 triangulus,
1668 4426 1758 4471 aut
1784 4409 2199 4487 quadrangu'lus.

614 4516 668 4568 in
682 4514 929 4569 omnibus
941 4524 1117 4568 autem
1138 4513 1260 4566 utin
1273 4511 2024 4581 mqualihusest,qua:cunque
2036 4512 2199 4576 enim,

617 4614 848 4675 quatuor
874 4606 1104 4676 atquales
1139 4604 1229 4673 qui
1258 4612 1381 4658 sunt
1408 4610 1579 4667 extra,
1608 4612 1663 4658 et
1693 4602 1926 4658 medium
1955 4602 2205 4659 similiter

616 4708 718 4753 est.
754 4698 845 4751 Est
875 4707 1053 4751 autem
1084 4695 1315 4749 medium
1346 4695 1483 4749 ratio
1514 4692 1667 4763 primi
1696 4694 1943 4759 extremi,
1990 4709 2058 4749 ex
2095 4710 2201 4764 quo

617 4804 806 4845 omnes
828 4788 1069 4844 scientia:
1087 4804 1179 4859 per
1209 4787 1571 4843 deﬁnitionem
1604 4787 1756 4853 ﬁunt,
1790 4796 1848 4842 ut
1881 4787 2004 4843 folio
2034 4786 2201 4843 liuere

618 4881 868 4937 similiter
911 4880 1155 4949 sequitur
1182 4880 1297 4946 viti,
1326 4888 1381 4934 et
1400 4880 1637 4945 excellit,
1664 4889 1718 4935 et
1742 4879 1886 4947 ﬁcui,
1940 4890 1995 4935 et
2024 4880 2199 4936 excel-

620 4974 700 5036 lit,
734 4972 828 5029 sed
856 4988 960 5027 non
984 4970 1181 5036 omnia,
1213 4969 1308 5024 sed
1333 4971 1557 5040 aequalia
1585 4970 1727 5035 sunt‘,
1751 4974 1793 5026 si
1822 4985 1950 5026 vero
1968 4972 2199 5039 accipias

619 5070 850 5137 primum
878 5067 1131 5132 medium,
1160 5065 1296 5119 ratio
1323 5064 1519 5118 ﬁuettdi
1570 5063 1707 5118 foliis
1752 5072 1861 5131 est,
1912 5065 2012 5118 erit
2059 5063 2200 5118 enim

621 5162 853 5232 primum
885 5160 1097 5230 quidem
1124 5157 1177 5211 in
1217 5157 1386 5211 altera
1414 5157 1671 5224 medium,
1720 5155 1969 5225 quoniam
2019 5154 2203 5223 hujus-

621 5254 767 5308 tnodi
819 5260 944 5307 sunt
970 5252 1169 5317 omnia,
1219 5248 1411 5303 deinde
1460 5247 1615 5318 hujus
1650 5246 1908 5308 medium,
1949 5249 2202 5316 quoniant

623 5361 819 5403 succus
850 5346 1127 5409 densatur,
1159 5352 1245 5397 aut
1271 5340 1523 5413 quiddam
1547 5340 1691 5396 aliud
1714 5340 2040 5409 hujusmodi.
2064 5341 2201 5410 Quid

624 5450 803 5494 autem
832 5448 914 5492 est
944 5436 1070 5491 folio
1098 5435 1294 5490 ﬂuere?
1326 5432 1536 5489 densari
1580 5433 1633 5487 in
1682 5443 1929 5487 contactu
1977 5432 2204 5488 seminis

627 5544 865 5585 succum.
900 5528 954 5583 In
982 5528 1165 5597 ﬁguris
1202 5535 1378 5581 autent
1408 5526 1495 5599 sic
1526 5524 1816 5595 assignabit
1842 5524 2205 5594 quaerentibus

628 5622 1063 5675 consecutionem
1081 5633 1277 5684 cause,
1310 5628 1363 5674 et
1390 5616 1544 5686 cujus
1574 5625 1858 5679 estcausa.
1889 5616 1960 5669 sit
2004 5632 2035 5667 a
2082 5613 2203 5683 qui-

631 5714 752 5769 ciem
789 5714 845 5769 itt
877 5717 905 5769 ιι
930 5717 1101 5779 omni,
1134 5714 1163 5767 ὁ
1191 5723 1367 5767 autem
1399 5723 1450 5767 tn
1498 5725 1817 5779 unoquoque
1870 5723 2053 5765 eorum
2083 5721 2205 5777 qua:

632 5814 756 5855 sunt
788 5805 845 5865 ά.
872 5806 924 5858 in
957 5808 1074 5874 plus
1103 5818 1302 5867 autem,
1330 5804 1361 5856 b
1392 5805 1552 5872 igitur
1582 5803 1885 5857 universale
1914 5801 2097 5870 utique
2125 5798 2207 5869 ip-

632 5891 706 5963 sis
748 5891 911 5952 inerit
950 5893 1009 5962 d;
1038 5894 1139 5948 hoc
1169 5901 1344 5950 autem
1390 5894 1511 5950 dico
1540 5893 1858 5964 universale,
1913 5892 2053 5966 quod
2102 5907 2208 5954 non

2296 1992 2457 2031 tinum
2491 1976 2749 2042 medium,
2807 1977 2899 2030 sed
2934 1976 3104 2044 plura,
3163 1983 3215 2028 et
3271 1990 3448 2028 causa:
3504 1976 3681 2045 plures
3736 1988 3875 2032 sunt.

2296 2069 2483 2123 Utrum
2514 2076 2692 2124 autem
2722 2082 2883 2123 causa
2911 2067 3231 2128 mediorum.
3281 2066 3420 2135 quod
3467 2068 3532 2120 ad
3582 2056 3878 2125 universale

2296 2162 2524 2230 primum
2572 2170 2684 2227 est,
2725 2170 2816 2213 aut
2869 2160 3012 2229 quod
3066 2156 3131 2212 ad
3173 2157 3444 2227 singulare
3493 2158 3883 2229 singularibus!

2294 2252 2627 2308 Manifestum
2679 2253 2841 2321 igitur
2870 2261 2952 2304 est
2983 2265 3048 2305 ea
3105 2263 3249 2313 esse,
3296 2264 3414 2319 qua:
3469 2251 3714 2318 proxima
3766 2253 3880 2308 uni-

2306 2345 2498 2415 cuique
2515 2345 2600 2399 cui
2616 2359 2772 2398 causa
2797 2353 2901 2405 est,
2924 2344 3150 2411 primum
3172 2342 3312 2396 enim
3328 2340 3427 2395 sub
3445 2343 3880 2409 universaliossc,

2297 2436 2411 2490 lucc
2434 2444 2517 2490 est
2543 2450 2728 2501 causa,
2757 2444 2813 2489 ut
2835 2435 2958 2500 ind,
2982 2434 3051 2488 sit
3070 2432 3211 2504 quod
3236 2443 3316 2487 est
3337 2451 3390 2498 η,
3407 2447 3564 2487 causa
3591 2443 3677 2489 est
3703 2451 3752 2501 c,
3774 2435 3827 2489 in
3848 2438 3881 2489 ά

2299 2531 2513 2601 quidem
2563 2531 2721 2601 igitur
2752 2545 2871 2585 esse
2897 2548 2949 2593 α,
2982 2544 3143 2584 causa
3174 2538 3255 2583 est
3278 2545 3327 2593 c,
3358 2527 3409 2582 in
3437 2545 3463 2581 c
3518 2538 3696 2584 autem
3738 2530 3789 2593 Ι).
3831 2530 3883 2584 itt

2297 2624 2399 2677 hoc
2428 2633 2628 2689 autem,
2681 2624 2867 2679 eadem
2897 2633 3000 2679 est.
3037 2623 3110 2678 De
3161 2622 3501 2693 syllogismo'
3522 2623 3699 2692 igitur,
3731 2632 3785 2679 et
3818 2623 3885 2679 de

2296 2716 2774 2781 demonstratione,
2800 2716 3037 2787 quidque
3064 2715 3484 2785 unumquodque
3507 2723 3610 2780 est,
3654 2724 3710 2769 et
3751 2729 3885 2785 quo-

2297 2808 2458 2863 modo
2487 2808 2567 2869 ﬁt.
2600 2810 2941 2863 manifestum
2963 2806 3245 2873 est,simu|
3278 2815 3457 2862 autem
3489 2815 3545 2863 et
3568 2805 3637 2863 de
3662 2806 3884 2865 scientia

2298 2901 2736 2969 demohslr‘ativa,
2769 2903 2910 2959 idem
2932 2904 3078 2958 enim
3110 2910 3215 2956 est.

2868 3036 3093 3093 CAPUT
3132 3035 3317 3092 XVIII.

2302 3152 2567 3219 Quomodo
2588 3152 2838 3223 principia
2869 3160 3258 3225 cognoscantur,
3290 3159 3333 3204 et
3362 3165 3474 3219 quis
3506 3148 3879 3220 principiorum

2930 3221 2995 3275 sit
3027 3221 3243 3276 habitus.

2372 3334 2449 3389 De
2479 3335 2751 3404 principiis
2786 3343 2962 3387 autem
2996 3333 3226 3402 qualiter
3255 3332 3387 3387 ﬁunt
3422 3335 3653 3404 cognita,
3685 3345 3736 3389 et
3764 3334 3879 3404 quis

2296 3438 2378 3483 est
2408 3441 2737 3495 cognoscens
2782 3427 3019 3492 habitus,
3054 3427 3176 3481 hinc
3204 3435 3288 3481 est
3331 3427 3689 3491 manifestum,
3720 3427 3878 3483 dubi-

2298 3524 2530 3577 tantibus
2561 3524 2812 3589 primnm.
2857 3519 3010 3586 Quod
3045 3518 3261 3590 q‘uidem
3293 3521 3451 3591 igitur
3482 3536 3587 3575 non
3623 3520 3881 3591 contingit

2298 3617 2437 3671 scire
2466 3630 2562 3685 per
2588 3613 3252 3681 demonstrationem,non
3285 3625 3693 3684 cognoscentem
3714 3613 3881 3682 prima

2298 3708 2556 3779 principia
2606 3704 2934 3769 immediala,
2967 3703 3167 3759 dictum
3201 3714 3284 3760 est
3324 3706 3493 3776 prius,
3540 3706 3879 3759 immediate-

2300 3813 2417 3855 rum
2449 3807 2629 3853 autem
2679 3795 3035 3865 cognitionem
3092 3804 3267 3850 utrum
3313 3800 3500 3852 eadem
3532 3805 3631 3861 est,
3678 3811 3745 3849 an
3775 3809 3881 3851 non

2300 3890 2510 3955 eadem,
2545 3886 2809 3943 dubitabit
2834 3886 3013 3956 utique
3036 3886 3246 3958 aliquis.
3280 3887 3344 3941 Et
3377 3898 3550 3941 utrum
3582 3887 3799 3941 scientia
3826 3886 3880 3942 in

2302 3991 2533 4050 utroque
2561 3991 2664 4046 est,
2693 3995 2759 4034 an
2790 3996 2917 4045 non,
2951 3995 3017 4033 an
3053 3980 3210 4049 hujus
3236 3980 3450 4050 quidem
3473 3981 3718 4045 scientia,
3744 3980 3881 4036 illius

2302 4083 2480 4129 autem
2508 4073 2736 4129 alterum
2767 4071 2983 4143 aliquod
3012 4088 3179 4143 genus
3206 4074 3295 4127 sit.
3325 4073 3390 4127 Et
3423 4085 3597 4127 utrum
3633 4089 3752 4127 cum
3778 4088 3883 4128 non

2307 4166 2472 4233 insint
2503 4166 2736 4231 habitus,
2770 4166 2918 4231 ﬁant,
2958 4179 3027 4219 an
3070 4180 3191 4219 cum
3220 4164 3403 4231 insint,
3464 4164 3679 4218 lateant.
3710 4164 3883 4231 Siqui-

2305 4260 2427 4314 dem
2458 4260 2616 4329 igitur
2644 4258 2900 4313 habemus
2929 4258 3096 4326 ipsos,
3130 4256 3509 4311 inconveniens
3539 4264 3639 4319 est,
3672 4254 3881 4308 contin-

2304 4336 2381 4421 git
2404 4352 2543 4407 enim
2562 4352 2819 4405 certiores
2846 4350 3042 4403 habere
3066 4348 3391 4416 cognitiones
3405 4346 3876 4415 demonstratione,

2307 4456 2361 4500 et
2387 4446 2573 4509 latere,
2607 4445 2855 4498 siautem
2901 4444 3220 4511 accipiamus
3262 4455 3367 4494 non
3412 4424 3670 4496 habentes
3712 4440 3877 4509 prius,

2308 4536 2534 4606 qualiter
2559 4537 2738 4604 utique
2767 4549 3167 4603 cognoscamus,
3212 4540 3264 4585 et
3308 4531 3645 4586 addiscamus
3674 4547 3741 4585 ex
3779 4547 3880 4585 non

2231 4646 2282 4708 ι)
2310 4627 2670 4697 ρτωθχίειεηιὶ
2700 4627 3038 4694 cognitione?
3078 4623 3406 4692 impossibile
3448 4623 3589 4677 enim
3616 4632 3716 4688 est,
3749 4624 3883 4677 sicut

2311 4721 2364 4775 in
2418 4718 2877 4775 demonstratiOne
2926 4717 3180 4771 diximus.
3232 4714 3564 4771 Manifestum
3608 4714 3767 4784 igitur
3805 4724 3884 4770 est

2311 4812 2562 4882 quoniam
2589 4824 2763 4881 neque
2786 4809 2984 4863 habere
3011 4807 3263 4876 possibile
3293 4816 3376 4861 est
3409 4810 3608 4875 (neque
3642 4806 3887 4882 ignoran-

2314 4881 2477 4974 tibus)
2512 4914 2563 4958 et
2606 4917 2780 4971 neque
2820 4917 2925 4956 non
2977 4892 3295 4955 haben'tihus
3340 4899 3577 4954 habitum
3611 4881 3745 4953 ﬁeri.
3789 4897 3889 4953 Ne-

2311 5006 2468 5047 cesse
2496 5001 2576 5046 est
2604 4993 2782 5060 itaque
2805 4990 3000 5046 habere
3024 4989 3306 5060 quamdatn
3328 4990 3539 5059 quidem
3569 4990 3887 5059 potentiam,

2317 5101 2419 5138 non
2455 5083 2756 5152 hujusmodi
2806 5094 2982 5137 autem
3031 5081 3228 5137 habere
3287 5096 3404 5149 qua:
3443 5089 3525 5134 est
3554 5080 3635 5133 his
3666 5080 3891 5134 honora-

2314 5173 2474 5228 bilior
2521 5172 2811 5227 secundum
2856 5171 3250 5227 certitudinem.
3297 5169 3517 5223 Videtur
3557 5178 3733 5221 autem
3779 5168 3892 5222 haec

2316 5264 2562 5319 omnibus
2602 5262 2778 5318 inesse
2807 5261 3144 5323 animalibus,
3176 5259 3375 5314 habent
3400 5259 3543 5312 enim
3574 5268 3891 5311 connatura-

2316 5359 2422 5413 lem
2440 5358 2725 5428 potentiam
2738 5355 3103 5425 judicativam,
3119 5367 3277 5423 quam
3303 5361 3496 5405 vocant
3511 5365 3746 5404 sensum.
3760 5350 3891 5403 Cum

2318 5448 2442 5503 insit
2469 5458 2644 5501 autem
2675 5458 2882 5509 sensus,
2916 5444 2967 5497 in
3001 5443 3065 5497 iis
3086 5441 3299 5511 quidem
3326 5439 3633 5495 animalium
3665 5439 3723 5492 ﬁt
3745 5453 3893 5492 man-

2318 5538 2399 5593 sio
2430 5536 2717 5604 sensibilis,
2754 5537 2804 5588 in
2825 5534 2944 5589 aliis
2972 5543 3149 5587 autem
3178 5545 3283 5585 non
3308 5530 3385 5593 tit,
3415 5532 3464 5583 in
3495 5530 3896 5599 quibuscunque

2319 5633 2481 5701 igitur
2507 5646 2611 5685 non
2645 5630 2723 5695 ﬁt,
2754 5636 2845 5683 aut
2867 5628 3105 5692 omnino,
3126 5633 3217 5680 aut
3244 5625 3383 5678 circa
3415 5638 3534 5693 qua!
3560 5639 3663 5677 non
3696 5622 3773 5685 ﬁt,
3799 5634 3894 5675 nec

2318 5732 2398 5777 est
2428 5723 2479 5777 in
2510 5722 2591 5775 his
2614 5720 2843 5790 cognitio
2866 5728 3015 5773 extra
3043 5716 3180 5787 quod
3210 5716 3467 5780 sentiunt;
3498 5716 3549 5768 in
3582 5712 3776 5783 quibus
3802 5726 3895 5765 au-

2278 5785 2283 5789 .
2321 5820 2424 5865 tem
2472 5812 2611 5865 inest
2638 5785 2988 5863 sentientibus
3019 5785 3218 5861 habere
3241 5819 3403 5858 unum
3422 5802 3671 5875 quiddam
3700 5803 3754 5857 in
3783 5800 3896 5855 ant-

2321 5916 2428 5975 ωδ,
2479 5900 2660 5961 multis
2686 5899 2897 5975 quidem
2952 5897 3106 5958 tactis
3135 5890 3445 5969 huiusmodi
3460 5894 3572 5969 jam
3596 5892 3901 5956 amet-antis
