  <div class='ocr_page' id='page_1' title='image "/cluster/home/n/w/nwhite01/storage/ocr_20150623/64/hvd.32044073505265/386.png"; bbox 0 0 4296 6266; ppageno 0'>
   <div class='ocr_carea' id='block_1_1' title="bbox 431 368 537 429">
    <p class='ocr_par' dir='ltr' id='par_1_1' title="bbox 431 368 537 429">
     <span class='ocr_line' id='line_1_1' title="bbox 431 368 537 429; baseline -0.009 0"><span class='ocrx_word' id='word_1_1' title='bbox 431 368 537 429; x_wconf 68' lang='grc'><strong>761</strong></span> 
     </span>
    </p>
   </div>
   <div class='ocr_carea' id='block_1_2' title="bbox 1258 362 2881 421">
    <p class='ocr_par' dir='ltr' id='par_1_2' title="bbox 1258 362 2881 421">
     <span class='ocr_line' id='line_1_2' title="bbox 1258 362 2881 421; baseline 0.001 -2"><span class='ocrx_word' id='word_1_2' title='bbox 1258 362 1715 420; x_wconf 68' lang='grc' dir='ltr'>ιΝτιιοῡυιῖτιο</span> <span class='ocrx_word' id='word_1_3' title='bbox 1758 366 1844 420; x_wconf 69' lang='grc' dir='ltr'><strong>ΑΙ)</strong></span> <span class='ocrx_word' id='word_1_4' title='bbox 1883 364 2360 420; x_wconf 66' lang='grc' dir='ltr'>ειιιοειειιοε</span> <span class='ocrx_word' id='word_1_5' title='bbox 2410 363 2881 421; x_wconf 59' lang='grc' dir='ltr'>ειιειίευιιιεοε</span> 
     </span>
    </p>
   </div>
   <div class='ocr_carea' id='block_1_3' title="bbox 3592 370 3704 427">
    <p class='ocr_par' dir='ltr' id='par_1_3' title="bbox 3592 370 3704 427">
     <span class='ocr_line' id='line_1_3' title="bbox 3592 370 3704 427; baseline 0.027 -3"><span class='ocrx_word' id='word_1_6' title='bbox 3592 370 3704 427; x_wconf 64' lang='grc'><strong>763</strong></span> 
     </span>
    </p>
   </div>
   <div class='ocr_carea' id='block_1_4' title="bbox 430 476 3702 558">
    <p class='ocr_par' dir='ltr' id='par_1_4' title="bbox 430 476 3702 558">
     <span class='ocr_line' id='line_1_4' title="bbox 430 476 3702 558; baseline 0.001 -18"><span class='ocrx_word' id='word_1_7' title='bbox 430 487 675 558; x_wconf 57' lang='lat' dir='ltr'><strong>quadam</strong></span> <span class='ocrx_word' id='word_1_8' title='bbox 714 481 796 547; x_wconf 83' lang='grc' dir='ltr'>ιιι,</span> <span class='ocrx_word' id='word_1_9' title='bbox 825 493 885 535; x_wconf 92' lang='grc' dir='ltr'><strong>ιιι</strong></span> <span class='ocrx_word' id='word_1_10' title='bbox 909 481 965 535; x_wconf 90' lang='lat' dir='ltr'><strong>in</strong></span> <span class='ocrx_word' id='word_1_11' title='bbox 994 480 1079 534; x_wconf 86' lang='lat' dir='ltr'><strong>bis</strong></span> <span class='ocrx_word' id='word_1_12' title='bbox 1108 476 1390 548; x_wconf 61' lang='lat' dir='ltr'><strong>quamdam</strong></span> <span class='ocrx_word' id='word_1_13' title='bbox 1422 478 1488 531; x_wconf 89' lang='lat' dir='ltr'><strong>sit</strong></span> <span class='ocrx_word' id='word_1_14' title='bbox 1517 476 1632 532; x_wconf 91' lang='lat' dir='ltr'><strong>ﬁeri</strong></span> <span class='ocrx_word' id='word_1_15' title='bbox 1660 476 1920 531; x_wconf 86' lang='lat' dir='ltr'><strong>rationem</strong></span> <span class='ocrx_word' id='word_1_16' title='bbox 1949 491 2011 531; x_wconf 77' lang='lat' dir='ltr'><strong>ex</strong></span> <span class='ocrx_word' id='word_1_17' title='bbox 2042 481 2095 540; x_wconf 79' lang='grc' dir='ltr'><strong>Α</strong></span> <span class='ocrx_word' id='word_1_18' title='bbox 2121 487 2178 530; x_wconf 92' lang='grc' dir='ltr'><strong>ιιι</strong></span> <span class='ocrx_word' id='word_1_19' title='bbox 2233 476 2531 545; x_wconf 88' lang='lat' dir='ltr'><strong>hujusmodi</strong></span> <span class='ocrx_word' id='word_1_20' title='bbox 2584 479 2802 545; x_wconf 78' lang='lat' dir='ltr'><strong>animal,</strong></span> <span class='ocrx_word' id='word_1_21' title='bbox 2855 496 3133 552; x_wconf 82' lang='lat' dir='ltr'><strong>quousque</strong></span> <span class='ocrx_word' id='word_1_22' title='bbox 3178 484 3398 550; x_wconf 70' lang='lat' dir='ltr'><strong>animal,</strong></span> <span class='ocrx_word' id='word_1_23' title='bbox 3431 494 3483 538; x_wconf 90' lang='grc' dir='ltr'><strong>ει</strong></span> <span class='ocrx_word' id='word_1_24' title='bbox 3511 485 3565 539; x_wconf 88' lang='lat' dir='ltr'><strong>in</strong></span> <span class='ocrx_word' id='word_1_25' title='bbox 3595 487 3702 543; x_wconf 79' lang='lat' dir='ltr'><strong>hoc</strong></span> 
     </span>
    </p>
   </div>
   <div class='ocr_carea' id='block_1_5' title="bbox 432 570 2019 640">
    <p class='ocr_par' dir='ltr' id='par_1_5' title="bbox 432 570 2019 640">
     <span class='ocr_line' id='line_1_5' title="bbox 432 570 2019 640; baseline -0.007 -5"><span class='ocrx_word' id='word_1_26' title='bbox 432 577 620 635; x_wconf 83' lang='lat' dir='ltr'><strong>talium</strong></span> <span class='ocrx_word' id='word_1_27' title='bbox 648 576 928 640; x_wconf 86' lang='lat' dir='ltr'><strong>memoria,</strong></span> <span class='ocrx_word' id='word_1_28' title='bbox 957 571 1009 629; x_wconf 91' lang='lat' dir='ltr'><strong>in</strong></span> <span class='ocrx_word' id='word_1_29' title='bbox 1037 572 1157 628; x_wconf 89' lang='lat' dir='ltr'><strong>aliis</strong></span> <span class='ocrx_word' id='word_1_30' title='bbox 1183 588 1312 627; x_wconf 88' lang='lat' dir='ltr'><strong>vero</strong></span> <span class='ocrx_word' id='word_1_31' title='bbox 1338 586 1467 628; x_wconf 88' lang='lat' dir='ltr'><strong>non.</strong></span> <span class='ocrx_word' id='word_1_32' title='bbox 1492 570 1569 626; x_wconf 79' lang='lat' dir='ltr'><strong>Ex</strong></span> <span class='ocrx_word' id='word_1_33' title='bbox 1592 584 1752 626; x_wconf 89' lang='lat' dir='ltr'><strong>sensu</strong></span> <span class='ocrx_word' id='word_1_34' title='bbox 1780 570 1935 640; x_wconf 85' lang='lat' dir='ltr'><strong>igitur</strong></span> <span class='ocrx_word' id='word_1_35' title='bbox 1960 571 2019 625; x_wconf 85' lang='lat' dir='ltr'><strong>ﬁt</strong></span> 
     </span>
    </p>
   </div>
   <div class='ocr_carea' id='block_1_6' title="bbox 436 663 2019 729">
    <p class='ocr_par' dir='ltr' id='par_1_6' title="bbox 436 663 2019 729">
     <span class='ocr_line' id='line_1_6' title="bbox 436 663 2019 729; baseline -0.005 -4"><span class='ocrx_word' id='word_1_36' title='bbox 436 665 718 729; x_wconf 77' lang='lat' dir='ltr'><strong>memoria,</strong></span> <span class='ocrx_word' id='word_1_37' title='bbox 755 666 892 721; x_wconf 87' lang='lat' dir='ltr'><strong>sicut</strong></span> <span class='ocrx_word' id='word_1_38' title='bbox 918 665 1169 721; x_wconf 88' lang='lat' dir='ltr'><strong>dicimus.</strong></span> <span class='ocrx_word' id='word_1_39' title='bbox 1203 664 1279 720; x_wconf 82' lang='lat' dir='ltr'><strong>Ex</strong></span> <span class='ocrx_word' id='word_1_40' title='bbox 1328 664 1584 719; x_wconf 83' lang='lat' dir='ltr'><strong>memoria</strong></span> <span class='ocrx_word' id='word_1_41' title='bbox 1621 671 1797 718; x_wconf 90' lang='lat' dir='ltr'><strong>autem</strong></span> <span class='ocrx_word' id='word_1_42' title='bbox 1825 663 2019 718; x_wconf 62' lang='lat' dir='ltr'><strong>multo.</strong></span> 
     </span>
    </p>
   </div>
   <div class='ocr_carea' id='block_1_7' title="bbox 439 756 2018 830">
    <p class='ocr_par' dir='ltr' id='par_1_7' title="bbox 439 756 2018 830">
     <span class='ocr_line' id='line_1_7' title="bbox 439 756 2018 830; baseline -0.004 -14"><span class='ocrx_word' id='word_1_43' title='bbox 439 761 540 817; x_wconf 87' lang='lat' dir='ltr'><strong>lies</strong></span> <span class='ocrx_word' id='word_1_44' title='bbox 579 760 819 830; x_wconf 78' lang='lat' dir='ltr'><strong>ejusdem</strong></span> <span class='ocrx_word' id='word_1_45' title='bbox 851 757 1009 825; x_wconf 80' lang='lat' dir='ltr'><strong>facta,</strong></span> <span class='ocrx_word' id='word_1_46' title='bbox 1041 757 1483 827; x_wconf 82' lang='lat' dir='ltr'><strong>experimentum.</strong></span> <span class='ocrx_word' id='word_1_47' title='bbox 1521 756 1701 811; x_wconf 70' lang='lat' dir='ltr'><strong>Multae</strong></span> <span class='ocrx_word' id='word_1_48' title='bbox 1727 756 1871 810; x_wconf 91' lang='lat' dir='ltr'><strong>enim</strong></span> <span class='ocrx_word' id='word_1_49' title='bbox 1906 772 2018 811; x_wconf 87' lang='lat' dir='ltr'><strong>me-</strong></span> 
     </span>
    </p>
   </div>
   <div class='ocr_carea' id='block_1_8' title="bbox 437 847 2019 919">
    <p class='ocr_par' dir='ltr' id='par_1_8' title="bbox 437 847 2019 919">
     <span class='ocr_line' id='line_1_8' title="bbox 437 847 2019 919; baseline -0.004 -10"><span class='ocrx_word' id='word_1_50' title='bbox 437 852 624 909; x_wconf 75' lang='lat' dir='ltr'><strong>moria:</strong></span> <span class='ocrx_word' id='word_1_51' title='bbox 660 865 881 907; x_wconf 86' lang='lat' dir='ltr'><strong>numero</strong></span> <span class='ocrx_word' id='word_1_52' title='bbox 919 850 1352 919; x_wconf 75' lang='lat' dir='ltr'><strong>experimentum</strong></span> <span class='ocrx_word' id='word_1_53' title='bbox 1382 858 1464 904; x_wconf 89' lang='lat' dir='ltr'><strong>est</strong></span> <span class='ocrx_word' id='word_1_54' title='bbox 1498 863 1685 913; x_wconf 91' lang='lat' dir='ltr'><strong>unum,</strong></span> <span class='ocrx_word' id='word_1_55' title='bbox 1716 862 1783 903; x_wconf 81' lang='lat' dir='ltr'><strong>ex</strong></span> <span class='ocrx_word' id='word_1_56' title='bbox 1810 847 2019 916; x_wconf 74' lang='lat' dir='ltr'><strong>experi-</strong></span> 
     </span>
    </p>
   </div>
   <div class='ocr_carea' id='block_1_9' title="bbox 437 941 2015 1013">
    <p class='ocr_par' dir='ltr' id='par_1_9' title="bbox 437 941 2015 1013">
     <span class='ocr_line' id='line_1_9' title="bbox 437 941 2015 1013; baseline -0.004 -12"><span class='ocrx_word' id='word_1_57' title='bbox 437 954 620 1001; x_wconf 89' lang='lat' dir='ltr'><strong>mento</strong></span> <span class='ocrx_word' id='word_1_58' title='bbox 646 952 738 998; x_wconf 90' lang='lat' dir='ltr'><strong>aut</strong></span> <span class='ocrx_word' id='word_1_59' title='bbox 768 959 832 998; x_wconf 78' lang='lat' dir='ltr'><strong>ex</strong></span> <span class='ocrx_word' id='word_1_60' title='bbox 861 942 1008 999; x_wconf 92' lang='lat' dir='ltr'><strong>omni</strong></span> <span class='ocrx_word' id='word_1_61' title='bbox 1038 944 1350 1013; x_wconf 86' lang='lat' dir='ltr'><strong>quiescente</strong></span> <span class='ocrx_word' id='word_1_62' title='bbox 1396 941 1685 997; x_wconf 82' lang='lat' dir='ltr'><strong>universali</strong></span> <span class='ocrx_word' id='word_1_63' title='bbox 1734 944 1787 996; x_wconf 93' lang='lat' dir='ltr'><strong>in</strong></span> <span class='ocrx_word' id='word_1_64' title='bbox 1818 941 2015 1008; x_wconf 86' lang='lat' dir='ltr'><strong>anima,</strong></span> 
     </span>
    </p>
   </div>
   <div class='ocr_carea' id='block_1_10' title="bbox 438 1032 2019 1104">
    <p class='ocr_par' dir='ltr' id='par_1_10' title="bbox 438 1032 2019 1104">
     <span class='ocr_line' id='line_1_10' title="bbox 438 1032 2019 1104; baseline -0.002 -15"><span class='ocrx_word' id='word_1_65' title='bbox 438 1050 546 1090; x_wconf 88' lang='lat' dir='ltr'><strong>uno</strong></span> <span class='ocrx_word' id='word_1_66' title='bbox 576 1043 768 1103; x_wconf 66' lang='lat' dir='ltr'><strong>praeter</strong></span> <span class='ocrx_word' id='word_1_67' title='bbox 798 1033 961 1088; x_wconf 89' lang='lat' dir='ltr'><strong>multa</strong></span> <span class='ocrx_word' id='word_1_68' title='bbox 997 1032 1160 1104; x_wconf 91' lang='lat' dir='ltr'><strong>(quod</strong></span> <span class='ocrx_word' id='word_1_69' title='bbox 1201 1048 1320 1088; x_wconf 90' lang='lat' dir='ltr'><strong>cum</strong></span> <span class='ocrx_word' id='word_1_70' title='bbox 1355 1033 1417 1087; x_wconf 80' lang='lat' dir='ltr'><strong>in</strong></span> <span class='ocrx_word' id='word_1_71' title='bbox 1453 1032 1703 1088; x_wconf 90' lang='lat' dir='ltr'><strong>omnibus</strong></span> <span class='ocrx_word' id='word_1_72' title='bbox 1744 1047 1904 1087; x_wconf 92' lang='lat' dir='ltr'><strong>unum</strong></span> <span class='ocrx_word' id='word_1_73' title='bbox 1947 1032 2019 1086; x_wconf 89' lang='lat' dir='ltr'><strong>sit</strong></span> 
     </span>
    </p>
   </div>
   <div class='ocr_carea' id='block_1_11' title="bbox 439 1124 2016 1195">
    <p class='ocr_par' dir='ltr' id='par_1_11' title="bbox 439 1124 2016 1195">
     <span class='ocr_line' id='line_1_11' title="bbox 439 1124 2016 1195; baseline 0 -15"><span class='ocrx_word' id='word_1_74' title='bbox 439 1124 564 1180; x_wconf 88' lang='lat' dir='ltr'><strong>illud</strong></span> <span class='ocrx_word' id='word_1_75' title='bbox 591 1124 757 1195; x_wconf 82' lang='lat' dir='ltr'><strong>idem)</strong></span> <span class='ocrx_word' id='word_1_76' title='bbox 787 1125 919 1179; x_wconf 88' lang='lat' dir='ltr'><strong>artis</strong></span> <span class='ocrx_word' id='word_1_77' title='bbox 950 1125 1290 1195; x_wconf 87' lang='lat' dir='ltr'><strong>principium,</strong></span> <span class='ocrx_word' id='word_1_78' title='bbox 1322 1133 1378 1181; x_wconf 89' lang='grc' dir='ltr'><strong>ει</strong></span> <span class='ocrx_word' id='word_1_79' title='bbox 1420 1124 1677 1188; x_wconf 77' lang='lat' dir='ltr'><strong>scientic,</strong></span> <span class='ocrx_word' id='word_1_80' title='bbox 1716 1125 1761 1179; x_wconf 89' lang='lat' dir='ltr'><strong>si</strong></span> <span class='ocrx_word' id='word_1_81' title='bbox 1801 1124 2016 1193; x_wconf 81' lang='lat' dir='ltr'><strong>quidem</strong></span> 
     </span>
    </p>
   </div>
   <div class='ocr_carea' id='block_1_12' title="bbox 438 1217 2015 1289">
    <p class='ocr_par' dir='ltr' id='par_1_12' title="bbox 438 1217 2015 1289">
     <span class='ocr_line' id='line_1_12' title="bbox 438 1217 2015 1289; baseline 0 -16"><span class='ocrx_word' id='word_1_82' title='bbox 438 1218 596 1287; x_wconf 86' lang='lat' dir='ltr'><strong>igitur</strong></span> <span class='ocrx_word' id='word_1_83' title='bbox 616 1219 760 1274; x_wconf 89' lang='lat' dir='ltr'><strong>circa</strong></span> <span class='ocrx_word' id='word_1_84' title='bbox 784 1220 1209 1289; x_wconf 84' lang='lat' dir='ltr'><strong>generationem.</strong></span> <span class='ocrx_word' id='word_1_85' title='bbox 1236 1219 1369 1273; x_wconf 91' lang='lat' dir='ltr'><strong>artis</strong></span> <span class='ocrx_word' id='word_1_86' title='bbox 1389 1227 1492 1286; x_wconf 91' lang='lat' dir='ltr'><strong>est,</strong></span> <span class='ocrx_word' id='word_1_87' title='bbox 1520 1218 1564 1272; x_wconf 92' lang='lat' dir='ltr'><strong>si</strong></span> <span class='ocrx_word' id='word_1_88' title='bbox 1587 1233 1716 1273; x_wconf 89' lang='lat' dir='ltr'><strong>vero</strong></span> <span class='ocrx_word' id='word_1_89' title='bbox 1734 1217 1875 1273; x_wconf 88' lang='lat' dir='ltr'><strong>circa</strong></span> <span class='ocrx_word' id='word_1_90' title='bbox 1895 1232 2015 1284; x_wconf 91' lang='lat' dir='ltr'><strong>ens,</strong></span> 
     </span>
    </p>
   </div>
   <div class='ocr_carea' id='block_1_13' title="bbox 435 1310 2014 1381">
    <p class='ocr_par' dir='ltr' id='par_1_13' title="bbox 435 1310 2014 1381">
     <span class='ocr_line' id='line_1_13' title="bbox 435 1310 2014 1381; baseline -0.001 -16"><span class='ocrx_word' id='word_1_91' title='bbox 435 1310 693 1367; x_wconf 70' lang='lat' dir='ltr'><strong>scientiae.</strong></span> <span class='ocrx_word' id='word_1_92' title='bbox 752 1311 934 1381; x_wconf 90' lang='lat' dir='ltr'><strong>Neque</strong></span> <span class='ocrx_word' id='word_1_93' title='bbox 987 1312 1146 1381; x_wconf 90' lang='lat' dir='ltr'><strong>igitur</strong></span> <span class='ocrx_word' id='word_1_94' title='bbox 1177 1312 1359 1366; x_wconf 79' lang='lat' dir='ltr'><strong>insunt</strong></span> <span class='ocrx_word' id='word_1_95' title='bbox 1406 1311 1743 1366; x_wconf 86' lang='lat' dir='ltr'><strong>determinati</strong></span> <span class='ocrx_word' id='word_1_96' title='bbox 1782 1311 2014 1379; x_wconf 83' lang='lat' dir='ltr'><strong>habitus,</strong></span> 
     </span>
    </p>
   </div>
   <div class='ocr_carea' id='block_1_14' title="bbox 438 1402 2015 1471">
    <p class='ocr_par' dir='ltr' id='par_1_14' title="bbox 438 1402 2015 1471">
     <span class='ocr_line' id='line_1_14' title="bbox 438 1402 2015 1471; baseline 0 -14"><span class='ocrx_word' id='word_1_97' title='bbox 438 1417 611 1471; x_wconf 88' lang='lat' dir='ltr'><strong>neque</strong></span> <span class='ocrx_word' id='word_1_98' title='bbox 636 1403 705 1457; x_wconf 87' lang='lat' dir='ltr'><strong>ab</strong></span> <span class='ocrx_word' id='word_1_99' title='bbox 725 1402 845 1457; x_wconf 91' lang='lat' dir='ltr'><strong>aliis</strong></span> <span class='ocrx_word' id='word_1_100' title='bbox 874 1402 1140 1457; x_wconf 83' lang='lat' dir='ltr'><strong>habilibus</strong></span> <span class='ocrx_word' id='word_1_101' title='bbox 1166 1404 1297 1456; x_wconf 88' lang='lat' dir='ltr'><strong>liunt</strong></span> <span class='ocrx_word' id='word_1_102' title='bbox 1328 1402 1642 1469; x_wconf 89' lang='lat' dir='ltr'><strong>notioribus,</strong></span> <span class='ocrx_word' id='word_1_103' title='bbox 1669 1403 1762 1457; x_wconf 90' lang='lat' dir='ltr'><strong>sed</strong></span> <span class='ocrx_word' id='word_1_104' title='bbox 1785 1417 1814 1455; x_wconf 92' lang='lat' dir='ltr'><strong>a</strong></span> <span class='ocrx_word' id='word_1_105' title='bbox 1833 1416 2015 1457; x_wconf 90' lang='lat' dir='ltr'><strong>sensu.</strong></span> 
     </span>
    </p>
   </div>
   <div class='ocr_carea' id='block_1_15' title="bbox 442 1494 2013 1564">
    <p class='ocr_par' dir='ltr' id='par_1_15' title="bbox 442 1494 2013 1564">
     <span class='ocr_line' id='line_1_15' title="bbox 442 1494 2013 1564; baseline 0 -14"><span class='ocrx_word' id='word_1_106' title='bbox 442 1494 507 1550; x_wconf 88' lang='lat' dir='ltr'><strong>Ut</strong></span> <span class='ocrx_word' id='word_1_107' title='bbox 537 1495 588 1548; x_wconf 94' lang='lat' dir='ltr'><strong>in</strong></span> <span class='ocrx_word' id='word_1_108' title='bbox 626 1510 799 1564; x_wconf 87' lang='lat' dir='ltr'><strong>pugna</strong></span> <span class='ocrx_word' id='word_1_109' title='bbox 829 1496 1112 1551; x_wconf 78' lang='lat' dir='ltr'><strong>eversione</strong></span> <span class='ocrx_word' id='word_1_110' title='bbox 1144 1495 1298 1561; x_wconf 78' lang='lat' dir='ltr'><strong>facta,</strong></span> <span class='ocrx_word' id='word_1_111' title='bbox 1329 1511 1435 1550; x_wconf 91' lang='lat' dir='ltr'><strong>uno</strong></span> <span class='ocrx_word' id='word_1_112' title='bbox 1463 1504 1656 1559; x_wconf 87' lang='lat' dir='ltr'><strong>stante,</strong></span> <span class='ocrx_word' id='word_1_113' title='bbox 1688 1497 1823 1550; x_wconf 87' lang='lat' dir='ltr'><strong>alter</strong></span> <span class='ocrx_word' id='word_1_114' title='bbox 1852 1497 2013 1561; x_wconf 89' lang='lat' dir='ltr'><strong>stetit,</strong></span> 
     </span>
    </p>
   </div>
   <div class='ocr_carea' id='block_1_16' title="bbox 440 1587 2015 1658">
    <p class='ocr_par' dir='ltr' id='par_1_16' title="bbox 440 1587 2015 1658">
     <span class='ocr_line' id='line_1_16' title="bbox 440 1587 2015 1658; baseline -0.001 -16"><span class='ocrx_word' id='word_1_115' title='bbox 440 1596 619 1655; x_wconf 87' lang='lat' dir='ltr'><strong>postea</strong></span> <span class='ocrx_word' id='word_1_116' title='bbox 649 1588 805 1651; x_wconf 87' lang='lat' dir='ltr'><strong>alter,</strong></span> <span class='ocrx_word' id='word_1_117' title='bbox 829 1601 1104 1658; x_wconf 89' lang='lat' dir='ltr'><strong>quousque</strong></span> <span class='ocrx_word' id='word_1_118' title='bbox 1133 1587 1185 1641; x_wconf 89' lang='lat' dir='ltr'><strong>in</strong></span> <span class='ocrx_word' id='word_1_119' title='bbox 1214 1587 1537 1658; x_wconf 87' lang='lat' dir='ltr'><strong>principium</strong></span> <span class='ocrx_word' id='word_1_120' title='bbox 1552 1588 1797 1657; x_wconf 82' lang='lat' dir='ltr'><strong>veniant,</strong></span> <span class='ocrx_word' id='word_1_121' title='bbox 1839 1587 2015 1641; x_wconf 90' lang='lat' dir='ltr'><strong>anima</strong></span> 
     </span>
    </p>
   </div>
   <div class='ocr_carea' id='block_1_17' title="bbox 438 1679 2010 1750">
    <p class='ocr_par' dir='ltr' id='par_1_17' title="bbox 438 1679 2010 1750">
     <span class='ocr_line' id='line_1_17' title="bbox 438 1679 2010 1750; baseline 0.001 -17"><span class='ocrx_word' id='word_1_122' title='bbox 438 1688 615 1733; x_wconf 89' lang='lat' dir='ltr'><strong>autem</strong></span> <span class='ocrx_word' id='word_1_123' title='bbox 666 1679 994 1748; x_wconf 90' lang='lat' dir='ltr'><strong>hujusmodi,</strong></span> <span class='ocrx_word' id='word_1_124' title='bbox 1041 1693 1161 1734; x_wconf 91' lang='lat' dir='ltr'><strong>cum</strong></span> <span class='ocrx_word' id='word_1_125' title='bbox 1204 1680 1275 1734; x_wconf 89' lang='lat' dir='ltr'><strong>sit</strong></span> <span class='ocrx_word' id='word_1_126' title='bbox 1312 1679 1487 1750; x_wconf 79' lang='lat' dir='ltr'><strong>qualis</strong></span> <span class='ocrx_word' id='word_1_127' title='bbox 1525 1680 1689 1748; x_wconf 86' lang='lat' dir='ltr'><strong>possit</strong></span> <span class='ocrx_word' id='word_1_128' title='bbox 1737 1680 1840 1748; x_wconf 90' lang='lat' dir='ltr'><strong>pati</strong></span> <span class='ocrx_word' id='word_1_129' title='bbox 1892 1680 2010 1734; x_wconf 93' lang='lat' dir='ltr'><strong>hoc.</strong></span> 
     </span>
    </p>
   </div>
   <div class='ocr_carea' id='block_1_18' title="bbox 438 1770 2011 1839">
    <p class='ocr_par' dir='ltr' id='par_1_18' title="bbox 438 1770 2011 1839">
     <span class='ocr_line' id='line_1_18' title="bbox 438 1770 2011 1839; baseline 0.002 -16"><span class='ocrx_word' id='word_1_130' title='bbox 438 1770 590 1838; x_wconf 84' lang='lat' dir='ltr'><strong>Quod</strong></span> <span class='ocrx_word' id='word_1_131' title='bbox 619 1780 796 1825; x_wconf 90' lang='lat' dir='ltr'><strong>autem</strong></span> <span class='ocrx_word' id='word_1_132' title='bbox 825 1770 1026 1825; x_wconf 91' lang='lat' dir='ltr'><strong>dictum</strong></span> <span class='ocrx_word' id='word_1_133' title='bbox 1055 1782 1157 1839; x_wconf 83' lang='grc' dir='ltr'>εει,</span> <span class='ocrx_word' id='word_1_134' title='bbox 1202 1779 1347 1838; x_wconf 83' lang='lat' dir='ltr'><strong>ante,</strong></span> <span class='ocrx_word' id='word_1_135' title='bbox 1381 1772 1475 1827; x_wconf 89' lang='lat' dir='ltr'><strong>sed</strong></span> <span class='ocrx_word' id='word_1_136' title='bbox 1507 1786 1613 1825; x_wconf 90' lang='lat' dir='ltr'><strong>non</strong></span> <span class='ocrx_word' id='word_1_137' title='bbox 1643 1772 1786 1826; x_wconf 90' lang='lat' dir='ltr'><strong>clare</strong></span> <span class='ocrx_word' id='word_1_138' title='bbox 1814 1770 2011 1826; x_wconf 88' lang='lat' dir='ltr'><strong>dictum</strong></span> 
     </span>
    </p>
   </div>
   <div class='ocr_carea' id='block_1_19' title="bbox 2118 566 3710 645">
    <p class='ocr_par' dir='ltr' id='par_1_19' title="bbox 2118 566 3710 645">
     <span class='ocr_line' id='line_1_19' title="bbox 2118 566 3710 645; baseline 0.005 -24"><span class='ocrx_word' id='word_1_139' title='bbox 2118 567 2387 623; x_wconf 86' lang='lat' dir='ltr'><strong>similiter.</strong></span> <span class='ocrx_word' id='word_1_140' title='bbox 2413 566 2745 622; x_wconf 77' lang='lat' dir='ltr'><strong>Manileslum</strong></span> <span class='ocrx_word' id='word_1_141' title='bbox 2770 568 2927 638; x_wconf 90' lang='lat' dir='ltr'><strong>igitur</strong></span> <span class='ocrx_word' id='word_1_142' title='bbox 2947 582 3029 626; x_wconf 85' lang='lat' dir='ltr'><strong>est</strong></span> <span class='ocrx_word' id='word_1_143' title='bbox 3068 574 3320 642; x_wconf 87' lang='lat' dir='ltr'><strong>quoniam</strong></span> <span class='ocrx_word' id='word_1_144' title='bbox 3348 574 3503 631; x_wconf 90' lang='lat' dir='ltr'><strong>nobis</strong></span> <span class='ocrx_word' id='word_1_145' title='bbox 3527 578 3710 645; x_wconf 83' lang='lat' dir='ltr'><strong>prima.</strong></span> 
     </span>
    </p>
   </div>
   <div class='ocr_carea' id='block_1_20' title="bbox 2119 660 3702 737">
    <p class='ocr_par' dir='ltr' id='par_1_20' title="bbox 2119 660 3702 737">
     <span class='ocr_line' id='line_1_20' title="bbox 2119 660 3702 737; baseline 0.007 -23"><span class='ocrx_word' id='word_1_146' title='bbox 2119 660 2431 714; x_wconf 86' lang='lat' dir='ltr'><strong>induetione</strong></span> <span class='ocrx_word' id='word_1_147' title='bbox 2484 673 2811 728; x_wconf 79' lang='lat' dir='ltr'><strong>cognoscere</strong></span> <span class='ocrx_word' id='word_1_148' title='bbox 2842 663 3203 717; x_wconf 79' lang='lat' dir='ltr'><strong>necessarium</strong></span> <span class='ocrx_word' id='word_1_149' title='bbox 3232 674 3335 729; x_wconf 85' lang='lat' dir='ltr'><strong>est,</strong></span> <span class='ocrx_word' id='word_1_150' title='bbox 3379 675 3432 719; x_wconf 90' lang='lat' dir='ltr'><strong>et</strong></span> <span class='ocrx_word' id='word_1_151' title='bbox 3470 681 3702 737; x_wconf 71' lang='lat' dir='ltr'><strong>namque</strong></span> 
     </span>
    </p>
   </div>
   <div class='ocr_carea' id='block_1_21' title="bbox 2119 748 3697 819">
    <p class='ocr_par' dir='ltr' id='par_1_21' title="bbox 2119 748 3697 819">
     <span class='ocr_line' id='line_1_21' title="bbox 2119 748 3697 819; baseline 0.006 -15"><span class='ocrx_word' id='word_1_152' title='bbox 2119 758 2173 804; x_wconf 90' lang='lat' dir='ltr'><strong>et</strong></span> <span class='ocrx_word' id='word_1_153' title='bbox 2202 763 2395 803; x_wconf 78' lang='lat' dir='ltr'><strong>sensus</strong></span> <span class='ocrx_word' id='word_1_154' title='bbox 2424 748 2504 804; x_wconf 87' lang='lat' dir='ltr'><strong>sic</strong></span> <span class='ocrx_word' id='word_1_155' title='bbox 2531 750 2834 804; x_wconf 82' lang='lat' dir='ltr'><strong>universale</strong></span> <span class='ocrx_word' id='word_1_156' title='bbox 2879 749 3023 805; x_wconf 76' lang='lat' dir='ltr'><strong>facit.</strong></span> <span class='ocrx_word' id='word_1_157' title='bbox 3058 752 3319 819; x_wconf 80' lang='lat' dir='ltr'><strong>Quoniam</strong></span> <span class='ocrx_word' id='word_1_158' title='bbox 3350 763 3525 811; x_wconf 88' lang='lat' dir='ltr'><strong>autem</strong></span> <span class='ocrx_word' id='word_1_159' title='bbox 3554 758 3697 813; x_wconf 81' lang='lat' dir='ltr'><strong>circa</strong></span> 
     </span>
    </p>
   </div>
   <div class='ocr_carea' id='block_1_22' title="bbox 2119 843 3694 916">
    <p class='ocr_par' dir='ltr' id='par_1_22' title="bbox 2119 843 3694 916">
     <span class='ocr_line' id='line_1_22' title="bbox 2119 843 3694 916; baseline 0.005 -16"><span class='ocrx_word' id='word_1_160' title='bbox 2119 845 2527 914; x_wconf 84' lang='lat' dir='ltr'><strong>intelligentiam</strong></span> <span class='ocrx_word' id='word_1_161' title='bbox 2561 843 2834 899; x_wconf 89' lang='lat' dir='ltr'><strong>habituum</strong></span> <span class='ocrx_word' id='word_1_162' title='bbox 2883 845 3076 915; x_wconf 79' lang='lat' dir='ltr'><strong>quibus</strong></span> <span class='ocrx_word' id='word_1_163' title='bbox 3112 862 3294 903; x_wconf 83' lang='lat' dir='ltr'><strong>verum</strong></span> <span class='ocrx_word' id='word_1_164' title='bbox 3330 848 3574 916; x_wconf 88' lang='lat' dir='ltr'><strong>dicimus.</strong></span> <span class='ocrx_word' id='word_1_165' title='bbox 3607 851 3694 908; x_wconf 85' lang='lat' dir='ltr'><strong>alii</strong></span> 
     </span>
    </p>
   </div>
   <div class='ocr_carea' id='block_1_23' title="bbox 2117 940 3692 1013">
    <p class='ocr_par' dir='ltr' id='par_1_23' title="bbox 2117 940 3692 1013">
     <span class='ocr_line' id='line_1_23' title="bbox 2117 940 3692 1013; baseline 0.004 -18"><span class='ocrx_word' id='word_1_166' title='bbox 2117 941 2331 1011; x_wconf 86' lang='lat' dir='ltr'><strong>quidem</strong></span> <span class='ocrx_word' id='word_1_167' title='bbox 2380 955 2595 1009; x_wconf 88' lang='lat' dir='ltr'><strong>semper</strong></span> <span class='ocrx_word' id='word_1_168' title='bbox 2623 941 2734 996; x_wconf 89' lang='lat' dir='ltr'><strong>veri</strong></span> <span class='ocrx_word' id='word_1_169' title='bbox 2785 949 2931 1007; x_wconf 92' lang='lat' dir='ltr'><strong>sunt,</strong></span> <span class='ocrx_word' id='word_1_170' title='bbox 2964 940 3055 994; x_wconf 90' lang='lat' dir='ltr'><strong>alii</strong></span> <span class='ocrx_word' id='word_1_171' title='bbox 3090 942 3357 1011; x_wconf 90' lang='lat' dir='ltr'><strong>recipiunt</strong></span> <span class='ocrx_word' id='word_1_172' title='bbox 3387 943 3692 1013; x_wconf 79' lang='lat' dir='ltr'><strong>falsitatem,</strong></span> 
     </span>
    </p>
   </div>
   <div class='ocr_carea' id='block_1_24' title="bbox 2120 1032 3696 1103">
    <p class='ocr_par' dir='ltr' id='par_1_24' title="bbox 2120 1032 3696 1103">
     <span class='ocr_line' id='line_1_24' title="bbox 2120 1032 3696 1103; baseline 0.006 -16"><span class='ocrx_word' id='word_1_173' title='bbox 2120 1043 2175 1087; x_wconf 90' lang='lat' dir='ltr'><strong>ut</strong></span> <span class='ocrx_word' id='word_1_174' title='bbox 2195 1032 2376 1100; x_wconf 85' lang='lat' dir='ltr'><strong>opinio</strong></span> <span class='ocrx_word' id='word_1_175' title='bbox 2407 1050 2420 1085; x_wconf 91' lang='lat'><strong>:</strong></span> <span class='ocrx_word' id='word_1_176' title='bbox 2451 1041 2503 1086; x_wconf 89' lang='lat' dir='ltr'><strong>et</strong></span> <span class='ocrx_word' id='word_1_177' title='bbox 2538 1032 2697 1099; x_wconf 89' lang='lat' dir='ltr'><strong>ratio,</strong></span> <span class='ocrx_word' id='word_1_178' title='bbox 2729 1048 2851 1089; x_wconf 87' lang='lat' dir='ltr'><strong>vera</strong></span> <span class='ocrx_word' id='word_1_179' title='bbox 2882 1042 3059 1088; x_wconf 90' lang='lat' dir='ltr'><strong>autem</strong></span> <span class='ocrx_word' id='word_1_180' title='bbox 3090 1048 3304 1103; x_wconf 88' lang='lat' dir='ltr'><strong>semper</strong></span> <span class='ocrx_word' id='word_1_181' title='bbox 3324 1048 3446 1092; x_wconf 90' lang='lat' dir='ltr'><strong>sunt</strong></span> <span class='ocrx_word' id='word_1_182' title='bbox 3472 1040 3696 1097; x_wconf 84' lang='lat' dir='ltr'><strong>scientia</strong></span> 
     </span>
    </p>
   </div>
   <div class='ocr_carea' id='block_1_25' title="bbox 2118 1122 3696 1199">
    <p class='ocr_par' dir='ltr' id='par_1_25' title="bbox 2118 1122 3696 1199">
     <span class='ocr_line' id='line_1_25' title="bbox 2118 1122 3696 1199; baseline 0.005 -19"><span class='ocrx_word' id='word_1_183' title='bbox 2118 1132 2174 1180; x_wconf 90' lang='lat' dir='ltr'><strong>et</strong></span> <span class='ocrx_word' id='word_1_184' title='bbox 2193 1122 2516 1189; x_wconf 89' lang='lat' dir='ltr'><strong>intellectus,</strong></span> <span class='ocrx_word' id='word_1_185' title='bbox 2534 1134 2588 1178; x_wconf 90' lang='lat' dir='ltr'><strong>et</strong></span> <span class='ocrx_word' id='word_1_186' title='bbox 2616 1124 2743 1179; x_wconf 86' lang='lat' dir='ltr'><strong>nihil</strong></span> <span class='ocrx_word' id='word_1_187' title='bbox 2768 1136 2852 1179; x_wconf 88' lang='lat' dir='ltr'><strong>est</strong></span> <span class='ocrx_word' id='word_1_188' title='bbox 2872 1125 3096 1180; x_wconf 88' lang='lat' dir='ltr'><strong>scientia</strong></span> <span class='ocrx_word' id='word_1_189' title='bbox 3119 1126 3318 1181; x_wconf 85' lang='lat' dir='ltr'><strong>certius</strong></span> <span class='ocrx_word' id='word_1_190' title='bbox 3344 1128 3489 1183; x_wconf 88' lang='lat' dir='ltr'><strong>aliud</strong></span> <span class='ocrx_word' id='word_1_191' title='bbox 3527 1147 3696 1199; x_wconf 86' lang='lat' dir='ltr'><strong>genus</strong></span> 
     </span>
    </p>
   </div>
   <div class='ocr_carea' id='block_1_26' title="bbox 2118 1215 3697 1293">
    <p class='ocr_par' dir='ltr' id='par_1_26' title="bbox 2118 1215 3697 1293">
     <span class='ocr_line' id='line_1_26' title="bbox 2118 1215 3697 1293; baseline 0.004 -23"><span class='ocrx_word' id='word_1_192' title='bbox 2118 1232 2276 1287; x_wconf 88' lang='lat' dir='ltr'><strong>quam</strong></span> <span class='ocrx_word' id='word_1_193' title='bbox 2303 1215 2627 1281; x_wconf 90' lang='lat' dir='ltr'><strong>intellectus,</strong></span> <span class='ocrx_word' id='word_1_194' title='bbox 2661 1216 2918 1285; x_wconf 86' lang='lat' dir='ltr'><strong>principia</strong></span> <span class='ocrx_word' id='word_1_195' title='bbox 2941 1225 3119 1272; x_wconf 90' lang='lat' dir='ltr'><strong>autem</strong></span> <span class='ocrx_word' id='word_1_196' title='bbox 3153 1216 3697 1293; x_wconf 77' lang='lat' dir='ltr'><strong>demonstrationibus</strong></span> 
     </span>
    </p>
   </div>
   <div class='ocr_carea' id='block_1_27' title="bbox 2122 1308 3695 1380">
    <p class='ocr_par' dir='ltr' id='par_1_27' title="bbox 2122 1308 3695 1380">
     <span class='ocr_line' id='line_1_27' title="bbox 2122 1308 3695 1380; baseline 0.005 -19"><span class='ocrx_word' id='word_1_197' title='bbox 2122 1309 2332 1363; x_wconf 85' lang='lat' dir='ltr'><strong>notiora</strong></span> <span class='ocrx_word' id='word_1_198' title='bbox 2362 1318 2503 1373; x_wconf 92' lang='lat' dir='ltr'><strong>sunt,</strong></span> <span class='ocrx_word' id='word_1_199' title='bbox 2538 1308 2760 1364; x_wconf 87' lang='lat' dir='ltr'><strong>scientia</strong></span> <span class='ocrx_word' id='word_1_200' title='bbox 2791 1320 2967 1364; x_wconf 91' lang='lat' dir='ltr'><strong>autem</strong></span> <span class='ocrx_word' id='word_1_201' title='bbox 2997 1310 3175 1364; x_wconf 90' lang='lat' dir='ltr'><strong>omnis</strong></span> <span class='ocrx_word' id='word_1_202' title='bbox 3201 1324 3322 1365; x_wconf 92' lang='lat' dir='ltr'><strong>cum</strong></span> <span class='ocrx_word' id='word_1_203' title='bbox 3361 1310 3569 1368; x_wconf 84' lang='lat' dir='ltr'><strong>ratione</strong></span> <span class='ocrx_word' id='word_1_204' title='bbox 3590 1324 3695 1380; x_wconf 84' lang='lat' dir='ltr'><strong>est,</strong></span> 
     </span>
    </p>
   </div>
   <div class='ocr_carea' id='block_1_28' title="bbox 2119 1400 3695 1473">
    <p class='ocr_par' dir='ltr' id='par_1_28' title="bbox 2119 1400 3695 1473">
     <span class='ocr_line' id='line_1_28' title="bbox 2119 1400 3695 1473; baseline 0.004 -19"><span class='ocrx_word' id='word_1_205' title='bbox 2119 1400 2501 1472; x_wconf 78' lang='lat' dir='ltr'><strong>principiorum</strong></span> <span class='ocrx_word' id='word_1_206' title='bbox 2532 1400 2757 1456; x_wconf 88' lang='lat' dir='ltr'><strong>scientia</strong></span> <span class='ocrx_word' id='word_1_207' title='bbox 2786 1400 2998 1469; x_wconf 88' lang='lat' dir='ltr'><strong>quidem</strong></span> <span class='ocrx_word' id='word_1_208' title='bbox 3029 1416 3135 1456; x_wconf 89' lang='lat' dir='ltr'><strong>non</strong></span> <span class='ocrx_word' id='word_1_209' title='bbox 3176 1402 3357 1473; x_wconf 84' lang='lat' dir='ltr'><strong>utique</strong></span> <span class='ocrx_word' id='word_1_210' title='bbox 3405 1404 3526 1459; x_wconf 90' lang='lat' dir='ltr'><strong>erit.</strong></span> <span class='ocrx_word' id='word_1_211' title='bbox 3554 1404 3695 1473; x_wconf 75' lang='lat' dir='ltr'><strong>Quo-</strong></span> 
     </span>
    </p>
   </div>
   <div class='ocr_carea' id='block_1_29' title="bbox 2120 1492 3696 1568">
    <p class='ocr_par' dir='ltr' id='par_1_29' title="bbox 2120 1492 3696 1568">
     <span class='ocr_line' id='line_1_29' title="bbox 2120 1492 3696 1568; baseline 0.006 -22"><span class='ocrx_word' id='word_1_212' title='bbox 2120 1494 2260 1546; x_wconf 84' lang='lat' dir='ltr'><strong>niam</strong></span> <span class='ocrx_word' id='word_1_213' title='bbox 2289 1502 2463 1547; x_wconf 90' lang='lat' dir='ltr'><strong>autem</strong></span> <span class='ocrx_word' id='word_1_214' title='bbox 2490 1492 2621 1546; x_wconf 87' lang='lat' dir='ltr'><strong>nihil</strong></span> <span class='ocrx_word' id='word_1_215' title='bbox 2644 1492 2822 1549; x_wconf 89' lang='lat' dir='ltr'><strong>verius</strong></span> <span class='ocrx_word' id='word_1_216' title='bbox 2850 1492 3108 1562; x_wconf 86' lang='lat' dir='ltr'><strong>contingit</strong></span> <span class='ocrx_word' id='word_1_217' title='bbox 3136 1508 3257 1549; x_wconf 88' lang='lat' dir='ltr'><strong>esse</strong></span> <span class='ocrx_word' id='word_1_218' title='bbox 3285 1494 3510 1551; x_wconf 88' lang='lat' dir='ltr'><strong>scientia</strong></span> <span class='ocrx_word' id='word_1_219' title='bbox 3536 1512 3696 1568; x_wconf 81' lang='lat' dir='ltr'><strong>quant</strong></span> 
     </span>
    </p>
   </div>
   <div class='ocr_carea' id='block_1_30' title="bbox 2120 1588 3695 1665">
    <p class='ocr_par' dir='ltr' id='par_1_30' title="bbox 2120 1588 3695 1665">
     <span class='ocr_line' id='line_1_30' title="bbox 2120 1588 3695 1665; baseline 0.006 -23"><span class='ocrx_word' id='word_1_220' title='bbox 2120 1588 2469 1655; x_wconf 84' lang='lat' dir='ltr'><strong>intellectum,</strong></span> <span class='ocrx_word' id='word_1_221' title='bbox 2505 1588 2806 1643; x_wconf 88' lang='lat' dir='ltr'><strong>intellectus</strong></span> <span class='ocrx_word' id='word_1_222' title='bbox 2836 1589 3019 1665; x_wconf 89' lang='lat' dir='ltr'><strong>utique</strong></span> <span class='ocrx_word' id='word_1_223' title='bbox 3049 1592 3151 1644; x_wconf 89' lang='lat' dir='ltr'><strong>erit</strong></span> <span class='ocrx_word' id='word_1_224' title='bbox 3177 1591 3582 1662; x_wconf 86' lang='lat' dir='ltr'><strong>principiorum.</strong></span> <span class='ocrx_word' id='word_1_225' title='bbox 3617 1593 3695 1652; x_wconf 78' lang='lat' dir='ltr'><strong>Ex</strong></span> 
     </span>
    </p>
   </div>
   <div class='ocr_carea' id='block_1_31' title="bbox 2120 1682 3695 1756">
    <p class='ocr_par' dir='ltr' id='par_1_31' title="bbox 2120 1682 3695 1756">
     <span class='ocr_line' id='line_1_31' title="bbox 2120 1682 3695 1756; baseline 0.004 -20"><span class='ocrx_word' id='word_1_226' title='bbox 2120 1682 2201 1736; x_wconf 86' lang='lat' dir='ltr'><strong>bis</strong></span> <span class='ocrx_word' id='word_1_227' title='bbox 2223 1682 2687 1737; x_wconf 85' lang='lat' dir='ltr'><strong>considerantibus</strong></span> <span class='ocrx_word' id='word_1_228' title='bbox 2714 1693 2767 1738; x_wconf 88' lang='lat' dir='ltr'><strong>et</strong></span> <span class='ocrx_word' id='word_1_229' title='bbox 2796 1683 3045 1753; x_wconf 89' lang='lat' dir='ltr'><strong>quoniam</strong></span> <span class='ocrx_word' id='word_1_230' title='bbox 3063 1685 3534 1740; x_wconf 84' lang='lat' dir='ltr'><strong>demonstrationis</strong></span> <span class='ocrx_word' id='word_1_231' title='bbox 3554 1687 3695 1756; x_wconf 67' lang='lat' dir='ltr'><strong>prilk</strong></span> 
     </span>
    </p>
   </div>
   <div class='ocr_carea' id='block_1_32' title="bbox 2119 1762 3697 1847">
    <p class='ocr_par' dir='ltr' id='par_1_32' title="bbox 2119 1762 3697 1847">
     <span class='ocr_line' id='line_1_32' title="bbox 2119 1762 3697 1847; baseline 0.002 -16"><span class='ocrx_word' id='word_1_232' title='bbox 2119 1776 2313 1847; x_wconf 89' lang='lat' dir='ltr'><strong>cipinm</strong></span> <span class='ocrx_word' id='word_1_233' title='bbox 2340 1792 2444 1831; x_wconf 91' lang='lat' dir='ltr'><strong>non</strong></span> <span class='ocrx_word' id='word_1_234' title='bbox 2469 1777 2877 1844; x_wconf 87' lang='lat' dir='ltr'><strong>demonstratio,</strong></span> <span class='ocrx_word' id='word_1_235' title='bbox 2896 1792 3061 1847; x_wconf 90' lang='lat' dir='ltr'><strong>quare</strong></span> <span class='ocrx_word' id='word_1_236' title='bbox 3088 1792 3258 1847; x_wconf 90' lang='lat' dir='ltr'><strong>neque</strong></span> <span class='ocrx_word' id='word_1_237' title='bbox 3275 1780 3511 1834; x_wconf 69' lang='lat' dir='ltr'><strong>scientiae</strong></span> <span class='ocrx_word' id='word_1_238' title='bbox 3527 1762 3697 1835; x_wconf 50' lang='lat' dir='ltr'><strong>sciené</strong></span> 
     </span>
    </p>
   </div>
   <div class='ocr_carea' id='block_1_33' title="bbox 435 1846 2881 1940">
    <p class='ocr_par' dir='ltr' id='par_1_33' title="bbox 435 1846 2875 1940">
     <span class='ocr_line' id='line_1_33' title="bbox 435 1846 2875 1940; baseline 0.003 -27"><span class='ocrx_word' id='word_1_239' title='bbox 435 1869 536 1928; x_wconf 84' lang='lat' dir='ltr'><strong>est,</strong></span> <span class='ocrx_word' id='word_1_240' title='bbox 570 1861 763 1916; x_wconf 89' lang='lat' dir='ltr'><strong>iterum</strong></span> <span class='ocrx_word' id='word_1_241' title='bbox 794 1860 1052 1927; x_wconf 89' lang='lat' dir='ltr'><strong>dicamus;</strong></span> <span class='ocrx_word' id='word_1_242' title='bbox 1072 1870 1250 1918; x_wconf 88' lang='lat' dir='ltr'><strong>stante</strong></span> <span class='ocrx_word' id='word_1_243' title='bbox 1280 1864 1421 1918; x_wconf 89' lang='lat' dir='ltr'><strong>enim</strong></span> <span class='ocrx_word' id='word_1_244' title='bbox 1450 1878 1555 1917; x_wconf 90' lang='lat' dir='ltr'><strong>uno</strong></span> <span class='ocrx_word' id='word_1_245' title='bbox 1576 1861 2012 1929; x_wconf 69' lang='lat' dir='ltr'><strong>indideremium,</strong></span> <span class='ocrx_word' id='word_1_246' title='bbox 2047 1846 2095 1909; x_wconf 77' lang='grc' dir='ltr'>Β</span> <span class='ocrx_word' id='word_1_247' title='bbox 2127 1846 2219 1937; x_wconf 60' lang='lat' dir='ltr'><strong>iis,</strong></span> <span class='ocrx_word' id='word_1_248' title='bbox 2246 1872 2289 1925; x_wconf 82' lang='lat' dir='ltr'><strong>si</strong></span> <span class='ocrx_word' id='word_1_249' title='bbox 2310 1870 2469 1940; x_wconf 72' lang='lat' dir='ltr'><strong>igitur</strong></span> <span class='ocrx_word' id='word_1_250' title='bbox 2499 1870 2701 1925; x_wconf 86' lang='lat' dir='ltr'><strong>nullum</strong></span> <span class='ocrx_word' id='word_1_251' title='bbox 2731 1870 2875 1924; x_wconf 82' lang='lat' dir='ltr'><strong>aliud</strong></span> 
     </span>
    </p>
   </div>
   <div class='ocr_carea' id='block_1_34' title="bbox 2099 1846 3697 1940">
    <p class='ocr_par' dir='ltr' id='par_1_34' title="bbox 2127 1846 3697 1940">
     <span class='ocr_line' id='line_1_34' title="bbox 2127 1846 3697 1940; baseline 0.004 -15"><span class='ocrx_word' id='word_1_252' title='bbox 2127 1846 2219 1937; x_wconf 86' lang='lat' dir='ltr'><strong>tia,</strong></span> <span class='ocrx_word' id='word_1_253' title='bbox 2246 1872 2289 1925; x_wconf 87' lang='lat' dir='ltr'><strong>si</strong></span> <span class='ocrx_word' id='word_1_254' title='bbox 2310 1870 2469 1940; x_wconf 87' lang='lat' dir='ltr'><strong>igitur</strong></span> <span class='ocrx_word' id='word_1_255' title='bbox 2499 1870 2701 1925; x_wconf 90' lang='lat' dir='ltr'><strong>nullum</strong></span> <span class='ocrx_word' id='word_1_256' title='bbox 2731 1870 2875 1924; x_wconf 90' lang='lat' dir='ltr'><strong>aliud</strong></span> <span class='ocrx_word' id='word_1_257' title='bbox 2909 1846 3100 1940; x_wconf 67' lang='lat' dir='ltr'><strong>praeter</strong></span> <span class='ocrx_word' id='word_1_258' title='bbox 3137 1846 3413 1927; x_wconf 85' lang='lat' dir='ltr'><strong>scientiam</strong></span> <span class='ocrx_word' id='word_1_259' title='bbox 3446 1872 3697 1932; x_wconf 76' lang='lat' dir='ltr'><strong>habemus</strong></span> 
     </span>
    </p>
   </div>
   <div class='ocr_carea' id='block_1_35' title="bbox 435 1952 2015 2027">
    <p class='ocr_par' dir='ltr' id='par_1_35' title="bbox 435 1952 2015 2027">
     <span class='ocr_line' id='line_1_35' title="bbox 435 1952 2015 2027; baseline 0.006 -22"><span class='ocrx_word' id='word_1_260' title='bbox 435 1952 665 2021; x_wconf 87' lang='lat' dir='ltr'><strong>primum</strong></span> <span class='ocrx_word' id='word_1_261' title='bbox 694 1952 910 2022; x_wconf 89' lang='lat' dir='ltr'><strong>quidem</strong></span> <span class='ocrx_word' id='word_1_262' title='bbox 942 1955 992 2009; x_wconf 91' lang='lat' dir='ltr'><strong>in</strong></span> <span class='ocrx_word' id='word_1_263' title='bbox 1019 1957 1198 2010; x_wconf 39' lang='lat' dir='ltr'><strong>a‘iima</strong></span> <span class='ocrx_word' id='word_1_264' title='bbox 1238 1956 1540 2011; x_wconf 81' lang='lat' dir='ltr'><strong>universale</strong></span> <span class='ocrx_word' id='word_1_265' title='bbox 1569 1966 1671 2020; x_wconf 89' lang='lat' dir='ltr'><strong>est,</strong></span> <span class='ocrx_word' id='word_1_266' title='bbox 1704 1966 1758 2012; x_wconf 91' lang='lat' dir='ltr'><strong>et</strong></span> <span class='ocrx_word' id='word_1_267' title='bbox 1787 1972 2015 2027; x_wconf 84' lang='lat' dir='ltr'><strong>namque</strong></span> 
     </span>
    </p>
   </div>
   <div class='ocr_carea' id='block_1_36' title="bbox 436 2041 2014 2115">
    <p class='ocr_par' dir='ltr' id='par_1_36' title="bbox 436 2041 2014 2115">
     <span class='ocr_line' id='line_1_36' title="bbox 436 2041 2014 2115; baseline 0.005 -19"><span class='ocrx_word' id='word_1_268' title='bbox 436 2041 636 2097; x_wconf 85' lang='lat' dir='ltr'><strong>sentire</strong></span> <span class='ocrx_word' id='word_1_269' title='bbox 676 2042 893 2112; x_wconf 88' lang='lat' dir='ltr'><strong>quidem</strong></span> <span class='ocrx_word' id='word_1_270' title='bbox 925 2047 1212 2115; x_wconf 80' lang='lat' dir='ltr'><strong>singulare,</strong></span> <span class='ocrx_word' id='word_1_271' title='bbox 1260 2061 1450 2103; x_wconf 89' lang='lat' dir='ltr'><strong>sensus</strong></span> <span class='ocrx_word' id='word_1_272' title='bbox 1478 2057 1654 2102; x_wconf 89' lang='lat' dir='ltr'><strong>autem</strong></span> <span class='ocrx_word' id='word_1_273' title='bbox 1702 2049 2014 2104; x_wconf 83' lang='lat' dir='ltr'><strong>universalis</strong></span> 
     </span>
    </p>
   </div>
   <div class='ocr_carea' id='block_1_37' title="bbox 434 2138 2012 2204">
    <p class='ocr_par' dir='ltr' id='par_1_37' title="bbox 434 2138 2012 2204">
     <span class='ocr_line' id='line_1_37' title="bbox 434 2138 2012 2204; baseline 0.008 -15"><span class='ocrx_word' id='word_1_274' title='bbox 434 2143 535 2201; x_wconf 89' lang='lat' dir='ltr'><strong>est,</strong></span> <span class='ocrx_word' id='word_1_275' title='bbox 568 2148 623 2190; x_wconf 92' lang='lat' dir='ltr'><strong>ut</strong></span> <span class='ocrx_word' id='word_1_276' title='bbox 652 2138 903 2204; x_wconf 90' lang='lat' dir='ltr'><strong>hominis,</strong></span> <span class='ocrx_word' id='word_1_277' title='bbox 936 2156 1038 2194; x_wconf 92' lang='lat' dir='ltr'><strong>non</strong></span> <span class='ocrx_word' id='word_1_278' title='bbox 1086 2142 1270 2197; x_wconf 57' lang='lat' dir='ltr'><strong>Calliae</strong></span> <span class='ocrx_word' id='word_1_279' title='bbox 1296 2143 1543 2199; x_wconf 90' lang='lat' dir='ltr'><strong>hominis.</strong></span> <span class='ocrx_word' id='word_1_280' title='bbox 1588 2145 1785 2199; x_wconf 88' lang='lat' dir='ltr'><strong>lterum</strong></span> <span class='ocrx_word' id='word_1_281' title='bbox 1830 2147 1879 2199; x_wconf 92' lang='lat' dir='ltr'><strong>in</strong></span> <span class='ocrx_word' id='word_1_282' title='bbox 1930 2145 2012 2202; x_wconf 84' lang='lat' dir='ltr'><strong>bis</strong></span> 
     </span>
    </p>
   </div>
   <div class='ocr_carea' id='block_1_38' title="bbox 433 2234 2012 2305">
    <p class='ocr_par' dir='ltr' id='par_1_38' title="bbox 433 2234 2012 2305">
     <span class='ocr_line' id='line_1_38' title="bbox 433 2234 2012 2305; baseline 0.008 -22"><span class='ocrx_word' id='word_1_283' title='bbox 433 2237 622 2297; x_wconf 83' lang='lat' dir='ltr'><strong>statur,</strong></span> <span class='ocrx_word' id='word_1_284' title='bbox 654 2245 930 2302; x_wconf 89' lang='lat' dir='ltr'><strong>quousque</strong></span> <span class='ocrx_word' id='word_1_285' title='bbox 958 2235 1035 2289; x_wconf 90' lang='lat' dir='ltr'><strong>uti</strong></span> <span class='ocrx_word' id='word_1_286' title='bbox 1065 2234 1405 2305; x_wconf 87' lang='lat' dir='ltr'><strong>impartibilia</strong></span> <span class='ocrx_word' id='word_1_287' title='bbox 1428 2244 1569 2291; x_wconf 85' lang='lat' dir='ltr'><strong>stent</strong></span> <span class='ocrx_word' id='word_1_288' title='bbox 1593 2248 1646 2292; x_wconf 90' lang='lat' dir='ltr'><strong>et</strong></span> <span class='ocrx_word' id='word_1_289' title='bbox 1670 2239 2012 2303; x_wconf 88' lang='lat' dir='ltr'><strong>universalia.</strong></span> 
     </span>
    </p>
   </div>
   <div class='ocr_carea' id='block_1_39' title="bbox 2122 1962 3697 2034">
    <p class='ocr_par' dir='ltr' id='par_1_39' title="bbox 2122 1962 3697 2034">
     <span class='ocr_line' id='line_1_39' title="bbox 2122 1962 3697 2034; baseline 0.001 -17"><span class='ocrx_word' id='word_1_290' title='bbox 2122 1976 2289 2034; x_wconf 89' lang='lat' dir='ltr'><strong>genus</strong></span> <span class='ocrx_word' id='word_1_291' title='bbox 2317 1978 2524 2027; x_wconf 87' lang='lat' dir='ltr'><strong>verum,</strong></span> <span class='ocrx_word' id='word_1_292' title='bbox 2557 1962 2859 2017; x_wconf 64' lang='lat' dir='ltr'><strong>intellectus</strong></span> <span class='ocrx_word' id='word_1_293' title='bbox 2887 1963 3070 2032; x_wconf 90' lang='lat' dir='ltr'><strong>utique</strong></span> <span class='ocrx_word' id='word_1_294' title='bbox 3107 1963 3211 2018; x_wconf 89' lang='lat' dir='ltr'><strong>erit</strong></span> <span class='ocrx_word' id='word_1_295' title='bbox 3235 1964 3474 2019; x_wconf 62' lang='lat' dir='ltr'><strong>scientiae</strong></span> <span class='ocrx_word' id='word_1_296' title='bbox 3502 1964 3697 2033; x_wconf 52' lang='lat' dir='ltr'><strong>prinei.</strong></span> 
     </span>
    </p>
   </div>
   <div class='ocr_carea' id='block_1_40' title="bbox 2122 2053 3695 2125">
    <p class='ocr_par' dir='ltr' id='par_1_40' title="bbox 2122 2053 3695 2125">
     <span class='ocr_line' id='line_1_40' title="bbox 2122 2053 3695 2125; baseline 0.002 -17"><span class='ocrx_word' id='word_1_297' title='bbox 2122 2055 2292 2125; x_wconf 88' lang='lat' dir='ltr'><strong>pium,</strong></span> <span class='ocrx_word' id='word_1_298' title='bbox 2318 2064 2374 2109; x_wconf 90' lang='lat' dir='ltr'><strong>et</strong></span> <span class='ocrx_word' id='word_1_299' title='bbox 2415 2054 2733 2124; x_wconf 87' lang='lat' dir='ltr'><strong>principium</strong></span> <span class='ocrx_word' id='word_1_300' title='bbox 2786 2053 3002 2123; x_wconf 89' lang='lat' dir='ltr'><strong>quidem</strong></span> <span class='ocrx_word' id='word_1_301' title='bbox 3057 2053 3300 2123; x_wconf 84' lang='lat' dir='ltr'><strong>principii</strong></span> <span class='ocrx_word' id='word_1_302' title='bbox 3348 2055 3449 2108; x_wconf 90' lang='lat' dir='ltr'><strong>erit</strong></span> <span class='ocrx_word' id='word_1_303' title='bbox 3479 2054 3695 2125; x_wconf 89' lang='lat' dir='ltr'><strong>utique:</strong></span> 
     </span>
    </p>
   </div>
   <div class='ocr_carea' id='block_1_41' title="bbox 2123 2145 3528 2202">
    <p class='ocr_par' dir='ltr' id='par_1_41' title="bbox 2123 2145 3528 2202">
     <span class='ocr_line' id='line_1_41' title="bbox 2123 2145 3528 2202; baseline 0.001 -2"><span class='ocrx_word' id='word_1_304' title='bbox 2123 2160 2283 2201; x_wconf 89' lang='lat' dir='ltr'><strong>omne</strong></span> <span class='ocrx_word' id='word_1_305' title='bbox 2312 2154 2488 2201; x_wconf 88' lang='lat' dir='ltr'><strong>autem</strong></span> <span class='ocrx_word' id='word_1_306' title='bbox 2517 2145 2766 2201; x_wconf 87' lang='lat' dir='ltr'><strong>similiter</strong></span> <span class='ocrx_word' id='word_1_307' title='bbox 2787 2159 2845 2200; x_wconf 91' lang='lat' dir='ltr'><strong>se</strong></span> <span class='ocrx_word' id='word_1_308' title='bbox 2871 2145 3030 2200; x_wconf 85' lang='lat' dir='ltr'><strong>habet</strong></span> <span class='ocrx_word' id='word_1_309' title='bbox 3053 2145 3118 2199; x_wconf 91' lang='lat' dir='ltr'><strong>ad</strong></span> <span class='ocrx_word' id='word_1_310' title='bbox 3148 2161 3260 2201; x_wconf 92' lang='lat' dir='ltr'><strong>rem</strong></span> <span class='ocrx_word' id='word_1_311' title='bbox 3292 2160 3528 2202; x_wconf 90' lang='lat' dir='ltr'><strong>omnem.</strong></span> 
     </span>
    </p>
   </div>
   <div class='ocr_carea' id='block_1_42' title="bbox 2614 2300 2651 2337">
    <p class='ocr_par' dir='ltr' id='par_1_42' title="bbox 2614 2300 2651 2337">
     <span class='ocr_line' id='line_1_42' title="bbox 2614 2300 2651 2337; baseline 0 -2"><span class='ocrx_word' id='word_1_312' title='bbox 2614 2300 2651 2337; x_wconf 66' lang='grc' dir='ltr'><strong><em>ο</em></strong></span> 
     </span>
    </p>
   </div>
   <div class='ocr_carea' id='block_1_43' title="bbox 431 2373 3689 2435">
    <p class='ocr_par' dir='ltr' id='par_1_43' title="bbox 431 2373 3689 2435">
     <span class='ocr_line' id='line_1_43' title="bbox 431 2373 3689 2435; baseline 0.003 -10"><span class='ocrx_word' id='word_1_313' title='bbox 431 2373 3689 2435; x_wconf 44' lang='grc' dir='ltr'><strong>Μ</strong></span> 
     </span>
    </p>
   </div>
   <div class='ocr_carea' id='block_1_44' title="bbox 1082 2562 2992 2673">
    <p class='ocr_par' dir='ltr' id='par_1_44' title="bbox 1082 2562 2992 2673">
     <span class='ocr_line' id='line_1_44' title="bbox 1082 2562 2992 2673; baseline 0.003 -9"><span class='ocrx_word' id='word_1_314' title='bbox 1082 2562 1352 2665; x_wconf 82' lang='grc' dir='ltr'><strong>ΑΝ.</strong></span> <span class='ocrx_word' id='word_1_315' title='bbox 1429 2563 1919 2670; x_wconf 81' lang='lat' dir='ltr'><strong>MANL.</strong></span> <span class='ocrx_word' id='word_1_316' title='bbox 2012 2564 2374 2670; x_wconf 84' lang='lat' dir='ltr'><strong>SEV.</strong></span> <span class='ocrx_word' id='word_1_317' title='bbox 2460 2566 2992 2673; x_wconf 82' lang='lat' dir='ltr'><strong>BOETII</strong></span> 
     </span>
    </p>
   </div>
   <div class='ocr_carea' id='block_1_45' title="bbox 402 2798 3682 2984">
    <p class='ocr_par' dir='ltr' id='par_1_45' title="bbox 402 2798 3682 2984">
     <span class='ocr_line' id='line_1_45' title="bbox 402 2798 3682 2984; baseline 0.002 -42"><span class='ocrx_word' id='word_1_318' title='bbox 402 2798 1411 2942; x_wconf 24' lang='lat' dir='ltr'><strong>&#39;lNTRODUCTIO</strong></span> <span class='ocrx_word' id='word_1_319' title='bbox 1442 2823 3682 2984; x_wconf 24' lang='lat' dir='ltr'><strong>ADISYLLOGISMOSCATEGORIGOS.</strong></span> 
     </span>
    </p>
   </div>
   <div class='ocr_carea' id='block_1_46' title="bbox 508 3179 3692 3254">
    <p class='ocr_par' dir='ltr' id='par_1_46' title="bbox 508 3179 3692 3254">
     <span class='ocr_line' id='line_1_46' title="bbox 508 3179 3692 3254; baseline -0.002 -12"><span class='ocrx_word' id='word_1_320' title='bbox 508 3186 669 3242; x_wconf 82' lang='lat' dir='ltr'><strong>Multa</strong></span> <span class='ocrx_word' id='word_1_321' title='bbox 702 3193 910 3239; x_wconf 87' lang='lat' dir='ltr'><strong>veteres</strong></span> <span class='ocrx_word' id='word_1_322' title='bbox 940 3181 1290 3254; x_wconf 75' lang='lat' dir='ltr'><strong>philosophiae</strong></span> <span class='ocrx_word' id='word_1_323' title='bbox 1317 3181 1479 3236; x_wconf 89' lang='lat' dir='ltr'><strong>duces</strong></span> <span class='ocrx_word' id='word_1_324' title='bbox 1512 3180 1868 3250; x_wconf 86' lang='lat' dir='ltr'><strong>posteriorum</strong></span> <span class='ocrx_word' id='word_1_325' title='bbox 1898 3189 2017 3234; x_wconf 89' lang='lat' dir='ltr'><strong>stu-</strong></span> <span class='ocrx_word' id='word_1_326' title='bbox 2045 3180 2093 3245; x_wconf 86' lang='lat' dir='ltr'><strong><em>C</em></strong></span> <span class='ocrx_word' id='word_1_327' title='bbox 2126 3179 2410 3250; x_wconf 86' lang='lat' dir='ltr'><strong>prehendit</strong></span> <span class='ocrx_word' id='word_1_328' title='bbox 2456 3179 2696 3235; x_wconf 76' lang='lat' dir='ltr'><strong>discendi</strong></span> <span class='ocrx_word' id='word_1_329' title='bbox 2731 3189 2882 3234; x_wconf 89' lang='lat' dir='ltr'><strong>vetus</strong></span> <span class='ocrx_word' id='word_1_330' title='bbox 2926 3194 2988 3234; x_wconf 91' lang='lat' dir='ltr'><strong>ac</strong></span> <span class='ocrx_word' id='word_1_331' title='bbox 3020 3180 3172 3250; x_wconf 89' lang='lat' dir='ltr'><strong>longa</strong></span> <span class='ocrx_word' id='word_1_332' title='bbox 3224 3182 3499 3252; x_wconf 74' lang='lat' dir='ltr'><strong>segnities,</strong></span> <span class='ocrx_word' id='word_1_333' title='bbox 3549 3189 3603 3235; x_wconf 91' lang='lat' dir='ltr'><strong>ut</strong></span> <span class='ocrx_word' id='word_1_334' title='bbox 3640 3181 3692 3236; x_wconf 88' lang='lat' dir='ltr'><strong>al</strong></span> 
     </span>
    </p>
   </div>
   <div class='ocr_carea' id='block_1_47' title="bbox 437 3269 2019 3353">
    <p class='ocr_par' dir='ltr' id='par_1_47' title="bbox 437 3269 2019 3353">
     <span class='ocr_line' id='line_1_47' title="bbox 437 3269 2019 3353; baseline -0.005 -23"><span class='ocrx_word' id='word_1_335' title='bbox 437 3278 540 3332; x_wconf 88' lang='lat' dir='ltr'><strong>diis</strong></span> <span class='ocrx_word' id='word_1_336' title='bbox 564 3276 925 3353; x_wconf 79' lang='lat' dir='ltr'><strong>contulerunt,</strong></span> <span class='ocrx_word' id='word_1_337' title='bbox 972 3274 1022 3327; x_wconf 89' lang='lat' dir='ltr'><strong>in</strong></span> <span class='ocrx_word' id='word_1_338' title='bbox 1068 3272 1261 3342; x_wconf 90' lang='lat' dir='ltr'><strong>quibus</strong></span> <span class='ocrx_word' id='word_1_339' title='bbox 1295 3271 1603 3341; x_wconf 86' lang='lat' dir='ltr'><strong>priusquam</strong></span> <span class='ocrx_word' id='word_1_340' title='bbox 1651 3269 1717 3323; x_wconf 89' lang='lat' dir='ltr'><strong>ad</strong></span> <span class='ocrx_word' id='word_1_341' title='bbox 1772 3283 1859 3324; x_wconf 90' lang='lat' dir='ltr'><strong>res</strong></span> <span class='ocrx_word' id='word_1_342' title='bbox 1889 3286 2019 3340; x_wconf 88' lang='lat' dir='ltr'><strong>pro—</strong></span> 
     </span>
    </p>
   </div>
   <div class='ocr_carea' id='block_1_48' title="bbox 435 3363 2025 3443">
    <p class='ocr_par' dir='ltr' id='par_1_48' title="bbox 435 3363 2025 3443">
     <span class='ocr_line' id='line_1_48' title="bbox 435 3363 2025 3443; baseline -0.005 -16"><span class='ocrx_word' id='word_1_343' title='bbox 435 3370 601 3443; x_wconf 65' lang='lat' dir='ltr'><strong>funda</strong></span> <span class='ocrx_word' id='word_1_344' title='bbox 633 3383 837 3424; x_wconf 88' lang='lat' dir='ltr'><strong>mersas</strong></span> <span class='ocrx_word' id='word_1_345' title='bbox 868 3367 1095 3437; x_wconf 80' lang='lat' dir='ltr'><strong>caligine</strong></span> <span class='ocrx_word' id='word_1_346' title='bbox 1136 3363 1727 3437; x_wconf 85' lang='lat' dir='ltr'><strong>pervenirentquadam</strong></span> <span class='ocrx_word' id='word_1_347' title='bbox 1757 3366 1908 3434; x_wconf 88' lang='lat' dir='ltr'><strong>quasi</strong></span> <span class='ocrx_word' id='word_1_348' title='bbox 1945 3366 2025 3419; x_wconf 85' lang='lat' dir='ltr'><strong>in-</strong></span> 
     </span>
    </p>
   </div>
   <div class='ocr_carea' id='block_1_49' title="bbox 437 3455 2020 3534">
    <p class='ocr_par' dir='ltr' id='par_1_49' title="bbox 437 3455 2020 3534">
     <span class='ocr_line' id='line_1_49' title="bbox 437 3455 2020 3534; baseline -0.004 -16"><span class='ocrx_word' id='word_1_349' title='bbox 437 3462 743 3534; x_wconf 77' lang='lat' dir='ltr'><strong>telligentite</strong></span> <span class='ocrx_word' id='word_1_350' title='bbox 765 3459 1057 3515; x_wconf 90' lang='lat' dir='ltr'><strong>luctatione</strong></span> <span class='ocrx_word' id='word_1_351' title='bbox 1074 3458 1430 3529; x_wconf 80' lang='lat' dir='ltr'><strong>pra-luderent</strong></span> <span class='ocrx_word' id='word_1_352' title='bbox 1451 3474 1462 3508; x_wconf 89' lang='lat'>:</span> <span class='ocrx_word' id='word_1_353' title='bbox 1485 3456 1608 3509; x_wconf 90' lang='lat' dir='ltr'><strong>hinc</strong></span> <span class='ocrx_word' id='word_1_354' title='bbox 1631 3455 2020 3511; x_wconf 86' lang='lat' dir='ltr'><strong>institutionum</strong></span> 
     </span>
    </p>
   </div>
   <div class='ocr_carea' id='block_1_50' title="bbox 436 3548 2019 3626">
    <p class='ocr_par' dir='ltr' id='par_1_50' title="bbox 436 3548 2019 3626">
     <span class='ocr_line' id='line_1_50' title="bbox 436 3548 2019 3626; baseline -0.006 -13"><span class='ocrx_word' id='word_1_355' title='bbox 436 3556 648 3613; x_wconf 84' lang='lat' dir='ltr'><strong>brevior</strong></span> <span class='ocrx_word' id='word_1_356' title='bbox 687 3552 990 3626; x_wconf 88' lang='lat' dir='ltr'><strong>compendii</strong></span> <span class='ocrx_word' id='word_1_357' title='bbox 1046 3551 1297 3607; x_wconf 81' lang='lat' dir='ltr'><strong>facilitate</strong></span> <span class='ocrx_word' id='word_1_358' title='bbox 1344 3548 1609 3613; x_wconf 80' lang='lat' dir='ltr'><strong>doctrina,</strong></span> <span class='ocrx_word' id='word_1_359' title='bbox 1655 3549 1778 3602; x_wconf 88' lang='lat' dir='ltr'><strong>hinc</strong></span> <span class='ocrx_word' id='word_1_360' title='bbox 1828 3564 1922 3618; x_wconf 88' lang='lat' dir='ltr'><strong>per</strong></span> <span class='ocrx_word' id='word_1_361' title='bbox 1956 3564 2019 3603; x_wconf 86' lang='lat' dir='ltr'><strong>ea</strong></span> 
     </span>
    </p>
   </div>
   <div class='ocr_carea' id='block_1_51' title="bbox 437 3642 2017 3726">
    <p class='ocr_par' dir='ltr' id='par_1_51' title="bbox 437 3642 2017 3726">
     <span class='ocr_line' id='line_1_51' title="bbox 437 3642 2017 3726; baseline -0.005 -22"><span class='ocrx_word' id='word_1_362' title='bbox 437 3666 554 3723; x_wconf 73' lang='lat' dir='ltr'><strong>qua:</strong></span> <span class='ocrx_word' id='word_1_363' title='bbox 582 3650 654 3705; x_wconf 92' lang='lat' dir='ltr'><strong>illi</strong></span> <span class='ocrx_word' id='word_1_364' title='bbox 684 3649 1027 3726; x_wconf 69' lang='grc' dir='ltr'><strong>προλεγὸμενα</strong></span> <span class='ocrx_word' id='word_1_365' title='bbox 1056 3653 1269 3710; x_wconf 91' lang='lat' dir='ltr'><strong>vocant,</strong></span> <span class='ocrx_word' id='word_1_366' title='bbox 1302 3642 1367 3697; x_wconf 88' lang='lat' dir='ltr'><strong>ad</strong></span> <span class='ocrx_word' id='word_1_367' title='bbox 1400 3642 1803 3713; x_wconf 78' lang='lat' dir='ltr'><strong>intelligentiam</strong></span> <span class='ocrx_word' id='word_1_368' title='bbox 1834 3657 2017 3713; x_wconf 86' lang='lat' dir='ltr'><strong>prorn-</strong></span> 
     </span>
    </p>
   </div>
   <div class='ocr_carea' id='block_1_52' title="bbox 433 3737 2021 3822">
    <p class='ocr_par' dir='ltr' id='par_1_52' title="bbox 433 3737 2021 3822">
     <span class='ocr_line' id='line_1_52' title="bbox 433 3737 2021 3822; baseline -0.003 -26"><span class='ocrx_word' id='word_1_369' title='bbox 433 3743 577 3817; x_wconf 85' lang='lat' dir='ltr'><strong>ptior</strong></span> <span class='ocrx_word' id='word_1_370' title='bbox 605 3742 689 3796; x_wconf 89' lang='lat' dir='ltr'><strong>via</strong></span> <span class='ocrx_word' id='word_1_371' title='bbox 721 3742 976 3796; x_wconf 87' lang='lat' dir='ltr'><strong>munitur.</strong></span> <span class='ocrx_word' id='word_1_372' title='bbox 1023 3740 1191 3822; x_wconf 78' lang='lat' dir='ltr'><strong>llujus</strong></span> <span class='ocrx_word' id='word_1_373' title='bbox 1220 3738 1379 3807; x_wconf 81' lang='lat' dir='ltr'><strong>igitur</strong></span> <span class='ocrx_word' id='word_1_374' title='bbox 1408 3737 1633 3790; x_wconf 65' lang='lat' dir='ltr'><strong>aemulus</strong></span> <span class='ocrx_word' id='word_1_375' title='bbox 1674 3737 2021 3805; x_wconf 76' lang='lat' dir='ltr'><strong>providentia:</strong></span> 
     </span>
    </p>
   </div>
   <div class='ocr_carea' id='block_1_53' title="bbox 435 3828 2021 3898">
    <p class='ocr_par' dir='ltr' id='par_1_53' title="bbox 435 3828 2021 3898">
     <span class='ocr_line' id='line_1_53' title="bbox 435 3828 2021 3898; baseline -0.006 -5"><span class='ocrx_word' id='word_1_376' title='bbox 435 3837 596 3893; x_wconf 78' lang='lat' dir='ltr'><strong>statui</strong></span> <span class='ocrx_word' id='word_1_377' title='bbox 612 3835 957 3890; x_wconf 87' lang='lat' dir='ltr'><strong>obscurarum</strong></span> <span class='ocrx_word' id='word_1_378' title='bbox 974 3831 1145 3886; x_wconf 88' lang='lat' dir='ltr'><strong>aditus</strong></span> <span class='ocrx_word' id='word_1_379' title='bbox 1162 3829 1524 3886; x_wconf 90' lang='lat' dir='ltr'><strong>doctrinarum</strong></span> <span class='ocrx_word' id='word_1_380' title='bbox 1551 3828 1839 3898; x_wconf 73' lang='lat' dir='ltr'><strong>prtemissm</strong></span> <span class='ocrx_word' id='word_1_381' title='bbox 1869 3829 2021 3884; x_wconf 83' lang='lat' dir='ltr'><strong>insli-</strong></span> 
     </span>
    </p>
   </div>
   <div class='ocr_carea' id='block_1_54' title="bbox 440 3918 2018 3991">
    <p class='ocr_par' dir='ltr' id='par_1_54' title="bbox 440 3918 2018 3991">
     <span class='ocr_line' id='line_1_54' title="bbox 440 3918 2018 3991; baseline -0.004 -11"><span class='ocrx_word' id='word_1_382' title='bbox 440 3925 665 3980; x_wconf 88' lang='lat' dir='ltr'><strong>tutionis</strong></span> <span class='ocrx_word' id='word_1_383' title='bbox 692 3924 809 3978; x_wconf 90' lang='lat' dir='ltr'><strong>luce</strong></span> <span class='ocrx_word' id='word_1_384' title='bbox 840 3937 1097 3986; x_wconf 88' lang='lat' dir='ltr'><strong>reserare,</strong></span> <span class='ocrx_word' id='word_1_385' title='bbox 1125 3933 1179 3976; x_wconf 90' lang='lat' dir='ltr'><strong>et</strong></span> <span class='ocrx_word' id='word_1_386' title='bbox 1208 3918 1548 3989; x_wconf 70' lang='lat' dir='ltr'><strong>&#39;prazsentem</strong></span> <span class='ocrx_word' id='word_1_387' title='bbox 1593 3934 1812 3988; x_wconf 88' lang='lat' dir='ltr'><strong>operam</strong></span> <span class='ocrx_word' id='word_1_388' title='bbox 1854 3921 2018 3991; x_wconf 84' lang='lat' dir='ltr'><strong>syllo-</strong></span> 
     </span>
    </p>
   </div>
   <div class='ocr_carea' id='block_1_55' title="bbox 439 4010 2015 4087">
    <p class='ocr_par' dir='ltr' id='par_1_55' title="bbox 439 4010 2015 4087">
     <span class='ocr_line' id='line_1_55' title="bbox 439 4010 2015 4087; baseline -0.003 -18"><span class='ocrx_word' id='word_1_389' title='bbox 439 4014 623 4087; x_wconf 87' lang='lat' dir='ltr'><strong>gismis</strong></span> <span class='ocrx_word' id='word_1_390' title='bbox 645 4028 871 4083; x_wconf 89' lang='lat' dir='ltr'><strong>quorum</strong></span> <span class='ocrx_word' id='word_1_391' title='bbox 890 4012 1312 4067; x_wconf 79' lang='lat' dir='ltr'><strong>connexionibus</strong></span> <span class='ocrx_word' id='word_1_392' title='bbox 1334 4010 1509 4065; x_wconf 90' lang='lat' dir='ltr'><strong>omnis</strong></span> <span class='ocrx_word' id='word_1_393' title='bbox 1525 4012 1665 4065; x_wconf 89' lang='lat' dir='ltr'><strong>ratio</strong></span> <span class='ocrx_word' id='word_1_394' title='bbox 1685 4012 2015 4079; x_wconf 86' lang='lat' dir='ltr'><strong>continetur,</strong></span> 
     </span>
    </p>
   </div>
   <div class='ocr_carea' id='block_1_56' title="bbox 436 4101 2020 4174">
    <p class='ocr_par' dir='ltr' id='par_1_56' title="bbox 436 4101 2020 4174">
     <span class='ocr_line' id='line_1_56' title="bbox 436 4101 2020 4174; baseline -0.004 -13"><span class='ocrx_word' id='word_1_395' title='bbox 436 4106 705 4172; x_wconf 79' lang='lat' dir='ltr'><strong>addicere,</strong></span> <span class='ocrx_word' id='word_1_396' title='bbox 739 4105 1063 4174; x_wconf 86' lang='lat' dir='ltr'><strong>modumque</strong></span> <span class='ocrx_word' id='word_1_397' title='bbox 1090 4118 1209 4158; x_wconf 91' lang='lat' dir='ltr'><strong>eum</strong></span> <span class='ocrx_word' id='word_1_398' title='bbox 1237 4104 1506 4157; x_wconf 89' lang='lat' dir='ltr'><strong>custodire</strong></span> <span class='ocrx_word' id='word_1_399' title='bbox 1538 4101 1772 4167; x_wconf 87' lang='lat' dir='ltr'><strong>dicendi,</strong></span> <span class='ocrx_word' id='word_1_400' title='bbox 1807 4111 1863 4154; x_wconf 89' lang='lat' dir='ltr'><strong>ut</strong></span> <span class='ocrx_word' id='word_1_401' title='bbox 1894 4101 2020 4156; x_wconf 77' lang='lat' dir='ltr'><strong>laci-</strong></span> 
     </span>
    </p>
   </div>
   <div class='ocr_carea' id='block_1_57' title="bbox 436 4194 2018 4268">
    <p class='ocr_par' dir='ltr' id='par_1_57' title="bbox 436 4194 2018 4268">
     <span class='ocr_line' id='line_1_57' title="bbox 436 4194 2018 4268; baseline -0.006 -13"><span class='ocrx_word' id='word_1_402' title='bbox 436 4198 570 4255; x_wconf 87' lang='lat' dir='ltr'><strong>litati</strong></span> <span class='ocrx_word' id='word_1_403' title='bbox 618 4208 776 4268; x_wconf 86' lang='lat' dir='ltr'><strong>atque</strong></span> <span class='ocrx_word' id='word_1_404' title='bbox 808 4194 1171 4266; x_wconf 71' lang='lat' dir='ltr'><strong>intelligentia:</strong></span> <span class='ocrx_word' id='word_1_405' title='bbox 1223 4196 1542 4260; x_wconf 89' lang='lat' dir='ltr'><strong>servientes,</strong></span> <span class='ocrx_word' id='word_1_406' title='bbox 1588 4195 1947 4263; x_wconf 86' lang='lat' dir='ltr'><strong>astringamus</strong></span> <span class='ocrx_word' id='word_1_407' title='bbox 1988 4208 2018 4247; x_wconf 88' lang='lat' dir='ltr'><strong>a</strong></span> 
     </span>
    </p>
   </div>
   <div class='ocr_carea' id='block_1_58' title="bbox 437 4282 2014 4354">
    <p class='ocr_par' dir='ltr' id='par_1_58' title="bbox 437 4282 2014 4354">
     <span class='ocr_line' id='line_1_58' title="bbox 437 4282 2014 4354; baseline -0.006 -8"><span class='ocrx_word' id='word_1_408' title='bbox 437 4282 707 4346; x_wconf 69' lang='lat' dir='ltr'><strong>vctei‘ibus</strong></span> <span class='ocrx_word' id='word_1_409' title='bbox 736 4288 875 4342; x_wconf 90' lang='lat' dir='ltr'><strong>dicta</strong></span> <span class='ocrx_word' id='word_1_410' title='bbox 909 4288 1086 4351; x_wconf 88' lang='lat' dir='ltr'><strong>latins,</strong></span> <span class='ocrx_word' id='word_1_411' title='bbox 1116 4286 1388 4341; x_wconf 87' lang='lat' dir='ltr'><strong>enuntiata</strong></span> <span class='ocrx_word' id='word_1_412' title='bbox 1413 4285 1632 4340; x_wconf 89' lang='lat' dir='ltr'><strong>brevius</strong></span> <span class='ocrx_word' id='word_1_413' title='bbox 1659 4286 2014 4354; x_wconf 86' lang='lat' dir='ltr'><strong>porrigamus,</strong></span> 
     </span>
    </p>
   </div>
   <div class='ocr_carea' id='block_1_59' title="bbox 436 4379 2019 4451">
    <p class='ocr_par' dir='ltr' id='par_1_59' title="bbox 436 4379 2019 4451">
     <span class='ocr_line' id='line_1_59' title="bbox 436 4379 2019 4451; baseline -0.003 -14"><span class='ocrx_word' id='word_1_414' title='bbox 436 4383 720 4437; x_wconf 84' lang='lat' dir='ltr'><strong>obscurata</strong></span> <span class='ocrx_word' id='word_1_415' title='bbox 753 4381 1026 4451; x_wconf 91' lang='lat' dir='ltr'><strong>improprii</strong></span> <span class='ocrx_word' id='word_1_416' title='bbox 1050 4382 1289 4435; x_wconf 89' lang='lat' dir='ltr'><strong>novitate</strong></span> <span class='ocrx_word' id='word_1_417' title='bbox 1311 4380 1577 4434; x_wconf 90' lang='lat' dir='ltr'><strong>sermonis</strong></span> <span class='ocrx_word' id='word_1_418' title='bbox 1599 4379 1837 4433; x_wconf 87' lang='lat' dir='ltr'><strong>consueti</strong></span> <span class='ocrx_word' id='word_1_419' title='bbox 1863 4392 2019 4433; x_wconf 82' lang='lat' dir='ltr'><strong>voca-</strong></span> 
     </span>
    </p>
   </div>
   <div class='ocr_carea' id='block_1_60' title="bbox 437 4470 2019 4543">
    <p class='ocr_par' dir='ltr' id='par_1_60' title="bbox 437 4470 2019 4543">
     <span class='ocr_line' id='line_1_60' title="bbox 437 4470 2019 4543; baseline -0.002 -14"><span class='ocrx_word' id='word_1_420' title='bbox 437 4472 549 4529; x_wconf 85' lang='lat' dir='ltr'><strong>buli</strong></span> <span class='ocrx_word' id='word_1_421' title='bbox 602 4473 921 4543; x_wconf 89' lang='lat' dir='ltr'><strong>proprietate</strong></span> <span class='ocrx_word' id='word_1_422' title='bbox 967 4474 1283 4543; x_wconf 71' lang='lat' dir='ltr'><strong>pandamus.</strong></span> <span class='ocrx_word' id='word_1_423' title='bbox 1338 4471 1442 4526; x_wconf 82' lang='lat' dir='ltr'><strong>Sed</strong></span> <span class='ocrx_word' id='word_1_424' title='bbox 1484 4472 1571 4539; x_wconf 90' lang='lat' dir='ltr'><strong>qui</strong></span> <span class='ocrx_word' id='word_1_425' title='bbox 1616 4470 1680 4524; x_wconf 89' lang='lat' dir='ltr'><strong>ad</strong></span> <span class='ocrx_word' id='word_1_426' title='bbox 1737 4471 1835 4526; x_wconf 90' lang='lat' dir='ltr'><strong>hoc</strong></span> <span class='ocrx_word' id='word_1_427' title='bbox 1885 4486 2019 4541; x_wconf 81' lang='lat' dir='ltr'><strong>Opus</strong></span> 
     </span>
    </p>
   </div>
   <div class='ocr_carea' id='block_1_61' title="bbox 2128 3273 3683 3344">
    <p class='ocr_par' dir='ltr' id='par_1_61' title="bbox 2128 3273 3683 3344">
     <span class='ocr_line' id='line_1_61' title="bbox 2128 3273 3683 3344; baseline 0.001 -17"><span class='ocrx_word' id='word_1_428' title='bbox 2128 3274 2358 3344; x_wconf 88' lang='lat' dir='ltr'><strong>arreptis</strong></span> <span class='ocrx_word' id='word_1_429' title='bbox 2382 3275 2547 3329; x_wconf 83' lang='lat' dir='ltr'><strong>semel</strong></span> <span class='ocrx_word' id='word_1_430' title='bbox 2582 3273 2925 3344; x_wconf 84' lang='lat' dir='ltr'><strong>opinionibus</strong></span> <span class='ocrx_word' id='word_1_431' title='bbox 2950 3289 3054 3328; x_wconf 91' lang='lat' dir='ltr'><strong>non</strong></span> <span class='ocrx_word' id='word_1_432' title='bbox 3079 3273 3351 3341; x_wconf 85' lang='lat' dir='ltr'><strong>recedant,</strong></span> <span class='ocrx_word' id='word_1_433' title='bbox 3384 3290 3451 3330; x_wconf 90' lang='lat' dir='ltr'><strong>ne</strong></span> <span class='ocrx_word' id='word_1_434' title='bbox 3472 3274 3524 3329; x_wconf 94' lang='lat' dir='ltr'><strong>in</strong></span> <span class='ocrx_word' id='word_1_435' title='bbox 3554 3289 3683 3329; x_wconf 83' lang='lat' dir='ltr'><strong>sene</strong></span> 
     </span>
    </p>
   </div>
   <div class='ocr_carea' id='block_1_62' title="bbox 2128 3363 3702 3435">
    <p class='ocr_par' dir='ltr' id='par_1_62' title="bbox 2128 3363 3702 3435">
     <span class='ocr_line' id='line_1_62' title="bbox 2128 3363 3702 3435; baseline 0.002 -15"><span class='ocrx_word' id='word_1_436' title='bbox 2128 3375 2271 3421; x_wconf 89' lang='lat' dir='ltr'><strong>ctute</strong></span> <span class='ocrx_word' id='word_1_437' title='bbox 2302 3366 2581 3434; x_wconf 84' lang='lat' dir='ltr'><strong>discendo,</strong></span> <span class='ocrx_word' id='word_1_438' title='bbox 2616 3365 2745 3419; x_wconf 91' lang='lat' dir='ltr'><strong>nihil</strong></span> <span class='ocrx_word' id='word_1_439' title='bbox 2788 3381 2955 3435; x_wconf 88' lang='lat' dir='ltr'><strong>usque</strong></span> <span class='ocrx_word' id='word_1_440' title='bbox 2985 3365 3035 3420; x_wconf 92' lang='lat' dir='ltr'><strong>in</strong></span> <span class='ocrx_word' id='word_1_441' title='bbox 3084 3376 3415 3421; x_wconf 88' lang='lat' dir='ltr'><strong>senectutem</strong></span> <span class='ocrx_word' id='word_1_442' title='bbox 3454 3363 3702 3423; x_wconf 69' lang='lat' dir='ltr'><strong>didicisse</strong></span> 
     </span>
    </p>
   </div>
   <div class='ocr_carea' id='block_1_63' title="bbox 2126 3457 3688 3529">
    <p class='ocr_par' dir='ltr' id='par_1_63' title="bbox 2126 3457 3688 3529">
     <span class='ocr_line' id='line_1_63' title="bbox 2126 3457 3688 3529; baseline 0.006 -20"><span class='ocrx_word' id='word_1_443' title='bbox 2126 3459 2459 3529; x_wconf 88' lang='lat' dir='ltr'><strong>videantur),</strong></span> <span class='ocrx_word' id='word_1_444' title='bbox 2512 3460 2580 3529; x_wconf 90' lang='lat' dir='ltr'><strong>si,</strong></span> <span class='ocrx_word' id='word_1_445' title='bbox 2614 3459 2848 3528; x_wconf 90' lang='lat' dir='ltr'><strong>inquam,</strong></span> <span class='ocrx_word' id='word_1_446' title='bbox 2880 3459 3082 3513; x_wconf 88' lang='lat' dir='ltr'><strong>malunt</strong></span> <span class='ocrx_word' id='word_1_447' title='bbox 3108 3457 3379 3514; x_wconf 87' lang='lat' dir='ltr'><strong>vindicare</strong></span> <span class='ocrx_word' id='word_1_448' title='bbox 3408 3473 3568 3529; x_wconf 85' lang='lat' dir='ltr'><strong>quam</strong></span> <span class='ocrx_word' id='word_1_449' title='bbox 3596 3476 3688 3519; x_wconf 85' lang='lat' dir='ltr'><strong>ver</strong></span> 
     </span>
    </p>
   </div>
   <div class='ocr_carea' id='block_1_64' title="bbox 2130 3549 3703 3622">
    <p class='ocr_par' dir='ltr' id='par_1_64' title="bbox 2130 3549 3703 3622">
     <span class='ocr_line' id='line_1_64' title="bbox 2130 3549 3703 3622; baseline 0.004 -16"><span class='ocrx_word' id='word_1_450' title='bbox 2130 3560 2246 3607; x_wconf 89' lang='lat' dir='ltr'><strong>tere</strong></span> <span class='ocrx_word' id='word_1_451' title='bbox 2284 3567 2404 3622; x_wconf 64' lang='lat' dir='ltr'><strong>qua:</strong></span> <span class='ocrx_word' id='word_1_452' title='bbox 2438 3549 2668 3621; x_wconf 83' lang='lat' dir='ltr'><strong>vulgatis</strong></span> <span class='ocrx_word' id='word_1_453' title='bbox 2714 3550 2882 3605; x_wconf 90' lang='lat' dir='ltr'><strong>semel</strong></span> <span class='ocrx_word' id='word_1_454' title='bbox 2930 3550 3117 3605; x_wconf 89' lang='lat' dir='ltr'><strong>studiis</strong></span> <span class='ocrx_word' id='word_1_455' title='bbox 3166 3550 3511 3619; x_wconf 75' lang='lat' dir='ltr'><strong>imbiberant,</strong></span> <span class='ocrx_word' id='word_1_456' title='bbox 3554 3567 3703 3612; x_wconf 67' lang='lat' dir='ltr'><strong>nemc</strong></span> 
     </span>
    </p>
   </div>
   <div class='ocr_carea' id='block_1_65' title="bbox 2125 3644 3704 3718">
    <p class='ocr_par' dir='ltr' id='par_1_65' title="bbox 2125 3644 3704 3718">
     <span class='ocr_line' id='line_1_65' title="bbox 2125 3644 3704 3718; baseline 0.001 -18"><span class='ocrx_word' id='word_1_457' title='bbox 2125 3645 2323 3715; x_wconf 69' lang='lat' dir='ltr'><strong>espetit</strong></span> <span class='ocrx_word' id='word_1_458' title='bbox 2362 3656 2417 3699; x_wconf 92' lang='lat' dir='ltr'><strong>ut</strong></span> <span class='ocrx_word' id='word_1_459' title='bbox 2454 3645 2629 3714; x_wconf 85' lang='lat' dir='ltr'><strong>priora</strong></span> <span class='ocrx_word' id='word_1_460' title='bbox 2681 3644 3063 3709; x_wconf 84' lang='lat' dir='ltr'><strong>condemnem,</strong></span> <span class='ocrx_word' id='word_1_461' title='bbox 3096 3644 3189 3699; x_wconf 89' lang='lat' dir='ltr'><strong>sed</strong></span> <span class='ocrx_word' id='word_1_462' title='bbox 3236 3652 3291 3698; x_wconf 93' lang='lat' dir='ltr'><strong>ut</strong></span> <span class='ocrx_word' id='word_1_463' title='bbox 3321 3645 3522 3715; x_wconf 88' lang='lat' dir='ltr'><strong>majora</strong></span> <span class='ocrx_word' id='word_1_464' title='bbox 3568 3662 3704 3718; x_wconf 68' lang='lat' dir='ltr'><strong>quae-</strong></span> 
     </span>
    </p>
   </div>
   <div class='ocr_carea' id='block_1_66' title="bbox 2125 3733 3705 3806">
    <p class='ocr_par' dir='ltr' id='par_1_66' title="bbox 2125 3733 3705 3806">
     <span class='ocr_line' id='line_1_66' title="bbox 2125 3733 3705 3806; baseline 0.001 -16"><span class='ocrx_word' id='word_1_465' title='bbox 2125 3737 2247 3790; x_wconf 86' lang='lat' dir='ltr'><strong>dam</strong></span> <span class='ocrx_word' id='word_1_466' title='bbox 2290 3746 2601 3791; x_wconf 89' lang='lat' dir='ltr'><strong>construant</strong></span> <span class='ocrx_word' id='word_1_467' title='bbox 2633 3747 2792 3804; x_wconf 88' lang='lat' dir='ltr'><strong>atque</strong></span> <span class='ocrx_word' id='word_1_468' title='bbox 2826 3736 3015 3789; x_wconf 87' lang='lat' dir='ltr'><strong>altiora</strong></span> <span class='ocrx_word' id='word_1_469' title='bbox 3045 3733 3393 3806; x_wconf 83' lang='lat' dir='ltr'><strong>conjungant.</strong></span> <span class='ocrx_word' id='word_1_470' title='bbox 3422 3734 3535 3791; x_wconf 90' lang='lat' dir='ltr'><strong>Non</strong></span> <span class='ocrx_word' id='word_1_471' title='bbox 3565 3736 3705 3797; x_wconf 78' lang='lat' dir='ltr'><strong>enim</strong></span> 
     </span>
    </p>
   </div>
   <div class='ocr_carea' id='block_1_67' title="bbox 2124 3826 3705 3898">
    <p class='ocr_par' dir='ltr' id='par_1_67' title="bbox 2124 3826 3705 3898">
     <span class='ocr_line' id='line_1_67' title="bbox 2124 3826 3705 3898; baseline 0.002 -17"><span class='ocrx_word' id='word_1_472' title='bbox 2124 3842 2228 3882; x_wconf 89' lang='lat' dir='ltr'><strong>una</strong></span> <span class='ocrx_word' id='word_1_473' title='bbox 2276 3838 2436 3896; x_wconf 86' lang='lat' dir='ltr'><strong>atque</strong></span> <span class='ocrx_word' id='word_1_474' title='bbox 2485 3828 2672 3883; x_wconf 90' lang='lat' dir='ltr'><strong>eadem</strong></span> <span class='ocrx_word' id='word_1_475' title='bbox 2727 3827 3056 3880; x_wconf 81' lang='lat' dir='ltr'><strong>diversarum</strong></span> <span class='ocrx_word' id='word_1_476' title='bbox 3102 3826 3239 3880; x_wconf 85' lang='lat' dir='ltr'><strong>ratio</strong></span> <span class='ocrx_word' id='word_1_477' title='bbox 3281 3827 3705 3898; x_wconf 85' lang='lat' dir='ltr'><strong>disciplinarum.</strong></span> 
     </span>
    </p>
   </div>
   <div class='ocr_carea' id='block_1_68' title="bbox 2123 3916 3706 3987">
    <p class='ocr_par' dir='ltr' id='par_1_68' title="bbox 2123 3916 3706 3987">
     <span class='ocr_line' id='line_1_68' title="bbox 2123 3916 3706 3987; baseline 0 -13"><span class='ocrx_word' id='word_1_478' title='bbox 2123 3935 2245 3974; x_wconf 86' lang='lat' dir='ltr'><strong>cum</strong></span> <span class='ocrx_word' id='word_1_479' title='bbox 2282 3919 2353 3973; x_wconf 86' lang='lat' dir='ltr'><strong>sit</strong></span> <span class='ocrx_word' id='word_1_480' title='bbox 2398 3917 2782 3973; x_wconf 83' lang='lat' dir='ltr'><strong>diversissimis</strong></span> <span class='ocrx_word' id='word_1_481' title='bbox 2832 3916 3132 3983; x_wconf 83' lang='lat' dir='ltr'><strong>disciplinis</strong></span> <span class='ocrx_word' id='word_1_482' title='bbox 3180 3933 3283 3971; x_wconf 89' lang='lat' dir='ltr'><strong>una</strong></span> <span class='ocrx_word' id='word_1_483' title='bbox 3327 3928 3484 3987; x_wconf 86' lang='lat' dir='ltr'><strong>atque</strong></span> <span class='ocrx_word' id='word_1_484' title='bbox 3524 3920 3706 3979; x_wconf 83' lang='lat' dir='ltr'><strong>eadem</strong></span> 
     </span>
    </p>
   </div>
   <div class='ocr_carea' id='block_1_69' title="bbox 2122 4006 3705 4074">
    <p class='ocr_par' dir='ltr' id='par_1_69' title="bbox 2122 4006 3705 4074">
     <span class='ocr_line' id='line_1_69' title="bbox 2122 4006 3705 4074; baseline -0.001 -9"><span class='ocrx_word' id='word_1_485' title='bbox 2122 4012 2420 4066; x_wconf 89' lang='lat' dir='ltr'><strong>substantia</strong></span> <span class='ocrx_word' id='word_1_486' title='bbox 2460 4010 2729 4063; x_wconf 87' lang='lat' dir='ltr'><strong>materies.</strong></span> <span class='ocrx_word' id='word_1_487' title='bbox 2767 4007 2938 4062; x_wconf 82' lang='lat' dir='ltr'><strong>Aliter</strong></span> <span class='ocrx_word' id='word_1_488' title='bbox 2963 4006 3105 4059; x_wconf 89' lang='lat' dir='ltr'><strong>enim</strong></span> <span class='ocrx_word' id='word_1_489' title='bbox 3146 4006 3213 4059; x_wconf 92' lang='lat' dir='ltr'><strong>de</strong></span> <span class='ocrx_word' id='word_1_490' title='bbox 3241 4009 3477 4074; x_wconf 88' lang='lat' dir='ltr'><strong>qualibet</strong></span> <span class='ocrx_word' id='word_1_491' title='bbox 3509 4011 3705 4064; x_wconf 64' lang='lat' dir='ltr'><strong>oralio«</strong></span> 
     </span>
    </p>
   </div>
   <div class='ocr_carea' id='block_1_70' title="bbox 2123 4095 3706 4169">
    <p class='ocr_par' dir='ltr' id='par_1_70' title="bbox 2123 4095 3706 4169">
     <span class='ocr_line' id='line_1_70' title="bbox 2123 4095 3706 4169; baseline 0.001 -16"><span class='ocrx_word' id='word_1_492' title='bbox 2123 4100 2208 4153; x_wconf 88' lang='lat' dir='ltr'><strong>nis</strong></span> <span class='ocrx_word' id='word_1_493' title='bbox 2254 4107 2407 4169; x_wconf 88' lang='lat' dir='ltr'><strong>parte</strong></span> <span class='ocrx_word' id='word_1_494' title='bbox 2430 4096 2802 4168; x_wconf 70' lang='lat' dir='ltr'><strong>grammatii-o,</strong></span> <span class='ocrx_word' id='word_1_495' title='bbox 2836 4097 2990 4149; x_wconf 85' lang='lat' dir='ltr'><strong>aliter</strong></span> <span class='ocrx_word' id='word_1_496' title='bbox 3020 4095 3299 4148; x_wconf 75' lang='lat' dir='ltr'><strong>dialectico</strong></span> <span class='ocrx_word' id='word_1_497' title='bbox 3340 4099 3706 4159; x_wconf 78' lang='lat' dir='ltr'><strong>disserendum</strong></span> 
     </span>
    </p>
   </div>
   <div class='ocr_carea' id='block_1_71' title="bbox 2124 4185 3706 4258">
    <p class='ocr_par' dir='ltr' id='par_1_71' title="bbox 2124 4185 3706 4258">
     <span class='ocr_line' id='line_1_71' title="bbox 2124 4185 3706 4258; baseline -0.001 -12"><span class='ocrx_word' id='word_1_498' title='bbox 2124 4200 2225 4258; x_wconf 89' lang='lat' dir='ltr'><strong>est,</strong></span> <span class='ocrx_word' id='word_1_499' title='bbox 2253 4204 2349 4244; x_wconf 89' lang='lat' dir='ltr'><strong>nec</strong></span> <span class='ocrx_word' id='word_1_500' title='bbox 2375 4189 2566 4245; x_wconf 85' lang='lat' dir='ltr'><strong>eodem</strong></span> <span class='ocrx_word' id='word_1_501' title='bbox 2597 4187 2755 4242; x_wconf 82' lang='lat' dir='ltr'><strong>modo</strong></span> <span class='ocrx_word' id='word_1_502' title='bbox 2781 4187 2975 4242; x_wconf 81' lang='lat' dir='ltr'><strong>lineam</strong></span> <span class='ocrx_word' id='word_1_503' title='bbox 3005 4185 3089 4240; x_wconf 86' lang='lat' dir='ltr'><strong>vel</strong></span> <span class='ocrx_word' id='word_1_504' title='bbox 3127 4185 3469 4254; x_wconf 88' lang='lat' dir='ltr'><strong>superﬁciem</strong></span> <span class='ocrx_word' id='word_1_505' title='bbox 3502 4189 3706 4245; x_wconf 78' lang='lat' dir='ltr'><strong>mathe-</strong></span> 
     </span>
    </p>
   </div>
   <div class='ocr_carea' id='block_1_72' title="bbox 2124 4280 3707 4353">
    <p class='ocr_par' dir='ltr' id='par_1_72' title="bbox 2124 4280 3707 4353">
     <span class='ocr_line' id='line_1_72' title="bbox 2124 4280 3707 4353; baseline -0.003 -12"><span class='ocrx_word' id='word_1_506' title='bbox 2124 4287 2353 4341; x_wconf 89' lang='lat' dir='ltr'><strong>maticus</strong></span> <span class='ocrx_word' id='word_1_507' title='bbox 2383 4299 2446 4339; x_wconf 90' lang='lat' dir='ltr'><strong>ac</strong></span> <span class='ocrx_word' id='word_1_508' title='bbox 2479 4282 2729 4353; x_wconf 82' lang='lat' dir='ltr'><strong>physicos</strong></span> <span class='ocrx_word' id='word_1_509' title='bbox 2762 4290 3013 4337; x_wconf 79' lang='lat' dir='ltr'><strong>tractant.</strong></span> <span class='ocrx_word' id='word_1_510' title='bbox 3057 4280 3175 4350; x_wconf 88' lang='lat' dir='ltr'><strong>Quo</strong></span> <span class='ocrx_word' id='word_1_511' title='bbox 3205 4280 3262 4335; x_wconf 89' lang='lat' dir='ltr'><strong>lit</strong></span> <span class='ocrx_word' id='word_1_512' title='bbox 3292 4291 3347 4335; x_wconf 90' lang='lat' dir='ltr'><strong>nl</strong></span> <span class='ocrx_word' id='word_1_513' title='bbox 3384 4282 3547 4338; x_wconf 90' lang='lat' dir='ltr'><strong>altera</strong></span> <span class='ocrx_word' id='word_1_514' title='bbox 3578 4284 3707 4343; x_wconf 81' lang='lat' dir='ltr'><strong>alte-</strong></span> 
     </span>
    </p>
   </div>
   <div class='ocr_carea' id='block_1_73' title="bbox 2126 4375 3707 4448">
    <p class='ocr_par' dir='ltr' id='par_1_73' title="bbox 2126 4375 3707 4448">
     <span class='ocr_line' id='line_1_73' title="bbox 2126 4375 3707 4448; baseline 0 -15"><span class='ocrx_word' id='word_1_515' title='bbox 2126 4394 2238 4433; x_wconf 86' lang='lat' dir='ltr'><strong>ram</strong></span> <span class='ocrx_word' id='word_1_516' title='bbox 2269 4394 2374 4432; x_wconf 88' lang='lat' dir='ltr'><strong>non</strong></span> <span class='ocrx_word' id='word_1_517' title='bbox 2399 4377 2654 4448; x_wconf 84' lang='lat' dir='ltr'><strong>impcd&#39;at</strong></span> <span class='ocrx_word' id='word_1_518' title='bbox 2686 4376 2989 4445; x_wconf 84' lang='lat' dir='ltr'><strong>disciplina,</strong></span> <span class='ocrx_word' id='word_1_519' title='bbox 3021 4376 3114 4432; x_wconf 90' lang='lat' dir='ltr'><strong>sed</strong></span> <span class='ocrx_word' id='word_1_520' title='bbox 3145 4375 3431 4433; x_wconf 89' lang='lat' dir='ltr'><strong>tnultorum</strong></span> <span class='ocrx_word' id='word_1_521' title='bbox 3460 4375 3707 4433; x_wconf 83' lang='lat' dir='ltr'><strong>conside-</strong></span> 
     </span>
    </p>
   </div>
   <div class='ocr_carea' id='block_1_74' title="bbox 2126 4468 3708 4539">
    <p class='ocr_par' dir='ltr' id='par_1_74' title="bbox 2126 4468 3708 4539">
     <span class='ocr_line' id='line_1_74' title="bbox 2126 4468 3708 4539; baseline 0.001 -14"><span class='ocrx_word' id='word_1_522' title='bbox 2126 4472 2334 4525; x_wconf 79' lang='lat' dir='ltr'><strong>ratione</strong></span> <span class='ocrx_word' id='word_1_523' title='bbox 2364 4472 2648 4538; x_wconf 85' lang='lat' dir='ltr'><strong>conjuncta</strong></span> <span class='ocrx_word' id='word_1_524' title='bbox 2677 4468 2767 4524; x_wconf 90' lang='lat' dir='ltr'><strong>ﬁat</strong></span> <span class='ocrx_word' id='word_1_525' title='bbox 2796 4484 2919 4524; x_wconf 87' lang='lat' dir='ltr'><strong>vera</strong></span> <span class='ocrx_word' id='word_1_526' title='bbox 2951 4479 3155 4523; x_wconf 70' lang='lat' dir='ltr'><strong>natum</strong></span> <span class='ocrx_word' id='word_1_527' title='bbox 3186 4475 3345 4539; x_wconf 88' lang='lat' dir='ltr'><strong>atque</strong></span> <span class='ocrx_word' id='word_1_528' title='bbox 3367 4484 3430 4524; x_wconf 75' lang='lat' dir='ltr'><strong>ex</strong></span> <span class='ocrx_word' id='word_1_529' title='bbox 3462 4468 3708 4527; x_wconf 75' lang='lat' dir='ltr'><strong>omnibus</strong></span> 
     </span>
    </p>
   </div>
   <div class='ocr_carea' id='block_1_75' title="bbox 437 4560 3709 4635">
    <p class='ocr_par' dir='ltr' id='par_1_75' title="bbox 437 4560 3709 4635">
     <span class='ocr_line' id='line_1_75' title="bbox 437 4560 3709 4635; baseline 0 -14"><span class='ocrx_word' id='word_1_530' title='bbox 437 4566 606 4621; x_wconf 87' lang='lat' dir='ltr'><strong>lector</strong></span> <span class='ocrx_word' id='word_1_531' title='bbox 652 4566 876 4630; x_wconf 87' lang='lat' dir='ltr'><strong>accedit,</strong></span> <span class='ocrx_word' id='word_1_532' title='bbox 907 4566 975 4620; x_wconf 90' lang='lat' dir='ltr'><strong>ab</strong></span> <span class='ocrx_word' id='word_1_533' title='bbox 1019 4581 1085 4620; x_wconf 90' lang='lat' dir='ltr'><strong>eo</strong></span> <span class='ocrx_word' id='word_1_534' title='bbox 1149 4564 1391 4633; x_wconf 89' lang='lat' dir='ltr'><strong>primitus</strong></span> <span class='ocrx_word' id='word_1_535' title='bbox 1422 4564 1641 4633; x_wconf 88' lang='lat' dir='ltr'><strong>petitum</strong></span> <span class='ocrx_word' id='word_1_536' title='bbox 1691 4564 1909 4619; x_wconf 86' lang='lat' dir='ltr'><strong>velimus</strong></span> <span class='ocrx_word' id='word_1_537' title='bbox 1953 4581 2020 4620; x_wconf 90' lang='lat' dir='ltr'><strong>ne</strong></span> <span class='ocrx_word' id='word_1_538' title='bbox 2049 4570 2100 4633; x_wconf 73' lang='grc' dir='ltr'><strong>Ι)</strong></span> <span class='ocrx_word' id='word_1_539' title='bbox 2124 4561 2385 4630; x_wconf 84' lang='lat' dir='ltr'><strong>explicata</strong></span> <span class='ocrx_word' id='word_1_540' title='bbox 2416 4562 2667 4631; x_wconf 82' lang='lat' dir='ltr'><strong>cognitio.</strong></span> <span class='ocrx_word' id='word_1_541' title='bbox 2698 4561 2802 4616; x_wconf 83' lang='lat' dir='ltr'><strong>Sed</strong></span> <span class='ocrx_word' id='word_1_542' title='bbox 2826 4560 2998 4615; x_wconf 86' lang='lat' dir='ltr'><strong>dehis</strong></span> <span class='ocrx_word' id='word_1_543' title='bbox 3020 4560 3308 4628; x_wconf 84' lang='lat' dir='ltr'><strong>hactenus;</strong></span> <span class='ocrx_word' id='word_1_544' title='bbox 3333 4578 3474 4619; x_wconf 91' lang='lat' dir='ltr'><strong>nunc</strong></span> <span class='ocrx_word' id='word_1_545' title='bbox 3494 4563 3563 4620; x_wconf 87' lang='lat' dir='ltr'><strong>de</strong></span> <span class='ocrx_word' id='word_1_546' title='bbox 3588 4579 3709 4635; x_wconf 82' lang='lat' dir='ltr'><strong>pro-</strong></span> 
     </span>
    </p>
   </div>
   <div class='ocr_carea' id='block_1_76' title="bbox 438 4657 2015 4729">
    <p class='ocr_par' dir='ltr' id='par_1_76' title="bbox 438 4657 2015 4729">
     <span class='ocr_line' id='line_1_76' title="bbox 438 4657 2015 4729; baseline -0.002 -17"><span class='ocrx_word' id='word_1_547' title='bbox 438 4658 491 4713; x_wconf 88' lang='lat' dir='ltr'><strong>in</strong></span> <span class='ocrx_word' id='word_1_548' title='bbox 520 4657 602 4712; x_wconf 89' lang='lat' dir='ltr'><strong>his</strong></span> <span class='ocrx_word' id='word_1_549' title='bbox 630 4674 749 4728; x_wconf 80' lang='lat' dir='ltr'><strong>qua:</strong></span> <span class='ocrx_word' id='word_1_550' title='bbox 781 4673 1047 4729; x_wconf 91' lang='lat' dir='ltr'><strong>nunquam</strong></span> <span class='ocrx_word' id='word_1_551' title='bbox 1077 4658 1209 4711; x_wconf 86' lang='lat' dir='ltr'><strong>alias</strong></span> <span class='ocrx_word' id='word_1_552' title='bbox 1252 4657 1485 4725; x_wconf 68' lang='lat' dir='ltr'><strong>attigerit</strong></span> <span class='ocrx_word' id='word_1_553' title='bbox 1515 4657 1693 4710; x_wconf 87' lang='lat' dir='ltr'><strong>statim</strong></span> <span class='ocrx_word' id='word_1_554' title='bbox 1723 4657 2015 4725; x_wconf 86' lang='lat' dir='ltr'><strong>audeatth-</strong></span> 
     </span>
    </p>
   </div>
   <div class='ocr_carea' id='block_1_77' title="bbox 428 4746 2017 4819">
    <p class='ocr_par' dir='ltr' id='par_1_77' title="bbox 428 4746 2017 4819">
     <span class='ocr_line' id='line_1_77' title="bbox 428 4746 2017 4819; baseline -0.003 -14"><span class='ocrx_word' id='word_1_555' title='bbox 428 4746 637 4816; x_wconf 89' lang='lat' dir='ltr'><strong>dicare,</strong></span> <span class='ocrx_word' id='word_1_556' title='bbox 670 4764 801 4805; x_wconf 91' lang='lat' dir='ltr'><strong>neve</strong></span> <span class='ocrx_word' id='word_1_557' title='bbox 832 4749 877 4803; x_wconf 89' lang='lat' dir='ltr'><strong>si</strong></span> <span class='ocrx_word' id='word_1_558' title='bbox 906 4751 1031 4819; x_wconf 85' lang='lat' dir='ltr'><strong>quid</strong></span> <span class='ocrx_word' id='word_1_559' title='bbox 1062 4750 1112 4802; x_wconf 92' lang='lat' dir='ltr'><strong>in</strong></span> <span class='ocrx_word' id='word_1_560' title='bbox 1144 4748 1272 4803; x_wconf 91' lang='lat' dir='ltr'><strong>ludo</strong></span> <span class='ocrx_word' id='word_1_561' title='bbox 1316 4747 1596 4817; x_wconf 91' lang='lat' dir='ltr'><strong>puerilium</strong></span> <span class='ocrx_word' id='word_1_562' title='bbox 1620 4746 2017 4816; x_wconf 89' lang='lat' dir='ltr'><strong>disciplinarum</strong></span> 
     </span>
    </p>
   </div>
   <div class='ocr_carea' id='block_1_78' title="bbox 438 4837 2019 4907">
    <p class='ocr_par' dir='ltr' id='par_1_78' title="bbox 438 4837 2019 4907">
     <span class='ocr_line' id='line_1_78' title="bbox 438 4837 2019 4907; baseline -0.004 -9"><span class='ocrx_word' id='word_1_563' title='bbox 438 4842 587 4899; x_wconf 84' lang='lat' dir='ltr'><strong>rudis</strong></span> <span class='ocrx_word' id='word_1_564' title='bbox 644 4841 817 4896; x_wconf 90' lang='lat' dir='ltr'><strong>adhuc</strong></span> <span class='ocrx_word' id='word_1_565' title='bbox 861 4850 917 4896; x_wconf 90' lang='lat' dir='ltr'><strong>et</strong></span> <span class='ocrx_word' id='word_1_566' title='bbox 963 4839 1197 4895; x_wconf 90' lang='lat' dir='ltr'><strong>nondum</strong></span> <span class='ocrx_word' id='word_1_567' title='bbox 1250 4840 1436 4893; x_wconf 90' lang='lat' dir='ltr'><strong>ﬁrmus</strong></span> <span class='ocrx_word' id='word_1_568' title='bbox 1482 4837 1770 4907; x_wconf 88' lang='lat' dir='ltr'><strong>acceperit,</strong></span> <span class='ocrx_word' id='word_1_569' title='bbox 1816 4838 1867 4891; x_wconf 90' lang='lat' dir='ltr'><strong>id</strong></span> <span class='ocrx_word' id='word_1_570' title='bbox 1904 4853 2019 4892; x_wconf 86' lang='lat' dir='ltr'><strong>am-</strong></span> 
     </span>
    </p>
   </div>
   <div class='ocr_carea' id='block_1_79' title="bbox 440 4929 2021 5003">
    <p class='ocr_par' dir='ltr' id='par_1_79' title="bbox 440 4929 2021 5003">
     <span class='ocr_line' id='line_1_79' title="bbox 440 4929 2021 5003; baseline -0.002 -15"><span class='ocrx_word' id='word_1_571' title='bbox 440 4933 758 5003; x_wconf 78' lang='lat' dir='ltr'><strong>plexandqu</strong></span> <span class='ocrx_word' id='word_1_572' title='bbox 799 4942 957 5001; x_wconf 85' lang='lat' dir='ltr'><strong>atque</strong></span> <span class='ocrx_word' id='word_1_573' title='bbox 1002 4933 1162 4988; x_wconf 89' lang='lat' dir='ltr'><strong>etiam</strong></span> <span class='ocrx_word' id='word_1_574' title='bbox 1205 4931 1490 4987; x_wconf 88' lang='lat' dir='ltr'><strong>colendum</strong></span> <span class='ocrx_word' id='word_1_575' title='bbox 1520 4938 1700 5003; x_wconf 83' lang='lat' dir='ltr'><strong>putet;</strong></span> <span class='ocrx_word' id='word_1_576' title='bbox 1733 4929 1835 4984; x_wconf 90' lang='lat' dir='ltr'><strong>alia</strong></span> <span class='ocrx_word' id='word_1_577' title='bbox 1880 4932 2021 4985; x_wconf 91' lang='lat' dir='ltr'><strong>enim</strong></span> 
     </span>
    </p>
   </div>
   <div class='ocr_carea' id='block_1_80' title="bbox 440 5023 2019 5096">
    <p class='ocr_par' dir='ltr' id='par_1_80' title="bbox 440 5023 2019 5096">
     <span class='ocr_line' id='line_1_80' title="bbox 440 5023 2019 5096; baseline -0.006 -14"><span class='ocrx_word' id='word_1_578' title='bbox 440 5028 639 5082; x_wconf 88' lang='lat' dir='ltr'><strong>teneris</strong></span> <span class='ocrx_word' id='word_1_579' title='bbox 670 5039 825 5096; x_wconf 83' lang='lat' dir='ltr'><strong>atque</strong></span> <span class='ocrx_word' id='word_1_580' title='bbox 855 5025 1159 5082; x_wconf 87' lang='lat' dir='ltr'><strong>imbuendis</strong></span> <span class='ocrx_word' id='word_1_581' title='bbox 1188 5026 1363 5081; x_wconf 91' lang='lat' dir='ltr'><strong>adhuc</strong></span> <span class='ocrx_word' id='word_1_582' title='bbox 1387 5025 1606 5079; x_wconf 87' lang='lat' dir='ltr'><strong>auribus</strong></span> <span class='ocrx_word' id='word_1_583' title='bbox 1649 5023 2019 5078; x_wconf 83' lang='lat' dir='ltr'><strong>accommoda-</strong></span> 
     </span>
    </p>
   </div>
   <div class='ocr_carea' id='block_1_81' title="bbox 441 5113 2019 5187">
    <p class='ocr_par' dir='ltr' id='par_1_81' title="bbox 441 5113 2019 5187">
     <span class='ocr_line' id='line_1_81' title="bbox 441 5113 2019 5187; baseline -0.005 -12"><span class='ocrx_word' id='word_1_584' title='bbox 441 5130 514 5187; x_wconf 84' lang='lat' dir='ltr'><strong>ta,</strong></span> <span class='ocrx_word' id='word_1_585' title='bbox 546 5120 646 5175; x_wconf 90' lang='lat' dir='ltr'><strong>alia</strong></span> <span class='ocrx_word' id='word_1_586' title='bbox 697 5120 864 5174; x_wconf 89' lang='lat' dir='ltr'><strong>ﬁrmis</strong></span> <span class='ocrx_word' id='word_1_587' title='bbox 909 5132 971 5173; x_wconf 89' lang='lat' dir='ltr'><strong>ac</strong></span> <span class='ocrx_word' id='word_1_588' title='bbox 1016 5117 1411 5173; x_wconf 89' lang='lat' dir='ltr'><strong>robustioribus</strong></span> <span class='ocrx_word' id='word_1_589' title='bbox 1439 5115 1683 5171; x_wconf 87' lang='lat' dir='ltr'><strong>doctrina</strong></span> <span class='ocrx_word' id='word_1_590' title='bbox 1728 5113 2019 5178; x_wconf 78' lang='lat' dir='ltr'><strong>mentibus,</strong></span> 
     </span>
    </p>
   </div>
   <div class='ocr_carea' id='block_1_82' title="bbox 439 5206 2019 5279">
    <p class='ocr_par' dir='ltr' id='par_1_82' title="bbox 439 5206 2019 5279">
     <span class='ocr_line' id='line_1_82' title="bbox 439 5206 2019 5279; baseline -0.006 -11"><span class='ocrx_word' id='word_1_591' title='bbox 439 5221 757 5268; x_wconf 88' lang='lat' dir='ltr'><strong>reservatur.</strong></span> <span class='ocrx_word' id='word_1_592' title='bbox 777 5211 952 5278; x_wconf 78' lang='lat' dir='ltr'><strong>Quare</strong></span> <span class='ocrx_word' id='word_1_593' title='bbox 969 5210 1013 5264; x_wconf 90' lang='lat' dir='ltr'><strong>si</strong></span> <span class='ocrx_word' id='word_1_594' title='bbox 1036 5209 1160 5279; x_wconf 89' lang='lat' dir='ltr'><strong>quid</strong></span> <span class='ocrx_word' id='word_1_595' title='bbox 1181 5218 1263 5264; x_wconf 88' lang='lat' dir='ltr'><strong>est</strong></span> <span class='ocrx_word' id='word_1_596' title='bbox 1282 5207 1421 5278; x_wconf 89' lang='lat' dir='ltr'><strong>quod</strong></span> <span class='ocrx_word' id='word_1_597' title='bbox 1443 5208 1730 5276; x_wconf 86' lang='lat' dir='ltr'><strong>discrepet,</strong></span> <span class='ocrx_word' id='word_1_598' title='bbox 1758 5222 1824 5262; x_wconf 90' lang='lat' dir='ltr'><strong>ne</strong></span> <span class='ocrx_word' id='word_1_599' title='bbox 1842 5206 2019 5259; x_wconf 84' lang='lat' dir='ltr'><strong>statim</strong></span> 
     </span>
    </p>
   </div>
   <div class='ocr_carea' id='block_1_83' title="bbox 439 5299 2019 5372">
    <p class='ocr_par' dir='ltr' id='par_1_83' title="bbox 439 5299 2019 5372">
     <span class='ocr_line' id='line_1_83' title="bbox 439 5299 2019 5372; baseline -0.002 -16"><span class='ocrx_word' id='word_1_600' title='bbox 439 5305 732 5372; x_wconf 88' lang='lat' dir='ltr'><strong>obstrepat,</strong></span> <span class='ocrx_word' id='word_1_601' title='bbox 763 5302 856 5356; x_wconf 79' lang='lat' dir='ltr'><strong>sed</strong></span> <span class='ocrx_word' id='word_1_602' title='bbox 877 5302 1084 5356; x_wconf 89' lang='lat' dir='ltr'><strong>ratione</strong></span> <span class='ocrx_word' id='word_1_603' title='bbox 1104 5300 1370 5368; x_wconf 87' lang='lat' dir='ltr'><strong>consulta,</strong></span> <span class='ocrx_word' id='word_1_604' title='bbox 1387 5300 1517 5368; x_wconf 91' lang='lat' dir='ltr'><strong>quid</strong></span> <span class='ocrx_word' id='word_1_605' title='bbox 1543 5300 1657 5368; x_wconf 89' lang='lat' dir='ltr'><strong>ipse</strong></span> <span class='ocrx_word' id='word_1_606' title='bbox 1678 5301 1873 5353; x_wconf 80' lang='lat' dir='ltr'><strong>sentiat</strong></span> <span class='ocrx_word' id='word_1_607' title='bbox 1895 5299 2019 5367; x_wconf 90' lang='lat' dir='ltr'><strong>quid</strong></span> 
     </span>
    </p>
   </div>
   <div class='ocr_carea' id='block_1_84' title="bbox 439 5388 2024 5457">
    <p class='ocr_par' dir='ltr' id='par_1_84' title="bbox 439 5388 2024 5457">
     <span class='ocr_line' id='line_1_84' title="bbox 439 5388 2024 5457; baseline -0.004 -7"><span class='ocrx_word' id='word_1_608' title='bbox 439 5412 536 5450; x_wconf 87' lang='lat' dir='ltr'><strong>nos</strong></span> <span class='ocrx_word' id='word_1_609' title='bbox 576 5393 881 5457; x_wconf 82' lang='lat' dir='ltr'><strong>aﬁ‘eramus,</strong></span> <span class='ocrx_word' id='word_1_610' title='bbox 912 5394 1125 5447; x_wconf 90' lang='lat' dir='ltr'><strong>veriore</strong></span> <span class='ocrx_word' id='word_1_611' title='bbox 1151 5390 1343 5445; x_wconf 85' lang='lat' dir='ltr'><strong>mentis</strong></span> <span class='ocrx_word' id='word_1_612' title='bbox 1375 5390 1617 5443; x_wconf 89' lang='lat' dir='ltr'><strong>acumine</strong></span> <span class='ocrx_word' id='word_1_613' title='bbox 1643 5397 1697 5442; x_wconf 94' lang='lat' dir='ltr'><strong>et</strong></span> <span class='ocrx_word' id='word_1_614' title='bbox 1741 5388 2024 5443; x_wconf 85' lang='lat' dir='ltr'><strong>subtiliore</strong></span> 
     </span>
    </p>
   </div>
   <div class='ocr_carea' id='block_1_85' title="bbox 439 5479 2024 5553">
    <p class='ocr_par' dir='ltr' id='par_1_85' title="bbox 439 5479 2024 5553">
     <span class='ocr_line' id='line_1_85' title="bbox 439 5479 2024 5553; baseline -0.004 -12"><span class='ocrx_word' id='word_1_615' title='bbox 439 5486 871 5542; x_wconf 88' lang='lat' dir='ltr'><strong>consideratione</strong></span> <span class='ocrx_word' id='word_1_616' title='bbox 921 5485 1194 5553; x_wconf 88' lang='lat' dir='ltr'><strong>dijudicet.</strong></span> <span class='ocrx_word' id='word_1_617' title='bbox 1241 5484 1383 5537; x_wconf 88' lang='lat' dir='ltr'><strong>Idem</strong></span> <span class='ocrx_word' id='word_1_618' title='bbox 1424 5497 1653 5550; x_wconf 89' lang='lat' dir='ltr'><strong>namque</strong></span> <span class='ocrx_word' id='word_1_619' title='bbox 1700 5479 1933 5547; x_wconf 86' lang='lat' dir='ltr'><strong>eveniet,</strong></span> <span class='ocrx_word' id='word_1_620' title='bbox 1968 5489 2024 5534; x_wconf 91' lang='lat' dir='ltr'><strong>ut</strong></span> 
     </span>
    </p>
   </div>
   <div class='ocr_carea' id='block_1_86' title="bbox 438 5570 2023 5648">
    <p class='ocr_par' dir='ltr' id='par_1_86' title="bbox 438 5570 2023 5648">
     <span class='ocr_line' id='line_1_86' title="bbox 438 5570 2023 5648; baseline -0.004 -18"><span class='ocrx_word' id='word_1_621' title='bbox 438 5591 559 5648; x_wconf 64' lang='lat' dir='ltr'><strong>qua:</strong></span> <span class='ocrx_word' id='word_1_622' title='bbox 579 5577 631 5630; x_wconf 92' lang='lat' dir='ltr'><strong>in</strong></span> <span class='ocrx_word' id='word_1_623' title='bbox 663 5573 834 5645; x_wconf 90' lang='lat' dir='ltr'><strong>primo</strong></span> <span class='ocrx_word' id='word_1_624' title='bbox 863 5575 1043 5629; x_wconf 84' lang='lat' dir='ltr'><strong>statim</strong></span> <span class='ocrx_word' id='word_1_625' title='bbox 1071 5570 1494 5629; x_wconf 77' lang='lat' dir='ltr'><strong>studendi‘aditu</strong></span> <span class='ocrx_word' id='word_1_626' title='bbox 1519 5571 1843 5635; x_wconf 88' lang='lat' dir='ltr'><strong>didicerunt,</strong></span> <span class='ocrx_word' id='word_1_627' title='bbox 1876 5585 2023 5639; x_wconf 88' lang='lat' dir='ltr'><strong>pers-</strong></span> 
     </span>
    </p>
   </div>
   <div class='ocr_carea' id='block_1_87' title="bbox 440 5663 2026 5738">
    <p class='ocr_par' dir='ltr' id='par_1_87' title="bbox 440 5663 2026 5738">
     <span class='ocr_line' id='line_1_87' title="bbox 440 5663 2026 5738; baseline -0.003 -17"><span class='ocrx_word' id='word_1_628' title='bbox 440 5675 591 5738; x_wconf 79' lang='lat' dir='ltr'><strong>pecta</strong></span> <span class='ocrx_word' id='word_1_629' title='bbox 625 5664 837 5734; x_wconf 90' lang='lat' dir='ltr'><strong>penitus</strong></span> <span class='ocrx_word' id='word_1_630' title='bbox 866 5676 929 5716; x_wconf 89' lang='lat' dir='ltr'><strong>ac</strong></span> <span class='ocrx_word' id='word_1_631' title='bbox 962 5664 1139 5733; x_wconf 87' lang='lat' dir='ltr'><strong>potius</strong></span> <span class='ocrx_word' id='word_1_632' title='bbox 1176 5663 1509 5733; x_wconf 91' lang='lat' dir='ltr'><strong>deprehensa</strong></span> <span class='ocrx_word' id='word_1_633' title='bbox 1550 5669 1915 5716; x_wconf 88' lang='lat' dir='ltr'><strong>contemnant.</strong></span> <span class='ocrx_word' id='word_1_634' title='bbox 1957 5664 2026 5717; x_wconf 74' lang='lat' dir='ltr'><strong>At</strong></span> 
     </span>
    </p>
   </div>
   <div class='ocr_carea' id='block_1_88' title="bbox 438 5753 2021 5830">
    <p class='ocr_par' dir='ltr' id='par_1_88' title="bbox 438 5753 2021 5830">
     <span class='ocr_line' id='line_1_88' title="bbox 438 5753 2021 5830; baseline -0.008 -10"><span class='ocrx_word' id='word_1_635' title='bbox 438 5763 481 5820; x_wconf 73' lang='lat' dir='ltr'><strong>si</strong></span> <span class='ocrx_word' id='word_1_636' title='bbox 502 5761 611 5830; x_wconf 87' lang='lat' dir='ltr'><strong>jam</strong></span> <span class='ocrx_word' id='word_1_637' title='bbox 645 5758 869 5830; x_wconf 86' lang='lat' dir='ltr'><strong>quisque</strong></span> <span class='ocrx_word' id='word_1_638' title='bbox 908 5771 1021 5813; x_wconf 78' lang='lat' dir='ltr'><strong>sua:</strong></span> <span class='ocrx_word' id='word_1_639' title='bbox 1063 5756 1302 5812; x_wconf 71' lang='lat' dir='ltr'><strong>scientiae</strong></span> <span class='ocrx_word' id='word_1_640' title='bbox 1331 5756 1582 5815; x_wconf 80' lang='lat' dir='ltr'><strong>defensor</strong></span> <span class='ocrx_word' id='word_1_641' title='bbox 1624 5769 1746 5813; x_wconf 88' lang='lat' dir='ltr'><strong>esse</strong></span> <span class='ocrx_word' id='word_1_642' title='bbox 1794 5753 2021 5826; x_wconf 87' lang='lat' dir='ltr'><strong>cupidus</strong></span> 
     </span>
    </p>
   </div>
   <div class='ocr_carea' id='block_1_89' title="bbox 424 5851 2025 5934">
    <p class='ocr_par' dir='ltr' id='par_1_89' title="bbox 424 5851 2025 5934">
     <span class='ocr_line' id='line_1_89' title="bbox 424 5851 2025 5934; baseline 0.002 -28"><span class='ocrx_word' id='word_1_643' title='bbox 424 5856 585 5919; x_wconf 75' lang='lat' dir='ltr'><strong>malit</strong></span> <span class='ocrx_word' id='word_1_644' title='bbox 628 5852 853 5934; x_wconf 83' lang='lat' dir='ltr'><strong>(habent</strong></span> <span class='ocrx_word' id='word_1_645' title='bbox 890 5851 991 5912; x_wconf 86' lang='lat' dir='ltr'><strong>hoc</strong></span> <span class='ocrx_word' id='word_1_646' title='bbox 1034 5866 1247 5931; x_wconf 82' lang='lat' dir='ltr'><strong>quoque</strong></span> <span class='ocrx_word' id='word_1_647' title='bbox 1274 5852 1383 5913; x_wconf 76' lang='lat' dir='ltr'><strong>vitii</strong></span> <span class='ocrx_word' id='word_1_648' title='bbox 1416 5851 1660 5912; x_wconf 81' lang='lat' dir='ltr'><strong>homines</strong></span> <span class='ocrx_word' id='word_1_649' title='bbox 1699 5864 1836 5927; x_wconf 81' lang='lat' dir='ltr'><strong>quos</strong></span> <span class='ocrx_word' id='word_1_650' title='bbox 1878 5863 2025 5911; x_wconf 65' lang='lat' dir='ltr'><strong>como</strong></span> 
     </span>
    </p>
   </div>
   <div class='ocr_carea' id='block_1_90' title="bbox 2126 4652 3708 4725">
    <p class='ocr_par' dir='ltr' id='par_1_90' title="bbox 2126 4652 3708 4725">
     <span class='ocr_line' id='line_1_90' title="bbox 2126 4652 3708 4725; baseline 0.006 -24"><span class='ocrx_word' id='word_1_651' title='bbox 2126 4653 2315 4725; x_wconf 82' lang='lat' dir='ltr'><strong>positis</strong></span> <span class='ocrx_word' id='word_1_652' title='bbox 2366 4652 2694 4706; x_wconf 77' lang='lat' dir='ltr'><strong>ordinantur.</strong></span> <span class='ocrx_word' id='word_1_653' title='bbox 2730 4652 2993 4719; x_wconf 85' lang='lat' dir='ltr'><strong>Quoniam</strong></span> <span class='ocrx_word' id='word_1_654' title='bbox 3040 4652 3203 4723; x_wconf 85' lang='lat' dir='ltr'><strong>igitur</strong></span> <span class='ocrx_word' id='word_1_655' title='bbox 3230 4654 3382 4710; x_wconf 89' lang='lat' dir='ltr'><strong>nobis</strong></span> <span class='ocrx_word' id='word_1_656' title='bbox 3433 4655 3533 4710; x_wconf 89' lang='lat' dir='ltr'><strong>hoc</strong></span> <span class='ocrx_word' id='word_1_657' title='bbox 3580 4670 3708 4725; x_wconf 80' lang='lat' dir='ltr'><strong>opus</strong></span> 
     </span>
    </p>
   </div>
   <div class='ocr_carea' id='block_1_91' title="bbox 2126 4743 3709 4815">
    <p class='ocr_par' dir='ltr' id='par_1_91' title="bbox 2126 4743 3709 4815">
     <span class='ocr_line' id='line_1_91' title="bbox 2126 4743 3709 4815; baseline 0.002 -17"><span class='ocrx_word' id='word_1_658' title='bbox 2126 4755 2207 4799; x_wconf 85' lang='lat' dir='ltr'><strong>est</strong></span> <span class='ocrx_word' id='word_1_659' title='bbox 2237 4745 2286 4797; x_wconf 91' lang='lat' dir='ltr'><strong>in</strong></span> <span class='ocrx_word' id='word_1_660' title='bbox 2338 4743 2669 4813; x_wconf 87' lang='lat' dir='ltr'><strong>categoricos</strong></span> <span class='ocrx_word' id='word_1_661' title='bbox 2710 4743 3072 4813; x_wconf 78' lang='lat' dir='ltr'><strong>syllogismos,</strong></span> <span class='ocrx_word' id='word_1_662' title='bbox 3114 4743 3547 4815; x_wconf 79' lang='lat' dir='ltr'><strong>syllo’gismorum</strong></span> <span class='ocrx_word' id='word_1_663' title='bbox 3584 4760 3709 4802; x_wconf 87' lang='lat' dir='ltr'><strong>vero</strong></span> 
     </span>
    </p>
   </div>
   <div class='ocr_carea' id='block_1_92' title="bbox 2126 4832 3797 4905">
    <p class='ocr_par' dir='ltr' id='par_1_92' title="bbox 2126 4832 3797 4905">
     <span class='ocr_line' id='line_1_92' title="bbox 2126 4832 3797 4905; baseline 0.002 -15"><span class='ocrx_word' id='word_1_664' title='bbox 2126 4849 2385 4905; x_wconf 87' lang='lat' dir='ltr'><strong>compago</strong></span> <span class='ocrx_word' id='word_1_665' title='bbox 2407 4832 2863 4904; x_wconf 83' lang='lat' dir='ltr'><strong>propositionibus</strong></span> <span class='ocrx_word' id='word_1_666' title='bbox 2886 4835 3103 4904; x_wconf 79' lang='lat' dir='ltr'><strong>texitur,</strong></span> <span class='ocrx_word' id='word_1_667' title='bbox 3136 4838 3560 4905; x_wconf 70' lang='lat' dir='ltr'><strong>prepositionum</strong></span> <span class='ocrx_word' id='word_1_668' title='bbox 3584 4855 3712 4896; x_wconf 88' lang='lat' dir='ltr'><strong>vero</strong></span> <span class='ocrx_word' id='word_1_669' title='bbox 3790 4884 3797 4888; x_wconf 91' lang='lat'><strong>.</strong></span> 
     </span>
    </p>
   </div>
   <div class='ocr_carea' id='block_1_93' title="bbox 2092 4928 3710 5001">
    <p class='ocr_par' dir='ltr' id='par_1_93' title="bbox 2092 4928 3710 5001">
     <span class='ocr_line' id='line_1_93' title="bbox 2092 4928 3710 5001; baseline 0.004 -19"><span class='ocrx_word' id='word_1_670' title='bbox 2092 4996 2095 4999; x_wconf 95' lang='lat'><em>_</em></span> <span class='ocrx_word' id='word_1_671' title='bbox 2128 4940 2304 5000; x_wconf 87' lang='lat' dir='ltr'><strong>partes</strong></span> <span class='ocrx_word' id='word_1_672' title='bbox 2334 4938 2457 4983; x_wconf 90' lang='lat' dir='ltr'><strong>sunt</strong></span> <span class='ocrx_word' id='word_1_673' title='bbox 2488 4943 2685 4983; x_wconf 90' lang='lat' dir='ltr'><strong>nomen</strong></span> <span class='ocrx_word' id='word_1_674' title='bbox 2715 4938 2771 4983; x_wconf 88' lang='grc' dir='ltr'><strong>ει</strong></span> <span class='ocrx_word' id='word_1_675' title='bbox 2798 4928 3046 4995; x_wconf 79' lang='lat' dir='ltr'><strong>verbum,</strong></span> <span class='ocrx_word' id='word_1_676' title='bbox 3076 4945 3199 5001; x_wconf 89' lang='lat' dir='ltr'><strong>pars</strong></span> <span class='ocrx_word' id='word_1_677' title='bbox 3228 4942 3405 4986; x_wconf 87' lang='lat' dir='ltr'><strong>autem</strong></span> <span class='ocrx_word' id='word_1_678' title='bbox 3434 4931 3503 4986; x_wconf 91' lang='lat' dir='ltr'><strong>ab</strong></span> <span class='ocrx_word' id='word_1_679' title='bbox 3530 4947 3595 4987; x_wconf 91' lang='lat' dir='ltr'><strong>eo</strong></span> <span class='ocrx_word' id='word_1_680' title='bbox 3615 4947 3710 4988; x_wconf 70' lang='lat' dir='ltr'><strong>euo</strong></span> 
     </span>
    </p>
   </div>
   <div class='ocr_carea' id='block_1_94' title="bbox 2123 5024 3713 5098">
    <p class='ocr_par' dir='ltr' id='par_1_94' title="bbox 2123 5024 3713 5098">
     <span class='ocr_line' id='line_1_94' title="bbox 2123 5024 3713 5098; baseline 0.003 -20"><span class='ocrx_word' id='word_1_681' title='bbox 2123 5024 2211 5094; x_wconf 86' lang='lat' dir='ltr'><strong>jus</strong></span> <span class='ocrx_word' id='word_1_682' title='bbox 2256 5040 2380 5093; x_wconf 88' lang='lat' dir='ltr'><strong>pars</strong></span> <span class='ocrx_word' id='word_1_683' title='bbox 2406 5036 2508 5093; x_wconf 83' lang='lat' dir='ltr'><strong>est,</strong></span> <span class='ocrx_word' id='word_1_684' title='bbox 2563 5026 2709 5094; x_wconf 89' lang='lat' dir='ltr'><strong>prior</strong></span> <span class='ocrx_word' id='word_1_685' title='bbox 2748 5032 2875 5092; x_wconf 90' lang='lat' dir='ltr'><strong>est;</strong></span> <span class='ocrx_word' id='word_1_686' title='bbox 2909 5024 2977 5081; x_wconf 89' lang='lat' dir='ltr'><strong>de</strong></span> <span class='ocrx_word' id='word_1_687' title='bbox 3018 5028 3233 5082; x_wconf 87' lang='lat' dir='ltr'><strong>nomine</strong></span> <span class='ocrx_word' id='word_1_688' title='bbox 3277 5039 3329 5083; x_wconf 91' lang='lat' dir='ltr'><strong>et</strong></span> <span class='ocrx_word' id='word_1_689' title='bbox 3360 5028 3545 5091; x_wconf 86' lang='lat' dir='ltr'><strong>verbo,</strong></span> <span class='ocrx_word' id='word_1_690' title='bbox 3593 5043 3713 5098; x_wconf 67' lang='lat' dir='ltr'><strong>quae</strong></span> 
     </span>
    </p>
   </div>
   <div class='ocr_carea' id='block_1_95' title="bbox 2128 5114 3713 5189">
    <p class='ocr_par' dir='ltr' id='par_1_95' title="bbox 2128 5114 3713 5189">
     <span class='ocr_line' id='line_1_95' title="bbox 2128 5114 3713 5189; baseline 0.006 -21"><span class='ocrx_word' id='word_1_691' title='bbox 2128 5116 2300 5185; x_wconf 90' lang='lat' dir='ltr'><strong>prima</strong></span> <span class='ocrx_word' id='word_1_692' title='bbox 2339 5126 2483 5179; x_wconf 89' lang='lat' dir='ltr'><strong>sunt,</strong></span> <span class='ocrx_word' id='word_1_693' title='bbox 2533 5114 2827 5183; x_wconf 89' lang='lat' dir='ltr'><strong>disputatio</strong></span> <span class='ocrx_word' id='word_1_694' title='bbox 2868 5119 3039 5188; x_wconf 88' lang='lat' dir='ltr'><strong>prima</strong></span> <span class='ocrx_word' id='word_1_695' title='bbox 3092 5130 3344 5189; x_wconf 89' lang='lat' dir='ltr'><strong>ponatur,</strong></span> <span class='ocrx_word' id='word_1_696' title='bbox 3401 5119 3597 5176; x_wconf 85' lang='lat' dir='ltr'><strong>dehinc</strong></span> <span class='ocrx_word' id='word_1_697' title='bbox 3642 5121 3713 5177; x_wconf 74' lang='lat' dir='ltr'><strong>de</strong></span> 
     </span>
    </p>
   </div>
   <div class='ocr_carea' id='block_1_96' title="bbox 2127 5206 3712 5281">
    <p class='ocr_par' dir='ltr' id='par_1_96' title="bbox 2127 5206 3712 5281">
     <span class='ocr_line' id='line_1_96' title="bbox 2127 5206 3712 5281; baseline 0.004 -22"><span class='ocrx_word' id='word_1_698' title='bbox 2127 5207 2490 5275; x_wconf 69' lang='grc' dir='ltr'>υιοιιοεὶιῑοιιε</span> <span class='ocrx_word' id='word_1_699' title='bbox 2548 5206 2613 5261; x_wconf 90' lang='lat' dir='ltr'><strong>ad</strong></span> <span class='ocrx_word' id='word_1_700' title='bbox 2669 5207 2914 5263; x_wconf 89' lang='lat' dir='ltr'><strong>ultimum</strong></span> <span class='ocrx_word' id='word_1_701' title='bbox 2956 5208 3023 5263; x_wconf 91' lang='lat' dir='ltr'><strong>de</strong></span> <span class='ocrx_word' id='word_1_702' title='bbox 3094 5210 3529 5281; x_wconf 82' lang='lat' dir='ltr'><strong>syllogismorum</strong></span> <span class='ocrx_word' id='word_1_703' title='bbox 3585 5227 3712 5268; x_wconf 82' lang='lat' dir='ltr'><strong>eou-</strong></span> 
     </span>
    </p>
   </div>
   <div class='ocr_carea' id='block_1_97' title="bbox 2130 5297 3709 5372">
    <p class='ocr_par' dir='ltr' id='par_1_97' title="bbox 2130 5297 3709 5372">
     <span class='ocr_line' id='line_1_97' title="bbox 2130 5297 3709 5372; baseline 0.005 -21"><span class='ocrx_word' id='word_1_704' title='bbox 2130 5300 2361 5353; x_wconf 78' lang='lat' dir='ltr'><strong>nexione</strong></span> <span class='ocrx_word' id='word_1_705' title='bbox 2392 5298 2724 5354; x_wconf 87' lang='lat' dir='ltr'><strong>tractabitur.</strong></span> <span class='ocrx_word' id='word_1_706' title='bbox 2758 5297 2961 5354; x_wconf 84' lang='lat' dir='ltr'><strong>Nomen</strong></span> <span class='ocrx_word' id='word_1_707' title='bbox 2998 5308 3080 5354; x_wconf 91' lang='lat' dir='ltr'><strong>est</strong></span> <span class='ocrx_word' id='word_1_708' title='bbox 3109 5315 3209 5355; x_wconf 83' lang='lat' dir='ltr'><strong>vox</strong></span> <span class='ocrx_word' id='word_1_709' title='bbox 3243 5301 3591 5372; x_wconf 84' lang='lat' dir='ltr'><strong>signiﬁcativa</strong></span> <span class='ocrx_word' id='word_1_710' title='bbox 3623 5319 3709 5359; x_wconf 79' lang='lat' dir='ltr'><strong>se-</strong></span> 
     </span>
    </p>
   </div>
   <div class='ocr_carea' id='block_1_98' title="bbox 2130 5389 3710 5465">
    <p class='ocr_par' dir='ltr' id='par_1_98' title="bbox 2130 5389 3710 5465">
     <span class='ocr_line' id='line_1_98' title="bbox 2130 5389 3710 5465; baseline 0.003 -20"><span class='ocrx_word' id='word_1_711' title='bbox 2130 5389 2362 5445; x_wconf 82' lang='lat' dir='ltr'><strong>cundum</strong></span> <span class='ocrx_word' id='word_1_712' title='bbox 2396 5390 2643 5459; x_wconf 86' lang='lat' dir='ltr'><strong>placitum</strong></span> <span class='ocrx_word' id='word_1_713' title='bbox 2677 5390 2793 5445; x_wconf 90' lang='lat' dir='ltr'><strong>sine</strong></span> <span class='ocrx_word' id='word_1_714' title='bbox 2824 5400 3083 5460; x_wconf 90' lang='lat' dir='ltr'><strong>tempore,</strong></span> <span class='ocrx_word' id='word_1_715' title='bbox 3116 5392 3269 5461; x_wconf 90' lang='lat' dir='ltr'><strong>cujus</strong></span> <span class='ocrx_word' id='word_1_716' title='bbox 3298 5394 3437 5448; x_wconf 89' lang='lat' dir='ltr'><strong>nulla</strong></span> <span class='ocrx_word' id='word_1_717' title='bbox 3476 5410 3601 5465; x_wconf 90' lang='lat' dir='ltr'><strong>pars</strong></span> <span class='ocrx_word' id='word_1_718' title='bbox 3632 5395 3710 5449; x_wconf 86' lang='lat' dir='ltr'><strong>si-</strong></span> 
     </span>
    </p>
   </div>
   <div class='ocr_carea' id='block_1_99' title="bbox 2126 5481 3711 5555">
    <p class='ocr_par' dir='ltr' id='par_1_99' title="bbox 2126 5481 3711 5555">
     <span class='ocr_line' id='line_1_99' title="bbox 2126 5481 3711 5555; baseline 0.006 -23"><span class='ocrx_word' id='word_1_719' title='bbox 2126 5481 2430 5551; x_wconf 57' lang='lat' dir='ltr'><strong>gniﬁcativa</strong></span> <span class='ocrx_word' id='word_1_720' title='bbox 2478 5490 2560 5536; x_wconf 85' lang='lat' dir='ltr'><strong>est</strong></span> <span class='ocrx_word' id='word_1_721' title='bbox 2591 5491 2862 5550; x_wconf 87' lang='lat' dir='ltr'><strong>separata;</strong></span> <span class='ocrx_word' id='word_1_722' title='bbox 2895 5498 3012 5550; x_wconf 65' lang='lat' dir='ltr'><strong>quae</strong></span> <span class='ocrx_word' id='word_1_723' title='bbox 3048 5482 3298 5538; x_wconf 86' lang='lat' dir='ltr'><strong>dil‘linitio</strong></span> <span class='ocrx_word' id='word_1_724' title='bbox 3329 5485 3488 5555; x_wconf 89' lang='lat' dir='ltr'><strong>paulo</strong></span> <span class='ocrx_word' id='word_1_725' title='bbox 3515 5486 3711 5541; x_wconf 79' lang='lat' dir='ltr'><strong>enoda-</strong></span> 
     </span>
    </p>
   </div>
   <div class='ocr_carea' id='block_1_100' title="bbox 2131 5570 3710 5641">
    <p class='ocr_par' dir='ltr' id='par_1_100' title="bbox 2131 5570 3710 5641">
     <span class='ocr_line' id='line_1_100' title="bbox 2131 5570 3710 5641; baseline 0.004 -16"><span class='ocrx_word' id='word_1_726' title='bbox 2131 5572 2236 5625; x_wconf 91' lang='lat' dir='ltr'><strong>tius</strong></span> <span class='ocrx_word' id='word_1_727' title='bbox 2279 5570 2593 5641; x_wconf 74' lang='lat' dir='ltr'><strong>explicanda</strong></span> <span class='ocrx_word' id='word_1_728' title='bbox 2626 5580 2731 5625; x_wconf 91' lang='lat' dir='ltr'><strong>est.</strong></span> <span class='ocrx_word' id='word_1_729' title='bbox 2764 5570 2965 5627; x_wconf 82' lang='lat' dir='ltr'><strong>Nomen</strong></span> <span class='ocrx_word' id='word_1_730' title='bbox 3011 5573 3155 5629; x_wconf 89' lang='lat' dir='ltr'><strong>enim</strong></span> <span class='ocrx_word' id='word_1_731' title='bbox 3194 5590 3373 5630; x_wconf 89' lang='lat' dir='ltr'><strong>vocem</strong></span> <span class='ocrx_word' id='word_1_732' title='bbox 3418 5591 3538 5632; x_wconf 90' lang='lat' dir='ltr'><strong>esse</strong></span> <span class='ocrx_word' id='word_1_733' title='bbox 3579 5575 3710 5631; x_wconf 87' lang='lat' dir='ltr'><strong>diei-</strong></span> 
     </span>
    </p>
   </div>
   <div class='ocr_carea' id='block_1_101' title="bbox 2129 5663 3712 5740">
    <p class='ocr_par' dir='ltr' id='par_1_101' title="bbox 2129 5663 3712 5740">
     <span class='ocr_line' id='line_1_101' title="bbox 2129 5663 3712 5740; baseline 0.006 -23"><span class='ocrx_word' id='word_1_734' title='bbox 2129 5678 2285 5728; x_wconf 86' lang='lat' dir='ltr'><strong>tuus,</strong></span> <span class='ocrx_word' id='word_1_735' title='bbox 2353 5663 2605 5732; x_wconf 88' lang='lat' dir='ltr'><strong>quoniam</strong></span> <span class='ocrx_word' id='word_1_736' title='bbox 2658 5678 2759 5717; x_wconf 83' lang='lat' dir='ltr'><strong>vox</strong></span> <span class='ocrx_word' id='word_1_737' title='bbox 2817 5666 3089 5722; x_wconf 90' lang='lat' dir='ltr'><strong>nominum</strong></span> <span class='ocrx_word' id='word_1_738' title='bbox 3143 5683 3313 5740; x_wconf 84' lang='lat' dir='ltr'><strong>genus</strong></span> <span class='ocrx_word' id='word_1_739' title='bbox 3382 5681 3491 5736; x_wconf 88' lang='lat' dir='ltr'><strong>est;</strong></span> <span class='ocrx_word' id='word_1_740' title='bbox 3552 5686 3712 5727; x_wconf 79' lang='lat' dir='ltr'><strong>omne</strong></span> 
     </span>
    </p>
   </div>
   <div class='ocr_carea' id='block_1_102' title="bbox 2130 5756 3714 5833">
    <p class='ocr_par' dir='ltr' id='par_1_102' title="bbox 2130 5756 3714 5833">
     <span class='ocr_line' id='line_1_102' title="bbox 2130 5756 3714 5833; baseline 0.008 -26"><span class='ocrx_word' id='word_1_741' title='bbox 2130 5762 2306 5812; x_wconf 79' lang='lat' dir='ltr'><strong>autent</strong></span> <span class='ocrx_word' id='word_1_742' title='bbox 2344 5768 2513 5822; x_wconf 87' lang='lat' dir='ltr'><strong>genus</strong></span> <span class='ocrx_word' id='word_1_743' title='bbox 2556 5756 2621 5811; x_wconf 89' lang='lat' dir='ltr'><strong>de</strong></span> <span class='ocrx_word' id='word_1_744' title='bbox 2662 5772 2759 5814; x_wconf 90' lang='lat' dir='ltr'><strong>sua</strong></span> <span class='ocrx_word' id='word_1_745' title='bbox 2806 5759 2987 5829; x_wconf 87' lang='lat' dir='ltr'><strong>specie</strong></span> <span class='ocrx_word' id='word_1_746' title='bbox 3038 5760 3382 5830; x_wconf 65' lang='lat' dir='ltr'><strong>praedicatur,</strong></span> <span class='ocrx_word' id='word_1_747' title='bbox 3433 5760 3714 5833; x_wconf 68' lang='lat' dir='ltr'><strong>omnisque</strong></span> 
     </span>
    </p>
   </div>
   <div class='ocr_carea' id='block_1_103' title="bbox 2081 5846 3709 5928">
    <p class='ocr_par' dir='ltr' id='par_1_103' title="bbox 2081 5846 3709 5928">
     <span class='ocr_line' id='line_1_103' title="bbox 2081 5846 3709 5928; baseline 0.004 -21"><span class='ocrx_word' id='word_1_748' title='bbox 2081 5916 2095 5924; x_wconf 26' lang='grc' dir='ltr'><em>ί</em></span> <span class='ocrx_word' id='word_1_749' title='bbox 2130 5846 2381 5908; x_wconf 76' lang='lat' dir='ltr'><strong>difﬁnitio</strong></span> <span class='ocrx_word' id='word_1_750' title='bbox 2423 5862 2452 5911; x_wconf 82' lang='lat' dir='ltr'><strong>a</strong></span> <span class='ocrx_word' id='word_1_751' title='bbox 2482 5863 2679 5928; x_wconf 77' lang='lat' dir='ltr'><strong>genere</strong></span> <span class='ocrx_word' id='word_1_752' title='bbox 2718 5854 2967 5925; x_wconf 77' lang='lat' dir='ltr'><strong>sumitur,</strong></span> <span class='ocrx_word' id='word_1_753' title='bbox 3013 5863 3068 5915; x_wconf 88' lang='lat' dir='ltr'><strong>ut</strong></span> <span class='ocrx_word' id='word_1_754' title='bbox 3097 5853 3142 5917; x_wconf 76' lang='lat' dir='ltr'><strong>si</strong></span> <span class='ocrx_word' id='word_1_755' title='bbox 3170 5851 3406 5919; x_wconf 71' lang='lat' dir='ltr'><strong>dilaniat</strong></span> <span class='ocrx_word' id='word_1_756' title='bbox 3440 5853 3709 5919; x_wconf 72' lang='lat' dir='ltr'><strong>hominem</strong></span> 
     </span>
    </p>
   </div>
  </div>
