4296 6266
584 320 609 379 ’ἶ
624 321 692 381 ξρῦ

1707 286 1721 295 ’
1808 324 1917 380 an.
1958 322 2168 378 usus.
2203 319 2362 377 sev.
2406 320 2627 378 eoum

3748 319 3853 375 764

586 447 737 520 prius
765 448 957 503 animal
986 448 1157 512 diuis,
1182 448 1322 517 quod
1350 456 1434 505 est
1461 463 1650 519 genus.
1686 450 1812 503 Post
1846 462 1975 501 vero
2002 446 2160 500 diffe-
2189 448 2242 503 Δ
2268 446 2409 513 quod
2440 447 2519 500 vir
2546 446 2700 500 fort-is
2740 462 2863 501 cum
2895 447 3050 501 unius
3105 453 3357 501 accentus
3387 443 3682 500 intentione
3726 458 3851 513 pro-

587 544 793 600 rentias
826 542 1020 610 jungas
1047 555 1168 611 qua
1214 550 1341 596 sunt
1387 543 1652 596 rationale
1698 548 1753 596 et
1799 539 2047 594 mortale.
2088 540 2165 593 Ita

590 635 752 703 igitur
777 646 875 687 nos
911 648 1123 703 quoque
1151 635 1200 687 in
1231 634 1461 687 nominis
1491 633 1813 687 dillinitione
1839 647 2026 685 vocem
2051 634 2168 701 qui-

588 724 710 781 dem
733 734 788 778 ut
808 739 975 794 genus
1003 727 1283 791 sumimus,
1315 734 1512 779 caetera
1538 734 1715 779 autem
1741 725 1856 777 voci
1888 724 2037 793 quasi
2060 722 2146 776 dif
2150 751 2167 764 -

589 816 843 870 ferentias
865 830 1233 887 aggregamus,
1269 817 1411 870 velut
1438 816 1580 886 quod
1610 830 1803 870 nomen
1832 815 2167 884 designativa

591 922 693 961 vox
730 907 946 963 dicitur.
994 909 1131 964 Sunt
1160 910 1303 963 enim
1347 924 1505 962 voces
1534 922 1654 977 qua:
1694 906 1827 961 nihil
1866 906 2166 975 designant,

592 1008 651 1054 ut
668 1001 920 1071 syllabae,
942 1015 1137 1055 nomen
1158 1015 1285 1055 vero
1307 1000 1633 1069 designativa
1657 1014 1759 1053 vox
1784 1007 1885 1063 est,
1917 997 2167 1068 quoniam

595 1106 791 1147 nomen
804 1092 1046 1162 designat
1066 1094 1119 1148 id
1135 1107 1347 1162 semper
1362 1092 1517 1163 cujus
1529 1107 1724 1147 nomen
1744 1100 1847 1146 est.
1863 1090 2169 1145 Secundum

595 1187 843 1255 piacitum
864 1200 995 1240 vero
1014 1187 1322 1255 adjunctqu
1348 1196 1454 1246 est.
1479 1186 1728 1254 quoniam
1747 1183 1950 1238 nullum
1972 1198 2171 1236 nomen

598 1286 785 1331 natura
798 1276 1081 1346 signiﬁcat,
1094 1277 1191 1330 sed
1205 1276 1495 1330 secundum
1513 1277 1760 1345 placitum
1781 1274 2029 1343 ponentis
2043 1287 2170 1327 con-

597 1367 973 1437 stituentisque
997 1368 1343 1420 voluntatem.
1384 1366 1515 1420 Illud
1549 1366 1695 1420 enim
1725 1377 2059 1433 unaquaeque
2085 1375 2176 1416 res

597 1458 791 1515 dicitur
832 1459 973 1529 quod
998 1459 1049 1513 ei
1070 1459 1268 1528 placuit
1289 1461 1379 1527 qui
1398 1460 1601 1527 primus
1622 1458 1699 1512 rei
1728 1471 1922 1511 nomen
1947 1456 2174 1523 impres-

598 1550 683 1605 sit.
697 1552 828 1606 Aliae
839 1552 979 1606 enim
992 1562 1113 1605 sunt
1129 1567 1287 1607 voces
1301 1552 1612 1606 naturaliter
1622 1550 2008 1618 signiﬁcantes,
2023 1557 2080 1602 ut
2092 1562 2177 1601 ca-

601 1658 726 1698 num
740 1644 982 1710 latratus,
996 1645 1109 1699 iras
1119 1659 1309 1697 canum
1323 1644 1606 1715 signiﬁcat,
1620 1652 1673 1696 et
1687 1641 1787 1695 alia
1802 1641 1918 1711 ejus
1929 1642 2173 1711 qumdam

601 1722 703 1787 vox
732 1732 1124 1797 blandimenta;
1154 1734 1388 1801 gemitus
1418 1733 1578 1789 etiam
1601 1731 1882 1801 designant
1906 1731 2170 1792 dolorem,

2274 539 2437 607 latum
2468 553 2574 593 non
2603 546 2689 594 est
2726 539 2927 605 oratio,
2959 538 3054 594 sed
3093 552 3316 604 nomen,
3359 537 3511 607 cujus
3543 543 3717 605 partes
3748 549 3848 589 no-

2271 639 2416 693 mina
2445 648 2565 690 esse
2589 648 2693 688 non
2718 642 2987 701 poterunt,
3025 644 3089 685 ac
3110 632 3154 684 si
3188 630 3399 682 nomina
3424 644 3531 681 non
3551 635 3695 690 sunt,
3724 640 3849 679 cum

2273 744 2451 799 neque
2478 727 2751 783 naturales
2771 724 2993 779 aﬁ‘ectus
3016 738 3186 792 neque
3212 732 3386 786 actus,
3413 729 3472 774 ut
3494 719 3659 775 verba
3684 719 3850 788 signi-

2273 822 2465 889 ﬁcent,
2498 821 2720 875 omnino
2758 834 2865 872 non
2895 816 3023 871 nihil
3053 816 3359 886 designant.
3420 813 3600 880 Quare
3626 813 3843 867 conciti.

2259 912 2509 977 .dendum
2533 921 2633 974 est,
2668 925 2787 965 cum
2818 909 3068 979 quislibet
3089 920 3248 961 voces
3280 907 3547 974 propriam
3578 902 3848 971 signiﬁca-

2276 1004 2473 1057 tionem
2505 1010 2710 1067 tenent,
2758 1016 2866 1055 non
2895 1006 3074 1069 partes
3123 997 3414 1061 nominum,
3447 994 3542 1049 sed
3593 997 3707 1063 ipsa
3728 1007 3853 1048 esse

2275 1096 2512 1160 nomina,
2539 1109 2659 1149 cum
2688 1108 2815 1147 vero
2844 1094 3001 1146 unius
3038 1091 3263 1145 formam
3294 1089 3525 1142 nominis
3551 1086 3848 1154 copulave-

2274 1188 2402 1252 rint,
2434 1201 2500 1241 eo
2534 1184 2942 1240 considerantur
2981 1193 3033 1235 ut
3049 1189 3246 1249 partes
3281 1182 3389 1233 vim
3423 1178 3649 1248 proprias
3685 1176 3848 1244 signi-

2276 1276 2539 1329 ﬁcationis
2565 1276 2836 1329 amittere.
2879 1272 2985 1327 Sed
3010 1271 3185 1326 dehis
3212 1271 3268 1324 in
3308 1268 3694 1325 commentario
3722 1266 3848 1320 libri

2278 1371 2396 1441 Περὶ
2424 1369 2695 1443 ἕρμαινήας
2726 1364 3027 1419 Aristotelis
3056 1364 3186 1417 satis
3210 1362 3412 1415 dictum
3443 1369 3561 1427 est,
3594 1366 3650 1412 et
3683 1356 3851 1426 major

2276 1460 2397 1525 ejus
2427 1459 2504 1511 rei
2537 1465 2792 1512 tractatus
2831 1464 2916 1511 est
2942 1469 3100 1523 quam
3129 1460 3185 1506 ut
3236 1467 3374 1506 nunc
3400 1459 3543 1504 totus
3565 1447 3738 1502 valeat
3763 1462 3852 1499 ex-

2283 1550 2475 1619 pediri.
2508 1549 2615 1604 Sed
2642 1548 2892 1617 quoniam
2920 1554 3039 1601 sunt
3073 1543 3316 1614 quaedam
3344 1556 3502 1596 voces
3532 1555 3653 1610 qum
3681 1549 3735 1594 et
3761 1538 3853 1592 de-

2286 1643 2560 1713 signativre
2599 1651 2723 1695 sunt
2772 1649 2827 1695 et
2856 1638 3146 1694 secundum
3175 1636 3458 1704 placitum,
3509 1640 3566 1687 et
3586 1633 3704 1686 sine
3729 1640 3853 1686 tem-

2286 1750 2437 1805 pore,
2460 1747 2790 1802 (tuarumque
2821 1742 2997 1801 partes
3025 1728 3157 1782 nihil
3200 1736 3349 1782 extra
3392 1723 3712 1793 signiﬁcant,
3763 1737 3853 1777 nev:

600 1822 694 1878 sed
745 1839 850 1879 non
882 1836 999 1879 sunt
1030 1827 1268 1891 nomina,
1296 1825 1420 1893 quia
1446 1838 1548 1878 non
1575 1823 1857 1889 designant
1875 1821 2170 1876 secundum
2204 1816 2255 1880 Β
2280 1844 2384 1898 que
2416 1837 2593 1881 tamen
2626 1825 2978 1895 proprietates
3030 1821 3256 1875 nominis
3298 1814 3646 1884 naturamque
3673 1815 3852 1869 obser~

601 1912 875 1983 placitum,
899 1914 991 1970 sed
1022 1916 1310 1969 secundum
1328 1925 1590 1968 naturam.
1615 1913 1741 1969 Sine
1757 1921 1996 1982 tempore
2022 1928 2171 1977 vero,

601 2006 743 2075 quod
772 2015 826 2059 et
856 2006 1018 2060 verba
1051 2021 1208 2061 voces
1241 2015 1370 2062 sunt
1413 2006 1776 2076 signiﬁcativa
1802 2017 1856 2059 et
1882 2006 2175 2062 secundum

603 2097 876 2166 placitum,
902 2098 997 2152 sed
1022 2098 1222 2154 distant
1249 2113 1279 2153 a
1307 2100 1639 2165 nominibus,
1667 2100 1789 2168 quia
1817 2097 2033 2154 nomina
2060 2099 2179 2169 qui-

603 2189 722 2243 dem
774 2191 892 2244 sine
923 2200 1161 2259 tempore
1191 2201 1344 2249 sunt.
1380 2192 1539 2245 verba
1588 2206 1716 2245 vero
1743 2204 1864 2244 cum
1917 2201 2175 2259 tempore.

609 2283 772 2365 (iujus
796 2285 935 2337 nulla
972 2300 1093 2354 pars
1123 2285 1473 2355 signiﬁcativa
1514 2294 1596 2338 est
1632 2260 1871 2354 separata
1895 2326 1909 2352 ,
1962 2284 2177 2337 nomina

603 2364 668 2427 ab
694 2376 931 2430 oratione
957 2375 1230 2445 disjungit.
1271 2378 1453 2431 Oratio
1485 2390 1714 2445 namque
1751 2390 1853 2429 vox
1887 2384 1970 2430 est
2013 2376 2179 2445 signi-

608 2466 815 2519 ﬁcaiiva
860 2466 1148 2521 secundum
1181 2468 1430 2537 placitum
1483 2476 1537 2522 et
1579 2468 1865 2539 aliquoties
1893 2467 2011 2522 sine
2049 2478 2181 2521 tem-

607 2571 755 2624 pore,
783 2569 835 2609 ut
859 2558 946 2610 hic
969 2572 1153 2612 versus
1179 2574 1194 2613 :
1227 2559 1423 2615 Nerine
1445 2557 1904 2637 Galatlteaothymo
1917 2558 2046 2614 mihi
2066 2559 2186 2613 dul-

603 2649 716 2700 cior
745 2648 953 2718 Hyblae.
1000 2649 1102 2703 Sed
1128 2650 1386 2704 orationis
1429 2659 1639 2718 partes,
1684 2659 1945 2718 separata:
1999 2664 2029 2703 a
2075 2658 2185 2704 tota

606 2740 859 2808 oratione,
887 2739 1204 2813 designant:
1259 2743 1539 2798 nominum
1577 2758 1707 2797 vero
1743 2743 1874 2799 nihil
1902 2753 2053 2799 extra
2087 2743 2185 2799 de-

606 2829 798 2899 signat,
830 2844 991 2900 atque
1040 2833 1091 2886 in
1121 2831 1228 2888 illis
1276 2832 1493 2901 quidem
1525 2834 1830 2887 nominibus
1855 2848 1974 2903 quae
2004 2836 2187 2903 ligone

609 2928 732 2973 sunt
755 2921 1010 2990 simplicis
1051 2922 1183 2977 nihil
1226 2939 1348 2994 pars
1378 2926 1597 2979 omnino
1622 2924 1924 2998 signiﬁcare
1963 2926 2187 2980 manife-

607 3021 746 3065 stum
778 3023 878 3079 est,
908 3025 962 3069 ut
991 3015 1042 3069 in
1073 3029 1141 3070 eo
1170 3016 1309 3085 quod
1339 3026 1423 3072 est
1451 3016 1640 3073 Cicero
1660 3057 1676 3083 ,
1712 3018 1857 3072 nulla
1885 3032 2008 3087 pars
2033 3031 2188 3087 sepa-

607 3114 718 3161 rata
749 3107 993 3179 designat
1044 3124 1216 3180 neque
1258 3111 1327 3176 ci,
1361 3126 1533 3181 neque
1586 3127 1663 3179 ce,
1712 3127 1884 3182 neque
1913 3130 1991 3167 ro.
2041 3116 2109 3168 At
2138 3114 2185 3169 si

608 3209 800 3249 nomen
834 3174 1187 3267 compositum
1222 3174 1347 3263 ﬁat,
1380 3174 1682 3271 signiﬁcare
1705 3174 1898 3269 aliquid
1925 3208 2185 3270 separatae
2210 3174 2261 3247 θ

610 3298 786 3359 partes
812 3291 1087 3358 videntur;
1121 3292 1211 3346 sed
1246 3291 1301 3346 in
1322 3292 1510 3346 eodem
1534 3292 1750 3346 nomine
1767 3290 1908 3362 quod
1938 3307 2001 3347 ex
2025 3293 2187 3348 utris-

612 3394 714 3450 que
738 3383 1088 3449 compositum
1120 3393 1221 3447 est,
1253 3393 1514 3453 separata:
1545 3383 1679 3437 nihil
1713 3383 2023 3452 designant,
2057 3394 2113 3439 ut
2140 3386 2187 3440 si

612 3462 783 3519 dicam
831 3472 1107 3538 magister,
1144 3478 1323 3536 partes
1350 3470 1465 3536 ejus
1488 3472 1720 3523 nominis
1747 3480 1872 3525 sunt
1913 3474 2080 3543 magis
2110 3484 2188 3527 at-

612 3573 715 3627 que
742 3567 841 3623 ter,
868 3576 986 3628 qua:
1016 3568 1226 3629 sumpta
1255 3560 1618 3616 exstrinsecus
1645 3574 1696 3617 et
1728 3578 1758 3617 a
1781 3564 2014 3619 nominis
2041 3576 2189 3634 parte

615 3656 871 3716 separata:
900 3646 1283 3716 signiﬁcatione
1311 3663 1415 3701 non
1444 3660 1647 3719 carent,
1680 3661 1903 3720 utraque
1928 3654 2069 3708 enim
2096 3653 2190 3708 ad-

615 3734 920 3789 verbialiter
952 3734 1584 3808 signiﬁcatquantitatem
1611 3757 1626 3806 ;
1660 3739 1754 3796 sed
1784 3756 1903 3795 cum
1938 3744 2192 3813 magister

615 3822 756 3892 quod
785 3833 865 3877 est
914 3824 1266 3895 compositura
1305 3843 1497 3883 nomen
1528 3828 1758 3899 alicujus
1787 3832 1916 3885 artis
1963 3835 2191 3902 peritum

612 3914 987 3986 doctoremque
1011 3910 1295 3987 signiﬁcet,
1329 3909 1494 3988 magis
1544 3935 1717 3990 neque
1759 3930 1962 3991 partem
2002 3923 2192 3976 docto-

615 4004 711 4072 t‘is,
741 4022 909 4077 neque
942 4017 1106 4061 totum
1132 4008 1404 4064 doctorem
1441 4010 1636 4080 poterit
1656 4012 1958 4083 designare.
1993 4014 2190 4070 Eodem

615 4114 824 4170 quoque
854 4099 1011 4155 modo
1044 4109 1149 4164 ter,
1180 4117 1351 4171 neque
1385 4103 1436 4155 in
1464 4113 1575 4156 toto
1603 4103 1895 4175 signiﬁcat,
1926 4120 2099 4175 neque
2140 4107 2192 4160 in

619 4201 770 4261 parte
796 4192 1096 4258 doctorem,
1124 4193 1174 4246 id
1207 4203 1309 4259 est,
1354 4210 1466 4248 rem
1497 4196 1642 4250 illam
1679 4214 1797 4267 qua:
1828 4200 2067 4268 magistri
2098 4216 2194 4253 vo-

615 4282 807 4339 cabulo
832 4285 1068 4354 subjecta
1100 4292 1182 4337 est
1208 4286 1353 4339 nulla
1378 4286 1583 4341 ratione
1613 4289 1874 4358 de5?gnat.
1914 4290 2195 4359 Composi-

619 4382 791 4429 tornm
815 4389 942 4446 ergo
994 4373 1266 4429 nominum
1298 4386 1474 4445 partes
1525 4377 1655 4431 nihil
1702 4379 1816 4447 ejus
1846 4380 1919 4433 rei
1952 4396 2107 4450 quam
2140 4380 2193 4436 in

618 4480 779 4520 onum
807 4467 1190 4521 convenientes
1240 4469 1556 4523 vocabulum
1610 4470 1957 4541 designabant
1992 4474 2195 4543 disjun-

617 4568 714 4610 ene
748 4558 1124 4628 distractteque
1173 4561 1507 4629 signiﬁcant;
1560 4564 1665 4618 alia
1716 4580 1842 4620 vero
1889 4566 2193 4635 signiﬁcare

619 4652 858 4717 possunt,
887 4644 980 4703 sed
1011 4660 1137 4705 tunc
1164 4662 1270 4705 non
1304 4661 1483 4721 partes
1511 4653 1765 4721 nominis,
1796 4656 1890 4711 sed
1920 4657 2034 4726 ipsa
2064 4668 2190 4713 sunt

619 4744 851 4795 nomina.
880 4741 1035 4809 Quod
1067 4744 1207 4798 enim
1252 4745 1537 4815 conjuncta
1567 4748 1893 4821 signiﬁcant,
1944 4751 1996 4805 id
2025 4752 2192 4806 divisa

616 4843 774 4902 atque
795 4828 1025 4902 sepo'sita
1070 4852 1172 4890 non
1208 4836 1509 4907 designant.
1567 4837 1757 4894 Juncta
1798 4850 1976 4898 autem
2028 4845 2193 4915 magis

616 4936 668 4979 et
720 4937 795 4981 ter
821 4927 1054 4983 doctoris
1109 4928 1548 4995 signiﬁcatibncm
1604 4933 1889 4998 tenebant,
1950 4945 2208 5002 separata-

617 5019 777 5091 igitur
802 5026 1014 5075 Omnem
1039 5019 1480 5089 signiﬁcationem
1516 5019 1751 5077 doctoris
1777 5023 2044 5077 amittunt.
2084 5024 2189 5079 Sed

619 5132 684 5169 ne
723 5114 844 5183 quis
895 5115 1142 5183 superius
1173 5114 1349 5184 posito
1377 5114 1733 5171 calumnietur
1761 5117 2009 5185 exemplo
2030 5160 2044 5184 ,
2093 5133 2190 5174 nec

616 5210 867 5276 magister
898 5205 1251 5273 compositum
1285 5221 1478 5259 nomen
1505 5221 1625 5263 esse
1663 5207 1953 5271 concedat,
1982 5209 2060 5263 vir
2086 5208 2195 5264 for-

617 5299 682 5352 tis
709 5312 829 5352 esse
869 5298 1221 5368 compositum
1266 5312 1496 5365 nomen,
1546 5299 1590 5353 si
1620 5315 1722 5353 uno
1776 5300 2075 5369 proferatur
2104 5317 2195 5358 ac-

615 5401 773 5446 centu
824 5391 1005 5445 nullus
1045 5390 1291 5459 negabit,
1345 5392 1495 5459 cujus
1530 5401 1710 5461 partes
1738 5391 1823 5446 vir
1843 5402 2002 5463 atque
2042 5392 2191 5448 fortis

615 5482 753 5551 quod
788 5483 838 5535 in
871 5496 936 5537 eo
961 5481 1101 5550 quod
1140 5492 1222 5537 est
1269 5476 1350 5538 vir
1379 5482 1530 5539 fortis
1572 5483 1872 5556 signiﬁcare
1924 5484 2188 5555 dicantur,

617 5590 721 5630 non
744 5577 851 5644 jam
880 5574 1110 5631 nominis
1141 5586 1339 5645 partes,
1387 5578 1479 5633 sed
1506 5579 1617 5649 ipsa
1647 5590 1773 5635 sunt
1816 5580 2029 5634 nomina
2050 5622 2062 5645 ,
2093 5597 2191 5635 nec

617 5668 696 5721 vir
724 5666 875 5723 fortis
924 5668 1079 5723 unius
1107 5671 1207 5724 erit
1235 5685 1456 5737 nomen,
1488 5672 1581 5726 sed
1630 5674 1806 5741 petius
1832 5675 2035 5737 oratio,
2071 5688 2189 5743 qua:

614 5758 839 5817 duorum
876 5759 1146 5826 nominum
1180 5757 1369 5817 collata
1411 5759 1803 5827 signiﬁcatione
1831 5762 2190 5829 convincitur,

2218 4536 2274 4603 D

2284 1929 2429 1985 vent,
2461 1916 2831 1972 discernendae
2866 1929 3011 1980 prius
3034 1925 3155 1966 sunt
3181 1952 3196 1977 ,
3221 1911 3519 1977 additisque
3548 1906 3855 1967 diﬁ‘erentiis

2281 2025 2311 2062 a
2343 2009 2559 2063 nomine
2606 2005 2975 2077 segreganda,
3022 2013 3079 2057 ut
3119 2018 3238 2070 qua:
3278 2002 3349 2054 sit
3384 2000 3464 2054 vis
3495 1999 3724 2053 nominis
3751 1996 3861 2051 evil

2283 2100 2476 2155 denter
2501 2108 2773 2167 appareat.
2821 2095 3046 2163 Adjecta
3085 2094 3227 2147 enim
3285 2106 3501 2160 semper
3524 2089 3742 2160 negatio
3771 2093 3859 2141 n'o-

2283 2194 2437 2260 mini,
2470 2207 2653 2247 vocem
2683 2191 2896 2244 dubiam
2947 2189 3105 2252 facit,
3158 2200 3277 2255 quae
3303 2199 3472 2253 neque
3503 2181 3665 2237 Verbo
3695 2195 3859 2249 neque

2284 2284 2535 2348 orationi,
2560 2279 2659 2338 etsi
2680 2281 2900 2336 interius
2930 2278 3324 2333 consideratum
3343 2276 3430 2339 sit,
3458 2289 3627 2343 neque
3652 2271 3858 2325 nomini

2287 2376 2708 2445 possitannecti,
2763 2385 2816 2425 ut
2855 2373 2898 2425 si
2926 2372 3045 2441 quis
3067 2370 3230 2435 dicat,
3263 2383 3369 2423 non
3411 2368 3590 2433 homo,
3648 2379 3747 2417 vox
3780 2371 3860 2418 est

2287 2465 2661 2535 signiﬁcativa.
2735 2463 2983 2528 Designat
3036 2460 3179 2513 enim
3235 2457 3488 2528 quidquid
3545 2454 3703 2508 homo
3760 2468 3863 2510 non

2286 2558 2481 2623 fuerit,
2504 2552 2799 2611 secundum
2825 2555 3096 2623 placitum.
3140 2542 3241 2605 Eas
3276 2552 3417 2603 enim
3449 2548 3666 2601 omnino
3692 2554 3866 2613 partes

2290 2650 2452 2705 habet
2494 2662 2628 2719 quas
2654 2648 2717 2700 ad
2744 2644 3187 2716 signiﬁcationum
3221 2643 3302 2695 vel
3346 2640 3642 2711 negationis
3664 2639 3745 2691 vel
3778 2637 3867 2691 ho-

2290 2742 2449 2797 minis
2490 2740 2740 2809 placitum
2783 2736 3039 2791 vocabula
3093 2735 3338 2803 ponentis
3388 2731 3694 2798 assumpsit.
3743 2729 3869 2784 Sine

2291 2844 2555 2903 tempore,
2608 2844 2725 2901 qua:
2757 2843 2843 2885 res
2872 2842 2988 2883 eam
3013 2842 3198 2881 vocem
3231 2841 3348 2894 quas
3387 2824 3515 2879 dicit
3567 2840 3672 2878 non
3711 2824 3868 2878 homo

2292 2934 2503 2995 separat
2524 2938 2588 2976 ac
2614 2921 2844 2992 sejungit
2866 2934 2895 2973 a
2934 2920 3100 2974 verbo
3122 2959 3137 2983 ,
3168 2916 3320 2986 cujus
3350 2925 3529 2986 partes
3562 2916 3691 2969 nihil
3720 2924 3868 2970 extra

2292 3018 2613 3087 significant,
2646 3031 2712 3069 ne
2733 3005 2906 3068 oratio
2934 3027 3055 3067 esse
3078 3010 3337 3064 videatur.
3397 3009 3511 3062 Non
3540 3008 3698 3062 homo
3726 3008 3866 3061 enim

2294 3127 2395 3167 vox
2423 3111 2663 3179 sejuncta
2710 3118 2793 3163 est
2837 3124 2902 3162 ex
2932 3108 3173 3177 negativa
3221 3106 3476 3175 particula
3526 3115 3579 3159 et
3626 3106 3865 3168 homine.

2292 3219 2411 3273 quia
2443 3202 2497 3256 in
2530 3202 2717 3255 eodem
2745 3200 2962 3253 nomine
3004 3207 3247 3268 separata
3278 3196 3409 3250 nihil
3452 3197 3769 3266 designant,
3798 3197 3870 3251 si-

2295 3292 2670 3363 gniﬁcatenim
2703 3306 2808 3344 non
2835 3291 3013 3355 homo,
3062 3288 3147 3343 vel
3175 3296 3394 3358 equum,
3429 3287 3512 3341 vel
3542 3304 3749 3352 canem,
3787 3284 3867 3341 vel

2294 3385 2550 3454 quidquid
2580 3385 2673 3452 (ut
2695 3365 2895 3437 dictum
2916 3379 3030 3450 est)
3071 3397 3173 3434 non
3213 3380 3373 3435 homo
3396 3396 3498 3435 non
3524 3380 3698 3435 fuerit.
3765 3370 3870 3435 Sed

2295 3491 2414 3547 quae
2443 3485 2525 3529 est
2553 3474 2815 3545 negativa,
2842 3488 3014 3541 neque
3042 3472 3296 3540 hominis,
3330 3489 3501 3542 neque
3526 3472 3671 3543 equi,
3701 3487 3871 3541 neque

2298 3567 2455 3621 ullius
2518 3566 2829 3620 substantiae
2869 3564 3311 3630 signiﬁcationem
3354 3572 3515 3623 tenet.
3558 3564 3684 3619 Item
3717 3563 3873 3619 homo

2297 3672 2468 3727 neque
2497 3672 2705 3720 canem,
2763 3669 2937 3726 neque
2959 3655 3217 3723 quidquid
3253 3656 3411 3709 homo
3436 3671 3537 3707 nou
3572 3655 3756 3720 fuerit,
3802 3654 3873 3708 sl-

2304 3751 2556 3823 gniﬁcare
2588 3745 2765 3821 potest
2793 3768 2808 3817 ;
2844 3751 3091 3821 quocirca
3144 3750 3195 3804 in
3246 3767 3306 3804 ea
3336 3766 3465 3806 voce
3494 3767 3609 3820 qua:
3656 3760 3733 3803 est
3765 3740 3870 3804 non

2301 3846 2460 3899 homo
2487 3854 2660 3914 partes
2679 3844 2807 3898 nihil
2837 3853 3098 3910 separata
3123 3843 3423 3913 signiﬁcant
3447 3843 3558 3913 ejus
3588 3844 3663 3898 rei
3713 3848 3869 3912 quam

2299 3947 2406 3994 tota
2436 3940 2583 3994 vocis
2624 3939 2940 4006 compositio
2962 3936 3291 4006 designabat.
3339 3941 3510 4007 Atque
3544 3936 3665 3991 ideo
3695 3954 3790 3991 nec
3822 3938 3872 3992 in

2298 4031 2538 4087 oratione
2560 4030 2772 4099 quidem
2827 4030 2948 4101 poni
2983 4039 3179 4097 potest.
3220 4029 3275 4084 Si
3308 4032 3423 4100 quis
3462 4032 3606 4085 enim
3633 4046 3750 4085 eam
3783 4046 3873 4085 vo-

2298 4140 2412 4178 cem
2442 4139 2560 4193 qua:
2603 4134 2682 4179 est
2715 4138 2819 4176 non
2867 4123 3028 4175 homo
3057 4123 3351 4177 orationem
3406 4118 3685 4185 concedat,
3738 4112 3870 4175 nihil

2298 4216 2439 4269 aliud
2463 4228 2581 4269 eam
2612 4230 2732 4269 esse
2771 4214 3021 4268 fatebitur
3051 4229 3204 4283 quam
3230 4213 3581 4283 negationem.
3644 4213 3866 4283 Negatio

2296 4316 2473 4359 autem
2497 4304 2669 4358 omnis
2697 4321 2817 4359 vera
2845 4305 2930 4359 vel
2957 4306 3082 4359 falsa
3113 4315 3211 4359 est.
3243 4304 3340 4369 Qui
3384 4313 3558 4357 autem
3594 4303 3726 4356 dicit
3761 4318 3866 4357 non

2300 4393 2492 4461 homo,
2523 4409 2691 4464 neque
2721 4393 2995 4448 veritatem
3026 4394 3255 4457 nuntiat,
3294 4408 3462 4462 neque
3510 4390 3868 4447 mendacium.

2300 4483 2562 4538 Prreterea
2593 4484 2658 4537 ab
2687 4486 2829 4537 omni
2865 4486 3140 4555 negatione
3156 4486 3195 4537 si
3221 4485 3337 4554 quis
3366 4484 3665 4553 negativum
3689 4484 3868 4553 sejun-

2299 4585 2388 4644 gat
2414 4575 2751 4639 adverbium,
2776 4576 3056 4630 afﬁrmatio
3094 4578 3449 4645 relinquetur;
3507 4576 3573 4631 ab
3610 4592 3669 4630 ea
3695 4577 3869 4630 autem

2303 4684 2435 4724 voce
2462 4686 2579 4738 quze
2605 4681 2687 4724 est
2720 4686 2822 4723 non
2849 4669 3040 4733 homo,
3088 4672 3128 4723 si
3166 4671 3284 4740 quis
3325 4669 3495 4723 aufert
3533 4667 3581 4723 id
3622 4668 3759 4738 quod
3790 4679 3871 4723 est

2304 4761 2604 4829 negativum
2630 4752 2939 4813 adverbium
2965 4800 2979 4823 ,
3012 4760 3170 4815 homo
3197 4761 3545 4828 relinquetur,
3582 4758 3719 4829 quod
3743 4775 3872 4814 non-

2300 4853 2424 4906 dum
2449 4864 2529 4907 est
2560 4852 2865 4906 affirmatio.
2908 4852 3168 4916 Quocirca
3203 4854 3244 4905 si
3288 4868 3388 4905 non
3423 4848 3579 4906 homo
3620 4851 3733 4907 Inec
3772 4856 3870 4905 vox

2299 4943 2508 5010 negatio
2539 4956 2658 4996 esse
2684 4957 2787 4994 non
2821 4951 3025 5011 potest,
3052 4941 3181 4995 nihil
3215 4952 3392 4995 autem
3417 4943 3560 4995 aliud
3584 4957 3705 4996 esse
3733 4941 3872 4995 vide-

2301 5042 2443 5086 rctur
2473 5035 2517 5086 si
2549 5043 2691 5086 esset
2722 5034 2914 5097 oratio,
2942 5033 3367 5087 concludendum
3418 5044 3495 5087 est
3540 5035 3872 5101 negationem

2293 5122 2531 5194 junctam
2562 5139 2681 5177 cum
2717 5126 2931 5179 nomine
2952 5125 3250 5181 orationem
3272 5140 3393 5180 esse
3418 5140 3520 5178 non
3547 5139 3721 5193 posse.
3765 5124 3872 5178 No-

2297 5232 2416 5271 men
2442 5217 2583 5271 enim
2616 5234 2773 5272 omne
2808 5228 3011 5273 certum
3050 5218 3248 5289 aliquid
3298 5218 3683 5286 deﬁnitumque
3714 5218 3873 5287 signi-

2298 5309 2437 5375 ﬁcat,
2474 5320 2530 5363 ut
2567 5311 2754 5378 homo,
2788 5328 2986 5383 equus,
3027 5315 3175 5367 canis
3212 5322 3263 5365 et
3294 5322 3521 5374 caetera;
3574 5325 3678 5363 non
3716 5300 3873 5362 homo

2299 5414 2475 5457 autem
2507 5418 2601 5457 vox
2635 5403 2810 5458 aufert
2838 5400 3209 5472 quidemquod
3228 5394 3605 5471 signiﬁcatum
3638 5400 3868 5465 nomine,

2302 5510 2397 5548 nec
2423 5476 2715 5563 praascribit
2746 5492 2866 5561 quid
2897 5494 3009 5559 ipse
3031 5493 3313 5563 signiﬁcet.
3335 5492 3591 5558 Qum-irca
3625 5491 3871 5559 quoniam

2301 5582 2564 5651 signiﬁcat
2602 5582 2813 5651 quidem
2870 5582 3089 5652 aliquid,
3136 5582 3227 5636 sed
3275 5598 3379 5635 non
3429 5582 3631 5634 ﬁnitum
3667 5578 3872 5649 negatio
3946 5632 3951 5652 ί

2296 5664 2476 5742 juncta
2506 5689 2625 5727 cum
2658 5672 2893 5737 homine,
2952 5673 3213 5728 inﬁnitum
3247 5689 3439 5727 nomen
3482 5681 3716 5725 vocetur.
3764 5668 3870 5723 Ad-
3943 5648 3951 5668 ί

2302 5764 2472 5819 denda
2505 5773 2586 5819 est
2610 5779 2738 5839 ergo
2760 5762 3063 5823 dilﬁnitioni
3103 5767 3335 5829 nominis
3366 5763 3695 5831 diﬁ‘erentia,
3727 5761 3868 5843 scili-
