4296 6266
1012 292 1039 309 Ι

451 365 553 431 ἵδὸ

1277 365 1733 423 INTRODUCTIU
1769 363 1861 419 AD
1898 360 2367 420 δῑιωριδιοδ
2417 358 2912 423 ωτεροειιεοε.

3604 358 3709 422 7ἂ6

450 499 531 544 cet
552 496 614 543 ut
657 500 851 542 nomen
890 485 963 541 sit
986 484 1133 554 quod
1169 495 1290 537 eum
1326 479 1539 534 ueteris
1560 493 1677 547 qum
1718 476 1855 531 dicta
1899 482 2024 531 sunt
2049 473 2100 534 Α
2132 474 2387 533 vocabula
2416 475 2757 531 manifestum
2782 488 2886 544 est,
2912 487 3055 534 recte
3091 478 3224 534 dicis
3246 478 3464 537 verbum
3495 494 3712 549 semper

450 582 515 637 sit
548 581 787 636 deﬁnite
806 576 1241 648 signiﬁcationis.
1266 574 1383 628 Jam
1408 588 1535 627 vero
1557 585 1713 625 casus
1746 569 2024 623 nominum

457 689 560 727 ron
584 673 743 727 altius
760 671 1090 726 intuentibus
1124 670 1340 722 nomina
1368 666 1663 720 videantur.
1697 662 1833 730 Quid
1876 662 2022 715 enim

449 767 698 831 Catonis,
722 775 779 823 et
803 763 1010 827 Catoni,
1042 772 1200 830 atque
1216 757 1521 828 hujustnodi
1548 770 1707 810 voces
1725 769 1844 823 qua:
1861 755 2025 808 rectis

450 858 758 913 nominibus
827 855 1209 918 inﬂectuntur,
1268 851 1489 905 nomina
1545 863 1666 904 esse
1707 864 1811 903 non
1838 846 2025 901 cristi-

448 959 561 1005 lnet
590 948 612 1002 ’ἒ
649 946 756 1002 Sed
786 944 870 1000 ha:
896 961 1107 1014 quoque
1133 958 1293 997 voces
1320 957 1349 996 a
1382 939 1597 996 nomine
1623 939 1847 1009 quadam
1872 937 2025 993 αισθ-

448 1043 622 1096 rentia
671 1037 1075 1106 discrepabunt.
1115 1036 1289 1090 Omtte
1333 1034 1477 1090 enim
1534 1048 1727 1088 nomen
1779 1031 2024 1100 junctum

446 1142 569 1182 cum
589 1136 671 1182 est
695 1126 881 1190 verbo,
903 1125 1325 1185 enuntiationem
1346 1122 1519 1178 reddit
1537 1138 1599 1176 ac
1628 1121 1850 1190 suscipit
1876 1135 2027 1175 men-

447 1220 581 1274 dacii
603 1220 951 1289 veritatisque
981 1226 1249 1283 naturam,
1283 1226 1340 1271 ut
1364 1215 1497 1271 Cato
1518 1226 1597 1273 est
1616 1258 1631 1281 ,
1656 1215 1743 1270 vel
1771 1215 1887 1269 dies
1915 1223 2019 1280 est,

446 1322 501 1366 at
527 1312 583 1366 si.
601 1322 685 1367 est
713 1310 930 1367 verbum
962 1310 1178 1372 casibus
1200 1308 1549 1376 Idjnugatttt‘,
1578 1322 1751 1376 neque
1779 1307 2025 1361 enuntia-

445 1404 522 1461 tio
549 1404 641 1470 sit,
692 1418 862 1472 neque
892 1403 1049 1471 plena
1098 1402 1367 1457 sententia
1405 1400 1665 1455 orationis
1708 1399 2021 1465 absolvitur.

448 1506 503 1550 ut
532 1493 750 1550 Catonis
771 1502 877 1555 est,
917 1507 1019 1547 nec
1045 1492 1364 1547 sententiam
1391 1491 1553 1549 habet
1578 1491 1898 1553 absolutam,
1925 1505 2025 1546 nec

448 1585 561 1638 veri
605 1581 803 1647 aliquid
846 1591 1021 1651 potest
1049 1592 1235 1636 notare
1265 1595 1367 1636 nec
1412 1581 1555 1647 falsi,
1607 1590 1769 1650 atque
1824 1582 2025 1639 idcirco

447 1690 551 1730 non
582 1677 818 1741 nomina,
844 1674 937 1729 sed
961 1687 1118 1729 casus
1142 1670 1417 1727 nominum
1448 1683 1842 1739 nuncupantur.
1878 1664 2023 1727 Nam

446 1780 567 1822 cum
589 1767 640 1821 id
671 1783 699 1820 a
731 1782 835 1835 quo
859 1766 1149 1835 quidquam
1207 1764 1441 1819 ﬂectitur
1484 1765 1712 1831 primum
1761 1767 1850 1831 sit,
1893 1764 2019 1819 illud

2128 567 2579 638 signiﬁcationem
2613 570 2871 640 temporis
2893 570 3089 627 habere
3116 572 3394 641 praesentis
3413 612 3430 639 ,
3461 582 3518 629 ut
3539 572 3710 628 currit

2124 669 2223 715 aut
2252 659 2433 715 vincit.
2463 659 2653 715 Currat
2679 670 2857 718 autem
2873 672 2966 718 aut
2992 662 3182 729 vincet,
3209 676 3261 719 et
3291 660 3589 721 cucurrerit
3617 674 3708 723 aut

2132 755 2342 819 vicerit,
2368 769 2475 810 non
2504 766 2632 810 sunt
2655 755 2837 820 verba,
2860 756 2953 815 sed
2984 758 3266 813 verborum
3294 774 3470 823 casus,
3500 759 3707 815 scilicet
3782 760 3795 775 '

2124 847 2250 916 quia
2280 862 2309 900 a
2342 846 2621 915 praesentis
2664 848 2921 916 temporis
2963 848 3351 916 signiﬁcatione
3378 851 3701 918 ﬂectuntur;

2125 946 2213 993 est
2239 952 2368 1006 ergo
2421 936 2568 991 verbi
2594 937 2751 1008 plena
2786 936 3033 993 dilﬁnitio
3068 938 3150 993 sic
3179 954 3193 992 :
3229 938 3459 996 Verbum
3491 952 3574 997 est
3600 956 3703 999 vox

2124 1030 2477 1100 signiﬁcativa
2510 1031 2805 1086 secundum
2852 1030 3103 1101 placitqu
3150 1046 3269 1086 cum
3319 1033 3704 1103 significatione

2130 1123 2411 1192 temporis,
2434 1124 2591 1190 cujus
2618 1124 2763 1179 nulla
2796 1140 2919 1195 pars
2941 1124 3291 1195 signiﬁcativa
3323 1134 3406 1181 est
3434 1138 3701 1197 separata,

2124 1216 2328 1287 aliquid
2355 1217 2562 1272 ﬁnitum
2587 1216 2881 1286 designans
2906 1226 2957 1273 et
2978 1232 3240 1287 praesens.
3266 1218 3451 1272 Restat
3472 1218 3629 1287 igitur
3647 1227 3705 1277 ut
3734 1222 3739 1227 ⁴

2124 1308 2193 1364 de
2210 1308 2456 1363 oratione
2476 1308 2734 1374 dicamus,
2750 1308 2845 1364 sed
2868 1312 3015 1379 prius
3040 1309 3248 1364 videtur
3264 1324 3383 1365 esse
3401 1318 3703 1364 monstrau-

2125 1401 2251 1455 dum
2296 1411 2544 1457 utrumne
2575 1417 2769 1457 nomen
2784 1414 2835 1456 et
2857 1403 3078 1457 verbum
3101 1404 3213 1458 sola
3243 1403 3303 1457 in
3319 1404 3559 1474 partibus
3579 1418 3704 1459 ora-

2128 1493 2287 1546 tionis
2316 1500 2597 1561 pouautur,
2629 1507 2696 1547 an
2724 1502 2778 1546 ut
2805 1494 3134 1563 grammatici
3158 1496 3340 1549 volunt
3383 1505 3437 1550 et
3482 1497 3705 1565 reliqua:

2128 1583 2386 1638 orationis
2449 1584 2685 1650 partibus
2729 1583 2959 1639 debeant
3007 1587 3304 1656 aggregari.
3359 1586 3704 1645 Grammatici

2124 1675 2268 1730 enim
2295 1674 2693 1731 considerantes
2719 1693 2908 1733 vocum
2934 1680 3148 1747 ﬁguras,
3169 1688 3290 1734 octo
3313 1679 3564 1735 orationis
3591 1696 3705 1750 par-

2131 1775 2211 1820 tes
2231 1777 2603 1823 aunutnerant.
2636 1767 2943 1838 Philosophi
2968 1785 3115 1837 vero,
3144 1786 3370 1840 quorum
3418 1773 3591 1826 omnis
3640 1772 3707 1828 de

445 1874 572 1915 vero
592 1859 730 1928 quod
751 1858 821 1912 ab
848 1857 1138 1913 inﬂexione
1159 1856 1315 1925 primi
1336 1856 1573 1911 nascitur
1613 1856 1681 1909 sit
1701 1832 2101 1921 secundum,»
2131 1859 2346 1913 nomine
2368 1857 2636 1929 verboque
2669 1868 2922 1915 tractatus
2953 1862 3003 1916 in
3033 1861 3419 1930 signiﬁcatione
3462 1874 3544 1920 est
3577 1878 3706 1920 con-

447 1969 617 2023 neque
646 1955 786 2009 idem
818 1954 1045 2023 primum
1069 1968 1135 2008 ac
1161 1952 1453 2015 secundum
1483 1966 1604 2013 esse
1634 1953 1823 2020 possit,
1853 1951 2025 2006 mani-

444 2046 637 2101 festum
656 2056 737 2100 est
757 2061 912 2101 casus
940 2046 1211 2100 nominum
1235 2061 1343 2099 non
1366 2043 1507 2099 idem
1535 2060 1656 2101 esse
1681 2045 1822 2113 quod
1853 2045 2024 2099 nomi-

444 2152 511 2192 na
537 2154 549 2190 :
575 2137 777 2194 idcirco
800 2147 1025 2192 c'nteros
1054 2136 1267 2207 quidem
1303 2136 1618 2208 genitivum,
1643 2136 1904 2204 dativum,
1927 2153 2023 2192 ac.

442 2229 764 2294 cusativum,
795 2243 952 2283 casus
980 2227 1252 2298 appellant
1282 2229 1641 2296 grammatici,
1670 2231 1901 2296 primum
1932 2246 2023 2286 ve-

440 2332 501 2373 ro
527 2326 729 2372 rectum
752 2320 1208 2373 acnumiuativum
1234 2319 1372 2387 quod
1397 2319 1485 2374 hic
1515 2319 1689 2375 locum
1723 2321 2021 2390 principem

442 2408 491 2463 in
521 2408 905 2478 signiﬁcatione
925 2410 1245 2478 possederit.
1285 2408 1547 2465 Facienda
1591 2419 1676 2465 est
1708 2411 1869 2485 igitur
1920 2426 2020 2464 no-

444 2498 604 2553 minis
652 2500 802 2568 plena
846 2514 1016 2569 neque
1045 2500 1155 2554 ullo
1182 2499 1441 2555 diminuta
1471 2499 1719 2556 dilﬁnitio
1752 2503 1831 2557 sic
1861 2518 1879 2555 :
1914 2500 2023 2556 No:

444 2604 566 2645 men
614 2601 696 2647 est
722 2607 820 2645 vox
862 2591 1212 2662 signiﬁcativa
1267 2592 1561 2647 secundum
1602 2594 1853 2660 placitum
1904 2593 2021 2649 sine

443 2693 713 2752 tempore,
745 2682 897 2753 cujus
924 2685 1065 2738 nulla
1100 2697 1222 2753 pars
1249 2683 1601 2752 signiﬁcativa
1631 2694 1714 2739 est
1750 2693 2016 2751 separata,

442 2776 636 2844 aliquid
677 2775 882 2830 ﬁnitum
901 2774 1223 2846 ‘desiguans,
1255 2789 1377 2829 cum
1422 2785 1505 2829 est
1540 2774 1703 2831 verbo
1733 2776 2017 2844 conjuncta

438 2869 642 2924 faciens
685 2868 1131 2922 enuntiationem.
1189 2866 1415 2936 Separat
1467 2866 1626 2934 igitur
1672 2881 1868 2922 nomen
1913 2883 2016 2925 vox

437 2961 653 3029 quidem
674 2958 742 3014 ab
769 2959 1010 3014 articulis
1035 2968 1196 3028 atque
1224 2958 1528 3013 iuanimatis
1570 2959 1747 3021 sonis;
1771 2958 2017 3029 designa-

440 3054 543 3110 tiva
575 3069 703 3109 vero
727 3068 756 3108 a
784 3054 1006 3108 vocibus
1034 3068 1154 3123 qua:
1183 3052 1314 3108 nihil
1351 3053 1687 3121 signiﬁcant;
1712 3054 2010 3110 secundum

437 3147 687 3217 placitum
737 3163 768 3201 a
815 3147 1036 3203 vocibus
1083 3148 1281 3218 aliquid
1338 3158 1523 3203 natura
1562 3149 2007 3220 significantibus;

2128 1949 2335 2016 stituta,
2369 1948 2501 2004 duas
2527 1959 2726 2005 tantum
2758 1953 3014 2008 orationis
3044 1964 3223 2022 partes
3246 1970 3365 2010 esse
3386 1956 3703 2027 docuerunt,

2127 2041 2382 2112 quidquid
2415 2042 2626 2111 plenam
2648 2044 3087 2114 signiﬁcationem
3110 2057 3272 2113 tenet,
3298 2048 3557 2120 siquidem
3590 2050 3707 2109 sine

2129 2142 2368 2204 tempore
2394 2134 2675 2205 signiﬁcat,
2719 2151 2908 2191 nomen
2968 2146 3250 2203 vocantes,
3299 2139 3518 2193 verbum
3576 2154 3705 2194 vero

2124 2224 2170 2279 si
2200 2238 2320 2279 cum
2343 2231 2582 2294 tempore
2615 2243 2627 2277 :
2658 2236 2817 2295 atque
2844 2227 2962 2281 ideo
3002 2227 3246 2305 adverbia
3278 2228 3491 2297 quidem
3547 2238 3705 2298 atque

2128 2319 2445 2388 pronomina
2472 2320 2779 2375 nominibus
2803 2320 3052 2393 jungunt,
3106 2322 3220 2377 sine
3268 2331 3506 2392 tempore
3558 2324 3700 2379 enim

2124 2409 2374 2479 quiddam
2397 2412 2745 2466 constitutum
2801 2411 3185 2483 deliuitumque
3235 2413 3553 2483 signiﬁcant,
3605 2400 3704 2474 nec

2123 2501 2347 2556 interest
2366 2501 2507 2572 quod
2536 2501 2673 2556 ﬂecti
2704 2502 2917 2557 casibus
2940 2514 3224 2571 nequeunt,
3260 2520 3361 2558 non
3385 2512 3466 2557 est
3492 2507 3591 2559 hoc
3617 2518 3702 2558 no.

2123 2593 2324 2647 mitium
2355 2593 2627 2663 pr0prium
2660 2604 2716 2647 ut
2742 2591 2953 2647 casibus
2988 2580 3345 2647 inﬁcetautur.
3400 2592 3532 2648 Sunt
3559 2594 3702 2649 enim

2122 2684 2337 2740 nomina
2368 2701 2488 2755 qua:
2513 2700 2543 2739 a
2563 2662 2928 2755 grammaticis
2974 2685 3281 2757 monoptota
3338 2686 3699 2752 nominantur,

2119 2776 2453 2847 participium
2484 2791 2615 2834 vero
2649 2778 2769 2847 quia
2835 2779 3088 2846 temporis
3118 2778 3558 2848 signiﬁcationem
3596 2762 3701 2832 tra-

2122 2869 2218 2934 ltit,
2247 2868 2348 2923 etsi
2369 2870 2583 2924 casibus
2613 2866 2854 2936 eﬂertur,
2881 2869 3042 2923 verbo
3096 2882 3272 2923 tatneu
3304 2879 3446 2924 recte
3473 2873 3699 2939 conjun-

2115 2962 2276 3033 gitur.
2302 2962 2702 3031 lnterjectioues
2726 2974 2901 3016 autem
2947 2963 3239 3030 siquidem,
3268 2962 3581 3017 naturaliter
3623 2964 3696 3017 si-

2116 3054 2388 3124 gniﬁcent,
2424 3068 2523 3107 nec
2569 3056 2751 3118 verbo,
2800 3068 2899 3109 nec
2931 3053 3131 3107 nomini
3184 3053 3495 3120 capulamlrc
3536 3064 3691 3118 sunt;

2116 3146 2261 3200 verbi
2287 3146 2423 3199 enim
2452 3160 2515 3199 ac
2541 3145 2773 3199 nominis
2802 3144 3152 3197 diiﬂnitioncs
3189 3159 3290 3197 non
3340 3143 3536 3197 habent
3575 3158 3694 3199 esse

435 3240 548 3293 siue
568 3248 805 3308 tempore
835 3256 862 3293 a
896 3239 1058 3295 verbo
1103 3240 1249 3309 quod
1282 3254 1312 3293 a
1337 3242 1591 3309 temporis
1618 3218 2009 3309 signiﬁcatione
2036 3218 2087 3286 C
2119 3235 2397 3300 naturalia,
2423 3235 2515 3290 sed
2546 3234 2609 3287 ad
2635 3235 2883 3302 portentis
2908 3232 3156 3307 placitum
3188 3234 3494 3299 constituta,
3536 3243 3692 3303 atque

432 3349 537 3389 non
571 3332 795 3397 recedit,
839 3332 990 3401 cujus
1015 3332 1160 3387 nulla
1192 3346 1321 3401 pars
1354 3343 1599 3402 separata
1626 3332 1908 3403 signiﬁcat,
1941 3336 2007 3392 ab

433 3424 690 3489 oratione,
731 3423 882 3494 cujus
910 3423 1363 3494 quemadmodum
1398 3435 1575 3493 partes
1620 3434 1770 3479 extra
1797 3427 2003 3496 signiti-

432 3532 549 3576 ccut
576 3563 589 3584 ,
647 3520 802 3589 paulo
847 3520 1114 3590 posterius
1141 3518 1445 3581 disseram;
1485 3518 1685 3587 aliquid
1726 3519 2003 3577 deﬁnitum

430 3615 736 3683 designans,
781 3614 847 3668 ab
900 3614 983 3668 liis
1013 3613 1230 3668 vocibus
1255 3627 1373 3680 qua:
1420 3626 1613 3666 nomen
1643 3613 2005 3681 negationem-

427 3721 532 3775 que
562 3706 894 3774 conjunguut
932 3714 984 3758 et
1013 3704 1230 3758 nomina
1260 3702 1459 3756 iaciunt
1481 3702 1711 3767 iuﬁnila,
1766 3718 1885 3757 cum
1923 3714 2005 3761 est

429 3797 591 3851 verbo
627 3796 825 3851 faciens
863 3796 1316 3860 enuntiationem,
1350 3809 1379 3848 a
1419 3795 1631 3850 casibus
1659 3799 1743 3865 qui
1773 3810 1895 3851 cum
1922 3806 2005 3852 est

428 3888 657 3957 copulati
711 3902 815 3941 non
856 3894 1078 3956 possunt
1114 3887 1322 3955 plenam
1368 3885 1623 3955 perﬁcere
1648 3898 1806 3957 atque
1837 3890 2005 3957 expli-

431 3994 558 4033 care
594 3978 931 4033 sententiam.
978 3978 1034 4033 lu
1065 3980 1229 4034 verbo
1268 3995 1480 4049 quoque
1511 3980 1696 4035 eadem
1728 3980 1844 4036 fere
1873 3997 2003 4037 cun-

430 4078 513 4123 cta
534 4068 879 4136 conveniunt,
933 4069 1034 4123 nisi
1077 4068 1217 4138 quod
1249 4070 1301 4125 in
1332 4070 1719 4139 signiﬁcatione
1748 4072 2003 4140 temporis

428 4148 697 4217 anomiue
720 4171 1015 4231 separatur.
1071 4162 1242 4218 Omne
1268 4165 1411 4219 enim
1462 4165 1679 4220 verbum
1735 4168 1999 4221 actionem

427 4255 795 4323 passionemve
810 4254 1073 4325 designat,
1112 4270 1231 4325 quae
1267 4254 1383 4311 ﬁeri
1410 4255 1531 4311 siue
1562 4256 1816 4326 temporis
1850 4266 2001 4312 nota-

426 4347 570 4401 tione
612 4362 715 4401 uon
775 4355 966 4416 potest.
1019 4347 1117 4403 Est
1158 4348 1338 4414 itaque
1383 4347 1530 4403 verbi
1561 4347 1809 4404 difﬁnitio
1842 4349 1998 4406 lucc:

428 4434 645 4490 verbum
693 4445 774 4490 est
838 4452 937 4492 vox
994 4436 1345 4507 signiﬁcativa
1405 4438 1699 4493 secundum
1748 4439 1999 4508 placitum

424 4541 542 4582 cum
568 4536 827 4595 tempore,
850 4528 1002 4596 cujus
1034 4528 1173 4583 nulla
1204 4541 1326 4595 pars
1361 4527 1711 4596 signiﬁcativa
1738 4541 1817 4584 est
1847 4546 2001 4600 sepa-

425 4627 556 4681 rata,
587 4626 641 4669 ut
665 4617 849 4683 currit,
906 4616 1101 4684 vincit;
1154 4617 1249 4672 sed
1292 4617 1336 4672 si
1361 4617 1538 4672 verbis
1571 4620 1811 4687 uegativa
1835 4635 1998 4689 COpll-

425 4708 602 4762 lentur
633 4708 905 4769 adverbia,
936 4707 1074 4763 ﬁunt
1114 4706 1321 4761 iuliuita
1374 4708 1567 4768 verba,
1601 4706 1737 4761 sicut
1768 4709 1878 4763 ﬁeri
1904 4726 1999 4763 no-

425 4798 567 4854 mina
618 4800 851 4855 diximus
898 4799 1100 4854 iuliuita
1126 4840 1142 4865 ,
1184 4806 1244 4853 ut
1290 4811 1408 4851 cum
1448 4798 1646 4863 currit,
1679 4810 1767 4852 aut
1811 4800 1993 4871 vincit,

421 4899 628 4945 certum
655 4892 854 4959 aliquid
887 4889 1162 4943 ﬁnitumve
1189 4889 1431 4958 designet
1451 4932 1465 4956 ,
1494 4888 1667 4941 addita
1694 4891 1994 4963 negatione,

420 4983 470 5037 id
510 4982 721 5053 quidem
746 4979 887 5049 quod
925 4994 955 5033 a
980 4980 1143 5034 verbo
1199 4978 1509 5048 designatur
1554 4974 1844 5047 tutercipit,
1870 4979 1998 5049 quid

419 5060 549 5128 vero
579 5072 719 5126 aliud
748 5071 863 5125 ﬁeri
893 5069 1034 5125 dicat
1066 5069 1155 5123 tali
1183 5069 1572 5141 signiﬁcatione
1594 5085 1698 5123 non
1726 5070 1996 5145 terminat;

424 5176 683 5235 praeterea
714 5163 928 5234 negatio
950 5160 1138 5232 juncta
1160 5177 1283 5217 cum
1308 5164 1475 5217 verbo
1515 5165 1628 5217 sive
1666 5163 1718 5216 in
1767 5177 1833 5218 eo
1859 5163 1998 5233 quod

415 5268 519 5326 est,
553 5257 670 5312 sive
701 5255 754 5309 in
783 5269 848 5309 eo
875 5253 1015 5322 quod
1048 5268 1153 5305 non
1176 5262 1288 5315 est,
1342 5263 1484 5308 recte
1533 5252 1635 5305 dici
1679 5262 1889 5322 p0test,
1945 5240 1999 5307 ut

416 5351 577 5404 homo
625 5364 729 5403 non
781 5348 970 5401 currit.
1030 5344 1145 5398 Non
1188 5358 1308 5398 esse
1358 5352 1533 5397 autem
1561 5345 1854 5397 orationem
1908 5355 1999 5400 aut

414 5440 839 5498 enuntiationem
908 5434 1209 5517 ncgativam
1273 5432 1361 5487 illa
1421 5449 1640 5503 prorsus
1688 5446 1994 5502 argumenta

415 5537 828 5598 monstrabunt,
861 5548 982 5605 qua:
1009 5535 1275 5586 inlinztum
1319 5548 1511 5587 nomen
1540 5532 1606 5584 ab
1637 5531 1875 5585 oratione
1904 5539 1995 5584 aut

416 5623 704 5696 negatione
757 5623 1090 5677 dividebant.
1160 5622 1268 5676 Sed
1330 5621 1575 5692 quoniam
1636 5618 1995 5692 principaliter

417 5717 701 5791 prmseutia
731 5729 958 5787 quoque
984 5709 1265 5781 s'entimus,
1324 5714 1407 5769 bis
1438 5723 1612 5769 autem
1652 5713 1819 5769 rebus
1857 5726 1989 5784 quas

409 5809 665 5879 Drmsenti
696 5822 862 5868 sensu
891 5803 1223 5887 concipimus
1259 5802 1424 5862 indita
1472 5822 1591 5883 esse
1619 5823 1647 5863 a
1676 5808 1989 5885 mortalibus

2111 3330 2349 3385 ideonec
2373 3330 2423 3384 in
2453 3328 2708 3383 orationis
2733 3330 2972 3401 partibus
3026 3329 3465 3385 uurneraliuutur.
3511 3326 3691 3383 omne

2110 3424 2251 3476 enim
2283 3423 2548 3493 positione
2575 3422 2858 3490 signiﬁcat,
2886 3438 3009 3475 nam
3031 3420 3075 3477 si
3123 3420 3437 3475 naturaliter
3486 3420 3688 3492 signiﬁ-

2110 3515 2465 3589 carctoratio,
2500 3530 2604 3570 non
2635 3514 2844 3567 diversa
2882 3523 3066 3583 gentes
3109 3516 3348 3567 oratione
3397 3512 3683 3582 loqueren-

2110 3616 2212 3662 tur.
2247 3608 2300 3661 Si
2323 3620 2445 3676 quae
2462 3621 2592 3661 vero
2617 3604 3042 3674 interjeetiouem
3077 3605 3337 3674 positione
3363 3602 3683 3675 signiﬁcant,

2106 3702 2357 3771 quoniam
2390 3700 2593 3756 ﬁnitam
2625 3700 2742 3755 sine
2764 3686 3004 3769 tempore
3023 3696 3355 3753 alTectinnem
3384 3694 3682 3769 designant,
3779 3750 3793 3768 ,

2109 3805 2254 3848 reete
2292 3793 2596 3847 nominibus
2627 3801 3065 3846 annumerantur.
3094 3792 3222 3859 Qua:
3246 3784 3370 3843 vero
3400 3789 3526 3860 ips-.1:
3563 3788 3682 3860 qui-

2106 3886 2225 3939 dem
2246 3885 2386 3940 nulla
2420 3886 2630 3954 propria
2659 3882 3046 3953 signiﬁcatione
3094 3884 3349 3945 nituntur,
3387 3897 3506 3936 cum
3561 3882 3678 3936 aliis

2105 3980 2449 4049 verojuncta:
2481 3977 2781 4044 designant,
2809 3984 2863 4027 ut
2889 3975 3288 4043 conjunctioncs
3338 3983 3495 4043 atque
3546 3990 3674 4043 pric-

2107 4070 2419 4138 positiones,
2444 4067 2551 4120 illa:
2581 4080 2647 4119 ne
2671 4075 2850 4134 partes
2876 4060 3016 4133 quidt
3039 4080 3089 4117 m
3139 4064 3393 4117 orationis
3439 4080 3497 4118 es
3529 4079 3559 4117 e
3601 4065 3679 4116 di-

2104 4162 2290 4215 cenda:
2328 4156 2681 4223 suut;oratio
2739 4156 2878 4208 enim
2930 4170 2995 4209 ex
3036 4153 3395 4223 signiﬁcativis
3447 4150 3682 4223 partibus

2099 4252 2281 4324 juncta
2313 4259 2413 4304 cst.
2444 4248 2702 4316 Quocirca
2760 4257 2902 4301 recte
2936 4261 3129 4301 nomen
3177 4260 3236 4297 ac
3270 4242 3485 4297 verbum
3552 4244 3682 4299 soliti

2105 4340 2362 4397 orationis
2385 4350 2563 4410 partes
2589 4352 2709 4393 esse
2740 4338 3003 4393 dicuntur.
3040 4330 3219 4392 Oratio
3249 4340 3329 4392 est
3356 4352 3453 4389 vox
3483 4330 3681 4405 signiﬁ-

2107 4435 2275 4489 cativa
2307 4430 2595 4488 secundum
2624 4429 2894 4499 placitum,
2920 4428 3071 4498 cujus
3104 4432 3279 4496 partes
3308 4422 3507 4494 aliquid
3534 4428 3681 4482 estrtl

2106 4522 2407 4592 signiﬁcant
2438 4518 2493 4573 ut
2523 4520 2706 4585 dictio,
2736 4535 2838 4573 non
2870 4531 2924 4572 ut
2951 4520 3256 4573 afﬁrmatio.
3291 4518 3472 4571 Oratio
3528 4514 3683 4585 igitur

2108 4599 2267 4668 habet
2292 4611 2446 4665 simul
2478 4625 2595 4663 cum
2629 4607 2791 4661 verbo
2822 4616 2876 4661 et
2925 4608 3140 4661 nomine
3180 4620 3486 4671 commune,
3541 4598 3682 4677 quod

2105 4720 2206 4759 vox
2230 4712 2333 4771 est,
2361 4701 2498 4772 quod
2524 4700 2867 4767 signiticativa
2897 4707 2997 4760 est,
3030 4698 3170 4767 quod
3201 4696 3493 4751 secundum
3524 4698 3683 4766 placi-

2106 4786 2218 4855 tum
2244 4806 2347 4853 est.
2377 4792 2676 4862 Separatim
2700 4806 2829 4846 vero
2849 4806 2968 4845 cum
3012 4789 3228 4845 nomine
3257 4790 3329 4843 illi
3374 4788 3683 4856 commune,

2106 4900 2189 4946 est
2217 4886 2358 4960 quod
2390 4882 2677 4955 aliquando
2708 4882 2825 4937 sine
2855 4891 3094 4952 tempore
3123 4868 3222 4946 cst,
3258 4890 3313 4935 ut
3366 4876 3681 4950 Virgilianos

2106 4997 2261 5053 quem
2289 4994 2447 5050 supra
2475 4974 2705 5031 diximus
2734 4988 2917 5031 versus
2952 4993 2964 5028 :
2989 4968 3185 5029 Nerine
3214 4972 3469 5028 Galatliea
3498 4976 3683 5046 thymo

2106 5073 2237 5129 mihi
2275 5070 2484 5127 dulcior
2512 5068 2717 5142 llyblw,
2749 5078 2801 5123 et
2830 5069 2917 5139 qui
2955 5070 3190 5138 sequitur
3221 5086 3232 5121 ε
3260 5062 3547 5121 Candidior
3592 5082 3680 5135 cy-

2104 5167 2248 5241 gnis,
2283 5166 2474 5221 hedera
2504 5166 2787 5220 formosior
2814 5164 2951 5219 alba.
2980 5165 3108 5219 Cum
3142 5160 3302 5218 verbo
3333 5171 3509 5215 autem
3538 5146 3679 5230 quod

2105 5259 2371 5313 interdum
2405 5256 2524 5311 cum
2559 5252 2813 5326 temporis
2841 5255 3224 5325 siguilicatione
3257 5256 3540 5322 prolcrtur,
3576 5263 3627 5305 ut
3664 5270 3677 5306 :

2102 5338 2160 5405 Si
2192 5366 2296 5421 qua
2324 5350 2395 5403 tui
2427 5348 2706 5403 Coridouis
2740 5345 2898 5401 habet
2947 5357 2997 5401 te
3042 5362 3189 5409 cura,
3245 5344 3443 5398 venito.
3497 5344 3679 5399 Dilant

2103 5455 2278 5501 autem
2313 5445 2378 5498 ab
2398 5454 2621 5512 utthtte
2657 5442 2796 5513 quod
2832 5450 3006 5508 partes
3038 5438 3295 5493 orationis
3335 5454 3364 5491 a
3397 5448 3499 5491 tota
3525 5455 3678 5505 sena.

2104 5548 2233 5591 rane
2263 5536 2503 5590 oratione
2526 5533 2843 5606 signiﬁcant.
2879 5530 3013 5586 Sunt
3042 5532 3181 5585 enim
3224 5539 3401 5603 partes
3424 5530 3679 5585 orationis

2103 5643 2297 5684 nomen
2326 5638 2377 5681 et
2410 5624 2626 5680 verbum
2657 5640 2773 5695 qu:n
2804 5622 3149 5695 signiﬁcativa
3179 5640 3298 5679 esse
3328 5620 3450 5678 dum
3493 5640 3551 5677 ea
3574 5624 3678 5676 dif-

2100 5700 2373 5777 ﬁniremus
2399 5716 2749 5770 ostendimus.
2781 5712 3091 5789 Signiﬁcant
3121 5714 3278 5785 igitur
3331 5727 3505 5786 partes
3554 5731 3675 5770 ora-

2101 5811 2257 5881 tionis
2282 5820 2337 5883 ut
2364 5807 2547 5894 dictio,
2575 5822 2679 5865 non
2709 5816 2765 5863 ut
2792 5805 3096 5875 afﬁrmatio,
3117 5822 3416 5897 quanquam
3466 5806 3674 5895 aliquo-
