4296 6266
622 380 726 443 ’167

1856 373 1967 429 ΑΝ.
2000 366 2201 424 MANL.
2236 364 2388 420 SEV.
2428 367 2641 426 BOE'I‘II

3780 384 3880 444 7‘58

625 502 727 555 tios
756 499 967 569 quidem
1027 504 1083 549 ut
1116 492 1427 569 affirmatio,
1464 492 1557 547 sed
1605 504 1711 545 non
1737 501 1951 557 semper
1996 495 2197 547 tamen,
2228 479 2279 540 Λ
2307 482 2445 538 lares
2472 499 2599 540 vero
2620 503 2739 557 qua:
2772 489 2849 545 vel
2903 482 3219 549 affirmando
3292 496 3373 551 vel
3419 499 3661 568 negando
3710 498 3891 556 ambi-‘

628 568 841 660 semper
867 599 1042 646 autem
1067 597 1125 643 ut
1153 588 1335 643 dictio.
1353 568 1456 643 °Est
1472 586 1613 641 enim
1631 583 1796 639 dictio
1809 580 2034 652 simplex
2058 577 2205 633 verbi

627 699 691 739 ac
722 681 952 739 nominis
991 680 1335 750 nuncupatio.
1368 677 1498 735 Nam
1525 692 1646 733 cum
1690 674 1941 738 dicimus,
1997 670 2041 726 si
2091 670 2206 726 dies

528 749 543 765 ⁸
624 777 842 847 est,lux
890 785 992 841 est,
1042 749 1183 830 hanc
1223 784 1387 831 totam
1444 772 1740 827 orationem
1796 767 1840 821 si
1873 765 2107 821 dividere
2152 764 2204 819 in

625 878 806 940 partes
830 866 1080 933 velimus,
1113 866 1316 920 scilicet
1369 863 1488 919 dies
1534 870 1639 929 est,
1691 861 1780 915 lux
1824 867 1930 926 est,
1979 867 2207 926 utraque

626 976 750 1031 pars
782 970 837 1015 ut
857 959 1141 1015 afﬁrmatio
1168 956 1503 1028 signiﬁcabit,
1530 955 1645 1011 dies
1676 963 1780 1023 est,
1813 953 1898 1007 lux
1915 959 2030 1017 εει,
2056 948 2203 1003 afﬁr-

626 1054 889 1109 mationes
919 1067 1038 1107 esse
1068 1052 1407 1106 manifestum
1436 1059 1540 1105 est.
1571 1048 1639 1103 At
1666 1048 1708 1102 si
1743 1045 2040 1101 minutatim
2096 1050 2202 1098 tota

622 1149 884 1205 orationis
916 1146 1153 1201 membra
1205 1158 1510 1214 carpamus,
1566 1156 1735 1209 usque
1784 1140 1835 1194 in
1886 1137 2098 1192 nomina
2142 1151 2205 1190 ae

622 1240 781 1295 verba
810 1250 1076 1308 postrema
1102 1238 1187 1290 ﬁet
1219 1235 1495 1291 resolutio.
1535 1233 1787 1287 Dicemus
1837 1230 1978 1285 enim
2028 1237 2205 1299 partes

622 1348 742 1389 esse
759 1333 1003 1402 superius
1036 1330 1221 1400 positae
1237 1328 1514 1393 orationis,
1545 1326 1659 1381 dies
1683 1334 1738 1380 et
1765 1325 1852 1378 lux
1870 1334 1923 1377 et
1955 1330 2067 1387 est,
2086 1334 2205 1390 qua:

623 1438 720 1495 per
740 1440 798 1479 se
825 1424 1025 1493 prolata
1069 1437 1173 1477 non
1207 1431 1333 1475 sunt
1375 1419 1790 1485 afﬁrmationes,
1841 1416 1935 1471 sed
1996 1421 2201 1468 tantum

621 1514 899 1569 dictiones.
942 1512 1124 1567 Omnis
1156 1526 1288 1566 vero
1310 1514 1504 1575 oratio,
1526 1510 1773 1579 quoniam
1797 1524 1859 1564 ex
1904 1506 2081 1579 verbis
2109 1520 2203 1558 no-

622 1606 963 1676 minibusque
993 1604 1253 1668 consistit,
1281 1603 1334 1657 in
1353 1604 1566 1657 nomina
1591 1611 1645 1658 et
1661 1602 1819 1655 verba
1848 1600 1981 1655 solvi
2006 1603 2196 1668 potest.

618 1696 735 1753 Non
766 1697 906 1753 enim
930 1711 1142 1752 omnem
1178 1696 1475 1750 orationem
1505 1694 1557 1749 in
1605 1692 2019 1747 afﬁrmationem
2080 1691 2198 1746 cedi

618 1790 870 1861 possibile
896 1803 997 1856 est,
1025 1789 1187 1845 veluti
1217 1789 1263 1843 si
1286 1788 1406 1859 quis
1431 1788 1573 1843 dicat
1611 1787 1701 1842 lux
1733 1796 1835 1855 est,
1883 1784 2040 1855 hujus
2075 1800 2195 1855 par-

2308 583 2417 630 tum
2448 576 2673 646 subjecti
2706 580 3021 639 universalis
3057 586 3108 640 in
3137 596 3338 656 partem
3356 588 3623 661 redigunt,
3672 602 3726 648 ut
3760 594 3882 665 qui-

2304 666 2426 722 dant
2441 667 2603 724 homo
2622 671 2836 742 sapiens
2858 684 2957 740 est,
2982 676 3198 744 quidam
3227 678 3390 733 homo
3409 681 3624 751 sapiens
3651 698 3755 740 non
3780 695 3883 754 est,

2306 758 2394 814 hic
2413 762 2555 815 enim
2589 764 2966 820 universalitas
3014 766 3267 836 hominis,
3316 770 3525 842 adjecta
3579 778 3883 845 particulari

2303 851 2745 911 determinatione
2772 858 2972 913 minuta
3002 868 3103 927 est,
3134 870 3294 932 atque
3320 861 3376 918 in
3406 874 3615 934 partem
3639 869 3878 927 redacta.

2306 947 2597 1004 Indefinine
2634 965 2761 1006 vero
2809 962 2937 1007 sunt
2982 969 3100 1025 qua:
3151 956 3353 1027 absque
3391 959 3814 1019 universalitatis
3832 975 3887 1022 et

2307 1042 2739 1112 particularitatis
2769 1046 3212 1106 determinatione
3240 1050 3508 1120 dicuntur,
3538 1066 3594 1109 ut
3618 1065 3702 1111 est
3724 1057 3887 1116 homo

2306 1138 2539 1204 sapiens,
2572 1153 2676 1192 non
2701 1139 2961 1195 estbomo
2983 1143 3216 1212 sapiens.
3267 1143 3578 1215 Singulares
3607 1163 3732 1204 vero
3757 1160 3887 1207 sunt

2304 1229 2518 1297 quae-de
2545 1229 2796 1299 singulari
2821 1231 3021 1299 aliquid
3048 1242 3100 1287 et
3125 1234 3192 1289 de
3237 1235 3511 1293 individuo
3566 1238 3886 1299 afﬁrmando

2307 1318 2616 1387 negandove
2646 1334 2968 1389 proponunt,
3013 1333 3071 1377 ut
3097 1325 3345 1381 Socrates
3397 1328 3613 1397 sapiens
3649 1341 3753 1399 est,
3782 1332 3885 1388 So-

2305 1419 2482 1464 crates
2522 1413 2734 1476 sapieus
2781 1428 2885 1468 non
2941 1425 3044 1469 est.
3086 1416 3270 1471 Diﬂ’ert
3313 1427 3491 1474 autem
3549 1420 3885 1488 particularis

2307 1503 2601 1573 propositio
2622 1519 2651 1557 a
2672 1504 2947 1575 singulari,
2972 1507 3110 1575 quod
3136 1510 3472 1578 particularis
3489 1510 3701 1580 quidem
3724 1529 3883 1573 unum

2304 1596 2534 1666 aliquem
2564 1596 2798 1667 subjicit,
2832 1615 2931 1655 nec
2957 1601 3075 1671 quis
3096 1603 3165 1656 sit
3207 1603 3308 1660 iste
3360 1605 3618 1677 designat,
3670 1614 3727 1661 ut
3772 1614 3885 1685 qui.

2303 1695 2425 1747 dam
2458 1694 2616 1748 homo
2638 1694 2852 1764 sapiens
2868 1706 2970 1763 est,
3000 1698 3119 1767 quis
3148 1698 3250 1755 iste
3272 1701 3434 1756 homo
3459 1704 3548 1772 sit,
3596 1709 3884 1777 propositio

2302 1800 2409 1841 non
2441 1786 2699 1841 declarat.
2724 1786 3019 1857 Singularis
3050 1805 3182 1846 vero
3215 1808 3376 1848 unum
3416 1795 3646 1867 aliquem
3699 1803 3879 1868 sumit,

618 1894 697 1942 tes
725 1896 864 1949 sunt,
899 1885 984 1941 lux
1017 1895 1176 1956 atque
1202 1894 1303 1949 est,
1335 1898 1467 1954 quas
1497 1897 1601 1937 non
1641 1896 1762 1937 esse
1792 1879 2194 1944 aflirmationes,
2226 1875 2276 1937 B
2302 1891 2353 1937 et
2378 1882 2495 1952 quis
2532 1882 2631 1937 iste
2666 1882 2736 1936 sit
2783 1882 3076 1951 signiﬁcat,
3126 1895 3183 1939 ut
3228 1887 3478 1943 Socrates
3518 1893 3732 1962 sapiens
3774 1904 3879 1963 est,

615 1978 709 2033 sed
764 1977 1037 2048 simplices
1065 1977 1323 2032 dictiones
1374 1975 1551 2030 nullus
1595 1974 1823 2045 ignorat.
1862 1972 1996 2026 Cum
2040 1972 2198 2040 igitur

614 2070 785 2126 oratio
832 2069 1045 2140 quidem
1076 2084 1181 2124 non
1235 2083 1448 2138 semper
1499 2069 1550 2123 in
1608 2067 2019 2122 afﬁrmationem
2062 2064 2194 2119 solvi

614 2174 795 2236 queat,
817 2179 1032 2234 semper
1056 2172 1235 2218 autem
1266 2163 1319 2218 in
1341 2163 1610 2232 simplices
1639 2162 1919 2224 dictiones,
1950 2159 2071 2229 jure
2113 2158 2196 2212 di-

614 2265 757 2310 ctum
782 2266 865 2311 est
894 2256 1150 2311 orationis
1171 2266 1350 2325 partes
1375 2264 1525 2331 extra
1551 2253 1751 2326 aliquid
1781 2252 2062 2323 designare
2090 2267 2196 2305 non

614 2365 672 2411 ut
701 2355 1105 2425 afﬁrmationes,
1138 2357 1230 2412 sed
1264 2357 1439 2427 potius
1496 2364 1556 2409 ut
1602 2353 1882 2408 dictiones.
1926 2350 2197 2406 Orationis

614 2458 787 2504 autem
818 2452 1025 2519 species
1056 2450 1135 2518 (ιιι
1166 2449 1467 2504 arctissime
1495 2444 1815 2513 dividamus)
1865 2452 1989 2498 sunt
2037 2442 2195 2511 quin-

614 2555 735 2609 que,
767 2540 1167 2609 iuterrogativa,
1193 2547 1253 2594 ut
1297 2539 1414 2604 Quo
1438 2548 1508 2605 te,
1538 2538 1688 2604 Meri,
1743 2535 1939 2605 pedes?
1971 2549 2036 2587 an
2091 2543 2197 2603 q‘uo

615 2632 698 2685 via
730 2630 872 2684 ducit
926 2630 978 2683 in
1036 2630 1267 2685 urbem?
1320 2629 1660 2698 lmperativa,
1700 2638 1763 2681 ut
1807 2627 2045 2697 Suggere
2095 2624 2196 2679 tela

617 2721 765 2776 mihi.
802 2721 1124 2788 lnvocativa,
1158 2730 1211 2775 ut
1245 2721 1322 2775 Dii
1354 2721 1517 2775 maris
1566 2728 1620 2775 et
1678 2728 1854 2783 terras,
1908 2725 2195 2786 tempesta-

613 2821 832 2883 tumque
864 2822 1127 2884 potetttes.
1154 2812 1519 2879 Deprecativa,
1540 2810 1698 2868 Ferte
1728 2811 1891 2878 viam,
1920 2811 2086 2875 venti,
2123 2808 2197 2862 fa-

614 2903 794 2969 cilem,
821 2910 875 2960 et
913 2903 1110 2972 spirate
1141 2902 1384 2959 secundi.
1419 2903 1782 2968 Enuntiativa,
1814 2901 1910 2955 Est
1935 2900 2062 2954 mihi
2090 2900 2199 2954 dis-

614 2998 832 3067 paribus
888 3006 1090 3068 septem
1131 3009 1409 3069 compacta
1454 2997 1643 3053 cicutis
1681 2995 1907 3051 Fistula.
1962 2995 2195 3061 Quarum

618 3088 828 3158 quidem
854 3100 1047 3160 przeter
1072 3090 1498 3145 enuntiationem
1548 3088 1688 3144 nulla
1714 3089 1795 3143 vel
1828 3102 1947 3142 esse
1975 3084 2194 3155 aliquid,

616 3183 697 3235 vel
728 3197 834 3237 non
875 3197 994 3237 esse
1018 3182 1283 3254 designat.
1315 3180 1539 3236 Ca-terce
1568 3194 1797 3249 namque
1835 3178 1918 3233 vel
1971 3178 2197 3231 interro-

612 3282 763 3344 gant,
806 3274 887 3328 vel
944 3241 1212 3339 iuverant,
1280 3274 1363 3329 vel
1420 3274 1700 3343 imperant,
1757 3270 1840 3325 vel
1892 3241 2273 3339 precantur.c

616 3362 925 3420 Enuntiatio
952 3382 1079 3421 vero
1105 3382 1318 3436 semper
1341 3382 1459 3421 esse
1489 3366 1687 3436 aliquid
1708 3374 1799 3418 attt
1844 3378 1949 3417 non
1977 3377 2099 3417 esse
2129 3364 2198 3416 si-

614 3456 847 3525 gniﬁcat.
877 3459 1046 3526 Atque
1072 3457 1192 3511 ideo
1217 3459 1331 3511 sola
1358 3458 1657 3512 enuntiatio
1701 3464 1783 3511 est
1818 3455 1873 3509 in
1919 3469 2022 3523 qua
2057 3457 2199 3507 veri-

616 3556 697 3603 tas
723 3549 806 3603 vel
835 3547 1037 3603 falsitas
1066 3550 1293 3603 inveniri
1333 3559 1552 3620 queant.
1592 3548 1746 3604 Unde
1774 3547 1933 3602 etiam
1957 3543 2199 3599 enuntia-

616 3639 778 3693 tionis
807 3639 1043 3693 nascitur
1067 3638 1339 3704 difﬁnitio,
1367 3649 1451 3694 est
1474 3626 1618 3694 enim
1652 3637 1947 3694 enuntiatio
1974 3651 2089 3706 qua:
2113 3650 2199 3690 ve-

510 3738 519 3747 '
616 3743 731 3785 rum
765 3729 1027 3784 falsumve
1048 3729 1345 3785 denuntiat.
1382 3729 1529 3784 Hanc
1555 3730 1715 3785 etiam
1746 3729 2084 3800 proloquium
2116 3725 2200 3780 vel

618 3825 1035 3895 propositionem
1065 3823 1270 3878 Tullius
1294 3833 1465 3885 vocat,
1490 3840 1609 3894 qua:
1626 3823 1840 3893 quidem
1866 3825 2054 3893 partim
2075 3827 2203 3880 sim-
2232 3888 2241 3895 ο

619 3917 768 3986 plex,
796 3915 986 3986 partim
1011 3917 1327 3985 composita.
1351 3916 1591 3985 Simplex
1623 3925 1706 3970 est
1749 3931 1867 3985 quae
1898 3917 2202 3971 conditione

618 4012 850 4081 seposita
864 4027 983 4068 esse
997 4012 1192 4084 aliquid
1205 4013 1287 4067 vel
1303 4027 1408 4067 non
1426 4026 1545 4067 esse
1568 4012 1835 4082 proponit,
1851 4020 1910 4066 ut
1925 4011 2073 4068 Plato
2088 4009 2202 4081 p'hi-

619 4105 874 4175 losopbus
892 4114 996 4160 est.
1016 4106 1317 4175 Composita
1349 4120 1477 4159 vero
1518 4120 1634 4174 qua:
1663 4120 1726 4159 ex
1749 4104 1955 4159 duabus
2001 4106 2204 4174 simpli-

615 4198 767 4254 cibus
790 4199 1075 4268 copulante
1096 4196 1405 4252 conditione
1422 4197 1686 4263 consistit,
1706 4196 1924 4251 utPlato
1948 4197 1992 4252 si
2015 4198 2204 4253 doctus

615 4302 716 4367 est,
758 4291 1106 4361 philosophus
1127 4302 1231 4346 est.
1261 4292 1590 4361 Simplicium
1621 4308 1748 4347 vero
1776 4291 2200 4347 enuntiationum

614 4382 809 4439 aliasin
839 4383 1091 4453 qualitate
1114 4384 1262 4449 sitas,
1287 4384 1419 4437 alias
1448 4382 1503 4437 in
1541 4374 1835 4452 quantitate
1864 4383 2198 4439 differentias

616 4473 935 4539 invenimus.
969 4475 1025 4531 ln
1049 4476 1303 4546 qualitate
1324 4474 1539 4544 quidem
1567 4474 1710 4544 quod
1739 4475 1841 4529 alia
1859 4475 2199 4545 afﬁrmativa,

614 4564 718 4619 alia
741 4571 982 4636 negativa
1024 4566 1458 4622 est.Enuntiatio
1524 4567 1840 4622 alﬁrmativa
1893 4577 1975 4622 est
2027 4583 2198 4623 enun-

2302 1990 2465 2029 unum
2496 1974 2642 2028 enim
2670 1984 2723 2028 et
2747 1972 2890 2029 hunc
2915 1974 3189 2031 Socratem
3213 1982 3507 2045 sapientem
3534 1996 3654 2037 esse
3693 2000 3881 2056 propo-

2302 2066 2429 2121 suit.
2460 2066 2708 2133 Amplius
2727 2068 3061 2135 particularis
3083 2071 3256 2125 omnis
3285 2073 3643 2130 universalem
3670 2079 3881 2149 quidem

2302 2156 2589 2212 terminum
2613 2157 2782 2227 ponit,
2812 2159 2903 2212 sed
2928 2159 2974 2213 ei
3003 2157 3235 2215 detrahit
3252 2162 3727 2236 universalitatem,
3753 2171 3877 2227 dum

2300 2250 2607 2318 qualitatem
2623 2252 3012 2319 partieu‘aritas
3042 2253 3301 2323 adjungit,
3326 2257 3451 2311 utin
3484 2260 3841 2328 propositione
3860 2308 3874 2333 ,

2300 2342 2517 2412 quidam
2555 2341 2715 2397 homo
2741 2337 2954 2411 sapiens
2978 2352 3081 2398 est.
3114 2344 3282 2398 llomo
3314 2347 3629 2405 universalis
3662 2360 3744 2406 est
3769 2362 3875 2409 ter-

2300 2434 2501 2498 minus,
2532 2434 2731 2488 multos
2781 2433 2943 2495 enim,
2981 2435 3191 2505 propria
3245 2437 3621 2506 praedicatione
3670 2445 3880 2500 conclu-

2300 2525 2402 2580 dit.
2429 2524 2535 2581 Sed
2566 2526 2685 2595 quia
2703 2526 2898 2581 dicitur
2918 2527 3153 2597 quidam,
3189 2528 3254 2583 ad
3285 2545 3447 2585 unum
3483 2532 3644 2588 homo
3690 2538 3882 2609 redigi-

2301 2631 2408 2684 tur,
2456 2622 2544 2691 qui
2593 2622 2898 2675 universale
2948 2622 3280 2690 persisteret,
3337 2624 3436 2678 nisi
3485 2630 3875 2696 particularitas

2300 2713 2489 2769 fuisset
2512 2713 2793 2783 adjuncta;
2819 2713 2871 2767 in
2894 2714 3253 2783 singularibus
3278 2731 3407 2771 vero
3438 2724 3883 2791 propositionibus

2301 2806 2596 2878 praedicata
2627 2806 2856 2861 termino
2906 2821 3117 2876 semper
3162 2806 3491 2864 individuum
3546 2817 3879 2885 supponitur,

2301 2907 2358 2950 ut
2386 2896 2637 2952 Socrates
2664 2898 2878 2968 sapiens
2903 2908 3004 2963 est,
3047 2898 3292 2953 Socrates
3321 2904 3463 2959 enim
3491 2904 3777 2977 singu'aris
3804 2918 3882 2965 est

2300 2999 2459 3060 atque
2484 2990 2782 3046 individuus
2810 3010 2824 3059 ;
2853 2993 3051 3050 idcirco
3083 2997 3238 3065 igitur
3264 2999 3355 3053 illa
3387 3001 3729 3070 particularis
3762 3017 3880 3073 pro-

2304 3081 2498 3150 positio
2520 3099 2638 3152 qua:
2697 3096 2900 3153 partem
2923 3101 2987 3142 ex
3034 3089 3430 3149 nuivcrsalitate
3473 3093 3727 3163 detrahit,
3772 3095 3882 3152 lucc

2302 3178 2583 3247 singularis
2614 3181 2805 3248 quinia
2853 3180 3134 3250 singularis
3182 3196 3341 3254 atque
3385 3187 3641 3243 individui
3688 3191 3879 3260 praedi-

2304 3271 2515 3323 catione
2560 3270 2827 3325 consistit.
2870 3272 3203 3340 Simplicium
3257 3290 3384 3331 vero
3459 3281 3879 3337 enuntiationum

2304 3372 2484 3428 partes
2504 3370 2626 3414 sunt
2656 3361 2954 3430 subjectum
2980 3374 3139 3433 atque
3167 3369 3528 3436 praedicatum.
3575 3372 3879 3440 Subjectum

2302 3452 2548 3518 estquod
2582 3452 2850 3519 prtedicati
2879 3454 3099 3522 suscipit
3133 3456 3443 3526 dictionem,
3471 3470 3527 3516 ιιι
3572 3462 3622 3516 itt
3660 3479 3722 3518 ea
3760 3480 3881 3536 pro-

2302 3542 2568 3611 positione
2597 3551 2846 3612 quaeest,
2879 3544 3026 3598 Plato
3056 3548 3404 3619 philosophus
3429 3563 3531 3619 est,
3566 3553 3715 3609 Plato
3757 3556 3895 3612 subs

2296 3631 2498 3700 jectum
2556 3644 2659 3699 εει,
2697 3633 2764 3688 de
2796 3634 2911 3703 ipso
2958 3638 3097 3691 enim
3150 3640 3498 3712 phiIOSophus
3545 3647 3882 3714 prmdicalur,

2303 3735 2351 3779 et
2401 3724 2454 3778 in
2483 3739 2548 3778 eo
2581 3726 2884 3794 philosophi
2915 3729 3134 3797 suscipit
3175 3732 3483 3790 dictionem.
3537 3736 3880 3795 Prmdicatum

2303 3830 2431 3869 vero
2458 3826 2540 3871 est
2560 3817 2700 3888 quod
2723 3818 2915 3873 dicitur
2942 3820 3009 3875 de
3031 3821 3292 3891 subjecto,
3324 3827 3452 3881 utin
3480 3828 3665 3884 eadem
3693 3847 3880 3901 propo-

2302 3909 2517 3976 sitione,
2580 3911 2930 3981 philosophus
2969 3914 3165 3975 dicitur
3214 3916 3283 3973 de
3322 3904 3581 3976 'Platone
3622 3925 3878 3995 subjecto,

2303 4002 2672 4070 semperenim
2698 4004 2837 4069 quod
2857 4003 3157 4075 subjectum
3206 4019 3290 4063 est
3313 4011 3398 4065 vel
3450 4013 3752 4081 minusest,
3803 4019 3882 4074 vel
3924 4046 3935 4057 ι

2304 4094 2507 4164 aequale
2537 4095 2822 4165 prtedicato
2845 4116 2856 4151 :
2878 4097 3054 4152 minus
3074 4098 3287 4169 quidem
3319 4111 3376 4156 ut
3396 4103 3448 4157 itt
3471 4119 3533 4157 ea
3564 4109 3882 4176 prepositio-

2304 4200 2372 4240 ne
2397 4186 2465 4240 de
2489 4202 2590 4256 qua
2616 4188 2771 4257 paulo
2799 4198 2922 4243 ante
2962 4194 3323 4246 tractavimus.
3363 4194 3512 4249 Plato
3537 4197 3677 4249 enim
3706 4196 3874 4265 philo-

2304 4278 2456 4344 saplti
2476 4293 2668 4332 nomen
2686 4293 2791 4333 non
2810 4288 2983 4347 potest
3001 4296 3234 4352 :cqnare,
3252 4299 3421 4354 neque
3431 4284 3579 4339 solus
3593 4285 3742 4340 Plato
3756 4289 3846 4356 pbi
3858 4320 3877 4330 -

2305 4365 2557 4435 Iosephus
2573 4376 2685 4433 est;
2718 4370 2936 4439 :equalis
2958 4386 3085 4425 vero
3099 4373 3456 4442 estsubjectus
3471 4375 3736 4430 terminus
3754 4394 3879 4449 prae-

2303 4457 2499 4528 dicato,
2531 4460 2659 4513 utsi
2708 4461 2826 4530 quis
2878 4462 3040 4531 dicat,
3101 4464 3260 4519 homo
3312 4466 3528 4521 risibilis
3569 4476 3670 4533 est,
3724 4470 3880 4527 homo

2305 4552 2446 4607 enim
2497 4555 2585 4624 qui
2609 4554 2882 4623 subjectus
2918 4566 3000 4609 est
3049 4559 3310 4613 terminus
3358 4559 3648 4629 prmdicato
3692 4562 3879 4618 risibili

617 4655 766 4727 tiatio
792 4634 987 4728 aliquid
1029 4658 1095 4713 de
1123 4658 1301 4729 aliquo
1328 4657 1657 4729 signiﬁcans,
1687 4652 1743 4714 ut
1773 4660 1922 4714 Pla’to
1963 4635 2229 4729 pltiloso;2

2305 4648 2806 4718 coaequatur.Unde
2830 4648 2886 4703 ﬁt
2911 4661 2965 4703 nt
2987 4651 3153 4720 possit
3197 4652 3349 4707 reddi
3382 4655 3651 4725 reciproca
3686 4658 3872 4726 praedi-

616 4748 758 4819 phus
794 4759 897 4814 est,
925 4749 1297 4821 phi1050pltum
1325 4751 1392 4807 de
1418 4751 1641 4808 Platone
1670 4754 2037 4822 praedicamus.
2098 4753 2201 4808 Ne-

618 4840 791 4909 gativa
822 4844 951 4895 vero
976 4849 1062 4896 εει
1082 4841 1377 4897 enuntiatio
1397 4842 1595 4913 aliquid
1622 4843 1689 4898 ab
1728 4842 1905 4913 aliquo
1945 4844 2200 4914 praedica-

618 4930 764 4988 tione
789 4932 1094 5004 sejungens,
1124 4941 1182 4987 ut
1208 4934 1355 4988 Plato
1383 4934 1731 5004 philosophus
1769 4949 1875 4989 non
1927 4943 2027 5002 est,
2082 4935 2198 5001 phi-

618 5021 898 5092 losophum
925 5024 1066 5077 enim
1092 5037 1121 5074 a
1144 5022 1365 5078 Platone
1412 5024 1501 5079 tali
1552 5024 1933 5094 praedicatione
1959 5025 2195 5093 scjunxi-

618 5128 757 5169 mus.
791 5114 1092 5172 Secundum
1115 5117 1461 5185 quantitatem
1484 5132 1612 5171 vero
1652 5094 1978 5172 differentiae
2028 5133 2198 5173 enun-

621 5205 897 5262 tiationum
926 5216 1073 5274 sunt,
1103 5208 1244 5278 quod
1279 5208 1396 5263 alite
1446 5209 1661 5278 quidem
1714 5208 2198 5276 universales,ali:e

620 5298 994 5368 partienlares,
1035 5300 1155 5355 alim
1183 5298 1493 5366 indeﬁnite,
1540 5301 1661 5355 alite
1704 5300 2021 5371 singulares.
2072 5303 2199 5359 Uni-

619 5389 854 5443 versales
880 5400 1002 5444 sunt
1023 5406 1144 5461 qum
1170 5391 1282 5446 sive
1298 5391 1586 5462 affirmem,
1608 5395 1719 5447 sive
1748 5406 1962 5465 negent,
1987 5398 2199 5452 univcr-

619 5482 805 5536 saliter
834 5491 1010 5537 tamen
1040 5484 1319 5539 enuntiant
1370 5485 1664 5542 universale
1716 5489 2037 5558 subjectum,
2094 5500 2149 5543 ut
2183 5507 2195 5542 :

620 5572 795 5627 omnis
820 5571 981 5629 homo
1007 5578 1219 5645 sapiens
1247 5587 1352 5643 est,
1412 5579 1587 5635 nullus
1644 5580 1804 5636 homo
1824 5581 2039 5649 sapiens
2090 5592 2192 5649 εει,

621 5662 782 5718 homo
812 5666 1113 5723 universale
1136 5667 1386 5738 quiddam
1416 5680 1516 5726 est.
1560 5672 1751 5726 Multos
1794 5673 1936 5727 enim
1984 5672 2084 5725 sub
2138 5686 2195 5728 se

620 5754 922 5815 individuos
942 5770 1155 5817 coercet
1174 5770 1230 5814 et
1247 5762 1504 5833 continet,
1523 5764 1612 5834 qui
1636 5764 2010 5820 universaliter
2027 5777 2196 5822 enun-

621 5846 843 5912 ιιιιιιιιτ.
868 5851 993 5910 dum
1023 5853 1072 5912 ei
1096 5852 1271 5913 omnis
1297 5852 1379 5911 vel
1406 5854 1581 5914 nullus
1609 5855 1933 5933 adiungitur.
1956 5857 2196 5920 Partica.

2305 4742 2464 4811 catio,
2495 4743 2717 4807 scilicet,
2775 4753 2833 4797 ut
2878 4744 3019 4798 vices
3072 4745 3372 4815 subjectum
3433 4748 3882 4822 prtedicatumque

2304 4844 2629 4904 permutent,
2660 4835 3065 4905 subjectumque
3092 4837 3184 4890 ﬁat
3217 4832 3356 4907 quod
3371 4850 3488 4895 erat
3511 4852 3667 4895 antea
3699 4841 3882 4911 praadb

2302 4942 2503 4999 catum,
2528 4946 2790 5001 versoque
2819 4931 3005 4986 ordine
3029 4931 3348 5001 prmdicetur
3377 4934 3517 5004 quod
3566 4934 3739 4991 fuerat
3760 4946 3893 4991 ante,

2302 5022 2623 5092 subjectum,
2655 5024 2770 5077 utsi
2803 5023 3010 5078 dicatur
3038 5024 3179 5094 quod
3208 5026 3412 5082 risibile
3438 5039 3517 5082 est
3570 5028 3731 5084 homo
3777 5040 3879 5094 est;

2302 5114 2483 5169 omnia
2512 5115 2655 5168 enim
2677 5130 2793 5184 qua:
2816 5124 2939 5169 sunt
2965 5118 3185 5185 arqualia
3240 5117 3307 5172 de
3329 5132 3389 5172 se
3431 5118 3655 5176 invicem
3694 5121 3878 5192 praedi-

2302 5219 2512 5264 cantur.
2544 5205 2610 5262 Ut
2639 5222 2767 5262 vero
2790 5208 2839 5261 id
2866 5209 3005 5279 quod
3034 5210 3329 5280 subjectum
3358 5221 3442 5265 est
3489 5212 3661 5283 majus
3712 5218 3880 5284 possit

2305 5314 2424 5355 esse
2452 5298 2759 5369 przedicatn,
2792 5303 2935 5354 nulla
2956 5318 3173 5371 prorsus
3208 5306 3571 5362 enuntiatione
3602 5308 3880 5379 contingit,

2302 5393 2419 5463 ipsa
2445 5392 2584 5447 enim
2615 5392 2897 5462 praedicata
2932 5405 3118 5449 natura
3142 5401 3347 5453 minora
3376 5414 3495 5455 esse
3534 5416 3637 5456 non
3663 5403 3880 5471 patitur.

2304 5487 2411 5541 Sed
2434 5491 2573 5560 quod
2595 5492 2797 5560 :equale
2816 5491 2898 5545 vel
2925 5491 3097 5562 majus
3122 5505 3225 5559 est,
3257 5495 3305 5549 id
3360 5510 3573 5566 semper
3601 5499 3668 5552 de
3695 5498 3881 5568 aequali

2304 5578 2389 5633 vel
2435 5581 2643 5636 minore
2708 5580 3064 5652 praedicatur.
3126 5584 3234 5639 llas
3281 5600 3409 5642 vero
3452 5588 3881 5644 enuntiationum

2302 5683 2503 5747 partes,
2566 5674 2617 5729 id
2654 5686 2739 5737 est
2801 5676 3141 5745 praedicatum
3200 5690 3363 5751 atque
3423 5680 3724 5750 subjectum
3776 5690 3883 5736 ter-

2304 5766 2477 5824 minos
2533 5767 2881 5837 appellamus.
2948 5767 3184 5825 Termini
3241 5785 3370 5827 vero
3434 5771 3684 5830 dicuntur
3740 5771 3881 5842 quod

2304 5858 2359 5922 in
2404 5874 2499 5921 eos
2548 5869 2818 5933 postrema
2868 5863 2938 5926 tit
2999 5864 3301 5925 resolutio:
3361 5868 3543 5943 itaque
3604 5869 3655 5928 in
3705 5866 3883 5945 singu-
