4296 6266
399 410 501 469 769

1208 408 1661 466 INTRODUCTIO
1700 406 1789 462 AD
1830 403 2303 464 SYLLOGISMOS
2335 404 2837 461 CATEGORICOS.

3559 414 3658 469 770

398 525 598 583 laribus
654 527 734 583 vel
807 502 1100 583 indeﬁnitis
1152 522 1603 596 pr0positi0nibus
1656 520 1791 574 duos
1870 529 1975 573 ter-
2004 523 2051 580 Α
2080 517 2221 570 enim
2257 517 2547 585 propositio
2580 517 2849 572 hominem
2897 518 3129 588 subjicit,
3175 528 3229 577 et
3277 521 3533 590 pradicat
3570 538 3659 578 sa.

398 618 575 674 minos
622 633 837 688 semper
887 618 1225 683 invenimus,
1279 626 1335 671 et
1386 614 1606 670 verbum
1658 613 1797 683 quod
1851 627 1975 682 pro-

399 710 684 781 positionis
716 710 1037 766 determinet
1070 710 1398 779 qualitatem,
1434 716 1491 762 ut
1534 708 1584 761 in
1616 706 1979 776 propositione

399 815 501 870 qua
534 800 781 864 dicimus,
813 800 1061 857 Socrates
1086 801 1302 870 sapiens
1331 808 1433 863 est,
1471 797 1720 854 Socrates
1761 797 1977 867 quidem

400 904 463 945 ac
508 891 722 963 sapiens
755 892 1009 947 terminos
1049 906 1169 947 esse
1217 892 1554 946 manifestum
1586 898 1686 945 est.
1727 889 1816 943 Est
1856 904 1981 943 vero

401 982 624 1041 verbum
660 1000 765 1040 non
824 994 907 1040 est
930 984 1208 1053 terminus,
1237 986 1329 1041 sed
1362 985 1657 1056 designatio
1686 985 1977 1053 qualitatis,

399 1086 452 1132 et
479 1078 645 1147 qualis
677 1078 966 1148 propositio
994 1081 1061 1134 sit
1093 1080 1333 1148 negativa
1366 1095 1431 1133 an
1471 1080 1785 1135 afﬁrmativa
1817 1079 1983 1149 signi-

401 1170 539 1237 ﬁcat,
571 1182 624 1227 et
656 1189 797 1229 nunc
824 1175 1037 1243 quidem
1066 1176 1181 1230 solo
1208 1186 1289 1233 est
1318 1178 1479 1233 verbo
1510 1175 1864 1248 propositioni
1893 1189 1983 1228 ac-

399 1263 734 1319 commodato
763 1266 899 1321 facta
928 1275 1012 1322 est
1041 1267 1342 1323 afﬁrmatio.
1387 1272 1455 1325 At
1485 1270 1528 1324 si
1558 1285 1688 1336 non,
1730 1267 1868 1339 quod
1901 1277 1984 1321 cst

346 1339 355 1349 ’
399 1351 710 1408 adverbium
738 1355 1225 1425 negativum,esset
1245 1359 1575 1427 adjunctum,
1593 1360 1660 1413 ita
1679 1360 1976 1414 diceretur:

400 1444 647 1500 Socrates
688 1447 901 1515 sapiens
943 1464 1047 1502 non
1087 1461 1190 1514 est,
1240 1460 1397 1519 atque
1440 1450 1541 1505 hoc
1582 1453 1740 1505 modo
1785 1461 1983 1505 mutata

402 1537 658 1605 qualitate
691 1537 843 1593 ﬁeret
875 1539 942 1593 de
982 1541 1335 1599 afﬁrmatione
1364 1546 1593 1613 negatio.
1624 1543 1717 1599 Est
1747 1545 1907 1614 igitur
1933 1555 1987 1601 et

405 1644 510 1684 non
538 1639 638 1693 est,
668 1646 773 1686 non
808 1641 931 1687 sunt
972 1636 1203 1701 termini,
1235 1636 1349 1701 sed,
1382 1646 1438 1690 ut
1464 1636 1660 1690 dictum
1691 1646 1791 1700 est,
1824 1638 1987 1707 signi-

404 1720 581 1774 ﬁcatio
620 1722 911 1790 qualitatis.
946 1724 1144 1779 Eadem
1188 1727 1364 1781 omnia
1408 1731 1565 1784 etiam
1614 1728 1665 1783 in
1713 1729 1984 1785 indelinita

404 1812 765 1880 propositione
792 1816 1146 1883 conveniunt;
1172 1818 1311 1883 quod
1335 1820 1378 1873 si
1402 1820 1507 1874 sint
1534 1820 1668 1875 tales
1694 1822 1983 1888 orationes,

2084 607 2357 676 picutiam,
2390 617 2440 661 et
2483 623 2602 661 cum
2653 615 2880 678 utroque
2930 612 3158 666 termino
3190 621 3504 682 congruant,
3535 623 3663 668 sunt

2085 710 2259 753 tamen
2291 698 2539 764 diversae,
2573 700 2824 768 quoniam
2856 700 2969 757 haec
2998 701 3286 757 afﬁrmatio
3310 713 3411 767 est,
3445 703 3535 759 illa
3565 719 3661 759 tte-

2083 791 2243 861 gatio.
2281 791 2343 845 Et
2372 792 2471 845 hoc
2502 790 2715 861 quidem
2745 790 2976 861 exempli
3006 794 3171 863 gratia
3198 794 3394 849 dictum
3425 795 3515 863 sit,
3545 796 3663 865 ple-

2086 882 2205 936 nius
2252 897 2380 937 vero
2428 882 2520 937 ﬁet
2567 881 2635 937 de
2685 882 2774 937 tali
2821 884 3224 955 participatione
3269 896 3521 943 tractatus
3562 888 3663 943 hoc

2087 976 2265 1031 modo.
2310 977 2633 1030 Cunctarum
2686 977 3004 1046 simplicium
3052 980 3472 1049 propositionum
3512 984 3665 1039 diffe-

2086 1068 2304 1127 rentias.
2338 1068 2415 1123 vel
2448 1068 2499 1122 in
2518 1068 3275 1139 qualitate,velinquintitate
3290 1073 3547 1131 sitasesse
3570 1090 3660 1131 οε-
3732 1132 3744 1144 ,

2088 1162 2387 1225 tendimus;
2415 1161 2466 1215 in
2484 1165 2779 1230 quantitate
2802 1178 2921 1218 cum
2945 1163 3317 1219 universalitcr
3352 1166 3656 1232 pronuntiat

2088 1252 2173 1325 [F.
2192 1251 2738 1323 pronuntiantur],vel
2754 1254 3162 1324 particulariter,
3182 1255 3263 1310 vel
3281 1254 3665 1321 indeﬁnite,vel

2086 1343 2426 1412 singulariter
2442 1345 2799 1413 proferuntur,
2824 1346 2875 1400 in
2900 1344 3428 1417 qualitategverocum
3444 1350 3522 1404 lia:
3545 1348 3667 1419 qui-

2087 1435 2209 1491 dem
2240 1437 2573 1491 alﬁrmativa:
2603 1450 2749 1507 sunt,
2796 1439 2903 1494 ill-.e
2937 1455 3064 1496 \ero
3093 1442 3373 1511 negativae.
3412 1442 3466 1498 Si
3503 1443 3664 1515 igitur

2089 1525 2222 1581 duas
2248 1528 2595 1582 affirmativas
2610 1544 2981 1599 aggregamus,
3011 1532 3142 1586 fiunt
3166 1534 3344 1588 mixta:
3383 1549 3503 1589 cum
3531 1536 3666 1591 utris

2089 1638 2191 1691 que
2209 1634 2329 1677 octo
2358 1621 2673 1678 dill'erenti:e
2696 1668 2709 1690 ,
2734 1641 2851 1693 quze
2877 1625 3034 1679 simul
3066 1627 3376 1695 qualitatem
3404 1630 3668 1697 quantita-

2093 1727 2303 1788 temquc
2333 1720 2663 1773 contineant.
2687 1719 2821 1773 Sunt
2842 1727 3020 1772 autem
3052 1720 3231 1774 mixta:
3260 1720 3363 1786 hae,
3389 1720 3673 1777 afﬁrmatio

2091 1808 2431 1873 universalis,
2468 1810 2681 1877 negatio
2727 1810 3065 1876 universalis,
3116 1810 3399 1867 afﬁrmatio
3443 1812 3671 1882 particu-

405 1898 651 1957 Socrates
678 1914 783 1967 est,
807 1905 920 1959 dies
942 1915 1045 1972 est,
1073 1918 1153 1961 est
1182 1909 1228 1962 vi
1257 1925 1302 1980 g-
1326 1911 1471 1965 mina
1496 1911 1751 1981 fungitur,
1783 1914 1985 1969 scilicet
2019 1908 2064 1969 Β
2092 1902 2240 1967 laris.
2274 1918 2403 1971 ηεαδ

2092 1902 2240 1967 laris,
2274 1902 2484 1971 negatio
2531 1902 2886 1972 particularis,
2924 1902 3210 1959 afﬁrmatio
3247 1904 3537 1969 indeﬁnita,
3575 1919 3672 1961 ne-

405 1994 701 2062 prmdicati,
745 2007 828 2052 est
862 1999 1004 2053 enim
1036 2000 1254 2056 verbum
1286 2003 1350 2058 dc
1382 2004 1603 2061 Socrate
1631 2016 1686 2062 et
1717 2006 1805 2062 die
1845 2024 1982 2076 prte-

406 2086 658 2152 dicatum,
691 2101 741 2145 et
770 2091 906 2162 signi
937 2095 1231 2163 qualitatis,
1260 2096 1397 2152 idem
1430 2114 1657 2170 namque
1692 2108 1773 2155 est
1810 2101 1984 2158 solum

406 2180 633 2251 positum
668 2182 1072 2240 afﬁrmationem
1111 2188 1298 2253 efficit,
1323 2204 1445 2245 cum
1487 2191 1735 2261 ncgativo
1792 2192 1987 2249 adver-

405 2273 495 2327 bio
527 2275 887 2344 negationem.
939 2282 1008 2333 At
1042 2280 1086 2334 si
1127 2282 1235 2336 sint
1265 2284 1657 2353 propositiones
1692 2303 1809 2357 quae
1834 2287 1986 2343 diffe-

406 2367 601 2421 rentias
648 2382 829 2423 secum
864 2369 1095 2427 habeant
1123 2374 1501 2444 quantitatum,
1534 2388 1589 2431 ut
1618 2390 1739 2433 sunt
1772 2380 1985 2435 univer-

406 2456 541 2511 sales
570 2472 631 2511 ac
663 2460 1034 2529 particulares,
1062 2466 1248 2519 eadem
1291 2469 1370 2521 vis
1417 2479 1695 2537 permanet
1733 2472 1987 2528 termino-

408 2560 548 2611 ruut;
579 2552 753 2604 omnis
782 2553 926 2607 enim
952 2568 1012 2608 ac
1037 2555 1232 2626 nullus,
1265 2567 1319 2612 et
1348 2538 1583 2629 quidam,
1611 2562 1853 2617 terminis
1880 2580 1986 2619 non

408 2651 841 2709 annumerantur,
874 2645 968 2701 sed
1010 2649 1433 2706 enuntiationum
1478 2653 1779 2723 signiﬁcant
1816 2658 1987 2724 quali-

408 2740 588 2788 tatem.
616 2736 789 2805 Atque
814 2737 933 2793 ideo
956 2749 1100 2796 recte
1124 2743 1263 2812 quod
1287 2744 1566 2813 subjicitur
1584 2762 1645 2802 ac
1669 2748 1988 2817 praedicatur

409 2826 619 2881 εει-ιηῖηί
656 2830 941 2901 nuncupati
984 2843 1132 2900 sunt,
1162 2839 1411 2905 quoniam
1445 2839 1497 2893 in
1542 2855 1635 2895 eos
1666 2850 1867 2897 tantum
1899 2858 1989 2899 re-

408 2916 627 2973 solvitur
681 2927 992 2993 propositio.
1042 2928 1248 2985 Cretera
1301 2933 1443 2987 enim
1492 2950 1608 3003 qua:
1658 2936 1988 3005 simplicibus

408 3012 860 3101 enuntiationibus
907 3020 1284 3092 adjunguntur,
1316 3037 1407 3080 aut
1442 3028 1752 3098 qualitatem
1798 3046 1989 3101 propo-

409 3099 661 3158 sitionum
713 3107 960 3177 retinent,
994 3120 1085 3167 aut
1119 3116 1470 3181 quantitatem
1506 3119 1826 3188 signiﬁcant.
1860 3099 1970 3176 Pro

410 3194 727 3263 positionum
760 3216 883 3255 vero
917 3201 1242 3273 simplicium
1283 3208 1402 3263 alia:
1431 3219 1554 3265 sunt
1584 3226 1703 3279 qua:
1734 3212 1785 3266 in
1843 3213 1985 3267 nulla

412 3296 560 3357 parte
589 3294 927 3365 conveniunt,
953 3306 1010 3351 ut
1039 3296 1190 3353 Plato
1230 3300 1580 3372 philosophus
1609 3312 1713 3367 est,
1745 3312 1799 3359 et
1824 3306 1991 3361 virtus
2019 3290 2066 3353 (ἶ
2098 3302 2430 3372 particularis
2457 3304 2765 3360 afﬁrmatio.

412 3376 545 3434 bona
573 3390 675 3448 est;
708 3393 930 3455 utraque
958 3389 1099 3444 enim
1126 3390 1271 3445 aliud
1294 3392 1545 3462 quiddam
1568 3395 1635 3451 de
1664 3394 1771 3450 alio
1801 3395 1991 3464 praedi-

412 3484 581 3543 catur,
610 3493 707 3533 nec
736 3478 934 3536 habent
953 3482 1150 3554 aliquid
1178 3484 1230 3539 in
1259 3487 1589 3555 proponendi
1619 3490 1825 3545 ratione
1845 3504 1991 3546 com-

413 3579 588 3622 mune.
638 3567 726 3623 llla
772 3572 915 3627 enim
967 3571 1246 3631 Platonem
1301 3578 1677 3648 philosOphum
1721 3582 1866 3648 dicit,
1901 3583 1989 3637 illa

412 3655 655 3714 virtutem
688 3660 879 3717 bonam
905 3679 1023 3721 esse
1052 3670 1382 3737 pronuntiat.
1414 3672 1549 3725 Aliat
1575 3688 1704 3728 vero
1728 3683 1851 3730 sunt
1871 3691 1991 3745 qua:

413 3747 583 3818 aliqua
615 3753 965 3810 terminorum
998 3759 1402 3829 participatione
1434 3762 1752 3832 junguntur.
1798 3766 1852 3821 ld
1892 3781 1989 3822 au-

412 3849 516 3897 tem
549 3843 755 3900 duobus
793 3847 908 3902 ﬁeri
948 3851 1118 3907 modis
1164 3862 1358 3922 potest,
1390 3864 1483 3909 aut
1510 3858 1653 3913 enim
1684 3859 1875 3916 ordine
1900 3874 1995 3916 eo-

413 3932 553 3998 dem,
588 3945 678 3989 aut
718 3952 813 4006 per
844 3938 1047 3993 ordinis
1082 3945 1571 4002 commutationem.
1620 3949 1819 4005 Eodem
1866 3964 1992 4004 vero

416 4028 604 4086 ordine
653 4030 849 4103 duplici
899 4036 1078 4102 modo,
1118 4041 1162 4093 si
1207 4042 1288 4095 vel
1341 4042 1610 4113 simplices
1652 4046 1907 4100 terminos
1938 4044 1991 4100 in

416 4124 653 4195 utrisque
682 4131 996 4198 constituas,
1030 4132 1110 4187 vel
1142 4132 1187 4187 si
1217 4149 1310 4204 per
1336 4137 1726 4206 oppositionem
1757 4137 1847 4191 ﬁat
1871 4153 1993 4208 par-

413 4215 651 4287 ticipatio
708 4221 1093 4290 terminorum:
1125 4225 1267 4295 quod
1321 4228 1492 4283 tribus
1546 4243 1717 4297 neque
1765 4228 1995 4298 amplius

414 4311 683 4382 continget
721 4314 915 4381 modis,
959 4331 1080 4372 nam
1126 4319 1206 4373 vel
1254 4319 1559 4388 pracd’cato,
1604 4321 1689 4375 vel
1733 4320 1992 4392 subjecto,

415 4404 497 4457 vel
551 4407 791 4476 utrisque
849 4410 1094 4467 terminis
1152 4411 1363 4482 negatio
1425 4415 1722 4482 copulatur.
1783 4414 1995 4470 Ordinis

417 4496 573 4551 etiam
619 4506 1033 4559 commutatione
1070 4490 1399 4562 conveniunt
1439 4508 1647 4563 duobus
1677 4510 1871 4574 modis,
1905 4518 1997 4564 aut

416 4588 556 4643 enim
583 4606 676 4659 per
704 4594 1001 4664 simplicem
1032 4599 1383 4654 tertninorum
1419 4602 1876 4671 prtedicationem,
1904 4612 1994 4658 aut

2088 1995 2235 2062 gatio
2266 1994 2562 2061 indeﬁnita,
2594 1993 2881 2050 afﬁrmatio
2922 1996 3225 2067 singularis,
3257 1997 3466 2067 negatio
3494 1997 3671 2069 singu-

2088 2088 2236 2144 laris.
2280 2088 2514 2155 Quarum
2555 2087 2771 2157 quidem
2815 2087 3119 2144 indeﬁnitas
3156 2088 3558 2160 singularesque
3586 2104 3670 2147 se-

2087 2194 2404 2249 gregemus,
2456 2189 2510 2235 et
2558 2179 2626 2236 de
2692 2179 3086 2235 universalibus
3139 2196 3203 2235 ac
3262 2182 3673 2252 particularibus

2090 2268 2436 2345 disseramus.
2493 2270 2840 2326 Describatur
2884 2285 3012 2341 ergo
3068 2270 3387 2328 universalis
3444 2273 3672 2343 primum

2068 2361 2397 2424 afﬁrmatio,
2435 2362 2610 2417 omnis
2653 2364 2812 2418 homo
2842 2361 3022 2433 justus
3059 2371 3159 2429 est,
3193 2364 3344 2433 cujus
3386 2363 3673 2422 adversum

2091 2461 2239 2506 tenet
2279 2453 2455 2506 locum
2502 2453 2743 2523 negativa
2790 2454 3084 2522 prapositio
3120 2453 3459 2521 universalis,
3498 2454 3675 2511 nullus

2091 2541 2253 2597 homo
2295 2541 2472 2614 justus
2518 2555 2619 2611 est,
2677 2545 2803 2600 item
2854 2545 2955 2601 sub
3001 2546 3284 2601 universali
3324 2545 3678 2604 afﬁrmatione

2092 2641 2324 2701 ponatur
2356 2634 2692 2703 particularis
2729 2635 3031 2700 afﬁrmatio,
3064 2637 3282 2707 quidam
3311 2638 3473 2693 homo
3503 2637 3678 2706 justus

2092 2734 2196 2793 est,
2228 2723 2365 2779 hanc
2399 2725 2623 2780 adversa
2658 2725 2833 2783 fronte
2874 2728 3144 2798 respiciat,
3175 2730 3351 2800 sitque
3389 2728 3678 2785 universali

2093 2817 2352 2888 negativa:
2382 2818 2656 2889 supposita
2688 2819 3024 2889 particularis
3057 2822 3289 2892 negatio,
3325 2822 3540 2890 quidam
3582 2821 3679 2877 ho-

2093 2924 2182 2963 mo
2208 2910 2384 2977 justus
2414 2925 2517 2964 non
2544 2918 2643 2965 est.

2097 3022 2426 3080 Universalis
2455 3026 2741 3080 afﬁrmatio
2773 3044 2787 3081 :
2856 3017 3182 3082 Uuiversalis
3209 3029 3454 3097 negatio:

2093 3116 2279 3170 Omnis
2304 3115 2655 3185 homojustus
2684 3125 2785 3172 est.
2841 3116 3025 3172 Nullus
3052 3117 3213 3173 homo
3249 3117 3424 3187 justus
3450 3127 3549 3174 est.

2094 3206 2316 3274 Quidam
2332 3205 2676 3277 homojustus
2688 3216 2790 3274 est,
2840 3208 3062 3288 Quidam
3083 3208 3242 3263 homo
3257 3208 3432 3279 justus
3449 3226 3553 3265 non
3572 3220 3676 3278 est,

2855 3305 3191 3374 particularis
3219 3307 3450 3377 negatio.

2099 3413 2294 3470 llarum
2338 3416 2497 3486 igitur
2542 3416 2831 3472 afﬁrmatio
2887 3425 3044 3489 atque
3092 3419 3305 3489 negatio
3353 3420 3678 3477 universalis

2096 3506 2349 3573 qualitate
2381 3507 2595 3575 quidem
2636 3506 2970 3576 discrepant,
3004 3506 3100 3563 sed
3130 3510 3423 3577 quantitate
3458 3525 3681 3566 concor-

2097 3596 2247 3664 dant;
2281 3614 2403 3653 nam
2426 3599 2568 3669 quod
2591 3598 2705 3654 haec
2733 3599 2947 3669 quidem
2991 3598 3276 3657 affirmatio
3304 3610 3407 3669 est,
3438 3601 3533 3658 illa
3552 3615 3681 3660 vero

2097 3688 2338 3757 negativa
2376 3698 2459 3745 est
2485 3731 2501 3757 ,
2551 3699 2679 3745 sunt
2718 3690 2769 3744 in
2801 3691 3056 3759 qualitate
3085 3690 3313 3748 diversa
3340 3733 3354 3757 ,
3394 3692 3516 3764 quia
3555 3706 3682 3749 vero

2098 3785 2321 3847 utraque
2344 3778 2659 3833 universalis
2675 3790 2778 3846 est,
2802 3781 3096 3850 quantitate
3116 3782 3461 3839 conveniunt.
3484 3782 3681 3840 Harum

2099 3867 2263 3937 igitur
2291 3870 2370 3925 vel
2398 3880 2651 3936 utraeque
2687 3870 2865 3935 falsas,
2897 3870 2977 3924 vel
3011 3886 3167 3925 unam
3199 3887 3379 3927 veram
3406 3913 3422 3939 ,
3455 3874 3680 3929 alteram

2097 3958 2286 4013 falsam
2324 3960 2565 4028 recipere
2604 3960 2859 4029 possibile
2896 3968 3010 4024 est,
3052 3971 3291 4031 utrasque
3320 3970 3493 4017 autem
3520 3965 3680 4020 simul

2100 4066 2240 4106 veras
2281 4060 2553 4119 nequeunt
2592 4050 2816 4104 inveniri
2842 4089 2857 4111 .
2904 4064 3026 4103 nam
3070 4050 3124 4104 in
3164 4051 3432 4120 proposita
3476 4053 3681 4109 deseri.

2098 4142 2278 4213 ptione
2306 4142 2594 4196 afﬁrmatio
2623 4156 2741 4210 qua:
2770 4149 2875 4207 est,
2905 4141 3079 4195 omnis
3107 4140 3268 4195 homo
3289 4141 3465 4210 justus
3492 4153 3596 4210 est,
3625 4153 3681 4200 et

2101 4236 2311 4306 negatio
2338 4250 2456 4307 qua:
2495 4243 2597 4300 est,
2633 4233 2809 4288 nullus
2850 4234 3009 4288 homo
3030 4233 3206 4303 justus
3237 4244 3339 4305 est,
3370 4249 3490 4289 cum
3523 4245 3681 4293 utm-

2099 4341 2203 4398 que
2232 4327 2340 4383 sint
2371 4326 2719 4395 universales,
2754 4336 2940 4383 neutra
2972 4334 3147 4383 tamen
3172 4335 3260 4383 est
3284 4342 3428 4383 vera.
3454 4330 3523 4383 At
3542 4328 3587 4383 si
3612 4329 3683 4384 sit

2100 4421 2405 4487 afﬁrmatio,
2437 4422 2614 4476 omnis
2642 4421 2803 4475 homo
2831 4420 3029 4475 animal
3059 4429 3141 4474 est
3167 4460 3182 4486 ,
3214 4428 3374 4490 atque
3412 4420 3682 4476 universa-

2100 4513 2222 4570 liter
2252 4515 2545 4584 denegetur
2574 4514 2676 4579 ita,
2710 4515 2884 4569 nullus
2912 4514 3074 4568 homo
3102 4513 3297 4568 animal
3328 4522 3443 4580 est,
3473 4514 3558 4570 vel
3585 4514 3681 4583 ita,

2105 4606 2281 4660 omnis
2312 4605 2473 4659 homo
2503 4606 2636 4673 lapis
2665 4612 2777 4671 est,
2806 4603 2984 4658 nullus
3024 4603 3185 4657 homo
3218 4602 3351 4673 lapis
3376 4614 3489 4673 est,
3521 4621 3679 4662 unam

416 4693 512 4750 per
536 4684 846 4740 eorumdem
882 4690 1232 4745 terminorum
1266 4694 1679 4762 oppositionem‘.
1711 4695 1835 4751 llzec
1861 4711 1995 4765 quo—
2020 4674 2072 4736 Ῑ)
2101 4711 2280 4753 veram
2308 4736 2324 4762 ,
2366 4696 2589 4751 alteram
2618 4695 2806 4750 falsam
2832 4710 2951 4750 esse
2980 4709 3200 4751 necesse
3223 4704 3324 4750 est.
3366 4698 3537 4765 Atque
3563 4698 3684 4755 ideo

416 4789 518 4844 que
540 4778 804 4845 oppositio
833 4782 1180 4839 terminorum
1225 4785 1486 4854 triplicem
1530 4787 1722 4857 recipit
1753 4789 1989 4857 modum,

414 4880 535 4922 cum
566 4872 772 4941 negatio
795 4874 881 4928 vel
912 4875 1221 4944 prmdicato,
1246 4877 1332 4934 vel
1354 4878 1616 4949 subjecto,
1644 4880 1726 4934 vel
1758 4881 1994 4953 utrisque

415 4961 770 5033 conjungitur;
803 4964 911 5023 illm
955 4983 1085 5024 vero
1126 4985 1249 5040 quze
1290 4972 1465 5027 altero
1506 4972 1737 5028 termino
1777 4974 1991 5044 partici-

416 5063 543 5122 pant
570 5065 625 5111 et
650 5057 822 5113 tribus
865 5060 1059 5129 modis,
1091 5063 1176 5119 vel
1219 5078 1339 5120 cum
1382 5065 1435 5120 in
1481 5081 1580 5120 una
1628 5066 1993 5136 propositione

416 5147 555 5215 quod
598 5149 919 5219 praedicatur
960 5154 1012 5207 in
1058 5147 1226 5211 altera
1270 5157 1567 5226 subjectum
1609 5168 1708 5221 est,
1750 5158 1834 5213 vel
1874 5171 1994 5213 cum

418 5234 553 5293 idem
586 5240 641 5295 iu
674 5241 913 5313 utrisque
945 5244 1287 5314 prmdicatur,
1318 5248 1402 5301 vel
1432 5264 1552 5303 cum
1586 5247 1724 5303 idem
1755 5248 1805 5302 in
1826 5249 1994 5302 utris-

416 5345 519 5402 que
570 5334 845 5402 subjectus
895 5347 997 5394 est.
1061 5338 1125 5393 Et
1176 5340 1431 5409 quoniam
1485 5340 1722 5395 omnium
1774 5341 1988 5396 sibimet

414 5424 845 5479 convenientium
896 5429 1324 5499 propositionum
1379 5430 1825 5486 ordinatissimam
1871 5430 1979 5484 feci

417 5527 537 5566 mus
564 5513 906 5583 divisionem,
938 5534 1083 5575 nunc
1109 5521 1179 5575 de
1220 5521 1441 5592 singulis
1479 5521 1771 5590 quibusque
1803 5533 1998 5579 tracte-

417 5617 559 5669 mus,
591 5618 655 5659 ac
687 5606 919 5677 primum
949 5610 1017 5665 de
1049 5625 1113 5665 ea
1153 5613 1573 5682 propositionum
1602 5614 1997 5681 convenientia,

416 5710 535 5765 quae
573 5710 694 5750 cum
739 5698 977 5771 utrisque
1015 5701 1296 5773 participet
1344 5705 1998 5777 tertninis,-participandi

420 5800 598 5844 tamen
645 5788 890 5846 ordinem
942 5803 1177 5863 servent,
1225 5809 1289 5850 ea
1337 5805 1419 5850 est
1462 5794 1787 5865 huiusmodi,
1828 5799 2001 5856 omnis

423 5881 581 5937 homo
606 5884 822 5944 sapiens
850 5892 952 5946 est,
984 5884 1165 5943 nullus
1194 5886 1353 5945 horno
1386 5888 1599 5951 sapiens
1626 5899 1731 5948 est.
1766 5890 2000 5953 Utraoue

2104 4789 2311 4861 quoties
2332 4804 2394 4844 ea
2430 4788 2785 4858 praedicantur
2812 4803 2932 4859 quas
2961 4799 3011 4844 et
3041 4790 3334 4846 convenire
3363 4790 3603 4862 subjecto
3627 4801 3681 4847 et

2103 4882 2168 4935 ab
2184 4896 2249 4936 eo
2266 4881 2479 4935 valeant
2497 4881 2789 4950 segregari,
2807 4889 2860 4935 et
2879 4880 3248 4937 nniversaliter
3266 4881 3355 4938 illa
3377 4882 3681 4952 conﬁrmat,

2105 4975 2219 5029 haec
2242 4973 2499 5044 denegat,
2524 4984 2785 5043 utrasque
2820 4972 2981 5029 falsas
3023 4974 3315 5044 contingit,
3349 4984 3404 5030 et
3433 4975 3682 5045 superius

2105 5064 2293 5135 positis
2317 5064 2621 5119 declaratur
2651 5063 2930 5134 exemplis.
2980 5063 3191 5120 Justitia
3237 5065 3378 5120 enim
3410 5080 3530 5121 cum
3563 5079 3683 5121 esse

2105 5154 2161 5208 in
2188 5154 2493 5210 hominibus
2521 5154 2720 5225 possit,
2751 5170 2856 5209 non
2883 5164 3059 5211 tamen
3090 5156 3160 5210 ita
3188 5155 3488 5212 hominibus
3518 5155 3687 5213 inhie-

2106 5232 2208 5311 sit,
2239 5253 2295 5299 ut
2324 5244 2392 5299 ab
2420 5246 2499 5301 eis
2528 5246 2759 5315 separari
2786 5245 2930 5300 nullo
2959 5246 3119 5301 modo
3145 5254 3344 5317 queat,
3375 5256 3533 5317 atque
3564 5248 3683 5301 ideo

2107 5349 2281 5404 neque
2322 5335 2497 5389 omnis
2546 5336 2707 5389 homo
2748 5334 2925 5404 justus
2953 5342 3074 5400 est,
3122 5348 3293 5404 neque
3319 5336 3496 5390 omnis
3524 5336 3682 5388 homo

2102 5428 2278 5499 justus
2311 5444 2415 5484 non
2442 5438 2545 5495 est,
2574 5429 2833 5498 contingit
2856 5436 3107 5498 utrasque
3144 5426 3390 5491 mentiri;
3422 5436 3476 5482 at
3502 5428 3546 5482 si
3579 5426 3681 5481 tale

2108 5521 2176 5577 sit
2206 5522 2345 5592 quod
2386 5538 2412 5575 a
2445 5522 2687 5591 subjecto
2712 5519 2949 5575 abstrahi
2979 5520 3321 5589 separarique
3350 5534 3453 5575 non
3491 5518 3677 5589 possit,

2106 5612 2187 5667 vel
2226 5612 2363 5681 quod
2401 5626 2668 5682 nunquam
2716 5610 2885 5680 possit
2911 5610 3129 5665 evenire
3160 5610 3425 5680 subjecto,
3471 5620 3525 5666 et
3557 5622 3676 5681 qua‘.

2105 5700 2477 5757 nniversaliter
2503 5700 2820 5755 aftlrmativa
2863 5708 2945 5754 est
2984 5700 3357 5758 nniversaliter
3390 5702 3673 5769 abnuatur,

2105 5794 2281 5851 evenit
2304 5792 2393 5846 uni
2423 5794 2702 5847 veritatem
2731 5831 2748 5857 ,
2790 5790 2944 5847 alteri
2993 5806 3203 5863 semper
3244 5794 3434 5850 adesse
3461 5793 3679 5849 menda-

2106 5890 2245 5944 cium
2270 5930 2285 5946 .
2319 5885 2411 5941 sed
2443 5886 2513 5942 ita
2554 5892 2613 5941 ut
2640 5885 2683 5943 si
2715 5900 2745 5941 a
2773 5884 3012 5955 subjecto
3040 5885 3181 5956 quod
3229 5888 3542 5956 medicatur
3570 5899 3674 5941 non
