4296 6266
620 469 723 530 771

1840 450 1948 517 ΑΝ.
1992 447 2200 515 MANL.
2240 442 2393 510 θεν.
2436 444 2659 511 ΒΟΕΤΙΙ

3774 440 3887 521 772.

620 594 795 659 potest
833 594 1099 652 segregari
1124 618 1141 645 ,
1190 592 1316 635 vera
1340 578 1411 633 sit
1455 591 1665 649 semper
1712 575 2022 641 afﬁrmatio,
2074 564 2354 631 [διδαΔεί
2375 571 2494 640 quis
2515 573 2778 641 enuntiet,
2822 573 3037 644 quidam
3081 572 3245 631 homo
3272 571 3468 630 animal
3515 581 3619 640 est,
3654 582 3708 628 et
3745 574 3889 633 alius

620 678 858 749 negatio;
901 685 955 729 at
995 674 1039 735 si
1078 671 1221 743 quod
1246 672 1464 731 evenire
1501 686 1611 727 non
1641 678 1817 740 potest
1857 667 2207 741 praedicatur,

618 767 902 827 afﬁrmatio
930 764 1142 833 quidem
1171 763 1302 817 falsa
1329 764 1418 826 sit,
1444 762 1539 818 sed
1564 778 1687 817 vera
1716 762 1785 816 sit
1814 762 2045 831 negatio.
2070 760 2201 817 Nam

619 858 868 930 quoniam
889 855 1086 913 animal
1109 869 1214 909 non
1240 854 1305 909 ab
1327 854 1542 909 homine
1572 862 1744 922 potest
1772 852 2059 924 segregari,
2081 867 2207 922 qua:

621 950 892 1005 hominem
926 947 1117 1002 animal
1152 961 1271 1001 csse
1299 944 1580 1000 conﬁrmat
1608 959 1732 998 vera
1756 951 1867 1008 est,
1892 943 2020 997 falsa
2070 957 2199 998 vero

619 1040 707 1095 illa
738 1055 857 1109 quae
888 1038 1143 1111 denegat;
1177 1038 1303 1091 item
1333 1036 1377 1091 si
1407 1035 1546 1105 quod
1579 1050 1685 1090 non
1720 1043 1893 1104 potest
1922 1033 2035 1088 ﬁeri
2064 1049 2201 1102 pra:-

619 1130 865 1203 dicetnr,
912 1130 1106 1197 fiatque
1146 1126 1432 1182 afﬁrmatio
1461 1167 1475 1190 ,
1516 1140 1727 1183 omnem
1772 1125 2038 1179 hominem
2079 1138 2199 1176 esse

620 1219 874 1291 lapidem,
908 1217 1069 1287 idque
1096 1218 1318 1277 advena
1350 1216 1644 1291 propositio
1676 1223 1852 1285 neget,
1887 1214 2197 1281 nullumque

621 1313 891 1369 hominem
924 1310 1150 1380 lapidem
1182 1324 1301 1365 esse
1330 1309 1610 1376 concedat,
1635 1308 1847 1376 negatio
1867 1307 2079 1377 quidem
2110 1322 2200 1361 ve—

620 1402 764 1457 ritati
789 1444 802 1468 ,
845 1400 1128 1454 afﬁrmatio
1159 1408 1335 1454 autem
1362 1396 1545 1469 juncta
1575 1408 1657 1453 est
1688 1398 1965 1453 mendacio
1993 1416 2006 1451 :
2040 1399 2198 1454 simul

619 1504 795 1546 autem
820 1507 976 1545 veras
995 1506 1117 1546 esse
1144 1489 1549 1544 afﬁrmationcm
1580 1490 1957 1557 universalem,
1984 1489 2199 1544 univer-

544 1622 547 1627 ρ
620 1585 892 1652 salemque
930 1581 1266 1650 negationem
1312 1581 1451 1634 nulla
1486 1592 1733 1649 poterunt
1773 1582 2017 1649 exempla
2049 1597 2201 1633 Innu-

620 1685 811 1731 strare.
877 1681 1048 1744 Atque
1092 1674 1211 1728 ideo
1260 1673 1577 1727 universalis
1615 1671 1831 1742 quidem
1880 1672 2196 1735 afﬁrmatio,

621 1766 1041 1835 universalisque
1071 1767 1279 1835 negatio
1305 1763 1570 1819 contraria
1603 1764 1875 1829 dicuntur,
1906 1778 2026 1818 nam
2057 1771 2114 1817 ut
2143 1760 2197 1816 in

621 1858 903 1913 contrariis
942 1856 1139 1927 aliquid
1175 1856 1403 1911 medium
1443 1856 1833 1912 continentibus
1870 1865 2040 1925 potest
2069 1871 2201 1910 neu-

2305 672 2484 735 neget,
2517 666 2739 736 quidam
2763 666 2925 724 homo
2944 668 3142 723 animal
3166 683 3278 724 non
3298 676 3402 732 est,
3431 667 3517 721 vel
3549 666 3644 732 ita,
3669 667 3887 735 quidam

2305 757 2465 817 homo
2498 760 2631 830 lapis
2650 772 2761 828 est,
2777 761 2995 832 quidam
3026 761 3190 816 homo
3217 762 3350 829 lapis
3392 776 3496 815 non
3522 771 3629 823 est,
3661 769 3887 830 utraque

2303 851 2719 909 afﬁrmationum
2746 854 3197 924 negationumque
3222 854 3491 924 oppositio
3537 871 3722 907 verum
3749 855 3887 908 inter

2304 943 2607 1014 falsumque
2630 947 2883 1016 partitur.
2905 946 3009 1002 Sed
3032 946 3083 1000 in
3117 946 3388 1017 prioribus
3408 944 3625 1013 quidem
3649 943 3886 998 afﬁrma-

2306 1034 2401 1099 tio,
2427 1035 2479 1089 in
2535 1038 2921 1106 posterioribus
2968 1046 3146 1092 autem
3195 1052 3316 1090 vera
3367 1035 3575 1105 negatio
3597 1044 3700 1091 est.
3741 1038 3811 1091 At
3839 1034 3885 1093 si

2301 1126 2446 1194 quod
2487 1129 2704 1183 evenire
2733 1128 2947 1198 quidem
2997 1128 3188 1198 possit,
3232 1126 3325 1181 sed
3354 1142 3383 1180 a
3412 1127 3655 1197 subjecto
3700 1138 3881 1195 tamen

2308 1217 2595 1287 aliquando
2649 1220 2826 1273 valeat
2865 1221 3149 1289 segregari,
3202 1218 3481 1273 afﬁrmatio
3522 1218 3879 1288 particularis,

2304 1314 2622 1383 negatioque
2660 1313 3064 1383 pronuntietur,
3117 1322 3367 1381 utrasque
3414 1326 3567 1366 veras
3615 1326 3737 1366 esse
3786 1327 3884 1366 ne-

2303 1416 2459 1456 cesse
2484 1411 2567 1457 est
2591 1442 2608 1466 ,
2634 1413 2691 1455 ut
2716 1404 2931 1471 quidam
2961 1403 3119 1456 homo
3146 1403 3320 1470 justus
3341 1411 3454 1469 est,
3476 1401 3691 1470 quidam
3724 1402 3886 1457 homo

2298 1489 2477 1559 justus
2504 1508 2607 1546 non
2638 1504 2721 1548 est
2754 1510 2768 1559 ;
2805 1502 2863 1546 ut
2906 1509 3036 1547 vero
3065 1502 3300 1561 utraeque
3352 1493 3498 1547 falsa:
3554 1494 3683 1558 sint,
3740 1495 3886 1550 nulla

2305 1593 2557 1649 poterunt
2574 1586 2814 1655 exempla
2835 1599 3154 1655 congruere.
3179 1586 3434 1654 Quocirca
3462 1601 3529 1640 ne
3547 1587 3643 1641 ista
3672 1587 3885 1656 quidem

2303 1690 2438 1745 quas
2495 1676 2893 1731 subcontrarias
2942 1677 3277 1748 appellamus
3330 1692 3544 1748 semper
3573 1694 3692 1735 sese
3747 1680 3884 1736 invi-

2303 1782 2420 1821 cem
2456 1770 2742 1837 perimunt,
2775 1767 3206 1838 quandoquidem
3239 1770 3523 1838 aliquoties
3554 1772 3603 1825 in
3656 1772 3885 1827 veritate

2304 1856 2655 1910 concordant.
2704 1861 2773 1913 At
2811 1859 2856 1913 si
2899 1860 3151 1913 omnibus
3208 1859 3519 1914 differentiis
3560 1860 3889 1917 dissidente‘s

622 1957 760 2003 trum
804 1948 981 2002 inesse
1028 1945 1312 2016 subjecto,
1356 1954 1415 2000 ut
1452 1960 1645 2016 corpus
1692 1960 1864 2017 neque
1893 1946 2099 2017 nigrum
2132 1945 2203 2000 sit
2233 1944 2282 2013 Β
2309 1960 2370 1999 ac
2412 1946 2640 2001 invicem
2689 1942 3029 2004 destruentcs
3093 1949 3335 2005 invenire
3379 1965 3669 2016 conemur,
3713 1953 3881 2017 respi~

622 2055 795 2109 neque
818 2040 1022 2101 album,
1053 2038 1303 2110 quoniam
1337 2046 1419 2092 est
1446 2038 1585 2107 quod
1614 2051 1725 2106 pra:
1751 2052 1811 2091 er
1837 2052 1897 2092 ea
1926 2051 2045 2091 esse
2076 2052 2203 2106 pos-

623 2131 714 2195 sit,
744 2140 799 2184 ut
829 2129 1043 2184 rubrum
1068 2170 1082 2194 ,
1122 2126 1359 2198 itemque
1397 2127 1449 2180 in
1480 2128 1764 2183 contrariis
1798 2128 2083 2182 medietate
2110 2142 2203 2181 ca-

624 2220 865 2277 rentibus
892 2234 1114 2276 necesse
1138 2228 1221 2276 est
1248 2219 1473 2273 alterum
1500 2233 1714 2287 semper
1742 2218 1915 2277 inesse
1940 2216 2200 2287 subjecto,

626 2321 687 2369 ut
706 2326 865 2367 omne
885 2310 1081 2366 animal
1104 2320 1191 2365 aut
1220 2309 1417 2365 dormit
1442 2318 1531 2365 aut
1562 2308 1765 2379 vigilat,
1788 2308 2036 2379 quoniam
2064 2307 2206 2362 inter

625 2403 860 2459 dormire
882 2418 943 2463 ac
968 2401 1188 2473 vigilare
1217 2400 1345 2455 nihil
1380 2398 1612 2455 medium
1635 2406 1740 2463 est;
1767 2405 1823 2452 ut
1844 2406 2019 2452 autem
2045 2395 2202 2451 simul
2234 2402 2242 2409 ‘

626 2507 783 2568 atque
813 2499 864 2551 in
904 2496 1094 2554 eodem
1134 2505 1356 2566 utraque
1395 2496 1660 2549 contraria
1708 2493 2042 2563 reperiantur
2088 2492 2206 2548 ﬁeri

626 2588 824 2658 nequit.
860 2587 932 2641 Ita
962 2586 1200 2643 etiamin
1230 2585 1619 2641 universalibus
1640 2584 1998 2639 afﬁrmatione
2024 2598 2085 2639 ac
2111 2600 2205 2639 ne-

627 2682 837 2755 gatione
872 2696 886 2733 :
918 2688 978 2735 ut
1006 2688 1242 2748 utrmque
1274 2676 1420 2732 falsae
1470 2679 1597 2744 sint,
1629 2677 1874 2747 exemplo
1908 2678 2202 2732 contrario-

628 2788 745 2828 rum
775 2770 972 2840 aliquid
1005 2767 1235 2825 medium
1266 2767 1551 2832 claudunt;
1583 2766 1665 2819 Vt'l
1697 2765 1861 2820 altera
1893 2781 2043 2830 vera,
2077 2766 2203 2818 falsa

629 2878 755 2919 vero
780 2864 972 2928 altera,
994 2862 1133 2917 sicut
1162 2864 1212 2917 in
1239 2862 1521 2917 contrariis
1541 2877 1658 2931 quae
1688 2861 1862 2916 medio
1886 2871 2069 2917 carent
2091 2859 2204 2913 ﬁeri

630 2970 784 3027 posse
804 2956 1141 3011 manifestum
1163 2964 1272 3019 est;
1292 2953 1384 3009 sed
1409 2952 1736 3021 impossibile
1753 2963 1833 3008 est
1856 2962 1911 3007 ut
1932 2951 2207 3022 utriusque

631 3046 898 3104 sententia
927 3046 980 3101 in
1010 3047 1230 3102 veritate
1258 3047 1572 3109 conveniat,
1612 3046 1745 3099 sicut
1774 3045 1916 3099 nulla
1941 3044 2206 3098 contraria

631 3139 784 3194 simul
810 3153 929 3193 esse
952 3138 1243 3208 patiuntur.
1274 3138 1447 3207 Atque
1478 3137 1602 3192 ideo
1629 3137 1948 3191 universalis
1972 3136 2176 3191 afﬁrma
2194 3166 2207 3177 -

633 3230 707 3286 tio
764 3229 1185 3299 universalisque
1260 3228 1471 3298 negatio
1514 3227 1799 3283 contrarias
1845 3227 2206 3281 nominantur.

2307 2036 2510 2093 ciendze
2531 2047 2656 2094 sunt
2682 2040 2997 2109 angulares;
3018 2040 3101 2095 Ita:
3116 2056 3242 2095 vero
3258 2053 3383 2095 sunt
3408 2043 3723 2098 universalis
3743 2044 3882 2098 afﬁr-

2306 2129 2471 2183 matio
2498 2137 2552 2183 et
2574 2130 2785 2200 negatio
2812 2129 3179 2201 particularis,
3213 2131 3295 2186 vel
3328 2132 3647 2188 universalis
3675 2135 3885 2204 negatio

2306 2229 2361 2275 et
2398 2219 2679 2274 afﬁrmatio
2710 2221 3075 2289 particularis;
3130 2221 3213 2275 his
3261 2222 3403 2277 enim
3455 2233 3595 2278 tanta
3647 2226 3785 2278 inter
3827 2240 3888 2280 se

2306 2311 2573 2366 discordia
2616 2312 2898 2366 manifesta
2944 2324 3061 2381 est,
3108 2326 3166 2368 ut
3208 2330 3379 2384 neque
3418 2315 3470 2369 in
3510 2316 3743 2370 falsitate
3786 2333 3885 2371 un-

2306 2416 2485 2471 quam,
2516 2416 2685 2470 neque
2712 2402 2765 2456 in
2798 2404 3020 2458 verihte
3056 2405 3396 2473 conveniant,
3444 2419 3761 2477 semperque
3792 2424 3885 2463 ne-

2307 2507 2460 2547 cesse
2487 2502 2570 2546 est
2616 2508 2735 2547 cum
2765 2492 3053 2548 afﬁrmatio
3081 2497 3150 2550 sit
3202 2512 3348 2564 vera,
3400 2499 3735 2567 negationem
3765 2515 3888 2556 esse

2308 2586 2643 2652 mendacem,
2677 2601 2798 2640 cum
2830 2588 3094 2656 negationi
3118 2588 3258 2643 adsit
3282 2590 3508 2659 veritas,
3544 2590 3888 2648 afﬁrmationi

2308 2693 2429 2732 esse
2456 2678 2721 2747 propriam
2754 2678 3055 2733 falsitatem.
3110 2681 3177 2735 At
3206 2681 3440 2749 primum
3493 2697 3615 2737 cum
3646 2684 3888 2754 geminas

2308 2783 2429 2824 esse
2457 2768 2877 2838 propositionum
2901 2770 3229 2825 differentias
3252 2772 3545 2827 dixerimus
3567 2773 3617 2827 in
3638 2773 3892 2841 qualitate

2309 2861 2388 2915 sci
2413 2862 2515 2916 icet
2541 2869 2593 2915 et
2619 2864 2935 2930 quantitate,
2969 2862 3155 2917 barum
3187 2871 3241 2918 et
3282 2863 3512 2932 qualitas
3560 2864 3728 2920 divisa
3771 2880 3888 2933 esse

2311 2953 2570 3021 probatur
2599 2964 2648 3006 et
2680 2954 2982 3022 quantitas:
3016 2967 3135 3007 nam
3167 2954 3309 3024 quod
3333 2955 3446 3011 haec
3474 2956 3759 3012 afﬁrmatio
3787 2965 3886 3025 est,

2310 3042 2398 3097 illa
2432 3043 2661 3113 negatio,
2693 3044 2743 3097 in
2769 3044 3021 3112 qualitate
3045 3044 3405 3109 dissentiunt;
3437 3048 3579 3115 quod
3616 3062 3747 3102 vero
3773 3047 3886 3104 haec

2314 3134 2651 3200 universalis,
2685 3133 2776 3189 illa
2834 3133 3170 3203 particularis
3219 3136 3517 3207 quantitate
3556 3136 3885 3192 discordant.

2316 3226 2447 3281 Item
2478 3241 2650 3297 neque
2682 3227 2735 3280 in
2777 3225 3030 3295 falsitate,
3085 3240 3256 3296 neque
3286 3226 3339 3282 in
3389 3229 3615 3283 veritate
3664 3245 3890 3300 unquam

635 3320 727 3376 liae
756 3320 915 3390 igitur
943 3334 1049 3374 non
1073 3334 1190 3375 eam
1216 3321 1321 3373 vim
1350 3320 1460 3388 ipsa
1488 3332 1703 3387 semper
1723 3317 2043 3372 adversitate
2074 3331 2210 3372 con-
2239 3305 2291 3372 (Ξ
2317 3324 2570 3388 poterunt
2590 3316 2899 3371 convenire.
2937 3315 3060 3371 Sive
3079 3318 3224 3370 enim
3255 3317 3323 3373 de
3354 3316 3435 3371 his
3458 3334 3575 3388 qua:
3604 3334 3631 3371 a
3655 3320 3892 3386 subjecto

636 3416 867 3473 servant,
896 3416 954 3461 ut
980 3410 1057 3463 eis
1085 3410 1155 3464 sit
1184 3418 1435 3477 perpetua
1457 3416 1615 3477 atque
1645 3406 1977 3463 inconciliata
2006 3405 2213 3461 discor-

637 3500 745 3564 dia,
774 3513 873 3553 nec
898 3512 959 3553 se
985 3513 1194 3567 semper
1218 3500 1445 3554 invicem
1474 3500 1762 3568 perimunt,
1790 3513 1911 3567 qua:
1936 3513 2059 3553 cum
2086 3514 2213 3554 sen-

636 3592 799 3651 tentia
810 3591 1125 3655 dissideant,
1138 3590 1405 3644 communi
1424 3599 1597 3645 tamen
1617 3590 1846 3645 falsitate
1861 3591 2209 3645 concordant.

639 3682 695 3739 Si
726 3682 883 3750 igitur
909 3696 1092 3736 earum
1124 3693 1227 3733 una
1255 3678 1500 3733 submota
1528 3679 1617 3746 sit,
1654 3695 1758 3734 non
1792 3694 2013 3737 necesse
2039 3689 2125 3735 est
2157 3689 2214 3734 ut

640 3787 763 3832 esse
789 3773 954 3827 altera
984 3778 1344 3839 consequatur
1376 3785 1391 3825 :
1419 3769 1533 3824 ﬁeri
1581 3770 1722 3825 enim
1769 3779 1947 3851 potest
1994 3779 2052 3826 ut
2080 3786 2215 3827 neu-

641 3865 845 3930 tra‘sit,
894 3864 1040 3917 velut
1086 3863 1129 3917 si
1173 3876 1385 3915 omnem
1427 3862 1626 3930 justum
1658 3876 1781 3917 esse
1823 3861 2091 3917 hominem
2122 3862 2215 3917 dc-

641 3964 832 4022 strnat,
890 3970 994 4011 non
1026 3964 1108 4011 est
1134 3967 1467 4023 consequens
1508 3961 1567 4009 ut
1609 3954 1790 4010 nullus
1832 3953 1991 4009 homo
2020 3954 2088 4009 sit
2124 3954 2239 4024 ju-.

641 4057 775 4104 stus.
798 4046 927 4113 Qua:
951 4055 1125 4101 autem
1149 4044 1248 4100 sub
1277 4046 1359 4100 his
1384 4046 1835 4115 propositionibus
1862 4046 2212 4117 collocantur,

643 4139 695 4196 id
738 4148 823 4195 est
868 4138 1203 4208 particularis
1245 4136 1565 4193 afﬁrmativa
1608 4146 1769 4208 atque
1816 4139 2051 4209 negatio,
2091 4140 2220 4194 sub.

642 4232 921 4287 contraria:
953 4242 1144 4283 nomen
1174 4226 1390 4291 habent.
1424 4228 1625 4283 idcirco
1652 4228 1793 4297 quod
1828 4229 2216 4284 univcrselitati

644 4321 961 4393 particulam
982 4334 1265 4375 commune
1292 4317 1592 4387 subjectum
1621 4326 1734 4383 est;
1765 4332 1886 4374 cum
1920 4317 2083 4388 igitur
2105 4318 2221 4372 uni.

644 4420 877 4476 ver-sales
910 4416 1273 4485 intelliguntur
1316 4428 1438 4469 esse
1476 4414 1782 4476 contrariis,
1816 4414 2221 4468 subcontrarias

644 4528 762 4568 esse
798 4525 1013 4567 necesse
1057 4518 1141 4564 est
1186 4521 1307 4578 qum
1350 4506 1452 4560 sub
1493 4505 1887 4560 universalibus
1936 4503 2221 4561 contrariis

644 4603 989 4660 collocantur.
1042 4600 1241 4655 Horum
1288 4611 1502 4668 quoque
1548 4598 1821 4666 quantitas
1870 4605 1955 4651 est
2005 4596 2217 4661 eadem,

2313 3408 2503 3462 abesse
2520 3422 2624 3460 non
2649 3417 2891 3475 possunt.
2912 3421 3071 3462 unam
3098 3422 3312 3477 semper
3332 3422 3511 3462 veram
3530 3424 3649 3464 esse
3674 3424 3891 3464 necesse

2314 3508 2416 3563 εει,
2440 3497 2663 3552 alteram
2696 3495 2909 3563 falsam,
2958 3513 3077 3551 nam
3122 3499 3167 3553 si
3198 3496 3318 3554 talis
3347 3486 3607 3554 terminus
3639 3500 3893 3569 prmdica-

2318 3597 2424 3654 tur,
2458 3598 2514 3642 ut
2542 3602 2663 3642 cum
2690 3588 2773 3643 vel
2794 3588 2987 3645 adesse
3013 3588 3256 3659 subjecto
3293 3590 3380 3646 vel
3412 3606 3517 3645 non
3548 3591 3739 3646 adesse
3768 3606 3895 3647 εοιιο

2316 3680 2504 3749 tingat,
2550 3679 2876 3735 universales
2930 3696 3145 3751 semper
3179 3682 3323 3737 falsa:
3355 3690 3513 3749 sunt,
3549 3684 3896 3753 particulares

2316 3784 2457 3824 verte
2488 3779 2608 3823 sunt
2637 3809 2654 3835 ,
2679 3769 2723 3823 si
2776 3772 2897 3838 quis
2926 3770 3068 3825 enim
3095 3770 3165 3825 ita
3214 3781 3505 3840 preponat,
3537 3770 3708 3826 omnis
3736 3771 3896 3825 homo

2313 3861 2490 3932 justus
2511 3871 2613 3930 est,
2646 3871 2804 3931 atque
2835 3862 2971 3916 alius
3017 3871 3195 3932 neget,
3242 3862 3457 3931 quidam
3511 3863 3671 3918 homo
3721 3863 3895 3932 justus

2320 3969 2423 4010 non
2452 3962 2556 4019 est,
2583 3954 2899 4009 universalis
2925 3954 3214 4009 afﬁrmatio
3247 3956 3377 4009 falsa
3409 3966 3512 4021 est,
3565 3956 3899 4023 particularis

2321 4058 2402 4103 est
2423 4062 2546 4101 vera
2577 4048 2807 4117 negatio,
2841 4046 3090 4101 similiter
3117 4056 3292 4101 autem
3322 4048 3367 4101 si
3406 4048 3527 4116 quis
3550 4048 3619 4101 ita
3660 4062 3892 4116 pronun-

2322 4142 2438 4207 tiet,
2471 4138 2647 4193 nullus
2670 4138 2830 4191 homo
2874 4136 3052 4205 justus
3094 4147 3198 4202 est,
3250 4137 3565 4192 universalis
3604 4137 3901 4205 negationis

2322 4231 2475 4297 falsa,
2511 4229 2845 4298 particularis
2886 4228 3253 4282 afﬁrmationis
3302 4242 3423 4282 vera
3472 4228 3736 4281 sententia
3768 4237 3896 4292 est;

2323 4321 2395 4375 ita
2417 4322 2468 4373 in
2495 4319 2578 4373 his
2618 4334 2736 4388 qua:
2764 4320 2847 4371 vel
2893 4319 3081 4374 adesse
3128 4317 3386 4387 subjecto,
3417 4317 3500 4372 vel
3531 4318 3722 4371 abesse
3765 4333 3899 4372 con-

2325 4409 2548 4477 tingant,
2573 4409 2898 4462 universales
2923 4408 3137 4464 falsitati
3189 4407 3487 4477 conjuncta:
3544 4417 3692 4469 sunt,
3730 4408 3899 4477 parti-

2324 4498 2533 4554 culares
2556 4497 2796 4552 obtinent
2822 4478 3123 4553 veritatem:
3173 4499 3243 4553 At
3267 4498 3311 4552 si
3365 4498 3502 4553 tales
3526 4498 3741 4551 termini
3772 4500 3898 4565 sint,

2324 4591 2413 4660 qui
2441 4592 2675 4660 separari
2704 4601 2862 4660 atque
2900 4607 2931 4644 a
2967 4590 3211 4661 subjecto
3252 4591 3414 4646 dividi
3464 4598 3750 4661 nequeant,
3787 4591 3900 4647 sive

644 4694 893 4763 quoniam
937 4699 1180 4759 utraeque
1235 4696 1361 4744 sunt
1411 4686 1796 4757 particulares;
1828 4686 2042 4742 diversa
2088 4672 2218 4756 qua.
2246 4680 2300 4745 Β
2323 4680 2411 4735 illa
2439 4681 2507 4735 sit
2537 4682 2873 4745 universalis,
2898 4682 3015 4737 sive
3037 4682 3395 4750 particularis,
3427 4682 3653 4737 haerebit
3686 4697 3901 4751 semper

645 4783 770 4859 litae
806 4783 1134 4850 intelligitur,
1181 4785 1434 4849 quoniam
1480 4778 1765 4835 afﬁrmatio
1812 4780 1927 4835 haec
1977 4788 2079 4847 est,
2129 4779 2218 4833 illa

647 4890 772 4932 vcro
818 4876 1056 4945 negatio;
1106 4874 1198 4930 sed
1250 4885 1552 4943 quanquam
1606 4870 1893 4929 contrariis
1940 4871 2223 4927 videantur

644 4983 765 5026 esse
805 4968 1079 5037 subiectat,
1123 4978 1382 5021 converso
1436 4972 1613 5017 tamen
1664 4961 1824 5017 modo
1867 4960 2223 5030 particulares

645 5058 700 5117 in
722 5059 949 5115 veritate
964 5056 1199 5119 sibimet,
1225 5069 1330 5109 non
1358 5054 1412 5113 in
1442 5052 1673 5109 falsitate
1694 5050 2055 5109 consentiunt.
2085 5050 2218 5107 Nam

646 5162 707 5209 ut
722 5152 837 5208 hac
864 5163 1070 5213 verum,
1095 5145 1284 5201 falsum
1312 5145 1400 5200 illa
1418 5144 1752 5214 pronuntiet,
1779 5151 1943 5212 atque
1972 5151 2217 5213 utrmque

645 5242 755 5300 sint
778 5256 921 5299 verte
956 5238 1113 5296 facile
1157 5236 1441 5309 propositis
1484 5234 1789 5290 declarati"
1824 5234 2128 5305 exemplis;
2155 5224 2218 5292 ut

646 5346 775 5387 vero
801 5341 1041 5402 utraeque
1069 5328 1215 5387 falsae
1243 5327 1373 5394 sint,
1398 5340 1504 5383 non
1535 5334 1709 5395 potest
1731 5325 1989 5380 inveniri.
2018 5325 2147 5383 Nam
2169 5326 2217 5382 si

647 5424 788 5496 quod
810 5438 979 5493 neque
1003 5421 1263 5492 separari,
1292 5434 1465 5491 neque
1496 5417 1667 5489 possit
1710 5418 1900 5475 adesse
1950 5418 2213 5491 subjecto,

647 5516 902 5571 alterutra
927 5514 1169 5575 enuntiet
1190 5510 1503 5582 propositio,
1532 5524 1636 5566 una
1663 5520 1749 5567 est
1773 5510 2017 5577 veritati,
2048 5512 2219 5568 altera

647 5617 870 5677 cognata
889 5606 1189 5667 mendacio.
1222 5606 1287 5661 Et
1314 5604 1577 5676 siquidem
1621 5604 1764 5674 quod
1788 5620 1821 5660 ιι
1866 5604 2110 5674 subjecto
2137 5617 2226 5659 se-

650 5700 826 5773 parari
846 5714 951 5756 non
1000 5708 1174 5769 potest
1204 5698 1539 5769 praedicetur,
1572 5698 1855 5755 afﬁrmatio
1883 5699 2000 5754 sola
2024 5697 2221 5753 verita-

650 5788 725 5846 tis
749 5792 1007 5847 calculum
1037 5800 1215 5859 tenet;
1246 5802 1302 5847 st
1351 5793 1397 5847 si
1442 5792 1582 5861 quod
1612 5792 1856 5862 subjecto
1885 5789 2217 5861 impossibile

650 5882 847 5948 adesse
888 5882 1111 5950 dicatur,
1142 5883 1259 5939 sols
1298 5882 1503 5943 obtinet
1551 5886 1767 5953 negatio
1818 5886 2121 5953 veritatem,
2159 5894 2219 5942 ut

1738 6028 1764 6039 η

2322 4774 2662 4831 afﬁrmationi
2708 4775 2944 4840 veritas,
3000 4776 3270 4844 ποκαιὶοηὶ
3312 4775 3690 4843 mendacium,
3748 4784 3805 4829 ut
3860 4774 3903 4829 si

2324 4866 2444 4934 quis
2490 4865 2865 4921 universaliter
2894 4866 3139 4920 enuntiet
3200 4880 3414 4921 omnem
3462 4865 3733 4922 hominem
3783 4878 3905 4919 esse

2323 4958 2541 5027 animal,
2572 4958 2810 5029 aliusque
2855 4958 3247 5027 particulariter
3276 4968 3457 5027 neget,
3503 4958 3786 5028 quemdam
3813 4960 3904 5013 ho-

2326 5048 2522 5105 minem
2546 5064 2650 5105 non
2679 5065 2799 5104 esse
2826 5049 3048 5117 animal,
3077 5048 3365 5105 afﬁrmatio
3388 5051 3702 5107 universalis
3723 5066 3905 5107 verum

2328 5144 2580 5213 loquitur,
2636 5144 2979 5213 particularis
3027 5146 3289 5216 negativae
3318 5144 3453 5200 falsa
3496 5146 3763 5201 sententia
3801 5156 3904 5201 est.

2326 5238 2455 5294 Item
2483 5240 2530 5293 si
2556 5238 2676 5308 quis
2700 5240 3079 5295 universaliter
3108 5238 3365 5310 negando
3384 5248 3648 5309 proponat
3701 5240 3908 5294 nullum

2331 5329 2600 5388 hominem
2638 5346 2761 5387 esse
2789 5335 3011 5401 animal,
3064 5332 3444 5404 particularem
3497 5332 3911 5389 sfﬁrmstionem

2328 5421 2525 5476 veritas
2550 5422 2814 5492 squitur,
2862 5425 3032 5480 hauet
3062 5425 3385 5481 universalis
3413 5425 3630 5496 negatio
3656 5423 3908 5487 falsitati;

2325 5514 2466 5583 quod
2488 5514 2534 5570 si
2563 5516 2674 5571 sint
2695 5534 2815 5589 qua:
2864 5519 3223 5589 praedicantur
3277 5528 3336 5574 ut
3393 5534 3670 5590 nunquam
3698 5522 3912 5592 possint

2327 5606 2520 5664 adesse
2541 5610 2804 5680 subjecto,
2829 5626 2925 5668 seu
2950 5612 3055 5667 illa
3098 5611 3477 5669 universaliter
3506 5627 3601 5669 seu
3628 5613 3913 5683 particula-

2329 5700 2462 5755 riter
2512 5711 2898 5771 proponantur,
2950 5706 3261 5774 negationes
3291 5715 3449 5761 ornat
3498 5710 3715 5776 veritas,
3769 5706 3911 5760 afﬁr-

2327 5794 2591 5851 nistioncs
2617 5795 2818 5852 falsitas
2850 5799 3146 5853 decolorat.
3178 5800 3236 5855 8i
3263 5801 3386 5870 quis
3440 5801 3583 5855 enim
3632 5800 3912 5856 conﬁrmat

2325 5888 2507 5945 dicens
2568 5900 2780 5942 omnem
2834 5890 3106 5945 hominem
3154 5891 3387 5959 lapidem
3439 5906 3562 5948 esse
3594 5937 3608 5961 ,
3664 5893 3915 5963 aliusque
