4296 6266
416 380 523 445 ἳἹὸ

1216 388 1669 447 INTRODUCTIO
1705 389 1798 447 AD.
1833 389 2300 451 SYLLOGISMOS
2349 384 2837 450 OATEGURICOS.

3560 397 3672 454 774

415 506 697 575 quemdam
741 506 1008 562 hominem
1051 522 1157 561 non
1199 521 1318 561 esse
1374 506 1601 575 lapidem
1643 506 1982 575 respondeat,
2016 513 2205 571 Aesse
2235 505 2463 575 lapidem
2521 506 2654 560 Atsi
2679 507 2999 562 universalis
3051 507 3266 580 negatio
3288 509 3417 566 falsa
3472 527 3671 585 pr0po-

416 597 774 652 universaletn
842 596 1250 653 aftirmationem
1307 599 1546 663 falsitas,
1609 597 1988 667 particularem

418 693 758 761 negationem
785 693 979 747 veritas
1006 702 1176 761 tenet;
1207 694 1345 765 quod
1374 697 1415 747 si
1442 695 1515 748 ita
1562 696 1682 764 quis
1717 696 1995 752 universa

326 807 332 813 ο
418 784 540 840 liter
571 793 744 853 neget,
770 786 946 841 nullus
973 786 1133 841 homo
1161 788 1293 855 lapis
1351 796 1453 852 est,
1511 796 1565 841 et
1597 789 1994 856 particulariter

414 870 668 943 afﬁrmet,
698 880 910 947 quidam
943 880 1102 934 homo
1142 882 1279 949 lapis
1319 891 1420 945 est,
1453 882 1741 936 universali
1783 891 1994 938 constat

416 971 700 1038 negatione
728 971 949 1035 veritas,
982 972 1319 1038 particularis
1369 972 1658 1029 afﬁrmatio
1688 990 1791 1029 non
1844 983 1995 1031 caret

416 1062 661 1116 falsitate.
690 1062 914 1129 Ouoquo
936 1065 1093 1133 igitur
1122 1066 1281 1121 modo
1308 1067 1595 1135 praedicata
1644 1068 1726 1121 vel
1749 1068 1990 1137 subjecta

416 1157 733 1214 mutaveris,
766 1155 809 1206 si
859 1163 1032 1209 tamen
1075 1157 1433 1212 universalem
1462 1157 1839 1213 ‘aftirmativam
1866 1174 1991 1227 par-

414 1242 622 1296 ticulari
653 1246 934 1312 negativae,
968 1247 1050 1300 vel
1104 1249 1458 1303 universalem
1492 1252 1788 1319 negativam
1830 1252 1994 1321 partio

412 1332 576 1386 cuiari
605 1333 941 1393 afﬁrmativat
987 1348 1288 1393 consertam
1316 1354 1347 1392 a
1386 1341 1643 1409 singulari
1683 1342 1994 1397 considera-

413 1424 559 1477 tione
583 1426 903 1491 committas,
937 1427 981 1482 si
1009 1430 1122 1484 hrcc
1154 1428 1307 1494 falsa,
1341 1430 1485 1485 illam
1509 1446 1690 1486 veram
1719 1447 1842 1488 esse
1865 1448 1993 1490 oon-

418 1514 669 1583 tingit,et
694 1518 737 1569 si
765 1516 883 1569 hanc
922 1532 1046 1571 vera
1079 1528 1183 1581 est,
1208 1518 1350 1573 illam
1407 1519 1594 1575 falsam
1642 1536 1863 1577 necesse
1910 1535 1995 1578 est

416 1605 670 1670 inveniri,
693 1617 852 1674 atque
870 1608 1068 1667 idcirco
1096 1609 1190 1661 has
1216 1610 1353 1664 inter
1383 1624 1443 1664 se
1472 1612 1743 1679 oppositas
1776 1622 1830 1667 et
1860 1626 1992 1667 con-

420 1695 754 1750 tradictorias
777 1712 1166 1766 nuncupamus.
1193 1698 1261 1755 Et
1302 1698 1562 1756 hactenus
1582 1703 1798 1771 quidem
1841 1702 1990 1758 afﬁr-

418 1787 681 1840 mationes
708 1796 759 1841 et
786 1790 1093 1857 negationes
1144 1793 1346 1858 aversis
1401 1793 1785 1850 intentionibus
1807 1794 1992 1852 confe~

418 1881 759 1948 rentes,quid
791 1881 843 1935 in
872 1882 949 1934 eis
979 1883 1262 1938 discordia
1284 1900 1349 1939 ac
1375 1887 1702 1943 diversitatis
1726 1898 1872 1949 esset
1908 1903 1994 1944 os-

418 1969 707 2034 tendimus;
742 1988 879 2027 nuuc
908 1973 1267 2033 universalem
1316 1979 1734 2034 aflirmationem
1764 1980 1995 2048 particu-

420 2062 513 2115 lari
546 2062 902 2131 afﬁrmativze,
940 2074 993 2120 et
1021 2068 1372 2127 universalem
1431 2073 1771 2141 negationem
1824 2074 1994 2145 parti-

419 2151 584 2206 culari
612 2154 871 2223 negativae
918 2155 985 2211 ad
1013 2158 1249 2212 veritatis
1292 2158 1646 2231 falsitatisque
1674 2164 1996 2221 convenien-

421 2245 544 2296 tiam
590 2257 979 2314 comparemus.
1030 2247 1226 2302 Harum
1278 2266 1507 2320 namque
1563 2254 1703 2309 inter
1748 2270 1807 2311 se
1852 2257 1995 2324 nulla

416 2334 688 2391 discordia
737 2348 840 2403 est,
869 2348 1029 2409 atque
1079 2340 1200 2396 ideo
1230 2357 1335 2397 non
1383 2342 1451 2398 de
1479 2359 1663 2401 earum
1717 2346 1985 2414 dissensu,

420 2426 510 2480 sed
542 2425 609 2483 de
668 2442 936 2483 consensu
986 2431 1164 2500 potius
1219 2433 1429 2489 videtur
1469 2448 1591 2493 esse
1628 2436 1993 2505 quaerendum.

418 2518 650 2573 Primum
674 2521 833 2593 igitur
863 2522 1178 2587 universalis
1208 2525 1496 2583 afﬁrmatio
1547 2538 1602 2584 et
1658 2531 1996 2599 particularis

419 2606 703 2669 affirmatio
727 2614 1046 2670 subalternat
1072 2616 1343 2686 dicuntur,
1378 2621 1631 2689 quoniam
1658 2624 1827 2677 altera
1870 2623 1999 2679 sub-

417 2700 555 2769 iacet
584 2702 760 2768 alteri,
812 2705 863 2759 id
907 2715 989 2760 est
1024 2708 1358 2776 particularis
1385 2710 1672 2766 afﬁrmatio
1703 2714 1996 2769 universali

422 2790 761 2848 afﬁrmationi
788 2798 1060 2866 supposita
1084 2808 1166 2854 est
1193 2809 1353 2869 atque
1374 2802 1638 2873 subjecta,
1678 2807 1844 2861 veluti
1874 2822 1997 2877 pars

419 2883 555 2943 intra
586 2887 744 2940 totius
764 2902 979 2956 semper
997 2891 1257 2946 ambitum
1309 2894 1438 2953 latet
1466 2911 1481 2960 ;
1515 2898 1762 2967 idemque
1787 2899 1855 2955 de
1882 2899 1998 2953 uni-

424 2976 614 3029 versali
636 2985 689 3031 et
707 2977 1013 3046 particulari
1037 2982 1281 3051 negativa
1302 2984 1584 3041 dicendum
1606 2996 1707 3054 est,
1735 2990 1998 3046 subalter-

421 3080 505 3119 nae
531 3068 674 3121 enim
698 3080 978 3136 vocantur,
1009 3073 1155 3139 quod
1184 3075 1428 3143 superior
1457 3086 1618 3147 atque
1636 3080 1864 3148 amplior
1882 3081 1997 3136 uni—

422 3159 643 3212 versatis
671 3162 884 3231 negatio
938 3163 1077 3229 intra
1131 3180 1191 3221 se
1240 3170 1621 3236 particularetn
1656 3172 1993 3248 negationem

2022 1848 2070 1911 B

2094 608 2267 664 natur,
2311 598 2511 653 nttllum
2547 598 2816 653 hominem
2865 614 2983 655 esse
3036 602 3253 670 animal,
3306 619 3414 659 non
3466 605 3668 663 idcirco

2095 690 2434 761 particularis
2452 691 2551 745 erit
2582 705 2708 745 vera
2731 691 2960 759 negatio,
2985 693 3027 745 si
3056 695 3356 762 pronuntiet
3380 701 3669 766 quemdam

2098 782 2368 837 hominem
2397 796 2501 836 non
2529 796 2649 836 esse
2670 782 2900 847 animal,
2944 792 3107 851 atque
3137 786 3254 841 ideo
3282 790 3672 849 universalibus
3752 862 3755 863 ν

2095 872 2309 941 quidem
2343 873 2393 931 in
2424 875 2645 927 veritate
2678 874 3033 937 manentibus,
3077 877 3419 940 particulares
3448 898 3669 939 necesse

2094 972 2179 1018 est
2205 964 2590 1019 universalium
2614 963 2919 1019 consentire
2961 965 3189 1031 veritati,
3218 978 3272 1021 at
3301 969 3346 1023 si
3398 972 3671 1031 universa-

2103 1052 2241 1109 libus
2274 1054 2476 1109 falsitas
2505 1054 2804 1121 inhaerebit,
2840 1056 3186 1124 particulares
3217 1067 3325 1113 tum
3351 1075 3527 1129 veras,
3562 1074 3671 1123 tum

2094 1147 2257 1201 etiam
2288 1142 2452 1201 falsas
2500 1160 2621 1200 esse
2675 1146 2926 1221 possibile
2966 1155 3083 1215 est,
3136 1162 3291 1203 veras
3353 1150 3569 1219 quidem
3624 1158 3669 1211 si

2094 1239 2221 1309 quid
2247 1240 2355 1294 tale
2385 1239 2709 1310 praedicetur
2730 1239 2871 1308 quod
2902 1240 3093 1295 adesse
3117 1241 3361 1311 subjecto
3389 1248 3574 1316 possit,
3620 1258 3674 1307 et

2094 1344 2125 1382 a
2156 1330 2398 1399 subjecto
2427 1331 2603 1386 valeat
2624 1334 2883 1401 separari,
2930 1332 3088 1388 falsas
3141 1350 3261 1391 esse
3290 1346 3564 1410 utrasque,
3597 1345 3674 1397 ai-

2096 1420 2449 1481 ﬁrmationem
2474 1421 2685 1490 quidem
2714 1424 3107 1491 particularem,
3133 1428 3175 1481 si
3202 1428 3254 1481 in
3285 1443 3349 1483 co
3375 1430 3444 1484 sit
3466 1432 3674 1488 univer-

2094 1512 2222 1565 sali»
2256 1511 2387 1569 falsa
2429 1512 2714 1566 affirmatio
2761 1514 2902 1581 quod
2930 1515 3171 1584 subjecto
3203 1533 3307 1571 non
3338 1529 3515 1588 potest
3543 1537 3673 1578 eon-

2097 1606 2299 1670 vcnire,
2331 1605 2665 1674 negationem
2696 1606 3092 1673 particularem,
3123 1610 3167 1662 si
3193 1610 3244 1663 in
3266 1626 3331 1664 eo
3359 1614 3673 1672 universalis

2096 1694 2311 1764 negatio
2352 1694 2642 1755 mentiatur
2664 1695 2803 1764 quod
2828 1712 2856 1749 a
2887 1697 3128 1767 subjecto
3152 1714 3255 1753 non
3279 1712 3453 1770 posest
3493 1721 3671 1776 segre-

2094 1786 2229 1853 gari,
2258 1793 2312 1838 ttt
2339 1785 2507 1851 posita
2536 1787 2781 1853 superius
2819 1790 3061 1855 exempla
3117 1789 3413 1853 declarant.
3445 1794 3596 1861 Quod
3630 1797 3674 1853 si

2097 1876 2161 1929 ad
2192 1875 2430 1930 veritatis
2465 1885 2520 1930 et
2556 1874 2801 1931 falsitatis
2842 1881 3283 1948 consequentiam
3332 1886 3676 1952 particulares

2098 1966 2493 2036 propositiones
2520 1967 2699 2024 locum
2729 1968 3019 2037 principem
3051 1972 3362 2038 sortiantur,
3407 1979 3675 2035 contraria

2096 2059 2177 2113 eis
2238 2058 2560 2113 universalis
2622 2059 3005 2127 propositionis
3065 2063 3270 2117 ratione
3328 2067 3674 2125 conveniunt.

2096 2151 2229 2206 Nam
2262 2151 2307 2205 si
2333 2151 2442 2205 sint
2464 2150 2629 2214 falsae,
2682 2152 3030 2220 particulares
3086 2153 3251 2209 falsas
3279 2171 3397 2211 esse
3452 2174 3678 2217 necesse

2096 2254 2201 2309 est;
2232 2244 2315 2297 sin
2338 2258 2469 2298 vero
2500 2244 2850 2313 particulares
2879 2260 3015 2300 verae
3046 2247 3171 2313 sint,
3205 2257 3312 2302 tum
3350 2251 3677 2310 universales

2096 2351 2241 2391 vera;
2268 2346 2417 2405 sunt,
2443 2344 2552 2391 tum
2583 2337 2743 2393 etiam
2770 2336 2940 2407 falsae,
2964 2338 3109 2401 Nam
3137 2340 3184 2395 si
3225 2341 3563 2409 particularis
3589 2346 3670 2401 af-

2097 2427 2329 2484 firmatio
2353 2437 2436 2483 est
2476 2427 2635 2492 falsa.
2666 2444 2787 2498 quae
2815 2429 2947 2484 dicit
2971 2430 3205 2500 aliquem
3237 2432 3506 2495 hominem
3554 2449 3677 2491 esse

2099 2518 2351 2588 lapidem,
2386 2518 2706 2575 universalis
2736 2536 2947 2595 quoque
2971 2522 3256 2581 afﬁrmatio
3274 2525 3407 2587 falsa
3434 2536 3518 2584 est
3559 2542 3679 2598 qua

2100 2612 2349 2679 proponit
2374 2623 2588 2666 omnem
2618 2610 2888 2671 hominem
2913 2626 3036 2669 esse
3064 2613 3316 2685 lapidem.
3344 2615 3474 2672 Item
3497 2618 3541 2673 si
3561 2634 3680 2688 par-

2100 2699 2337 2757 ticularis
2380 2710 2462 2759 est
2491 2701 2624 2757 falsa
2657 2703 2869 2781 negatio
2924 2720 3043 2777 quae
3092 2705 3337 2769 decernit
3390 2710 3676 2779 quemdam

2101 2788 2371 2847 hominem
2399 2806 2504 2847 non
2535 2807 2655 2848 esse
2679 2793 2903 2860 animal,
2933 2794 3066 2855 falsa
3110 2799 3213 2852 erit
3236 2798 3555 2859 universalis
3583 2817 3677 2859 ne-

2100 2879 2245 2960 gatio
2273 2895 2391 2951 qua:
2434 2881 2636 2938 nullum
2678 2882 2950 2939 hominem
2999 2884 3195 2941 animal
3235 2902 3355 2943 csse
3383 2891 3676 2953 contendit.

2102 2971 2172 3027 At
2196 2972 2242 3026 si
2274 2973 2614 3043 particularis
2669 2974 2956 3031 afﬁrmatio
2986 2976 3072 3033 vel
3114 2980 3327 3049 negatio
3355 2995 3497 3037 verae
3525 2991 3673 3049 sunt,

2102 3063 2271 3132 idque
2301 3065 2621 3134 pradicatur
2659 3065 2801 3137 quod
2847 3082 2877 3127 a
2918 3068 3163 3136 subjecto
3203 3069 3365 3125 dividi
3400 3084 3464 3126 ac
3493 3085 3678 3142 segre-

2108 3172 2221 3227 gari
2243 3167 2422 3227 queat,
2447 3157 2854 3227 affirmationem
2877 3162 3322 3233 negationcmque
3345 3165 3678 3227 universales

422 3250 617 3307 damn;
650 3262 705 3311 ει
741 3224 1003 3323 Lamum.
1035 3224 1161 3319 uec
1196 3224 1357 3331 38.3,“,
1386 3224 1994 3327 ,aii“,',gg,;,°;;,};;;
2019 3224 2071 3301 Β
2102 3224 2208 3305 non
2236 3224 2319 3303 est
2347 3249 2565 3311 dubium
2588 3265 2744 3323 posse
2765 3253 3003 3319 mentiri,
3034 3264 3091 3313 ut
3120 3257 3371 3325 quoniam
3402 3272 3547 3313 verat
3572 3258 3679 3317 sint
3715 3321 3718 3324 ,

420 3346 578 3412 tiunt,
611 3345 659 3400 si
698 3348 838 3403 enim
892 3352 1224 3418 universales
1277 3352 1336 3408 in
1392 3356 1617 3411 veritate
1666 3356 1993 3426 praecedant,

421 3439 762 3507 particulares
786 3455 939 3495 veras
963 3457 1084 3499 esse
1114 3458 1337 3500 necesse
1382 3453 1488 3511 est,
1520 3455 1577 3501 ut
1603 3446 1649 3501 si
1704 3448 1824 3516 quis
1880 3450 1997 3506 uni-

421 3532 694 3587 versaliter
709 3531 1022 3588 afﬁrmando
1050 3544 1330 3604 preponat,
1351 3550 1568 3592 omnem
1590 3537 1863 3601 hominem
1882 3540 1998 3599 ani-

420 3622 547 3689 mal,
577 3637 637 3676 ea
666 3639 786 3679 cum
825 3625 895 3680 sit
925 3640 1070 3691 vera,
1102 3627 1440 3695 particularis
1473 3630 1573 3684 sibi
1624 3628 1996 3688 afﬁrmationis

420 3712 696 3770 veritatem
726 3717 975 3771 comitem
1010 3718 1190 3784 trahit,
1212 3733 1275 3773 ea
1308 3733 1436 3773 vero
1462 3730 1565 3786 est,
1589 3722 1806 3791 quidam
1832 3723 1997 3781 homo

419 3804 611 3859 animal
640 3814 741 3861 est.
773 3805 901 3859 Nam
932 3809 972 3859 si
1011 3822 1194 3861 verum
1216 3819 1299 3864 est
1326 3824 1539 3864 omnem
1569 3810 1843 3868 hominem
1869 3829 1993 3871 esse

418 3895 635 3961 animal,
668 3912 852 3950 verum
875 3907 956 3951 est
977 3912 1094 3951 esse
1121 3897 1382 3968 aliquem;
1411 3901 1539 3956 item
1570 3904 1615 3957 si
1640 3904 1760 3972 quis
1786 3904 1999 3960 univer-

419 3985 603 4039 saliter
631 3987 872 4041 enuntiet
916 3988 1115 4051 nullum
1169 3990 1436 4046 hominem
1486 4008 1605 4049 esse
1634 3995 1887 4064 lapidem,
1941 4006 1997 4051 et

423 4090 607 4130 verum
638 4076 851 4143 dixerit,
883 4079 1119 4147 subjecta
1173 4083 1223 4137 ei
1254 4086 1592 4153 particularis
1620 4090 1833 4157 negatio
1855 4090 1993 4144 idem

418 4168 636 4234 retinet,
670 4184 769 4223 nec
798 4171 1053 4225 mentitur
1077 4174 1163 4236 qui
1190 4173 1382 4230 dixerit
1419 4177 1703 4247 quemdam
1725 4177 1994 4234 hominem

417 4257 646 4326 lapidem
677 4274 779 4314 non
811 4261 1069 4329 esse;ita
1120 4264 1279 4334 igitur
1323 4267 1710 4323 univcrsalibus
1759 4268 1997 4324 afﬁrma-

419 4348 563 4401 tione
607 4362 667 4403 ac
697 4350 976 4419 negatione
1008 4368 1134 4408 vera
1166 4354 1505 4424 dicentibus,
1555 4359 1894 4435 particularis
1921 4360 1998 4414 af-

420 4434 651 4492 ﬁrmatio
682 4449 735 4493 et
765 4443 973 4511 negatio
1026 4459 1206 4500 veram
1239 4448 1622 4505 universalium
1669 4434 1992 4511 sententiam

418 4539 832 4597 consequuntur.
858 4534 927 4586 At
951 4534 997 4587 si
1037 4536 1367 4592 universales
1404 4537 1553 4594 falsa:
1600 4543 1728 4612 sint,
1763 4559 1867 4598 non
1899 4559 1995 4600 ne-

2097 3340 2442 3411 particulares
2461 3357 2580 3413 quae
2603 3354 2904 3415 proponunt
2947 3346 3233 3418 quemdam
3262 3346 3530 3407 hominem
3558 3362 3679 3409 esse

2095 3435 2321 3507 justum,
2356 3441 2412 3489 et
2438 3434 2727 3506 quemdam
2755 3436 3030 3495 hominem
3060 3452 3167 3494 non
3191 3451 3314 3496 esse
3337 3438 3563 3510 justum,
3592 3440 3676 3497 his

2099 3527 2404 3594 suppositas
2432 3527 2762 3589 universales
2787 3525 2950 3589 falsas
2975 3542 3097 3593 esse
3118 3527 3459 3591 manifestum
3484 3540 3588 3599 est,
3618 3540 3678 3599 ut

2099 3629 2163 3670 ea
2189 3631 2309 3686 quas
2330 3617 2478 3685 dicit,
2507 3619 2679 3674 omnis
2703 3620 2864 3676 homo
2886 3620 3062 3689 justus
3092 3631 3198 3688 est,
3230 3630 3286 3677 et
3314 3621 3493 3678 nullus
3513 3624 3673 3681 homo

2094 3708 2274 3778 justus
2301 3718 2403 3766 est.
2430 3711 2498 3767 At
2517 3713 2559 3765 si
2585 3712 2711 3783 quid
2741 3714 2847 3773 tale
2876 3713 3165 3775 afﬁrmatio
3190 3714 3531 3783 particularis
3556 3730 3677 3785 pro-

2099 3802 2309 3857 nuntiet
2335 3817 2439 3871 quo
2476 3803 2775 3873 subjectum
2823 3817 3008 3859 carere
3060 3819 3163 3861 non
3192 3807 3385 3874 possit,
3413 3821 3543 3863 vera
3570 3806 3673 3867 erit

2099 3894 2439 3963 superposita
2471 3894 2756 3949 afﬁrmatio
2803 3894 3161 3963 universalis,
3210 3906 3266 3949 ut
3312 3911 3432 3951 cum
3482 3896 3676 3968 aliquis

2097 3987 2341 4042 enuntiat
2368 3987 2652 4057 quemdam
2698 3986 2967 4041 hominem
2995 4002 3115 4041 esse
3141 3987 3359 4054 animal,
3394 3989 3516 4047 huic
3555 3991 3672 4054 uni-

2098 4078 2323 4133 versalis
2348 4077 2633 4131 afﬁrmatio
2663 4076 2716 4130 in
2748 4078 2975 4130 veritate
2996 4077 3282 4140 consentit,
3312 4092 3430 4146 qua
3460 4088 3540 4135 est
3564 4094 3675 4139 om.

2100 4169 2183 4223 ais
2206 4167 2365 4221 homo
2392 4165 2586 4221 animal
2616 4162 2719 4221 εει.
2744 4166 2814 4221 At
2858 4165 2906 4220 si
2946 4165 3071 4234 quid
3106 4165 3436 4235 patticularis
3466 4169 3675 4239 negatio

2100 4258 2205 4317 tale
2233 4264 2512 4329 proponat,
2531 4256 2675 4327 quod
2704 4257 2946 4323 subjecto
2968 4265 3198 4327 nequeat
3224 4256 3508 4317 inhaerere.
3526 4259 3668 4313 veri-

2098 4359 2262 4406 tatem
2312 4350 2641 4421 particularis
2692 4350 2990 4420 negationis
3033 4348 3351 4411 universalis
3415 4348 3673 4416 negativae

2098 4443 2294 4499 veritas
2325 4456 2545 4505 necesse
2571 4450 2651 4497 est
2670 4449 3053 4511 consequatur,
3084 4449 3141 4505 ut
3164 4456 3286 4497 cum
3317 4439 3511 4513 aliquis
3538 4438 3673 4501 dicit

2099 4532 2384 4603 quemdam
2410 4533 2678 4597 hominem
2704 4533 2933 4603 lapidem
2960 4547 3062 4587 non
3095 4546 3237 4601 esse,
3270 4541 3528 4587 consonat
3554 4530 3673 4585 uni-

417 4630 568 4671 cesse
595 4628 676 4673 est
709 4621 1055 4687 particulares
1112 4625 1497 4681 universalium
1547 4606 1812 4687 consensu
1856 4648 1989 4703 prac-
2018 4606 2076 4683 Ὁ
2097 4625 2320 4683 versalis
2367 4624 2567 4687 veritas
2591 4622 2968 4697 prOPOSiliODiS
3007 4638 3127 4699 qua:
3160 4623 3363 4679 nullum
3402 4623 3671 4687 hominem

415 4707 543 4771 bere
584 4712 944 4779 mendacium,
994 4716 1140 4770 velut
1198 4720 1250 4772 in
1300 4718 1381 4773 his
1435 4722 1821 4779 universalibus
1873 4742 1991 4796 qua:

413 4811 717 4868 proponunt
767 4818 979 4858 onmem
1015 4806 1283 4863 hominem
1334 4824 1453 4864 esse
1478 4811 1702 4880 justum,
1736 4815 1820 4871 vel
1874 4818 1990 4871 nul-

414 4890 526 4947 lum
551 4893 818 4949 hominem
850 4912 968 4952 esse
1007 4898 1234 4970 jusmtn,
1265 4917 1383 4971 quas
1436 4918 1556 4957 cum
1592 4920 1693 4959 una
1744 4906 1815 4961 sit
1841 4907 1990 4963 affir-

413 4985 596 5053 matio,
624 4989 789 5043 altera
814 4992 1059 5060 negatio,
1110 5002 1347 5065 utrmque
1390 5008 1512 5050 sunt
1541 4995 1687 5053 falsae
1718 5014 1734 5065 ;
1768 5000 1861 5055 sed
1894 5016 1986 5057 eas

412 5077 810 5144 particularium
862 5082 1060 5138 falsitas
1110 5099 1218 5138 non
1261 5100 1326 5140 ex
1357 5090 1673 5144 necessitate
1702 5092 1988 5163 consequi-

411 5172 514 5233 tur,
552 5185 668 5223 nam
698 5179 751 5224 et
801 5175 1083 5240 quemdam
1125 5174 1399 5233 hominem
1450 5196 1570 5237 esse
1602 5181 1827 5253 justum,
1870 5198 1987 5253 qua

410 5263 739 5328 particularis
760 5273 841 5318 est
870 5266 1177 5336 affirmatio,
1229 5285 1357 5327 vere
1386 5274 1504 5343 quis
1550 5274 1782 5340 dixerit,
1829 5284 1989 5343 atque

408 5352 528 5409 ideo
558 5355 704 5411 falsis
730 5356 1147 5426 universalihus,
1174 5363 1527 5430 particulares
1560 5380 1714 5420 veras
1734 5381 1852 5421 esse
1881 5383 1985 5423 non

407 5457 629 5498 necesse
658 5455 759 5499 est.
791 5448 940 5513 Quod
972 5451 1115 5503 enim
1146 5450 1469 5507 universalis
1526 5453 1813 5509 afﬁrmatio
1856 5455 1987 5510 falsa

407 5537 619 5590 dicatur
645 5552 856 5595 omnem
915 5542 1186 5599 hominem
1215 5558 1333 5598 essu:
1371 5545 1624 5615 lapidem,
1657 5558 1799 5602 errat
1829 5550 1990 5618 parti-

408 5627 605 5687 cularis
635 5628 921 5687 affirmatio
966 5648 1085 5702 qua:
1117 5634 1367 5706 proponit
1391 5634 1676 5707 quemdam
1716 5636 1985 5695 hominem

2096 4714 2325 4787 lapidem
2345 4727 2467 4775 esse
2517 4714 2860 4791 pronuntiat:
2895 4726 3000 4783 quo
3052 4712 3108 4766 ﬁt
3158 4721 3214 4767 ut
3244 4712 3673 4782 praecedentibus

2094 4806 2308 4878 quidem
2332 4805 2722 4863 universalibus
2754 4805 2915 4874 veris,
2962 4804 3311 4875 particulares
3344 4821 3500 4869 veras
3547 4821 3671 4877 esse

2101 4912 2324 4955 [necesse
2348 4897 2439 4962 sit;
2471 4897 2895 4966 prmcedentihus
2944 4912 3071 4951 vero
3098 4896 3150 4952 in
3180 4896 3413 4957 falsitate
3442 4898 3674 4968 particu-

2100 4988 2349 5054 larihus,
2423 4986 2807 5043 universalium
2868 4987 3067 5041 veritas
3104 4990 3225 5051 {non
3282 4988 3672 5058 subsequatur;

2098 5079 2435 5137 manentibus
2493 5094 2619 5145 vero
2669 5080 3060 5136 universalibus
3111 5080 3279 5148 falsis,
3333 5080 3674 5150 particulares

2098 5169 2434 5227 mendacium
2465 5169 2644 5227 dicere
2694 5187 2796 5233 non
2844 5173 2911 5226 sit
2961 5187 3205 5238 necesse,
3240 5173 3376 5228 sicut
3426 5188 3494 5228 ne
3547 5186 3673 5235 vera

2095 5263 2309 5334 quidem
2337 5262 2743 5333 particularibus
2774 5263 3211 5333 proponentibus,
3243 5278 3424 5319 veram
3457 5264 3673 5323 univero

2097 5355 2284 5411 salium
2318 5370 2541 5411 necesse
2566 5364 2650 5415 est
2678 5368 2796 5409 esse
2823 5355 3161 5407 sententiam.
3197 5354 3259 5409 Et
3307 5353 3407 5412 hoc
3457 5356 3673 5425 quidem

2095 5446 2343 5519 exempla
2371 5448 2699 5500 docuerunt:
2724 5451 2779 5495 ut
2837 5453 3010 5496 autem
3030 5442 3182 5497 firma
3211 5443 3671 5513 demonstratione

2096 5547 2390 5613 clarescat,
2444 5546 2590 5599 utilis
2644 5542 2710 5597 ad
2760 5542 3077 5598 eVidetttiutn
3142 5559 3318 5611 rerum
3385 5546 3689 5623 descriptio.

2094 5649 2444 5712 proponatur.
