4296 6266
630 393 735 451 775

637 678 930 733 Universalis
945 677 1209 730 afﬁrmatio.
1297 676 1573 729 Contraria.
1663 673 1977 755 Universalis.
1990 680 2205 739 negatio.

952 761 1038 812 Ha:
1059 770 1158 811 tum
1174 759 1396 811 dividunt
1418 773 1588 810 verum
1612 766 1667 811 et
1689 759 1879 816 falsum.

879 830 978 874 tum
999 822 1132 874 falsa
1153 828 1269 873 sunt
1291 828 1530 886 utraeque,
1563 837 1694 872 vera
1720 836 1962 886 nunquam

717 912 740 949 ι
891 907 939 948 <
988 934 1009 949 .
1914 908 1948 949 ι.
2098 908 2146 949 <

703 1000 741 1049 ες
890 1000 924 1037 ιε
1002 1000 1048 1025 v
1912 1000 1947 1040 δ
2100 1000 2134 1037 πε

703 1052 927 1098 επις
1055 1031 1147 1098 θρα
1668 1026 1784 1098 ,ὼθ
1914 1045 2131 1098 ἕρεις

691 1066 741 1150 ’ἒ
768 1066 937 1150 sas.
1076 1066 1193 1150 “ei.
1638 1066 1764 1150 ὥθ’
1914 1066 2146 1150 ἓξὲξ.

705 1119 863 1171 '52"
888 1119 937 1173 i-
1122 1119 1217 1185 περ
1638 1119 1707 1165 κν
1916 1119 2073 1184 53;
2101 1119 2137 1181 ξι

697 1174 928 1230 ιε’-ΞΜ
1224 1190 1281 1230 οε-
1590 1168 1643 1221 εἷ’
1910 1173 2137 1230 τεξρε

690 1202 937 1291 δ’ἐξ-Ξ
1224 1202 1342 1291 7%.
1505 1202 1625 1291 se"
1917 1203 2211 1291 ἓξῖῒὲτέλ

643 1246 741 1347 ἓξ
767 1246 803 1347 ἔ
1264 1246 1399 1347 ""60.
1446 1246 1581 1347 Δέθθ
1901 1246 1950 1347 ἐ
1976 1246 2013 1347 ἕ
2039 1246 2209 1347 Ξ.ἓέ

637 1326 925 1410 Ξὲεξὲ
1341 1326 1399 1365 νδ
1446 1326 1504 1364 ‘°
1901 1326 2212 1410 585:5.-

634 1406 927 1524 ἕξὲξξ
1275 1418 1399 1524 τὼθῷ
1450 1431 1559 1524 ’94.-

634 1505 934 1599 "TE—«3?;
1229 1505 1334 1591 ἓν
1493 1505 1582 1573 ΨΦ
1902 1505 2199 1594 ἓιὲἴὲἓδ

694 1535 927 1625 ξιξε-
1173 1598 1219 1625 .e.
1595 1581 1647 1625 θ]
1907 1570 2142 1625 :33:

694 1581 742 1613 ,ε
830 1581 873 1612 μδ
1233 1581 1262 1591 ν
1907 1581 2137 1616 -ξυὲβ

700 1581 929 1692 ξιξ-ἐξ
1109 1598 1219 1692 δέ
1595 1581 1730 1692 θίεκ

700 1615 818 1727 ἓξὲξ
831 1615 935 1731 ἔξ
1089 1615 1219 1736 ,δ’
1616 1615 1635 1633 ’
1652 1629 1755 1738 64,
2041 1621 2147 1727 ἓξ

697 1819 746 1883 Ξ
895 1819 931 1879 ξ’
980 1819 1030 1849 ν
1902 1819 1952 1885 :2
2102 1819 2137 1887 ’ἓ

964 1906 1052 1958 He
1077 1914 1178 1960 tum
1196 1910 1417 1961 dividunt
1441 1924 1607 1974 verum
1634 1919 1685 1962 et
1708 1911 1896 1974 falsum,

884 1975 987 2019 tum
1011 1984 1142 2020 vera
1167 1981 1297 2034 sunt,
1325 1981 1546 2036 utraeque
1570 1973 1700 2024 falsa
1727 1986 1971 2036 nunquam

639 2050 943 2103 Particularis
960 2052 1229 2103 afIirmatio.
1253 2053 1630 2106 Subcontrarite.
1672 2055 1978 2105 Partieularis
1998 2055 2213 2116 negatio.

645 2352 724 2411 Ex
754 2352 834 2409 his
858 2367 986 2423 ergo
1005 2368 1125 2423 qua:
1152 2352 1397 2424 superius
1426 2354 1562 2410 dicta
1612 2365 1731 2411 sunt
1782 2356 2004 2427 intelligi
2042 2365 2221 2428 potest

640 2443 933 2499 contrarias
969 2443 1185 2513 quidem
1216 2446 1296 2500 vel
1324 2461 1509 2501 verum
1540 2447 1680 2502 inter
1720 2461 1779 2504 se
1806 2448 2104 2520 falsumque
2135 2450 2219 2506 di-

639 2536 844 2601 videre,
862 2536 946 2591 vei
974 2536 1132 2591 simul
1160 2552 1315 2607 posse
1342 2539 1576 2607 mentiri,
1606 2554 1760 2596 veras
1785 2541 1942 2597 simul
1964 2557 2085 2599 esse
2111 2559 2215 2599 non

634 2642 824 2699 posse;
858 2627 1255 2684 subcontrarias
1295 2646 1424 2685 vero
1458 2632 1541 2686 vel
1579 2644 1833 2703 utrasque
1881 2650 2037 2690 veras
2073 2651 2214 2703 esse,

637 2721 720 2777 vel
755 2721 988 2803 alteram‘
1005 2736 1208 2787 veram,
1240 2722 1460 2779 alteram
1493 2724 1703 2792 falsam,
1737 2742 2006 2797 nunquam
2040 2736 2217 2784 tamen

641 2812 795 2868 simul
827 2810 1070 2882 proferre
1107 2812 1478 2881 mendacium;
1512 2816 1795 2885 angulares
1839 2828 2013 2872 autem
2047 2835 2218 2890 neque

640 2904 698 2961 in
725 2905 947 2963 veritate
985 2922 1239 2978 unquam,
1292 2922 1465 2978 neque
1493 2908 1545 2962 in
1593 2908 1871 2964 mendacio
1898 2924 2216 2977 consonare,

642 2997 735 3054 sed
766 2998 855 3053 uni
884 3011 1096 3068 semper
1153 3014 1353 3066 veram,
1394 2998 1547 3054 alteri
1593 3014 1811 3069 semper
1857 2999 2042 3054 falsam
2098 3016 2221 3057 esse

643 3089 961 3145 sententiam
995 3108 1007 3145 :
1036 3104 1174 3145 nunc
1209 3090 1686 3147 demonstrandum
1718 3100 1801 3147 est
1830 3090 2220 3147 universalibus

643 3182 786 3238 veris
815 3181 1162 3251 particulares
1213 3198 1320 3237 non
1375 3198 1533 3252 posse
1563 3183 1803 3247 mentiri,
1861 3181 2010 3237 falsis
2038 3191 2216 3237 autem

1859 392 1963 448 AN.
2003 391 2211 448 MANL.
2248 390 2399 447 SEV.
2438 380 2669 449 ΒΟΕΤΙΓ

2235 507 2285 567 Α
2314 504 2408 560 lari
2436 520 2666 579 namque
2702 508 2983 580 negatione
3028 524 3149 566 vera
3173 550 3186 576 ,
3239 511 3553 567 universalis
3595 510 3884 570 afﬁrmatio

3787 398 3885 453 776

2313 604 2621 667 mentietur;
2652 604 2841 660 eadem
2869 603 3020 669 falsa,
3043 620 3227 661 verum
3256 605 3573 660 universalis
3600 604 3886 662 afﬁrmatio

2310 694 2614 762 pronuntiat
2640 714 2653 747 :
2681 711 2788 764 quo
2814 697 2869 749 fit
2889 705 2945 750 ut
2976 696 3104 752 falsa
3135 697 3423 752 universali
3458 698 3737 769 negatione
3764 714 3886 768 pro-

2311 785 2512 854 posita,
2544 786 2957 842 affirmationem
2987 788 3340 844 universalem
3372 799 3479 843 tum
3509 805 3722 858 veram,
3777 798 3883 843 tum

2311 875 2498 932 falsam
2531 878 2753 933 rationis
2795 879 3127 935 demonstret
3174 890 3423 945 eventus,
3454 878 3594 950 quod
3642 882 3886 949 impossi-

2310 967 2417 1024 bile
2437 977 2665 1023 nonest.
2694 967 2893 1025 Rursus
2916 971 2961 1026 si
3001 970 3349 1039 particulares
3394 970 3542 1025 falsa:
3591 980 3738 1038 sunt,
3769 970 3888 1026 uni--

2313 1061 2538 1115 versalis
2568 1076 2775 1130 quoque
2803 1061 3003 1116 falsitas
3028 1063 3287 1133 sequitur.
3318 1060 3447 1116 Nam
3474 1062 3518 1116 si
3547 1060 3886 1132 particularis

2315 1152 2630 1207 affirmativa
2647 1153 2956 1221 pronuntiet
2976 1153 3332 1217 mendacium,
3366 1152 3650 1208 universali
3673 1167 3886 1223 quoque
3924 1166 3927 1167 '

2310 1243 2655 1298 affirmationi
2687 1244 2888 1299 falsitas
2920 1244 3222 1309 inhaerebit,
3261 1260 3383 1300 nam
3407 1246 3449 1300 si
3478 1246 3591 1302 haec
3613 1263 3737 1302 vera
3775 1257 3883 1312 est,

2315 1336 2446 1391 falsa
2473 1338 2579 1391 erit
2605 1336 2653 1391 ei
2685 1339 2925 1406 Opposita
2960 1338 3171 1405 negatio
3198 1339 3535 1406 particularis
3557 1356 3574 1405 ;
3599 1339 3691 1395 sed
3739 1340 3885 1395 affir-

2316 1428 2600 1483 mationem
2619 1429 2986 1496 particular-em
3004 1430 3379 1484 constituimus
3404 1445 3525 1486 esse
3548 1431 3885 1499 mendacem,

2315 1520 2476 1574 simul
2505 1520 2661 1589 igitur
2690 1521 3025 1590 particularis
3074 1521 3362 1576 affirmatio
3402 1531 3458 1576 et
3497 1524 3709 1593 negatio
3761 1524 3886 1579 falsa

2315 1627 2460 1683 sunt,
2507 1617 2647 1689 quod
2694 1633 2813 1674 esse
2860 1618 3243 1673 inconveniens
3288 1617 3598 1688 praecedens
3635 1626 3885 1674 tractatus

2316 1710 2624 1767 declaravit.
2659 1712 2809 1778 item,
2844 1712 2887 1767 si
2920 1712 3254 1783 particularis
3277 1712 3486 1783 negatio
3508 1710 3640 1766 falsa
3662 1710 3881 1776 dicatur,

2318 1803 2641 1858 universalis
2689 1818 2902 1874 quoque
2958 1802 3256 1873 negationis
3307 1802 3508 1857 falsitas
3537 1802 3884 1855 consonabit:

2248 1882 2295 1941 Β
2322 1911 2441 1951 nam
2472 1896 2518 1952 si
2551 1896 2765 1968 negatio
2792 1897 3108 1953 universalis
3135 1911 3260 1951 vera
3288 1903 3389 1959 est,
3434 1894 3562 1949 falsa
3608 1903 3689 1949 est
3724 1909 3885 1965 Oppo-

2323 1988 2447 2055 sita,
2480 2005 2598 2059 quae
2627 1999 2709 2045 est
2736 1989 3021 2044 affirmatio
3049 1988 3402 2059 particularis,
3426 1985 3691 2055 quomodo
3719 1994 3887 2040 utras-

2320 2097 2425 2150 que
2463 2082 2840 2152 particulares,
2871 2082 3282 2137 affirmationem
3314 2080 3521 2136 scilicet
3550 2094 3613 2134 ac
3660 2076 3888 2149 negatio-
3983 2130 4001 2149 ,

2320 2188 2465 2237 nem,
2491 2175 2648 2229 simul
2669 2174 2828 2230 falsas
2850 2189 2969 2229 esse
2990 2173 3267 2243 contingit,
3293 2172 3433 2244 quod
3467 2172 3579 2227 fieri
3607 2186 3708 2225 non
3732 2184 3889 2240 posse

2324 2266 2691 2335 praediximus.
2736 2254 2817 2321 At
2853 2266 2899 2320 si
2930 2281 3053 2321 vera
3102 2265 3172 2319 sit
3217 2263 3500 2319 affirmatio
3535 2260 3888 2331 particularis,

2322 2355 2452 2412 falsa
2483 2358 2567 2413 vel
2598 2373 2721 2413 vera
2758 2357 3074 2414 universalis
3102 2357 3384 2411 affirmatio
3412 2369 3534 2411 esse
3561 2361 3765 2426 potest:
3796 2351 3889 2407 sed

2318 2448 2363 2505 si
2395 2449 2524 2519 falsa
2556 2450 2625 2504 sit
2656 2448 3011 2519 particularis,
3047 2447 3381 2517 negationem
3413 2460 3593 2500 veram
3638 2456 3758 2499 esse
3793 2455 3890 2497 ne-

2320 2556 2470 2597 cesse
2502 2550 2582 2597 est
2614 2557 2630 2607 ;
2663 2542 2706 2597 si
2731 2556 2854 2605 vera
2887 2542 2977 2608 sit,
3012 2539 3224 2595 habebit
3270 2521 3607 2609 particularis
3651 2534 3893 2607 negativa

2319 2633 2679 2688 mendacium.
2711 2631 2816 2688 Sed
2843 2647 2962 2687 cum
2987 2646 3110 2686 vera
3127 2630 3197 2684 sit
3222 2629 3506 2684 affirmatio
3538 2625 3893 2698 particularis,

2324 2724 2655 2794 negationem
2693 2722 3063 2791 particularetn
3093 2722 3177 2777 vel
3210 2720 3395 2775 falsam
3427 2733 3568 2786 esse,
3604 2718 3687 2772 vel
3714 2730 3893 2773 veram

2324 2814 2454 2869 nihil
2486 2824 2568 2869 est
2598 2813 2945 2883 impossibile.
2994 2810 3197 2866 Rursus
3224 2810 3270 2865 si
3301 2809 3512 2879 negatio
3561 2805 3894 2879 particularis

2324 2915 2507 2963 teneat
2537 2906 2835 2970 veritatem,
2869 2902 3184 2959 universalis
3231 2903 3445 2972 negatio
3486 2900 3570 2957 vel
3618 2897 3893 2955 veritatem

2320 3007 2507 3052 tenere
2540 3007 2736 3067 potest,
2764 2996 2847 3051 vel
2884 2995 3124 3066 proferre
3152 2993 3508 3049 mendacium.
3535 2990 3666 3046 Nam
3698 2991 3741 3044 si
3771 3000 3893 3044 vera

2325 3097 2426 3155 est,
2468 3089 2771 3158 oppositam
2821 3085 3231 3141 affirmationent
3282 3083 3655 3154 particularem
3712 3080 3893 3135 falsam

2324 3196 2442 3241 esse
2474 3182 2815 3237 manifestum
2844 3189 2958 3243 est;
2991 3179 3033 3233 si
3066 3177 3197 3232 falsa
3229 3185 3333 3243 est,
3362 3174 3643 3231 veritatem
3670 3172 3895 3244 particu-

642 3274 1031 3329 universalibus
1058 3290 1217 3345 posse
1246 3274 1594 3345 particulares
1639 3290 1744 3329 non
1796 3273 1927 3329 falsa
1957 3276 2214 3342 proferre.
2240 3258 2288 3321 Ο
2322 3274 2446 3329 laris
2468 3272 2786 3329 affirmativa
2813 3271 3076 3329 custodiet
3109 3286 3125 3326 :
3155 3284 3262 3340 quo
3293 3270 3350 3323 fit
3386 3278 3446 3323 ut
3475 3267 3520 3323 si
3562 3264 3897 3337 particularis

647 3363 772 3417 Dico
800 3362 942 3417 enim
974 3366 1017 3417 si
1051 3365 1367 3419 universalis
1392 3364 1676 3419 affirmatio
1705 3364 1774 3419 sit
1809 3379 1957 3431 vera,
1990 3365 2218 3434 particu-

640 3453 805 3507 larem
832 3468 1043 3523 quoque
1068 3454 1476 3510 affirmationem
1509 3466 1689 3510 veram
1722 3454 1981 3519 futuram;
2016 3471 2135 3508 nam
2172 3456 2218 3509 si

640 3542 775 3597 falsa
804 3550 906 3609 est,
939 3542 1042 3597 erit
1068 3558 1191 3599 vera
1214 3559 1334 3614 qua:
1352 3545 1656 3615 particulari
1685 3544 2025 3598 afflrmationi
2052 3560 2220 3615 oppo-

640 3635 784 3689 nitur
805 3632 1122 3691 universalis
1145 3637 1378 3704 negatio,
1403 3635 1494 3689 sed
1524 3636 1695 3705 posita
1726 3645 1803 3690 est
1827 3650 1950 3691 vera
1981 3636 2217 3692 afﬁrma-

643 3726 718 3780 tio
743 3724 1098 3792 universalis;
1132 3726 1232 3781 hoc
1261 3725 1420 3797 igitur
1449 3726 1608 3781 modo
1638 3739 1891 3795 utrasque
1928 3728 2082 3783 simul
2120 3744 2216 3784 ve-

640 3828 727 3870 ras
748 3828 867 3870 esse
885 3815 1163 3887 contingit,
1188 3814 1596 3874 aftlrmationcm
1611 3818 1819 3875 scilicet
1845 3818 2216 3887 universalem,

640 3909 1103 3980 universalemque
1134 3912 1497 3984 negationem,
1520 3913 1660 3984 quod
1682 3915 1898 3969 evenire
1927 3928 2031 3970 non
2062 3928 2219 3986 posse

647 4011 999 4059 monstratum
1028 4014 1139 4071 est;
1171 4019 1277 4060 non
1305 4006 1465 4076 igitur
1484 4005 1598 4060 fieri
1625 4014 1800 4076 potest
1819 4014 1876 4060 ut
1901 4005 2217 4062 affirmativa

644 4093 935 4152 universali
990 4112 1114 4153 vera
1172 4100 1490 4169 proposita,
1545 4099 1883 4170 particularis
1932 4098 2220 4156 affirmatio

642 4187 951 4245 mentiatur.
994 4187 1198 4245 Rursus
1228 4188 1274 4243 si
1323 4203 1451 4245 vera
1494 4198 1579 4245 est
1630 4189 1949 4246 universalis
1983 4190 2215 4262 negatio,

643 4282 1017 4354 particularem
1039 4297 1251 4353 quoque
1265 4283 1603 4352 negationem
1616 4298 1797 4338 veram
1815 4297 1933 4338 esse
1956 4286 2215 4350 concedo,

640 4386 762 4428 nam
788 4373 835 4429 si
863 4373 1049 4428 falsam
1089 4372 1210 4443 quis
1265 4372 1461 4443 dixerit
1507 4373 1865 4429 universalem
1905 4372 2217 4428 affirmatio-

641 4477 765 4519 nem
795 4504 812 4529 ,
839 4479 959 4535 quae
985 4474 1067 4522 est
1094 4465 1145 4522 ei
1173 4441 1415 4536 opposita
1441 4479 1621 4519 veram
1651 4465 1957 4521 necessario
1987 4479 2109 4521 esse
2141 4464 2218 4519 fa-

642 4556 859 4613 tebitur.
892 4558 962 4614 At
980 4558 1026 4613 si
1047 4558 1367 4615 universalis
1396 4558 1608 4630 negatio
1639 4573 1765 4614 vera
1796 4572 1915 4613 esse
1943 4560 2215 4630 praposita

2325 3366 2535 3435 negatio
2559 3375 2740 3420 teneat
2769 3364 3072 3431 veritatem,
3096 3361 3385 3416 affirmatio
3411 3357 3743 3429 particularis
3764 3370 3892 3412 vera

2321 3458 2408 3512 vel
2434 3458 2563 3511 falsa
2605 3461 2695 3520 sit,
2734 3470 2960 3526 quorum
2991 3465 3241 3511 neutrum
3276 3451 3601 3525 impossibile
3642 3465 3747 3505 non
3775 3463 3896 3505 esse

2318 3547 2595 3618 prmmissa
2625 3546 2940 3612 docuerunt,
2974 3556 3134 3615 atque
3158 3545 3273 3602 haec
3300 3543 3513 3615 quidem
3559 3541 3643 3623 de,
3676 3542 3896 3597 univer-

2321 3638 2521 3693 salibus
2542 3637 2682 3694 dicta
2709 3637 2996 3695 sufficiant.
3044 3636 3194 3693 Nunc
3217 3637 3284 3692 de
3328 3632 3548 3691 infinitis
3576 3648 3639 3689 ac
3665 3632 3896 3702 singula-

2322 3728 2469 3783 ribus
2499 3729 2846 3795 disseramus,
2872 3742 3097 3798 quarum
3148 3728 3363 3799 quidem
3420 3724 3712 3781 indeﬁnite:
3749 3732 3894 3789 sunt,

2320 3822 2513 3893 quibus
2544 3823 2687 3877 nulla
2717 3820 3034 3891 significatio
3062 3818 3526 3875 determinationis
3564 3814 3890 3887 adiungitur,

2322 3912 2413 3969 sed
2444 3921 2638 3983 prteter
2686 3911 3001 3967 universalis
3026 3920 3079 3966 et
3109 3908 3443 3980 particularis
3493 3905 3894 3979 intelligentiam

2320 4005 2635 4074 quantitatis
2664 4003 3029 4075 proferuntur,
3066 4010 3125 4056 ut
3166 4002 3328 4057 homo
3366 4001 3543 4072 justus
3584 4008 3687 4067 est,
3736 3998 3898 4053 homo

2317 4095 2493 4167 justus
2523 4105 2756 4159 nonest,
2788 4094 2980 4166 quibus
3003 4093 3210 4150 tametsi
3242 4102 3320 4161 ut,
3363 4093 3559 4149 dictum
3608 4100 3712 4157 est,
3754 4088 3898 4145 nulla

2320 4192 2646 4263 significatio
2695 4189 3161 4246 determinationis
3208 4187 3528 4258 adiungitur,
3571 4184 3678 4238 vim
3713 4192 3895 4238 tamen

2321 4285 2563 4339 obtinent
2612 4280 3011 4351 particularium
3048 4278 3490 4350 propositionum.
3543 4272 3782 4342 Namque
3836 4279 3896 4326 ut

2321 4378 2427 4433 illa:
2458 4390 2592 4447 quas
2621 4375 3020 4430 subcontrarias
3047 4374 3100 4428 in
3120 4373 3293 4443 priore
3320 4365 3686 4437 descriptione
3721 4365 3896 4434 signa-

2319 4470 2511 4536 vitnus,
2545 4466 2911 4539 aliasquidem
2932 4466 3071 4522 inter
3099 4480 3157 4522 se
3178 4478 3360 4520 verum
3392 4461 3689 4528 falsumque
3719 4455 3895 4511 distri-

2320 4562 2507 4627 buunt,
2562 4560 2697 4615 alias
2747 4557 2959 4627 quidem
3012 4556 3239 4612 invicem
3293 4553 3521 4609 veritate
3564 4546 3891 4616 conspirant,

641 4658 743 4717 est,
768 4648 926 4704 simul
953 4649 1112 4722 igitur
1151 4652 1483 4708 universales
1514 4652 1852 4723 negationem
1883 4661 1935 4707 et
1980 4650 2214 4707 affirma—
2240 4640 2296 4704 D
2321 4670 2591 4725 nunquam
2642 4662 2818 4707 tamen
2867 4650 3022 4705 simul
3065 4649 3314 4703 videntur
3346 4658 3501 4716 posse
3553 4639 3789 4703 mentiri,
3823 4638 3893 4693 ita

638 4739 838 4796 tionem
891 4755 1048 4796 veras
1076 4755 1194 4798 esse
1252 4743 1551 4813 contingit:
1580 4743 1720 4814 quod
1759 4742 1877 4799 fieri
1916 4758 2021 4799 non
2054 4758 2211 4815 posse

639 4829 885 4898 superius
913 4831 1084 4902 posita
1113 4835 1355 4905 exempla
1400 4834 1717 4890 docuerunt.
1769 4838 1840 4889 At
1887 4835 1931 4890 si
1963 4835 2093 4890 falsa
2132 4844 2216 4892 est

638 4920 953 4977 universalis
980 4921 1294 4988 affirmatio,
1327 4924 1664 4992 particularis
1687 4925 1769 4979 vel
1801 4925 1992 4979 falsum
2020 4927 2214 4995 poterit

641 5012 923 5070 enuntiare
951 5015 1033 5070 vel
1074 5029 1299 5070 verum:
1334 5029 1439 5086 quo
1469 5015 1645 5082 posito
1697 5016 1830 5070 nihil
1882 5016 2213 5085 impossibile

636 5106 941 5175 comitatur,
977 5108 1093 5165 sive
1128 5109 1272 5164 enim
1298 5107 1430 5162 falsa
1452 5109 1542 5174 sit,
1571 5108 1676 5163 erit
1699 5123 1824 5163 vera
1852 5108 2067 5178 negatio
2095 5112 2212 5164 uni-

632 5200 877 5267 versalis,
904 5215 1000 5256 seu
1037 5214 1160 5256 vera
1188 5199 1279 5254 illa
1321 5200 1413 5265 sit,
1464 5199 1825 5255 universalem
1866 5199 2209 5273 negationem

635 5290 838 5347 falsitas
865 5292 1143 5349 obtinebit.
1166 5292 1318 5360 Quod
1344 5293 1401 5348 fit
1420 5301 1479 5349 ut
1506 5292 1639 5349 falsa
1662 5293 1950 5351 universali
1977 5294 2209 5351 afﬁrma-

634 5382 802 5451 tione,
831 5385 1144 5440 universalis
1171 5386 1403 5457 negatio,
1437 5393 1548 5441 tum
1578 5384 1627 5441 ci
1653 5386 1885 5444 falsitate
1929 5395 2211 5455 consonet,

634 5482 748 5532 tum
774 5476 841 5532 ab
868 5492 931 5532 ea
960 5479 1185 5536 veritate
1205 5480 1496 5547 discordet,
1526 5480 1668 5552 quod
1709 5497 1816 5537 non
1845 5498 1967 5539 esse
2004 5482 2210 5555 impos-

633 5566 791 5626 sibile
819 5570 1185 5641 superioribus
1213 5572 1437 5630 docetur
1462 5573 1744 5645 exemplis.
1772 5574 1975 5631 Eodem
2002 5590 2211 5645 quoque

640 5660 801 5718 modo
825 5672 880 5720 et
908 5665 953 5721 si
982 5666 1299 5725 universalis
1320 5670 1533 5741 negatio
1558 5668 1690 5725 falsa
1713 5668 1805 5736 sit,
1834 5668 2206 5740 particularem

643 5757 1002 5825 negationem,
1029 5761 1115 5817 vel
1144 5776 1345 5830 veram,
1363 5764 1446 5820 vel
1469 5763 1659 5820 falsam
1680 5779 1802 5821 esse
1822 5766 2077 5836 possibile
2104 5775 2209 5833 est,

644 5859 816 5914 neque
845 5851 1045 5908 ideirco
1071 5856 1267 5925 aliquid
1296 5858 1537 5929 sequitur
1566 5858 1939 5929 incongruum.
1970 5861 2209 5918 Particu-

2318 4749 2479 4804 etiam
2507 4745 2820 4812 indefinitte,
2850 4742 3115 4814 siquidem
3170 4740 3276 4795 tale
3324 4746 3407 4794 est
3463 4734 3603 4806 quod
3653 4729 3894 4788 enuntiat

2318 4841 2454 4913 quod
2479 4840 2723 4910 subjecto
2752 4852 2964 4907 semper
2993 4837 3169 4891 inesse
3197 4848 3416 4890 necesse
3466 4831 3557 4897 sit,
3605 4825 3888 4882 affirmatio

2318 4944 2402 4991 est
2435 4948 2585 5000 vera,
2636 4931 2766 4986 falsa
2813 4929 3041 5000 negatio,
3073 4937 3132 4982 ut
3177 4927 3231 4982 in
3287 4926 3368 4979 his
3398 4919 3891 4995 propositionibus:

2321 5026 2480 5078 homo
2509 5023 2709 5077 animal
2740 5032 2842 5087 est,
2876 5020 3036 5075 homo
3067 5017 3264 5073 animal
3300 5024 3533 5071 nonest.
3597 5018 3663 5068 At
3693 5010 3739 5066 si
3761 5010 3812 5065 id
3843 5012 3895 5065 in

2323 5116 2617 5171 indefinitis
2679 5113 3130 5187 propositionibus
3183 5112 3434 5169 efferatur
3483 5108 3624 5180 quod
3672 5103 3895 5176 subjecti

2323 5217 2513 5264 natura
2538 5226 2643 5263 non
2676 5210 2915 5278 suscipit,
2968 5206 3180 5279 negatio
3219 5204 3432 5276 quidem
3480 5215 3609 5256 vera
3642 5208 3747 5265 est,
3805 5194 3898 5252 sed

2321 5304 2605 5359 affirmatio
2630 5304 2811 5373 juncta
2839 5311 2923 5359 est
2952 5302 3188 5369 falsitati,
3218 5309 3274 5355 ut
3303 5301 3345 5354 si
3374 5298 3493 5370 quis
3521 5297 3699 5352 dicat:
3729 5292 3889 5347 homo

2324 5396 2459 5467 lapis
2481 5406 2583 5464 est,
2620 5396 2781 5452 homo
2819 5397 2950 5467 lapis
2980 5412 3086 5452 non
3130 5403 3230 5459 est,
3279 5402 3336 5448 ut
3382 5405 3510 5446 vero
3559 5396 3801 5457 utraeque
3846 5384 3899 5438 in

2324 5489 2719 5560 pronuntianda
2748 5489 2979 5545 falsitate
3008 5488 3372 5552 consentiant,
3398 5500 3502 5540 non
3546 5490 3721 5552 potest
3750 5480 3900 5535 inve-

2322 5585 2444 5639 niri.
2482 5583 2680 5640 Eadem
2702 5592 2880 5639 tamen
2910 5581 2979 5636 ab
3010 5568 3400 5637 universalibus
3441 5573 3781 5632 affirmativis
3821 5580 3901 5627 at-

2318 5701 2424 5755 que
2454 5684 2736 5757 negativis,
2779 5685 2850 5739 ita
2882 5683 3227 5750 dissentiunt,
3259 5691 3315 5737 ut
3345 5694 3559 5751 quoquo
3583 5670 3743 5737 modo
3772 5670 3899 5728 sub-

2315 5778 2455 5847 jecta
2484 5787 2775 5848 permutes,
2800 5792 2903 5832 una
2926 5791 3141 5848 semper
3167 5774 3431 5841 veritatis,
3464 5773 3629 5829 altera
3662 5771 3901 5826 sitsem—

2321 5884 2415 5936 per
2438 5869 2590 5936 plena
2624 5870 2901 5924 mendacii.
2935 5868 3248 5937 Exemplum
3273 5881 3402 5922 vero
3428 5861 3732 5935 lttijusmodi
3756 5873 3893 5932 prae.
