  <div class='ocr_page' id='page_1' title='image "/cluster/home/n/w/nwhite01/storage/ocr_20150623/64/hvd.32044073505265/394.png"; bbox 0 0 4296 6266; ppageno 0'>
   <div class='ocr_carea' id='block_1_1' title="bbox 306 369 407 429">
    <p class='ocr_par' dir='ltr' id='par_1_1' title="bbox 306 369 407 429">
     <span class='ocr_line' id='line_1_1' title="bbox 306 369 407 429; baseline -0.02 0"><span class='ocrx_word' id='word_1_1' title='bbox 306 369 407 429; x_wconf 80' lang='grc' dir='ltr'><strong>’ΠῚ</strong></span> 
     </span>
    </p>
   </div>
   <div class='ocr_carea' id='block_1_2' title="bbox 1127 362 2758 427">
    <p class='ocr_par' dir='ltr' id='par_1_2' title="bbox 1127 362 2758 427">
     <span class='ocr_line' id='line_1_2' title="bbox 1127 362 2758 427; baseline -0.003 0"><span class='ocrx_word' id='word_1_2' title='bbox 1127 365 1585 427; x_wconf 71' lang='lat' dir='ltr'><strong>INTRODUCTIO</strong></span> <span class='ocrx_word' id='word_1_3' title='bbox 1628 364 1717 421; x_wconf 78' lang='lat' dir='ltr'><strong>AI)</strong></span> <span class='ocrx_word' id='word_1_4' title='bbox 1756 365 2229 425; x_wconf 77' lang='lat' dir='ltr'><strong>SYLLOGISMOS</strong></span> <span class='ocrx_word' id='word_1_5' title='bbox 2264 362 2758 423; x_wconf 78' lang='lat' dir='ltr'><strong>CATEGORICOS.</strong></span> 
     </span>
    </p>
   </div>
   <div class='ocr_carea' id='block_1_3' title="bbox 3470 354 3574 407">
    <p class='ocr_par' dir='ltr' id='par_1_3' title="bbox 3470 354 3574 407">
     <span class='ocr_line' id='line_1_3' title="bbox 3470 354 3574 407; baseline 0 0"><span class='ocrx_word' id='word_1_6' title='bbox 3470 354 3574 407; x_wconf 83' lang='lat'><strong>778</strong></span> 
     </span>
    </p>
   </div>
   <div class='ocr_carea' id='block_1_4' title="bbox 320 455 3573 540">
    <p class='ocr_par' dir='ltr' id='par_1_4' title="bbox 320 455 3573 540">
     <span class='ocr_line' id='line_1_4' title="bbox 320 455 3573 540; baseline -0.005 -15"><span class='ocrx_word' id='word_1_7' title='bbox 320 469 503 535; x_wconf 83' lang='lat' dir='ltr'><strong>dicati,</strong></span> <span class='ocrx_word' id='word_1_8' title='bbox 547 468 692 540; x_wconf 90' lang='lat' dir='ltr'><strong>quod</strong></span> <span class='ocrx_word' id='word_1_9' title='bbox 746 467 987 538; x_wconf 87' lang='lat' dir='ltr'><strong>subjecto</strong></span> <span class='ocrx_word' id='word_1_10' title='bbox 1028 482 1242 538; x_wconf 85' lang='lat' dir='ltr'><strong>semper</strong></span> <span class='ocrx_word' id='word_1_11' title='bbox 1297 468 1578 535; x_wconf 74' lang='lat' dir='ltr'><strong>inhaereat,</strong></span> <span class='ocrx_word' id='word_1_12' title='bbox 1631 467 1733 523; x_wconf 89' lang='lat' dir='ltr'><strong>hoc</strong></span> <span class='ocrx_word' id='word_1_13' title='bbox 1786 476 1891 533; x_wconf 98' lang='grc' dir='ltr'><em>εει,</em></span> <span class='ocrx_word' id='word_1_14' title='bbox 1923 472 1975 528; x_wconf 78' lang='grc' dir='ltr'>Α</span> <span class='ocrx_word' id='word_1_15' title='bbox 2001 466 2167 537; x_wconf 81' lang='lat' dir='ltr'><strong>Hujus</strong></span> <span class='ocrx_word' id='word_1_16' title='bbox 2197 462 2511 520; x_wconf 80' lang='lat' dir='ltr'><strong>universalis</strong></span> <span class='ocrx_word' id='word_1_17' title='bbox 2541 462 2750 530; x_wconf 85' lang='lat' dir='ltr'><strong>negatio</strong></span> <span class='ocrx_word' id='word_1_18' title='bbox 2778 457 3087 514; x_wconf 73' lang='lat' dir='ltr'><strong>mentietur.</strong></span> <span class='ocrx_word' id='word_1_19' title='bbox 3121 470 3244 512; x_wconf 92' lang='lat' dir='ltr'><strong>cum</strong></span> <span class='ocrx_word' id='word_1_20' title='bbox 3269 455 3388 527; x_wconf 86' lang='lat' dir='ltr'><strong>quis</strong></span> <span class='ocrx_word' id='word_1_21' title='bbox 3417 455 3573 511; x_wconf 81' lang='lat' dir='ltr'><strong>dixe~</strong></span> 
     </span>
    </p>
   </div>
   <div class='ocr_carea' id='block_1_5' title="bbox 324 560 1898 627">
    <p class='ocr_par' dir='ltr' id='par_1_5' title="bbox 324 560 1898 627">
     <span class='ocr_line' id='line_1_5' title="bbox 324 560 1898 627; baseline 0 -12"><span class='ocrx_word' id='word_1_22' title='bbox 324 560 499 615; x_wconf 89' lang='lat' dir='ltr'><strong>omnis</strong></span> <span class='ocrx_word' id='word_1_23' title='bbox 529 560 689 615; x_wconf 92' lang='lat' dir='ltr'><strong>homo</strong></span> <span class='ocrx_word' id='word_1_24' title='bbox 715 560 911 615; x_wconf 82' lang='lat' dir='ltr'><strong>animal</strong></span> <span class='ocrx_word' id='word_1_25' title='bbox 942 570 1045 625; x_wconf 90' lang='lat' dir='ltr'><strong>est,</strong></span> <span class='ocrx_word' id='word_1_26' title='bbox 1078 561 1235 617; x_wconf 91' lang='lat' dir='ltr'><strong>homo</strong></span> <span class='ocrx_word' id='word_1_27' title='bbox 1266 561 1461 616; x_wconf 83' lang='lat' dir='ltr'><strong>animal</strong></span> <span class='ocrx_word' id='word_1_28' title='bbox 1508 576 1613 615; x_wconf 89' lang='lat' dir='ltr'><strong>non</strong></span> <span class='ocrx_word' id='word_1_29' title='bbox 1655 570 1758 627; x_wconf 90' lang='lat' dir='ltr'><strong>est,</strong></span> <span class='ocrx_word' id='word_1_30' title='bbox 1781 561 1898 615; x_wconf 87' lang='lat' dir='ltr'><strong>nul-</strong></span> 
     </span>
    </p>
   </div>
   <div class='ocr_carea' id='block_1_6' title="bbox 328 649 1901 726">
    <p class='ocr_par' dir='ltr' id='par_1_6' title="bbox 328 649 1901 726">
     <span class='ocr_line' id='line_1_6' title="bbox 328 649 1901 726; baseline 0.003 -22"><span class='ocrx_word' id='word_1_31' title='bbox 328 650 410 704; x_wconf 90' lang='lat' dir='ltr'><strong>lus</strong></span> <span class='ocrx_word' id='word_1_32' title='bbox 443 649 603 705; x_wconf 88' lang='lat' dir='ltr'><strong>homo</strong></span> <span class='ocrx_word' id='word_1_33' title='bbox 627 650 823 706; x_wconf 81' lang='lat' dir='ltr'><strong>animal</strong></span> <span class='ocrx_word' id='word_1_34' title='bbox 851 661 952 718; x_wconf 86' lang='grc' dir='ltr'><em>εει,</em></span> <span class='ocrx_word' id='word_1_35' title='bbox 973 651 1130 726; x_wconf 88' lang='lat' dir='ltr'><strong>homo</strong></span> <span class='ocrx_word' id='word_1_36' title='bbox 1156 652 1465 707; x_wconf 88' lang='lat' dir='ltr'><strong>animalest.</strong></span> <span class='ocrx_word' id='word_1_37' title='bbox 1490 652 1586 706; x_wconf 85' lang='lat' dir='ltr'><strong>Hic</strong></span> <span class='ocrx_word' id='word_1_38' title='bbox 1610 652 1901 709; x_wconf 65' lang='lat' dir='ltr'><strong>indeﬁnita</strong></span> 
     </span>
    </p>
   </div>
   <div class='ocr_carea' id='block_1_7' title="bbox 328 740 1901 812">
    <p class='ocr_par' dir='ltr' id='par_1_7' title="bbox 328 740 1901 812">
     <span class='ocr_line' id='line_1_7' title="bbox 328 740 1901 812; baseline 0.003 -17"><span class='ocrx_word' id='word_1_39' title='bbox 328 740 379 795; x_wconf 93' lang='lat' dir='ltr'><strong>vi</strong></span> <span class='ocrx_word' id='word_1_40' title='bbox 407 740 594 796; x_wconf 90' lang='lat' dir='ltr'><strong>eadem</strong></span> <span class='ocrx_word' id='word_1_41' title='bbox 629 741 920 812; x_wconf 86' lang='lat' dir='ltr'><strong>funguntur</strong></span> <span class='ocrx_word' id='word_1_42' title='bbox 956 758 1059 811; x_wconf 91' lang='lat' dir='ltr'><strong>qua</strong></span> <span class='ocrx_word' id='word_1_43' title='bbox 1102 752 1155 797; x_wconf 91' lang='lat' dir='ltr'><strong>et</strong></span> <span class='ocrx_word' id='word_1_44' title='bbox 1186 744 1545 812; x_wconf 82' lang='lat' dir='ltr'><strong>particularis,</strong></span> <span class='ocrx_word' id='word_1_45' title='bbox 1570 743 1728 812; x_wconf 83' lang='lat' dir='ltr'><strong>hujus</strong></span> <span class='ocrx_word' id='word_1_46' title='bbox 1770 758 1901 799; x_wconf 88' lang='lat' dir='ltr'><strong>vero</strong></span> 
     </span>
    </p>
   </div>
   <div class='ocr_carea' id='block_1_8' title="bbox 333 834 1903 905">
    <p class='ocr_par' dir='ltr' id='par_1_8' title="bbox 333 834 1903 905">
     <span class='ocr_line' id='line_1_8' title="bbox 333 834 1903 905; baseline 0.001 -17"><span class='ocrx_word' id='word_1_47' title='bbox 333 834 473 903; x_wconf 90' lang='lat' dir='ltr'><strong>quod</strong></span> <span class='ocrx_word' id='word_1_48' title='bbox 504 849 775 905; x_wconf 84' lang='lat' dir='ltr'><strong>nunquam</strong></span> <span class='ocrx_word' id='word_1_49' title='bbox 808 834 1056 901; x_wconf 68' lang='lat' dir='ltr'><strong>inhaeret,</strong></span> <span class='ocrx_word' id='word_1_50' title='bbox 1093 835 1191 889; x_wconf 92' lang='lat' dir='ltr'><strong>hoc</strong></span> <span class='ocrx_word' id='word_1_51' title='bbox 1219 844 1323 903; x_wconf 90' lang='lat' dir='ltr'><strong>est,</strong></span> <span class='ocrx_word' id='word_1_52' title='bbox 1357 839 1531 891; x_wconf 86' lang='lat' dir='ltr'><strong>omnis</strong></span> <span class='ocrx_word' id='word_1_53' title='bbox 1560 835 1723 890; x_wconf 91' lang='lat' dir='ltr'><strong>homo</strong></span> <span class='ocrx_word' id='word_1_54' title='bbox 1768 836 1903 905; x_wconf 84' lang='lat' dir='ltr'><strong>lapis</strong></span> 
     </span>
    </p>
   </div>
   <div class='ocr_carea' id='block_1_9' title="bbox 332 926 1903 998">
    <p class='ocr_par' dir='ltr' id='par_1_9' title="bbox 332 926 1903 998">
     <span class='ocr_line' id='line_1_9' title="bbox 332 926 1903 998; baseline 0.003 -17"><span class='ocrx_word' id='word_1_55' title='bbox 332 935 433 991; x_wconf 88' lang='lat' dir='ltr'><strong>est,</strong></span> <span class='ocrx_word' id='word_1_56' title='bbox 462 926 622 981; x_wconf 92' lang='lat' dir='ltr'><strong>homo</strong></span> <span class='ocrx_word' id='word_1_57' title='bbox 651 926 785 996; x_wconf 86' lang='lat' dir='ltr'><strong>lapis</strong></span> <span class='ocrx_word' id='word_1_58' title='bbox 816 942 921 981; x_wconf 89' lang='lat' dir='ltr'><strong>non</strong></span> <span class='ocrx_word' id='word_1_59' title='bbox 948 936 1048 981; x_wconf 81' lang='lat' dir='ltr'><strong>est.</strong></span> <span class='ocrx_word' id='word_1_60' title='bbox 1068 926 1251 982; x_wconf 85' lang='lat' dir='ltr'><strong>Nullus</strong></span> <span class='ocrx_word' id='word_1_61' title='bbox 1276 927 1436 982; x_wconf 92' lang='lat' dir='ltr'><strong>homo</strong></span> <span class='ocrx_word' id='word_1_62' title='bbox 1464 928 1599 998; x_wconf 83' lang='lat' dir='ltr'><strong>lapis</strong></span> <span class='ocrx_word' id='word_1_63' title='bbox 1619 938 1721 995; x_wconf 88' lang='lat' dir='ltr'><strong>est,</strong></span> <span class='ocrx_word' id='word_1_64' title='bbox 1740 928 1903 985; x_wconf 90' lang='lat' dir='ltr'><strong>homo</strong></span> 
     </span>
    </p>
   </div>
   <div class='ocr_carea' id='block_1_10' title="bbox 334 1012 1903 1085">
    <p class='ocr_par' dir='ltr' id='par_1_10' title="bbox 334 1012 1903 1085">
     <span class='ocr_line' id='line_1_10' title="bbox 334 1012 1903 1085; baseline 0.004 -18"><span class='ocrx_word' id='word_1_65' title='bbox 334 1012 470 1083; x_wconf 85' lang='lat' dir='ltr'><strong>lapis</strong></span> <span class='ocrx_word' id='word_1_66' title='bbox 514 1025 616 1081; x_wconf 92' lang='lat' dir='ltr'><strong>est,</strong></span> <span class='ocrx_word' id='word_1_67' title='bbox 669 1015 722 1068; x_wconf 89' lang='lat' dir='ltr'><strong>in</strong></span> <span class='ocrx_word' id='word_1_68' title='bbox 764 1014 847 1069; x_wconf 89' lang='lat' dir='ltr'><strong>his</strong></span> <span class='ocrx_word' id='word_1_69' title='bbox 897 1028 1108 1085; x_wconf 90' lang='lat' dir='ltr'><strong>quoque</strong></span> <span class='ocrx_word' id='word_1_70' title='bbox 1167 1016 1458 1071; x_wconf 85' lang='lat' dir='ltr'><strong>indeﬁnitae</strong></span> <span class='ocrx_word' id='word_1_71' title='bbox 1511 1018 1903 1074; x_wconf 88' lang='lat' dir='ltr'><strong>universalibus</strong></span> 
     </span>
    </p>
   </div>
   <div class='ocr_carea' id='block_1_11' title="bbox 335 1109 1902 1179">
    <p class='ocr_par' dir='ltr' id='par_1_11' title="bbox 335 1109 1902 1179">
     <span class='ocr_line' id='line_1_11' title="bbox 335 1109 1902 1179; baseline 0.001 -16"><span class='ocrx_word' id='word_1_72' title='bbox 335 1109 590 1177; x_wconf 76' lang='lat' dir='ltr'><strong>oppositas</strong></span> <span class='ocrx_word' id='word_1_73' title='bbox 613 1123 708 1178; x_wconf 92' lang='lat' dir='ltr'><strong>per</strong></span> <span class='ocrx_word' id='word_1_74' title='bbox 737 1124 1166 1179; x_wconf 84' lang='lat' dir='ltr'><strong>unamquamque</strong></span> <span class='ocrx_word' id='word_1_75' title='bbox 1194 1109 1585 1179; x_wconf 90' lang='lat' dir='ltr'><strong>oppositionem</strong></span> <span class='ocrx_word' id='word_1_76' title='bbox 1614 1124 1774 1164; x_wconf 91' lang='lat' dir='ltr'><strong>unam</strong></span> <span class='ocrx_word' id='word_1_77' title='bbox 1806 1125 1902 1165; x_wconf 82' lang='lat' dir='ltr'><strong>ve-</strong></span> 
     </span>
    </p>
   </div>
   <div class='ocr_carea' id='block_1_12' title="bbox 336 1200 1909 1275">
    <p class='ocr_par' dir='ltr' id='par_1_12' title="bbox 336 1200 1909 1275">
     <span class='ocr_line' id='line_1_12' title="bbox 336 1200 1909 1275; baseline 0.003 -21"><span class='ocrx_word' id='word_1_78' title='bbox 336 1214 470 1267; x_wconf 90' lang='lat' dir='ltr'><strong>ram,</strong></span> <span class='ocrx_word' id='word_1_79' title='bbox 521 1200 710 1256; x_wconf 84' lang='lat' dir='ltr'><strong>falsam</strong></span> <span class='ocrx_word' id='word_1_80' title='bbox 764 1201 985 1257; x_wconf 84' lang='lat' dir='ltr'><strong>alteram</strong></span> <span class='ocrx_word' id='word_1_81' title='bbox 1018 1203 1387 1269; x_wconf 88' lang='lat' dir='ltr'><strong>reddiderunt,</strong></span> <span class='ocrx_word' id='word_1_82' title='bbox 1418 1204 1545 1259; x_wconf 89' lang='lat' dir='ltr'><strong>item</strong></span> <span class='ocrx_word' id='word_1_83' title='bbox 1568 1204 1708 1275; x_wconf 90' lang='lat' dir='ltr'><strong>quod</strong></span> <span class='ocrx_word' id='word_1_84' title='bbox 1736 1205 1909 1261; x_wconf 85' lang='lat' dir='ltr'><strong>susci-</strong></span> 
     </span>
    </p>
   </div>
   <div class='ocr_carea' id='block_1_13' title="bbox 337 1292 1905 1362">
    <p class='ocr_par' dir='ltr' id='par_1_13' title="bbox 337 1292 1905 1362">
     <span class='ocr_line' id='line_1_13' title="bbox 337 1292 1905 1362; baseline 0.002 -16"><span class='ocrx_word' id='word_1_85' title='bbox 337 1305 463 1362; x_wconf 85' lang='lat' dir='ltr'><strong>pere</strong></span> <span class='ocrx_word' id='word_1_86' title='bbox 509 1292 738 1362; x_wconf 82' lang='lat' dir='ltr'><strong>subjecti</strong></span> <span class='ocrx_word' id='word_1_87' title='bbox 795 1301 1038 1347; x_wconf 87' lang='lat' dir='ltr'><strong>naturam</strong></span> <span class='ocrx_word' id='word_1_88' title='bbox 1088 1293 1261 1347; x_wconf 82' lang='lat' dir='ltr'><strong>valeat</strong></span> <span class='ocrx_word' id='word_1_89' title='bbox 1314 1302 1368 1347; x_wconf 92' lang='lat' dir='ltr'><strong>et</strong></span> <span class='ocrx_word' id='word_1_90' title='bbox 1428 1294 1593 1362; x_wconf 88' lang='lat' dir='ltr'><strong>possit</strong></span> <span class='ocrx_word' id='word_1_91' title='bbox 1636 1296 1905 1349; x_wconf 90' lang='lat' dir='ltr'><strong>amittere.</strong></span> 
     </span>
    </p>
   </div>
   <div class='ocr_carea' id='block_1_14' title="bbox 339 1380 1910 1451">
    <p class='ocr_par' dir='ltr' id='par_1_14' title="bbox 339 1380 1910 1451">
     <span class='ocr_line' id='line_1_14' title="bbox 339 1380 1910 1451; baseline 0.001 -15"><span class='ocrx_word' id='word_1_92' title='bbox 339 1380 523 1437; x_wconf 83' lang='lat' dir='ltr'><strong>Omnis</strong></span> <span class='ocrx_word' id='word_1_93' title='bbox 553 1382 714 1437; x_wconf 75' lang='lat' dir='ltr'><strong>homo</strong></span> <span class='ocrx_word' id='word_1_94' title='bbox 738 1381 918 1451; x_wconf 87' lang='lat' dir='ltr'><strong>justus</strong></span> <span class='ocrx_word' id='word_1_95' title='bbox 947 1390 1049 1445; x_wconf 89' lang='lat' dir='ltr'><strong>est,</strong></span> <span class='ocrx_word' id='word_1_96' title='bbox 1079 1383 1238 1437; x_wconf 92' lang='lat' dir='ltr'><strong>homo</strong></span> <span class='ocrx_word' id='word_1_97' title='bbox 1262 1381 1439 1451; x_wconf 90' lang='lat' dir='ltr'><strong>justus</strong></span> <span class='ocrx_word' id='word_1_98' title='bbox 1467 1399 1573 1437; x_wconf 91' lang='lat' dir='ltr'><strong>non</strong></span> <span class='ocrx_word' id='word_1_99' title='bbox 1595 1392 1696 1438; x_wconf 89' lang='lat' dir='ltr'><strong>est.</strong></span> <span class='ocrx_word' id='word_1_100' title='bbox 1723 1384 1910 1439; x_wconf 88' lang='lat' dir='ltr'><strong>Nullus</strong></span> 
     </span>
    </p>
   </div>
   <div class='ocr_carea' id='block_1_15' title="bbox 342 1461 1910 1541">
    <p class='ocr_par' dir='ltr' id='par_1_15' title="bbox 342 1461 1910 1541">
     <span class='ocr_line' id='line_1_15' title="bbox 342 1461 1910 1541; baseline 0.003 -15"><span class='ocrx_word' id='word_1_101' title='bbox 342 1472 501 1527; x_wconf 90' lang='lat' dir='ltr'><strong>homo</strong></span> <span class='ocrx_word' id='word_1_102' title='bbox 518 1472 695 1541; x_wconf 87' lang='lat' dir='ltr'><strong>justus</strong></span> <span class='ocrx_word' id='word_1_103' title='bbox 722 1479 827 1537; x_wconf 89' lang='lat' dir='ltr'><strong>est,</strong></span> <span class='ocrx_word' id='word_1_104' title='bbox 856 1472 1207 1541; x_wconf 87' lang='lat' dir='ltr'><strong>homojustus</strong></span> <span class='ocrx_word' id='word_1_105' title='bbox 1233 1482 1335 1538; x_wconf 87' lang='lat' dir='ltr'><strong>est,</strong></span> <span class='ocrx_word' id='word_1_106' title='bbox 1359 1473 1411 1527; x_wconf 91' lang='lat' dir='ltr'><strong>in</strong></span> <span class='ocrx_word' id='word_1_107' title='bbox 1442 1461 1525 1529; x_wconf 73' lang='lat' dir='ltr'><strong>his</strong></span> <span class='ocrx_word' id='word_1_108' title='bbox 1562 1476 1720 1528; x_wconf 91' lang='lat' dir='ltr'><strong>etiam</strong></span> <span class='ocrx_word' id='word_1_109' title='bbox 1756 1473 1910 1530; x_wconf 87' lang='lat' dir='ltr'><strong>inde-</strong></span> 
     </span>
    </p>
   </div>
   <div class='ocr_carea' id='block_1_16' title="bbox 346 1563 1912 1633">
    <p class='ocr_par' dir='ltr' id='par_1_16' title="bbox 346 1563 1912 1633">
     <span class='ocr_line' id='line_1_16' title="bbox 346 1563 1912 1633; baseline 0.001 -15"><span class='ocrx_word' id='word_1_110' title='bbox 346 1564 508 1618; x_wconf 85' lang='lat' dir='ltr'><strong>linitae</strong></span> <span class='ocrx_word' id='word_1_111' title='bbox 538 1563 944 1633; x_wconf 87' lang='lat' dir='ltr'><strong>particularibus</strong></span> <span class='ocrx_word' id='word_1_112' title='bbox 974 1565 1266 1618; x_wconf 82' lang='lat' dir='ltr'><strong>immutatae</strong></span> <span class='ocrx_word' id='word_1_113' title='bbox 1301 1570 1446 1630; x_wconf 89' lang='lat' dir='ltr'><strong>sunt,</strong></span> <span class='ocrx_word' id='word_1_114' title='bbox 1472 1578 1591 1632; x_wconf 71' lang='lat' dir='ltr'><strong>qua:</strong></span> <span class='ocrx_word' id='word_1_115' title='bbox 1634 1566 1912 1619; x_wconf 84' lang='lat' dir='ltr'><strong>universa-</strong></span> 
     </span>
    </p>
   </div>
   <div class='ocr_carea' id='block_1_17' title="bbox 345 1653 1913 1725">
    <p class='ocr_par' dir='ltr' id='par_1_17' title="bbox 345 1653 1913 1725">
     <span class='ocr_line' id='line_1_17' title="bbox 345 1653 1913 1725; baseline 0.003 -18"><span class='ocrx_word' id='word_1_116' title='bbox 345 1653 485 1708; x_wconf 90' lang='lat' dir='ltr'><strong>libus</strong></span> <span class='ocrx_word' id='word_1_117' title='bbox 515 1653 724 1722; x_wconf 77' lang='lat' dir='ltr'><strong>objecta</strong></span> <span class='ocrx_word' id='word_1_118' title='bbox 766 1668 861 1722; x_wconf 86' lang='lat' dir='ltr'><strong>per</strong></span> <span class='ocrx_word' id='word_1_119' title='bbox 890 1669 1316 1725; x_wconf 85' lang='lat' dir='ltr'><strong>unamquamque</strong></span> <span class='ocrx_word' id='word_1_120' title='bbox 1346 1656 1767 1725; x_wconf 87' lang='lat' dir='ltr'><strong>propositionum</strong></span> <span class='ocrx_word' id='word_1_121' title='bbox 1818 1658 1913 1713; x_wconf 86' lang='lat' dir='ltr'><strong>ad-</strong></span> 
     </span>
    </p>
   </div>
   <div class='ocr_carea' id='block_1_18' title="bbox 351 1748 1915 1818">
    <p class='ocr_par' dir='ltr' id='par_1_18' title="bbox 351 1748 1915 1818">
     <span class='ocr_line' id='line_1_18' title="bbox 351 1748 1915 1818; baseline 0.006 -17"><span class='ocrx_word' id='word_1_122' title='bbox 351 1748 681 1811; x_wconf 84' lang='lat' dir='ltr'><strong>versitatem,</strong></span> <span class='ocrx_word' id='word_1_123' title='bbox 705 1748 794 1802; x_wconf 94' lang='lat' dir='ltr'><strong>uni</strong></span> <span class='ocrx_word' id='word_1_124' title='bbox 836 1762 1051 1818; x_wconf 84' lang='lat' dir='ltr'><strong>semper</strong></span> <span class='ocrx_word' id='word_1_125' title='bbox 1076 1765 1282 1816; x_wconf 87' lang='lat' dir='ltr'><strong>verum,</strong></span> <span class='ocrx_word' id='word_1_126' title='bbox 1308 1751 1457 1805; x_wconf 86' lang='lat' dir='ltr'><strong>alteri</strong></span> <span class='ocrx_word' id='word_1_127' title='bbox 1503 1753 1730 1808; x_wconf 85' lang='lat' dir='ltr'><strong>divisere</strong></span> <span class='ocrx_word' id='word_1_128' title='bbox 1765 1770 1915 1810; x_wconf 88' lang='lat' dir='ltr'><strong>men-</strong></span> 
     </span>
    </p>
   </div>
   <div class='ocr_carea' id='block_1_19' title="bbox 2001 547 3572 629">
    <p class='ocr_par' dir='ltr' id='par_1_19' title="bbox 2001 547 3572 629">
     <span class='ocr_line' id='line_1_19' title="bbox 2001 547 3572 629; baseline -0.007 -15"><span class='ocrx_word' id='word_1_129' title='bbox 2001 560 2073 614; x_wconf 80' lang='lat' dir='ltr'><strong>rit</strong></span> <span class='ocrx_word' id='word_1_130' title='bbox 2112 558 2312 613; x_wconf 90' lang='lat' dir='ltr'><strong>nullum</strong></span> <span class='ocrx_word' id='word_1_131' title='bbox 2354 555 2624 629; x_wconf 87' lang='lat' dir='ltr'><strong>hominem</strong></span> <span class='ocrx_word' id='word_1_132' title='bbox 2657 568 2777 607; x_wconf 89' lang='lat' dir='ltr'><strong>esse</strong></span> <span class='ocrx_word' id='word_1_133' title='bbox 2808 552 3031 620; x_wconf 84' lang='lat' dir='ltr'><strong>justum.</strong></span> <span class='ocrx_word' id='word_1_134' title='bbox 3067 550 3137 604; x_wconf 84' lang='lat' dir='ltr'><strong>At</strong></span> <span class='ocrx_word' id='word_1_135' title='bbox 3163 551 3207 604; x_wconf 90' lang='lat' dir='ltr'><strong>si</strong></span> <span class='ocrx_word' id='word_1_136' title='bbox 3248 549 3299 603; x_wconf 89' lang='lat' dir='ltr'><strong>id</strong></span> <span class='ocrx_word' id='word_1_137' title='bbox 3336 547 3572 603; x_wconf 84' lang='lat' dir='ltr'><strong>afﬁrma-</strong></span> 
     </span>
    </p>
   </div>
   <div class='ocr_carea' id='block_1_20' title="bbox 2001 640 3574 715">
    <p class='ocr_par' dir='ltr' id='par_1_20' title="bbox 2001 640 3574 715">
     <span class='ocr_line' id='line_1_20' title="bbox 2001 640 3574 715; baseline -0.006 -10"><span class='ocrx_word' id='word_1_138' title='bbox 2001 649 2144 705; x_wconf 88' lang='lat' dir='ltr'><strong>bitur</strong></span> <span class='ocrx_word' id='word_1_139' title='bbox 2168 648 2441 703; x_wconf 89' lang='lat' dir='ltr'><strong>indeﬁnite</strong></span> <span class='ocrx_word' id='word_1_140' title='bbox 2485 644 2625 715; x_wconf 91' lang='lat' dir='ltr'><strong>quod</strong></span> <span class='ocrx_word' id='word_1_141' title='bbox 2671 658 2701 695; x_wconf 94' lang='lat' dir='ltr'><strong>a</strong></span> <span class='ocrx_word' id='word_1_142' title='bbox 2750 641 2989 711; x_wconf 80' lang='lat' dir='ltr'><strong>subjecto</strong></span> <span class='ocrx_word' id='word_1_143' title='bbox 3025 640 3203 696; x_wconf 90' lang='lat' dir='ltr'><strong>divelli</strong></span> <span class='ocrx_word' id='word_1_144' title='bbox 3254 640 3574 709; x_wconf 79' lang='lat' dir='ltr'><strong>secernique</strong></span> 
     </span>
    </p>
   </div>
   <div class='ocr_carea' id='block_1_21' title="bbox 2004 733 3576 811">
    <p class='ocr_par' dir='ltr' id='par_1_21' title="bbox 2004 733 3576 811">
     <span class='ocr_line' id='line_1_21' title="bbox 2004 733 3576 811; baseline -0.007 -14"><span class='ocrx_word' id='word_1_145' title='bbox 2004 758 2106 796; x_wconf 91' lang='lat' dir='ltr'><strong>non</strong></span> <span class='ocrx_word' id='word_1_146' title='bbox 2140 741 2328 811; x_wconf 88' lang='lat' dir='ltr'><strong>possit,</strong></span> <span class='ocrx_word' id='word_1_147' title='bbox 2372 754 2498 793; x_wconf 89' lang='lat' dir='ltr'><strong>vera</strong></span> <span class='ocrx_word' id='word_1_148' title='bbox 2533 733 2882 791; x_wconf 88' lang='lat' dir='ltr'><strong>nihilominus</strong></span> <span class='ocrx_word' id='word_1_149' title='bbox 2929 734 3032 788; x_wconf 87' lang='lat' dir='ltr'><strong>erit</strong></span> <span class='ocrx_word' id='word_1_150' title='bbox 3082 733 3396 789; x_wconf 86' lang='lat' dir='ltr'><strong>afﬁrmativa</strong></span> <span class='ocrx_word' id='word_1_151' title='bbox 3455 749 3576 802; x_wconf 77' lang='lat' dir='ltr'><strong>quae</strong></span> 
     </span>
    </p>
   </div>
   <div class='ocr_carea' id='block_1_22' title="bbox 1978 824 3576 901">
    <p class='ocr_par' dir='ltr' id='par_1_22' title="bbox 1978 824 3576 901">
     <span class='ocr_line' id='line_1_22' title="bbox 1978 824 3576 901; baseline -0.003 -16"><span class='ocrx_word' id='word_1_152' title='bbox 1978 830 2257 901; x_wconf 46' lang='lat' dir='ltr'><strong>&#39;proponit</strong></span> <span class='ocrx_word' id='word_1_153' title='bbox 2304 843 2517 884; x_wconf 91' lang='lat' dir='ltr'><strong>omnem</strong></span> <span class='ocrx_word' id='word_1_154' title='bbox 2566 825 2837 880; x_wconf 85' lang='lat' dir='ltr'><strong>hominem</strong></span> <span class='ocrx_word' id='word_1_155' title='bbox 2886 839 3007 880; x_wconf 90' lang='lat' dir='ltr'><strong>esse</strong></span> <span class='ocrx_word' id='word_1_156' title='bbox 3058 824 3274 879; x_wconf 87' lang='lat' dir='ltr'><strong>animal.</strong></span> <span class='ocrx_word' id='word_1_157' title='bbox 3331 828 3401 878; x_wconf 81' lang='lat' dir='ltr'><strong>At</strong></span> <span class='ocrx_word' id='word_1_158' title='bbox 3446 826 3489 878; x_wconf 88' lang='lat' dir='ltr'><strong>si</strong></span> <span class='ocrx_word' id='word_1_159' title='bbox 3521 824 3576 880; x_wconf 95' lang='lat' dir='ltr'><strong>id</strong></span> 
     </span>
    </p>
   </div>
   <div class='ocr_carea' id='block_1_23' title="bbox 2004 916 3577 992">
    <p class='ocr_par' dir='ltr' id='par_1_23' title="bbox 2004 916 3577 992">
     <span class='ocr_line' id='line_1_23' title="bbox 2004 916 3577 992; baseline -0.002 -16"><span class='ocrx_word' id='word_1_160' title='bbox 2004 922 2142 992; x_wconf 92' lang='lat' dir='ltr'><strong>quod</strong></span> <span class='ocrx_word' id='word_1_161' title='bbox 2164 921 2389 990; x_wconf 87' lang='lat' dir='ltr'><strong>subjecti</strong></span> <span class='ocrx_word' id='word_1_162' title='bbox 2415 928 2660 974; x_wconf 89' lang='lat' dir='ltr'><strong>naturam</strong></span> <span class='ocrx_word' id='word_1_163' title='bbox 2683 932 2790 973; x_wconf 90' lang='lat' dir='ltr'><strong>non</strong></span> <span class='ocrx_word' id='word_1_164' title='bbox 2813 917 3000 985; x_wconf 88' lang='lat' dir='ltr'><strong>recipit</strong></span> <span class='ocrx_word' id='word_1_165' title='bbox 3029 918 3276 985; x_wconf 90' lang='lat' dir='ltr'><strong>proponit</strong></span> <span class='ocrx_word' id='word_1_166' title='bbox 3302 916 3577 973; x_wconf 88' lang='lat' dir='ltr'><strong>indeﬁnita</strong></span> 
     </span>
    </p>
   </div>
   <div class='ocr_carea' id='block_1_24' title="bbox 2008 1009 3579 1084">
    <p class='ocr_par' dir='ltr' id='par_1_24' title="bbox 2008 1009 3579 1084">
     <span class='ocr_line' id='line_1_24' title="bbox 2008 1009 3579 1084; baseline -0.002 -16"><span class='ocrx_word' id='word_1_167' title='bbox 2008 1014 2238 1084; x_wconf 86' lang='lat' dir='ltr'><strong>negatio,</strong></span> <span class='ocrx_word' id='word_1_168' title='bbox 2269 1013 2434 1068; x_wconf 87' lang='lat' dir='ltr'><strong>veluti</strong></span> <span class='ocrx_word' id='word_1_169' title='bbox 2465 1012 2511 1066; x_wconf 91' lang='lat' dir='ltr'><strong>si</strong></span> <span class='ocrx_word' id='word_1_170' title='bbox 2542 1011 2686 1066; x_wconf 85' lang='lat' dir='ltr'><strong>dicat</strong></span> <span class='ocrx_word' id='word_1_171' title='bbox 2715 1010 2986 1065; x_wconf 90' lang='lat' dir='ltr'><strong>hominem</strong></span> <span class='ocrx_word' id='word_1_172' title='bbox 3041 1009 3267 1078; x_wconf 87' lang='lat' dir='ltr'><strong>lapidem</strong></span> <span class='ocrx_word' id='word_1_173' title='bbox 3301 1023 3403 1063; x_wconf 90' lang='lat' dir='ltr'><strong>non</strong></span> <span class='ocrx_word' id='word_1_174' title='bbox 3434 1026 3579 1075; x_wconf 88' lang='lat' dir='ltr'><strong>esse,</strong></span> 
     </span>
    </p>
   </div>
   <div class='ocr_carea' id='block_1_25' title="bbox 2008 1100 3577 1174">
    <p class='ocr_par' dir='ltr' id='par_1_25' title="bbox 2008 1100 3577 1174">
     <span class='ocr_line' id='line_1_25' title="bbox 2008 1100 3577 1174; baseline -0.004 -14"><span class='ocrx_word' id='word_1_175' title='bbox 2008 1105 2139 1160; x_wconf 87' lang='lat' dir='ltr'><strong>nihil</strong></span> <span class='ocrx_word' id='word_1_176' title='bbox 2167 1106 2235 1159; x_wconf 88' lang='lat' dir='ltr'><strong>ab</strong></span> <span class='ocrx_word' id='word_1_177' title='bbox 2262 1106 2380 1174; x_wconf 86' lang='lat' dir='ltr'><strong>ejus</strong></span> <span class='ocrx_word' id='word_1_178' title='bbox 2411 1104 2639 1160; x_wconf 87' lang='lat' dir='ltr'><strong>veritate</strong></span> <span class='ocrx_word' id='word_1_179' title='bbox 2664 1102 2979 1159; x_wconf 88' lang='lat' dir='ltr'><strong>universalis</strong></span> <span class='ocrx_word' id='word_1_180' title='bbox 3006 1101 3245 1169; x_wconf 82' lang='lat' dir='ltr'><strong>negativa</strong></span> <span class='ocrx_word' id='word_1_181' title='bbox 3276 1100 3577 1168; x_wconf 86' lang='lat' dir='ltr'><strong>dissentiet,</strong></span> 
     </span>
    </p>
   </div>
   <div class='ocr_carea' id='block_1_26' title="bbox 2010 1191 3585 1263">
    <p class='ocr_par' dir='ltr' id='par_1_26' title="bbox 2010 1191 3585 1263">
     <span class='ocr_line' id='line_1_26' title="bbox 2010 1191 3585 1263; baseline -0.003 -12"><span class='ocrx_word' id='word_1_182' title='bbox 2010 1206 2068 1251; x_wconf 88' lang='lat' dir='ltr'><strong>ut</strong></span> <span class='ocrx_word' id='word_1_183' title='bbox 2097 1209 2162 1250; x_wconf 86' lang='lat' dir='ltr'><strong>ea</strong></span> <span class='ocrx_word' id='word_1_184' title='bbox 2191 1211 2309 1263; x_wconf 68' lang='lat' dir='ltr'><strong>quae</strong></span> <span class='ocrx_word' id='word_1_185' title='bbox 2332 1196 2533 1250; x_wconf 91' lang='lat' dir='ltr'><strong>nullum</strong></span> <span class='ocrx_word' id='word_1_186' title='bbox 2566 1196 2761 1250; x_wconf 88' lang='lat' dir='ltr'><strong>animal</strong></span> <span class='ocrx_word' id='word_1_187' title='bbox 2790 1210 2910 1249; x_wconf 90' lang='lat' dir='ltr'><strong>esse</strong></span> <span class='ocrx_word' id='word_1_188' title='bbox 2930 1195 3200 1263; x_wconf 88' lang='lat' dir='ltr'><strong>proponit.</strong></span> <span class='ocrx_word' id='word_1_189' title='bbox 3252 1191 3395 1247; x_wconf 82' lang='lat' dir='ltr'><strong>Nihil</strong></span> <span class='ocrx_word' id='word_1_190' title='bbox 3427 1192 3585 1261; x_wconf 71' lang='lat' dir='ltr'><strong>igitur</strong></span> 
     </span>
    </p>
   </div>
   <div class='ocr_carea' id='block_1_27' title="bbox 2012 1284 3584 1356">
    <p class='ocr_par' dir='ltr' id='par_1_27' title="bbox 2012 1284 3584 1356">
     <span class='ocr_line' id='line_1_27' title="bbox 2012 1284 3584 1356; baseline -0.003 -14"><span class='ocrx_word' id='word_1_191' title='bbox 2012 1287 2230 1342; x_wconf 88' lang='lat' dir='ltr'><strong>dubium</strong></span> <span class='ocrx_word' id='word_1_192' title='bbox 2248 1296 2328 1342; x_wconf 90' lang='lat' dir='ltr'><strong>est</strong></span> <span class='ocrx_word' id='word_1_193' title='bbox 2355 1286 2663 1342; x_wconf 89' lang='lat' dir='ltr'><strong>indeﬁnitas</strong></span> <span class='ocrx_word' id='word_1_194' title='bbox 2678 1286 3082 1356; x_wconf 82' lang='lat' dir='ltr'><strong>particularibus</strong></span> <span class='ocrx_word' id='word_1_195' title='bbox 3108 1300 3225 1340; x_wconf 82' lang='lat' dir='ltr'><strong>esse</strong></span> <span class='ocrx_word' id='word_1_196' title='bbox 3251 1284 3584 1353; x_wconf 88' lang='lat' dir='ltr'><strong>consimiles,</strong></span> 
     </span>
    </p>
   </div>
   <div class='ocr_carea' id='block_1_28' title="bbox 2014 1376 3589 1448">
    <p class='ocr_par' dir='ltr' id='par_1_28' title="bbox 2014 1376 3589 1448">
     <span class='ocr_line' id='line_1_28' title="bbox 2014 1376 3589 1448; baseline -0.002 -15"><span class='ocrx_word' id='word_1_197' title='bbox 2014 1379 2363 1448; x_wconf 86' lang='lat' dir='ltr'><strong>eamdemque</strong></span> <span class='ocrx_word' id='word_1_198' title='bbox 2405 1380 2511 1433; x_wconf 89' lang='lat' dir='ltr'><strong>vim</strong></span> <span class='ocrx_word' id='word_1_199' title='bbox 2536 1379 2777 1434; x_wconf 90' lang='lat' dir='ltr'><strong>veritatis</strong></span> <span class='ocrx_word' id='word_1_200' title='bbox 2798 1392 2860 1432; x_wconf 89' lang='lat' dir='ltr'><strong>ac</strong></span> <span class='ocrx_word' id='word_1_201' title='bbox 2904 1376 3151 1431; x_wconf 76' lang='lat' dir='ltr'><strong>falsitatis</strong></span> <span class='ocrx_word' id='word_1_202' title='bbox 3177 1376 3589 1447; x_wconf 85' lang='lat' dir='ltr'><strong>signiﬁcationi-</strong></span> 
     </span>
    </p>
   </div>
   <div class='ocr_carea' id='block_1_29' title="bbox 2013 1469 3587 1542">
    <p class='ocr_par' dir='ltr' id='par_1_29' title="bbox 2013 1469 3587 1542">
     <span class='ocr_line' id='line_1_29' title="bbox 2013 1469 3587 1542; baseline -0.002 -15"><span class='ocrx_word' id='word_1_203' title='bbox 2013 1472 2112 1527; x_wconf 88' lang='lat' dir='ltr'><strong>bus</strong></span> <span class='ocrx_word' id='word_1_204' title='bbox 2128 1472 2399 1527; x_wconf 91' lang='lat' dir='ltr'><strong>obtinere:</strong></span> <span class='ocrx_word' id='word_1_205' title='bbox 2424 1473 2491 1527; x_wconf 90' lang='lat' dir='ltr'><strong>de</strong></span> <span class='ocrx_word' id='word_1_206' title='bbox 2516 1472 2705 1542; x_wconf 89' lang='lat' dir='ltr'><strong>quibus</strong></span> <span class='ocrx_word' id='word_1_207' title='bbox 2721 1470 3052 1525; x_wconf 88' lang='lat' dir='ltr'><strong>sufﬁcienter</strong></span> <span class='ocrx_word' id='word_1_208' title='bbox 3076 1471 3277 1525; x_wconf 91' lang='lat' dir='ltr'><strong>dictum</strong></span> <span class='ocrx_word' id='word_1_209' title='bbox 3308 1480 3408 1524; x_wconf 91' lang='lat' dir='ltr'><strong>est.</strong></span> <span class='ocrx_word' id='word_1_210' title='bbox 3436 1469 3587 1524; x_wconf 90' lang='lat' dir='ltr'><strong>Nunc</strong></span> 
     </span>
    </p>
   </div>
   <div class='ocr_carea' id='block_1_30' title="bbox 2014 1562 3587 1634">
    <p class='ocr_par' dir='ltr' id='par_1_30' title="bbox 2014 1562 3587 1634">
     <span class='ocr_line' id='line_1_30' title="bbox 2014 1562 3587 1634; baseline 0.002 -18"><span class='ocrx_word' id='word_1_211' title='bbox 2014 1562 2083 1618; x_wconf 91' lang='lat' dir='ltr'><strong>de</strong></span> <span class='ocrx_word' id='word_1_212' title='bbox 2112 1563 2476 1634; x_wconf 80' lang='lat' dir='ltr'><strong>singularibus</strong></span> <span class='ocrx_word' id='word_1_213' title='bbox 2505 1563 2856 1632; x_wconf 81' lang='lat' dir='ltr'><strong>explicemus,</strong></span> <span class='ocrx_word' id='word_1_214' title='bbox 2884 1578 3002 1631; x_wconf 66' lang='lat' dir='ltr'><strong>quae</strong></span> <span class='ocrx_word' id='word_1_215' title='bbox 3036 1563 3168 1616; x_wconf 87' lang='lat' dir='ltr'><strong>nihil</strong></span> <span class='ocrx_word' id='word_1_216' title='bbox 3217 1564 3587 1632; x_wconf 85' lang='lat' dir='ltr'><strong>superioribus</strong></span> 
     </span>
    </p>
   </div>
   <div class='ocr_carea' id='block_1_31' title="bbox 2016 1651 3594 1721">
    <p class='ocr_par' dir='ltr' id='par_1_31' title="bbox 2016 1651 3594 1721">
     <span class='ocr_line' id='line_1_31' title="bbox 2016 1651 3594 1721; baseline 0.003 -15"><span class='ocrx_word' id='word_1_217' title='bbox 2016 1652 2219 1707; x_wconf 87' lang='lat' dir='ltr'><strong>similes</strong></span> <span class='ocrx_word' id='word_1_218' title='bbox 2249 1661 2482 1707; x_wconf 78' lang='lat' dir='ltr'><strong>exstant.</strong></span> <span class='ocrx_word' id='word_1_219' title='bbox 2505 1651 2612 1707; x_wconf 60' lang='lat' dir='ltr'><strong>Illas</strong></span> <span class='ocrx_word' id='word_1_220' title='bbox 2652 1666 2881 1721; x_wconf 88' lang='lat' dir='ltr'><strong>namque</strong></span> <span class='ocrx_word' id='word_1_221' title='bbox 2906 1652 3155 1721; x_wconf 89' lang='lat' dir='ltr'><strong>quoniam</strong></span> <span class='ocrx_word' id='word_1_222' title='bbox 3195 1655 3594 1710; x_wconf 86' lang='lat' dir='ltr'><strong>constituebant</strong></span> 
     </span>
    </p>
   </div>
   <div class='ocr_carea' id='block_1_32' title="bbox 2018 1743 3591 1811">
    <p class='ocr_par' dir='ltr' id='par_1_32' title="bbox 2018 1743 3591 1811">
     <span class='ocr_line' id='line_1_32' title="bbox 2018 1743 3591 1811; baseline 0.002 -14"><span class='ocrx_word' id='word_1_223' title='bbox 2018 1743 2323 1799; x_wconf 88' lang='lat' dir='ltr'><strong>universale</strong></span> <span class='ocrx_word' id='word_1_224' title='bbox 2351 1743 2675 1811; x_wconf 88' lang='lat' dir='ltr'><strong>subjectum,</strong></span> <span class='ocrx_word' id='word_1_225' title='bbox 2718 1743 2783 1796; x_wconf 89' lang='lat' dir='ltr'><strong>de</strong></span> <span class='ocrx_word' id='word_1_226' title='bbox 2810 1756 2915 1811; x_wconf 90' lang='lat' dir='ltr'><strong>quo</strong></span> <span class='ocrx_word' id='word_1_227' title='bbox 2936 1743 3280 1811; x_wconf 71' lang='lat' dir='ltr'><strong>prmdicatum</strong></span> <span class='ocrx_word' id='word_1_228' title='bbox 3306 1746 3591 1800; x_wconf 91' lang='lat' dir='ltr'><strong>terminum</strong></span> 
     </span>
    </p>
   </div>
   <div class='ocr_carea' id='block_1_33' title="bbox 345 1832 3595 1916">
    <p class='ocr_par' dir='ltr' id='par_1_33' title="bbox 345 1832 3595 1916">
     <span class='ocr_line' id='line_1_33' title="bbox 345 1832 3595 1916; baseline -0 -24"><span class='ocrx_word' id='word_1_229' title='bbox 345 1838 577 1892; x_wconf 87' lang='lat' dir='ltr'><strong>dacium.</strong></span> <span class='ocrx_word' id='word_1_230' title='bbox 610 1838 874 1894; x_wconf 65' lang='lat' dir='ltr'><strong>Praeterea</strong></span> <span class='ocrx_word' id='word_1_231' title='bbox 900 1854 1114 1909; x_wconf 89' lang='lat' dir='ltr'><strong>quoquo</strong></span> <span class='ocrx_word' id='word_1_232' title='bbox 1130 1841 1287 1895; x_wconf 88' lang='lat' dir='ltr'><strong>modo</strong></span> <span class='ocrx_word' id='word_1_233' title='bbox 1305 1843 1648 1897; x_wconf 88' lang='lat' dir='ltr'><strong>terminorum</strong></span> <span class='ocrx_word' id='word_1_234' title='bbox 1670 1846 1916 1916; x_wconf 76' lang='lat' dir='ltr'><strong>exempla</strong></span> <span class='ocrx_word' id='word_1_235' title='bbox 1946 1847 1995 1909; x_wconf 80' lang='grc' dir='ltr'><strong><em>Β</em></strong></span> <span class='ocrx_word' id='word_1_236' title='bbox 2020 1836 2284 1899; x_wconf 86' lang='lat' dir='ltr'><strong>dicerent,</strong></span> <span class='ocrx_word' id='word_1_237' title='bbox 2347 1834 2546 1888; x_wconf 91' lang='lat' dir='ltr'><strong>idcirco</strong></span> <span class='ocrx_word' id='word_1_238' title='bbox 2613 1833 2975 1901; x_wconf 79' lang='lat' dir='ltr'><strong>suscipiebant</strong></span> <span class='ocrx_word' id='word_1_239' title='bbox 3055 1834 3213 1888; x_wconf 88' lang='lat' dir='ltr'><strong>etiam</strong></span> <span class='ocrx_word' id='word_1_240' title='bbox 3266 1832 3595 1891; x_wconf 87' lang='lat' dir='ltr'><strong>diﬁ&#39;erentias</strong></span> 
     </span>
    </p>
   </div>
   <div class='ocr_carea' id='block_1_34' title="bbox 347 1929 1919 2003">
    <p class='ocr_par' dir='ltr' id='par_1_34' title="bbox 347 1929 1919 2003">
     <span class='ocr_line' id='line_1_34' title="bbox 347 1929 1919 2003; baseline 0.004 -19"><span class='ocrx_word' id='word_1_241' title='bbox 347 1940 631 1999; x_wconf 90' lang='lat' dir='ltr'><strong>ponantur,</strong></span> <span class='ocrx_word' id='word_1_242' title='bbox 683 1929 729 1984; x_wconf 88' lang='lat' dir='ltr'><strong>si</strong></span> <span class='ocrx_word' id='word_1_243' title='bbox 767 1930 1175 1998; x_wconf 82' lang='lat' dir='ltr'><strong>afﬁrmatioues,</strong></span> <span class='ocrx_word' id='word_1_244' title='bbox 1216 1932 1656 1997; x_wconf 80' lang='lat' dir='ltr'><strong>afﬁrmationibus</strong></span> <span class='ocrx_word' id='word_1_245' title='bbox 1682 1975 1698 1999; x_wconf 90' lang='lat'><strong>,</strong></span> <span class='ocrx_word' id='word_1_246' title='bbox 1761 1952 1919 2003; x_wconf 81' lang='lat' dir='ltr'><strong>nega-</strong></span> 
     </span>
    </p>
   </div>
   <div class='ocr_carea' id='block_1_35' title="bbox 351 2022 1919 2091">
    <p class='ocr_par' dir='ltr' id='par_1_35' title="bbox 351 2022 1919 2091">
     <span class='ocr_line' id='line_1_35' title="bbox 351 2022 1919 2091; baseline 0.004 -13"><span class='ocrx_word' id='word_1_247' title='bbox 351 2023 525 2078; x_wconf 89' lang='lat' dir='ltr'><strong>tiones</strong></span> <span class='ocrx_word' id='word_1_248' title='bbox 551 2022 920 2091; x_wconf 84' lang='lat' dir='ltr'><strong>negationibus</strong></span> <span class='ocrx_word' id='word_1_249' title='bbox 947 2038 1340 2091; x_wconf 88' lang='lat' dir='ltr'><strong>comparemus,</strong></span> <span class='ocrx_word' id='word_1_250' title='bbox 1366 2024 1755 2081; x_wconf 86' lang='lat' dir='ltr'><strong>universalibus</strong></span> <span class='ocrx_word' id='word_1_251' title='bbox 1780 2030 1919 2084; x_wconf 89' lang='lat' dir='ltr'><strong>veris</strong></span> 
     </span>
    </p>
   </div>
   <div class='ocr_carea' id='block_1_36' title="bbox 260 2113 1919 2186">
    <p class='ocr_par' dir='ltr' id='par_1_36' title="bbox 260 2113 1919 2186">
     <span class='ocr_line' id='line_1_36' title="bbox 260 2113 1919 2186; baseline 0.003 -18"><span class='ocrx_word' id='word_1_252' title='bbox 260 2147 272 2161; x_wconf 87' lang='grc'><strong><em>-</em></strong></span> <span class='ocrx_word' id='word_1_253' title='bbox 352 2113 745 2169; x_wconf 87' lang='lat' dir='ltr'><strong>indeﬁnitarum</strong></span> <span class='ocrx_word' id='word_1_254' title='bbox 785 2114 983 2169; x_wconf 86' lang='lat' dir='ltr'><strong>veritas</strong></span> <span class='ocrx_word' id='word_1_255' title='bbox 1023 2116 1287 2184; x_wconf 85' lang='lat' dir='ltr'><strong>provenit,</strong></span> <span class='ocrx_word' id='word_1_256' title='bbox 1333 2126 1390 2171; x_wconf 93' lang='lat' dir='ltr'><strong>ut</strong></span> <span class='ocrx_word' id='word_1_257' title='bbox 1420 2131 1541 2171; x_wconf 90' lang='lat' dir='ltr'><strong>cum</strong></span> <span class='ocrx_word' id='word_1_258' title='bbox 1588 2132 1728 2173; x_wconf 87' lang='lat' dir='ltr'><strong>verae</strong></span> <span class='ocrx_word' id='word_1_259' title='bbox 1773 2126 1919 2186; x_wconf 86' lang='lat' dir='ltr'><strong>sunt,</strong></span> 
     </span>
    </p>
   </div>
   <div class='ocr_carea' id='block_1_37' title="bbox 352 2208 1922 2271">
    <p class='ocr_par' dir='ltr' id='par_1_37' title="bbox 352 2208 1922 2271">
     <span class='ocr_line' id='line_1_37' title="bbox 352 2208 1922 2271; baseline 0.001 -8"><span class='ocrx_word' id='word_1_260' title='bbox 352 2222 568 2264; x_wconf 90' lang='lat' dir='ltr'><strong>omnem</strong></span> <span class='ocrx_word' id='word_1_261' title='bbox 597 2208 864 2263; x_wconf 90' lang='lat' dir='ltr'><strong>hominem</strong></span> <span class='ocrx_word' id='word_1_262' title='bbox 896 2221 1015 2262; x_wconf 88' lang='lat' dir='ltr'><strong>esse</strong></span> <span class='ocrx_word' id='word_1_263' title='bbox 1044 2208 1261 2271; x_wconf 91' lang='lat' dir='ltr'><strong>animal,</strong></span> <span class='ocrx_word' id='word_1_264' title='bbox 1302 2208 1362 2262; x_wconf 83' lang='grc' dir='ltr'><strong>ἐι</strong></span> <span class='ocrx_word' id='word_1_265' title='bbox 1409 2208 1609 2262; x_wconf 90' lang='lat' dir='ltr'><strong>nullum</strong></span> <span class='ocrx_word' id='word_1_266' title='bbox 1651 2208 1922 2264; x_wconf 89' lang='lat' dir='ltr'><strong>hominem</strong></span> 
     </span>
    </p>
   </div>
   <div class='ocr_carea' id='block_1_38' title="bbox 352 2296 1923 2367">
    <p class='ocr_par' dir='ltr' id='par_1_38' title="bbox 352 2296 1923 2367">
     <span class='ocr_line' id='line_1_38' title="bbox 352 2296 1923 2367; baseline 0 -14"><span class='ocrx_word' id='word_1_267' title='bbox 352 2311 473 2353; x_wconf 87' lang='lat' dir='ltr'><strong>esse</strong></span> <span class='ocrx_word' id='word_1_268' title='bbox 501 2296 756 2365; x_wconf 88' lang='lat' dir='ltr'><strong>lapidem,</strong></span> <span class='ocrx_word' id='word_1_269' title='bbox 783 2304 992 2351; x_wconf 89' lang='lat' dir='ltr'><strong>constat</strong></span> <span class='ocrx_word' id='word_1_270' title='bbox 1026 2296 1221 2351; x_wconf 88' lang='lat' dir='ltr'><strong>veritas</strong></span> <span class='ocrx_word' id='word_1_271' title='bbox 1253 2296 1541 2352; x_wconf 85' lang='lat' dir='ltr'><strong>indeﬁnitis</strong></span> <span class='ocrx_word' id='word_1_272' title='bbox 1571 2313 1691 2367; x_wconf 76' lang='lat' dir='ltr'><strong>qua:</strong></span> <span class='ocrx_word' id='word_1_273' title='bbox 1722 2313 1923 2367; x_wconf 88' lang='lat' dir='ltr'><strong>propo-</strong></span> 
     </span>
    </p>
   </div>
   <div class='ocr_carea' id='block_1_39' title="bbox 353 2381 1922 2459">
    <p class='ocr_par' dir='ltr' id='par_1_39' title="bbox 353 2381 1922 2459">
     <span class='ocr_line' id='line_1_39' title="bbox 353 2381 1922 2459; baseline 0.001 -16"><span class='ocrx_word' id='word_1_274' title='bbox 353 2395 503 2454; x_wconf 91' lang='lat' dir='ltr'><strong>nunt,</strong></span> <span class='ocrx_word' id='word_1_275' title='bbox 532 2396 588 2443; x_wconf 91' lang='lat' dir='ltr'><strong>et</strong></span> <span class='ocrx_word' id='word_1_276' title='bbox 615 2387 885 2443; x_wconf 89' lang='lat' dir='ltr'><strong>hominem</strong></span> <span class='ocrx_word' id='word_1_277' title='bbox 917 2387 1114 2441; x_wconf 88' lang='lat' dir='ltr'><strong>animal</strong></span> <span class='ocrx_word' id='word_1_278' title='bbox 1145 2400 1287 2453; x_wconf 88' lang='lat' dir='ltr'><strong>esse,</strong></span> <span class='ocrx_word' id='word_1_279' title='bbox 1318 2381 1669 2443; x_wconf 73' lang='lat' dir='ltr'><strong>et&#39;hominem</strong></span> <span class='ocrx_word' id='word_1_280' title='bbox 1692 2389 1922 2459; x_wconf 90' lang='lat' dir='ltr'><strong>lapidem</strong></span> 
     </span>
    </p>
   </div>
   <div class='ocr_carea' id='block_1_40' title="bbox 357 2481 1926 2550">
    <p class='ocr_par' dir='ltr' id='par_1_40' title="bbox 357 2481 1926 2550">
     <span class='ocr_line' id='line_1_40' title="bbox 357 2481 1926 2550; baseline 0 -12"><span class='ocrx_word' id='word_1_281' title='bbox 357 2499 462 2538; x_wconf 91' lang='lat' dir='ltr'><strong>non</strong></span> <span class='ocrx_word' id='word_1_282' title='bbox 488 2497 627 2538; x_wconf 88' lang='lat' dir='ltr'><strong>esse.</strong></span> <span class='ocrx_word' id='word_1_283' title='bbox 652 2484 720 2537; x_wconf 79' lang='lat' dir='ltr'><strong>At</strong></span> <span class='ocrx_word' id='word_1_284' title='bbox 742 2482 787 2536; x_wconf 92' lang='lat' dir='ltr'><strong>si</strong></span> <span class='ocrx_word' id='word_1_285' title='bbox 816 2481 1193 2537; x_wconf 88' lang='lat' dir='ltr'><strong>universalium</strong></span> <span class='ocrx_word' id='word_1_286' title='bbox 1222 2481 1421 2537; x_wconf 81' lang='lat' dir='ltr'><strong>falsitas</strong></span> <span class='ocrx_word' id='word_1_287' title='bbox 1445 2482 1744 2550; x_wconf 87' lang='lat' dir='ltr'><strong>antecedat,</strong></span> <span class='ocrx_word' id='word_1_288' title='bbox 1770 2482 1926 2538; x_wconf 88' lang='lat' dir='ltr'><strong>inde-</strong></span> 
     </span>
    </p>
   </div>
   <div class='ocr_carea' id='block_1_41' title="bbox 359 2572 1927 2639">
    <p class='ocr_par' dir='ltr' id='par_1_41' title="bbox 359 2572 1927 2639">
     <span class='ocr_line' id='line_1_41' title="bbox 359 2572 1927 2639; baseline -0.001 -8"><span class='ocrx_word' id='word_1_289' title='bbox 359 2576 625 2631; x_wconf 85' lang='lat' dir='ltr'><strong>ﬁnitarum</strong></span> <span class='ocrx_word' id='word_1_290' title='bbox 642 2573 728 2628; x_wconf 87' lang='lat' dir='ltr'><strong>vel</strong></span> <span class='ocrx_word' id='word_1_291' title='bbox 754 2575 975 2639; x_wconf 82' lang='lat' dir='ltr'><strong>veritas,</strong></span> <span class='ocrx_word' id='word_1_292' title='bbox 1025 2572 1107 2627; x_wconf 87' lang='lat' dir='ltr'><strong>vel</strong></span> <span class='ocrx_word' id='word_1_293' title='bbox 1147 2572 1483 2628; x_wconf 88' lang='lat' dir='ltr'><strong>mendacium</strong></span> <span class='ocrx_word' id='word_1_294' title='bbox 1527 2573 1781 2638; x_wconf 84' lang='lat' dir='ltr'><strong>variabit,</strong></span> <span class='ocrx_word' id='word_1_295' title='bbox 1824 2572 1927 2629; x_wconf 90' lang='lat' dir='ltr'><strong>hoc</strong></span> 
     </span>
    </p>
   </div>
   <div class='ocr_carea' id='block_1_42' title="bbox 360 2666 1929 2737">
    <p class='ocr_par' dir='ltr' id='par_1_42' title="bbox 360 2666 1929 2737">
     <span class='ocr_line' id='line_1_42' title="bbox 360 2666 1929 2737; baseline -0.002 -12"><span class='ocrx_word' id='word_1_296' title='bbox 360 2669 536 2726; x_wconf 91' lang='lat' dir='ltr'><strong>modo.</strong></span> <span class='ocrx_word' id='word_1_297' title='bbox 562 2666 713 2723; x_wconf 86' lang='lat' dir='ltr'><strong>Falsa</strong></span> <span class='ocrx_word' id='word_1_298' title='bbox 736 2668 876 2723; x_wconf 89' lang='lat' dir='ltr'><strong>enim</strong></span> <span class='ocrx_word' id='word_1_299' title='bbox 900 2678 982 2722; x_wconf 92' lang='lat' dir='ltr'><strong>est</strong></span> <span class='ocrx_word' id='word_1_300' title='bbox 1002 2667 1319 2723; x_wconf 86' lang='lat' dir='ltr'><strong>universalis</strong></span> <span class='ocrx_word' id='word_1_301' title='bbox 1339 2669 1633 2723; x_wconf 89' lang='lat' dir='ltr'><strong>enuntiatio</strong></span> <span class='ocrx_word' id='word_1_302' title='bbox 1659 2683 1777 2737; x_wconf 83' lang='lat' dir='ltr'><strong>quae</strong></span> <span class='ocrx_word' id='word_1_303' title='bbox 1806 2683 1929 2737; x_wconf 88' lang='lat' dir='ltr'><strong>pro-</strong></span> 
     </span>
    </p>
   </div>
   <div class='ocr_carea' id='block_1_43' title="bbox 360 2757 1929 2830">
    <p class='ocr_par' dir='ltr' id='par_1_43' title="bbox 360 2757 1929 2830">
     <span class='ocr_line' id='line_1_43' title="bbox 360 2757 1929 2830; baseline -0.003 -14"><span class='ocrx_word' id='word_1_304' title='bbox 360 2761 510 2830; x_wconf 91' lang='lat' dir='ltr'><strong>ponit</strong></span> <span class='ocrx_word' id='word_1_305' title='bbox 539 2774 750 2815; x_wconf 88' lang='lat' dir='ltr'><strong>omnem</strong></span> <span class='ocrx_word' id='word_1_306' title='bbox 774 2758 1046 2815; x_wconf 90' lang='lat' dir='ltr'><strong>hominem</strong></span> <span class='ocrx_word' id='word_1_307' title='bbox 1068 2774 1189 2814; x_wconf 75' lang='lat' dir='ltr'><strong>esse</strong></span> <span class='ocrx_word' id='word_1_308' title='bbox 1213 2759 1412 2828; x_wconf 88' lang='lat' dir='ltr'><strong>justum</strong></span> <span class='ocrx_word' id='word_1_309' title='bbox 1439 2775 1453 2823; x_wconf 88' lang='lat'><strong>;</strong></span> <span class='ocrx_word' id='word_1_310' title='bbox 1487 2757 1579 2812; x_wconf 87' lang='lat' dir='ltr'><strong>sed</strong></span> <span class='ocrx_word' id='word_1_311' title='bbox 1610 2773 1672 2813; x_wconf 88' lang='lat' dir='ltr'><strong>ea</strong></span> <span class='ocrx_word' id='word_1_312' title='bbox 1701 2773 1818 2823; x_wconf 87' lang='lat' dir='ltr'><strong>quae</strong></span> <span class='ocrx_word' id='word_1_313' title='bbox 1844 2757 1929 2812; x_wconf 89' lang='lat' dir='ltr'><strong>di-</strong></span> 
     </span>
    </p>
   </div>
   <div class='ocr_carea' id='block_1_44' title="bbox 361 2847 1933 2918">
    <p class='ocr_par' dir='ltr' id='par_1_44' title="bbox 361 2847 1933 2918">
     <span class='ocr_line' id='line_1_44' title="bbox 361 2847 1933 2918; baseline -0.003 -11"><span class='ocrx_word' id='word_1_314' title='bbox 361 2852 432 2907; x_wconf 89' lang='lat' dir='ltr'><strong>cit</strong></span> <span class='ocrx_word' id='word_1_315' title='bbox 453 2850 726 2905; x_wconf 90' lang='lat' dir='ltr'><strong>hominem</strong></span> <span class='ocrx_word' id='word_1_316' title='bbox 774 2864 897 2905; x_wconf 91' lang='lat' dir='ltr'><strong>esse</strong></span> <span class='ocrx_word' id='word_1_317' title='bbox 928 2848 1159 2918; x_wconf 86' lang='lat' dir='ltr'><strong>justum,</strong></span> <span class='ocrx_word' id='word_1_318' title='bbox 1191 2857 1337 2903; x_wconf 87' lang='lat' dir='ltr'><strong>tenet</strong></span> <span class='ocrx_word' id='word_1_319' title='bbox 1361 2848 1414 2902; x_wconf 91' lang='lat' dir='ltr'><strong>in</strong></span> <span class='ocrx_word' id='word_1_320' title='bbox 1453 2847 1696 2903; x_wconf 67' lang='lat' dir='ltr'><strong>humanae</strong></span> <span class='ocrx_word' id='word_1_321' title='bbox 1727 2858 1933 2902; x_wconf 79' lang='lat' dir='ltr'><strong>naturae</strong></span> 
     </span>
    </p>
   </div>
   <div class='ocr_carea' id='block_1_45' title="bbox 360 2938 1931 3011">
    <p class='ocr_par' dir='ltr' id='par_1_45' title="bbox 360 2938 1931 3011">
     <span class='ocr_line' id='line_1_45' title="bbox 360 2938 1931 3011; baseline -0.003 -15"><span class='ocrx_word' id='word_1_322' title='bbox 360 2950 509 3011; x_wconf 91' lang='lat' dir='ltr'><strong>parte</strong></span> <span class='ocrx_word' id='word_1_323' title='bbox 538 2941 837 2996; x_wconf 89' lang='lat' dir='ltr'><strong>veritatem.</strong></span> <span class='ocrx_word' id='word_1_324' title='bbox 874 2939 1006 2995; x_wconf 90' lang='lat' dir='ltr'><strong>Nam</strong></span> <span class='ocrx_word' id='word_1_325' title='bbox 1028 2938 1073 2994; x_wconf 92' lang='lat' dir='ltr'><strong>si</strong></span> <span class='ocrx_word' id='word_1_326' title='bbox 1095 2955 1201 2994; x_wconf 89' lang='lat' dir='ltr'><strong>non</strong></span> <span class='ocrx_word' id='word_1_327' title='bbox 1226 2938 1387 2993; x_wconf 89' lang='lat' dir='ltr'><strong>habet</strong></span> <span class='ocrx_word' id='word_1_328' title='bbox 1403 2938 1575 2993; x_wconf 87' lang='lat' dir='ltr'><strong>omnis</strong></span> <span class='ocrx_word' id='word_1_329' title='bbox 1593 2939 1750 2994; x_wconf 91' lang='lat' dir='ltr'><strong>homo</strong></span> <span class='ocrx_word' id='word_1_330' title='bbox 1773 2938 1931 3007; x_wconf 89' lang='lat' dir='ltr'><strong>justi-</strong></span> 
     </span>
    </p>
   </div>
   <div class='ocr_carea' id='block_1_46' title="bbox 364 3030 1929 3103">
    <p class='ocr_par' dir='ltr' id='par_1_46' title="bbox 364 3030 1929 3103">
     <span class='ocr_line' id='line_1_46' title="bbox 364 3030 1929 3103; baseline -0.002 -16"><span class='ocrx_word' id='word_1_331' title='bbox 364 3032 511 3098; x_wconf 84' lang='lat' dir='ltr'><strong>tiam,</strong></span> <span class='ocrx_word' id='word_1_332' title='bbox 536 3046 655 3087; x_wconf 91' lang='lat' dir='ltr'><strong>cum</strong></span> <span class='ocrx_word' id='word_1_333' title='bbox 687 3043 865 3088; x_wconf 90' lang='lat' dir='ltr'><strong>tamen</strong></span> <span class='ocrx_word' id='word_1_334' title='bbox 893 3030 1087 3102; x_wconf 87' lang='lat' dir='ltr'><strong>aliquis</strong></span> <span class='ocrx_word' id='word_1_335' title='bbox 1108 3031 1323 3099; x_wconf 88' lang='lat' dir='ltr'><strong>habeat,</strong></span> <span class='ocrx_word' id='word_1_336' title='bbox 1353 3046 1478 3087; x_wconf 88' lang='lat' dir='ltr'><strong>vere</strong></span> <span class='ocrx_word' id='word_1_337' title='bbox 1507 3031 1610 3086; x_wconf 90' lang='lat' dir='ltr'><strong>dici</strong></span> <span class='ocrx_word' id='word_1_338' title='bbox 1633 3040 1809 3103; x_wconf 86' lang='lat' dir='ltr'><strong>potest</strong></span> <span class='ocrx_word' id='word_1_339' title='bbox 1832 3030 1929 3085; x_wconf 43' lang='lat' dir='ltr'><strong>ho,</strong></span> 
     </span>
    </p>
   </div>
   <div class='ocr_carea' id='block_1_47' title="bbox 362 3120 1936 3201">
    <p class='ocr_par' dir='ltr' id='par_1_47' title="bbox 362 3120 1936 3201">
     <span class='ocr_line' id='line_1_47' title="bbox 362 3120 1936 3201; baseline 0.002 -25"><span class='ocrx_word' id='word_1_340' title='bbox 362 3120 562 3192; x_wconf 83' lang='lat' dir='ltr'><strong>minem</strong></span> <span class='ocrx_word' id='word_1_341' title='bbox 593 3136 713 3178; x_wconf 85' lang='lat' dir='ltr'><strong>esse</strong></span> <span class='ocrx_word' id='word_1_342' title='bbox 728 3121 949 3193; x_wconf 82' lang='lat' dir='ltr'><strong>justum.</strong></span> <span class='ocrx_word' id='word_1_343' title='bbox 990 3122 1146 3189; x_wconf 91' lang='lat' dir='ltr'><strong>Item,</strong></span> <span class='ocrx_word' id='word_1_344' title='bbox 1168 3137 1290 3201; x_wconf 88' lang='lat' dir='ltr'><strong>cum</strong></span> <span class='ocrx_word' id='word_1_345' title='bbox 1320 3126 1634 3193; x_wconf 86' lang='lat' dir='ltr'><strong>proponitur</strong></span> <span class='ocrx_word' id='word_1_346' title='bbox 1660 3123 1936 3179; x_wconf 80' lang='lat' dir='ltr'><strong>universa-</strong></span> 
     </span>
    </p>
   </div>
   <div class='ocr_carea' id='block_1_48' title="bbox 2023 1923 3597 1997">
    <p class='ocr_par' dir='ltr' id='par_1_48' title="bbox 2023 1923 3597 1997">
     <span class='ocr_line' id='line_1_48' title="bbox 2023 1923 3597 1997; baseline 0.001 -17"><span class='ocrx_word' id='word_1_347' title='bbox 2023 1926 2354 1997; x_wconf 89' lang='lat' dir='ltr'><strong>quantitatis.</strong></span> <span class='ocrx_word' id='word_1_348' title='bbox 2387 1924 2517 1979; x_wconf 88' lang='lat' dir='ltr'><strong>Nam</strong></span> <span class='ocrx_word' id='word_1_349' title='bbox 2543 1924 2684 1993; x_wconf 90' lang='lat' dir='ltr'><strong>quod</strong></span> <span class='ocrx_word' id='word_1_350' title='bbox 2713 1923 3013 1978; x_wconf 87' lang='lat' dir='ltr'><strong>universale</strong></span> <span class='ocrx_word' id='word_1_351' title='bbox 3036 1934 3118 1979; x_wconf 92' lang='lat' dir='ltr'><strong>est</strong></span> <span class='ocrx_word' id='word_1_352' title='bbox 3145 1936 3197 1980; x_wconf 93' lang='lat' dir='ltr'><strong>et</strong></span> <span class='ocrx_word' id='word_1_353' title='bbox 3225 1926 3597 1982; x_wconf 84' lang='lat' dir='ltr'><strong>universaliter</strong></span> 
     </span>
    </p>
   </div>
   <div class='ocr_carea' id='block_1_49' title="bbox 2022 2014 3597 2087">
    <p class='ocr_par' dir='ltr' id='par_1_49' title="bbox 2022 2014 3597 2087">
     <span class='ocr_line' id='line_1_49' title="bbox 2022 2014 3597 2087; baseline 0 -14"><span class='ocrx_word' id='word_1_354' title='bbox 2022 2027 2079 2073; x_wconf 90' lang='lat' dir='ltr'><strong>et</strong></span> <span class='ocrx_word' id='word_1_355' title='bbox 2103 2016 2495 2087; x_wconf 88' lang='lat' dir='ltr'><strong>particulariter</strong></span> <span class='ocrx_word' id='word_1_356' title='bbox 2524 2023 2579 2070; x_wconf 92' lang='lat' dir='ltr'><strong>et</strong></span> <span class='ocrx_word' id='word_1_357' title='bbox 2608 2014 2883 2071; x_wconf 86' lang='lat' dir='ltr'><strong>indeﬁnite</strong></span> <span class='ocrx_word' id='word_1_358' title='bbox 2914 2017 3105 2085; x_wconf 87' lang='lat' dir='ltr'><strong>poterit</strong></span> <span class='ocrx_word' id='word_1_359' title='bbox 3150 2019 3497 2085; x_wconf 90' lang='lat' dir='ltr'><strong>pronuntiari.</strong></span> <span class='ocrx_word' id='word_1_360' title='bbox 3528 2019 3597 2073; x_wconf 83' lang='lat' dir='ltr'><strong>At</strong></span> 
     </span>
    </p>
   </div>
   <div class='ocr_carea' id='block_1_50' title="bbox 2025 2104 3597 2176">
    <p class='ocr_par' dir='ltr' id='par_1_50' title="bbox 2025 2104 3597 2176">
     <span class='ocr_line' id='line_1_50' title="bbox 2025 2104 3597 2176; baseline 0 -15"><span class='ocrx_word' id='word_1_361' title='bbox 2025 2107 2109 2162; x_wconf 87' lang='lat' dir='ltr'><strong>hae</strong></span> <span class='ocrx_word' id='word_1_362' title='bbox 2138 2121 2258 2176; x_wconf 79' lang='lat' dir='ltr'><strong>qua:</strong></span> <span class='ocrx_word' id='word_1_363' title='bbox 2280 2122 2443 2159; x_wconf 91' lang='lat' dir='ltr'><strong>unum</strong></span> <span class='ocrx_word' id='word_1_364' title='bbox 2468 2104 2669 2176; x_wconf 90' lang='lat' dir='ltr'><strong>aliquid</strong></span> <span class='ocrx_word' id='word_1_365' title='bbox 2701 2114 2925 2173; x_wconf 87' lang='lat' dir='ltr'><strong>ponunt,</strong></span> <span class='ocrx_word' id='word_1_366' title='bbox 2958 2105 3296 2175; x_wconf 82' lang='lat' dir='ltr'><strong>singulariter</strong></span> <span class='ocrx_word' id='word_1_367' title='bbox 3317 2116 3475 2176; x_wconf 87' lang='lat' dir='ltr'><strong>atque</strong></span> <span class='ocrx_word' id='word_1_368' title='bbox 3515 2108 3597 2161; x_wconf 89' lang='lat' dir='ltr'><strong>in-</strong></span> 
     </span>
    </p>
   </div>
   <div class='ocr_carea' id='block_1_51' title="bbox 2026 2195 3594 2267">
    <p class='ocr_par' dir='ltr' id='par_1_51' title="bbox 2026 2195 3594 2267">
     <span class='ocr_line' id='line_1_51' title="bbox 2026 2195 3594 2267; baseline 0.001 -15"><span class='ocrx_word' id='word_1_369' title='bbox 2026 2197 2239 2252; x_wconf 89' lang='lat' dir='ltr'><strong>dividue</strong></span> <span class='ocrx_word' id='word_1_370' title='bbox 2267 2195 2597 2251; x_wconf 77' lang='lat' dir='ltr'><strong>differentias</strong></span> <span class='ocrx_word' id='word_1_371' title='bbox 2627 2196 2936 2265; x_wconf 88' lang='lat' dir='ltr'><strong>quantitatis</strong></span> <span class='ocrx_word' id='word_1_372' title='bbox 2960 2196 3158 2251; x_wconf 89' lang='lat' dir='ltr'><strong>habere</strong></span> <span class='ocrx_word' id='word_1_373' title='bbox 3191 2211 3296 2251; x_wconf 91' lang='lat' dir='ltr'><strong>non</strong></span> <span class='ocrx_word' id='word_1_374' title='bbox 3350 2210 3594 2267; x_wconf 88' lang='lat' dir='ltr'><strong>possunt,</strong></span> 
     </span>
    </p>
   </div>
   <div class='ocr_carea' id='block_1_52' title="bbox 2028 2287 3600 2362">
    <p class='ocr_par' dir='ltr' id='par_1_52' title="bbox 2028 2287 3600 2362">
     <span class='ocr_line' id='line_1_52' title="bbox 2028 2287 3600 2362; baseline 0.003 -20"><span class='ocrx_word' id='word_1_375' title='bbox 2028 2300 2187 2359; x_wconf 89' lang='lat' dir='ltr'><strong>atque</strong></span> <span class='ocrx_word' id='word_1_376' title='bbox 2213 2287 2332 2343; x_wconf 90' lang='lat' dir='ltr'><strong>ideo</strong></span> <span class='ocrx_word' id='word_1_377' title='bbox 2359 2288 2473 2341; x_wconf 90' lang='lat' dir='ltr'><strong>sola</strong></span> <span class='ocrx_word' id='word_1_378' title='bbox 2498 2287 2550 2341; x_wconf 90' lang='lat' dir='ltr'><strong>in</strong></span> <span class='ocrx_word' id='word_1_379' title='bbox 2573 2287 2652 2341; x_wconf 91' lang='lat' dir='ltr'><strong>eis</strong></span> <span class='ocrx_word' id='word_1_380' title='bbox 2682 2288 3000 2355; x_wconf 87' lang='lat' dir='ltr'><strong>relinquitur</strong></span> <span class='ocrx_word' id='word_1_381' title='bbox 3038 2289 3393 2358; x_wconf 85' lang='lat' dir='ltr'><strong>discrepantia</strong></span> <span class='ocrx_word' id='word_1_382' title='bbox 3426 2293 3600 2362; x_wconf 88' lang='lat' dir='ltr'><strong>quali-</strong></span> 
     </span>
    </p>
   </div>
   <div class='ocr_carea' id='block_1_53' title="bbox 2032 2379 3602 2452">
    <p class='ocr_par' dir='ltr' id='par_1_53' title="bbox 2032 2379 3602 2452">
     <span class='ocr_line' id='line_1_53' title="bbox 2032 2379 3602 2452; baseline 0.004 -18"><span class='ocrx_word' id='word_1_383' title='bbox 2032 2381 2177 2447; x_wconf 92' lang='lat' dir='ltr'><strong>tatis,</strong></span> <span class='ocrx_word' id='word_1_384' title='bbox 2208 2379 2350 2448; x_wconf 89' lang='lat' dir='ltr'><strong>quod</strong></span> <span class='ocrx_word' id='word_1_385' title='bbox 2377 2379 2493 2433; x_wconf 60' lang='lat' dir='ltr'><strong>haec</strong></span> <span class='ocrx_word' id='word_1_386' title='bbox 2523 2379 2737 2449; x_wconf 89' lang='lat' dir='ltr'><strong>quidem</strong></span> <span class='ocrx_word' id='word_1_387' title='bbox 2765 2379 3070 2450; x_wconf 88' lang='lat' dir='ltr'><strong>afﬁrmatio,</strong></span> <span class='ocrx_word' id='word_1_388' title='bbox 3099 2381 3194 2435; x_wconf 90' lang='lat' dir='ltr'><strong>illa</strong></span> <span class='ocrx_word' id='word_1_389' title='bbox 3220 2395 3346 2438; x_wconf 86' lang='lat' dir='ltr'><strong>vero</strong></span> <span class='ocrx_word' id='word_1_390' title='bbox 3367 2384 3602 2452; x_wconf 83' lang='lat' dir='ltr'><strong>negatio.</strong></span> 
     </span>
    </p>
   </div>
   <div class='ocr_carea' id='block_1_54' title="bbox 2032 2472 3606 2548">
    <p class='ocr_par' dir='ltr' id='par_1_54' title="bbox 2032 2472 3606 2548">
     <span class='ocr_line' id='line_1_54' title="bbox 2032 2472 3606 2548; baseline 0.001 -18"><span class='ocrx_word' id='word_1_391' title='bbox 2032 2473 2256 2544; x_wconf 87' lang='lat' dir='ltr'><strong>Semper</strong></span> <span class='ocrx_word' id='word_1_392' title='bbox 2287 2474 2447 2543; x_wconf 81' lang='lat' dir='ltr'><strong>igitur</strong></span> <span class='ocrx_word' id='word_1_393' title='bbox 2478 2475 2617 2529; x_wconf 89' lang='lat' dir='ltr'><strong>inter</strong></span> <span class='ocrx_word' id='word_1_394' title='bbox 2647 2488 2706 2528; x_wconf 89' lang='lat' dir='ltr'><strong>se</strong></span> <span class='ocrx_word' id='word_1_395' title='bbox 2733 2472 3021 2528; x_wconf 86' lang='lat' dir='ltr'><strong>afﬁrmatio</strong></span> <span class='ocrx_word' id='word_1_396' title='bbox 3069 2485 3124 2530; x_wconf 92' lang='lat' dir='ltr'><strong>et</strong></span> <span class='ocrx_word' id='word_1_397' title='bbox 3173 2476 3383 2545; x_wconf 87' lang='lat' dir='ltr'><strong>negatio</strong></span> <span class='ocrx_word' id='word_1_398' title='bbox 3423 2476 3606 2548; x_wconf 84' lang='lat' dir='ltr'><strong>singu-</strong></span> 
     </span>
    </p>
   </div>
   <div class='ocr_carea' id='block_1_55' title="bbox 2032 2563 3610 2634">
    <p class='ocr_par' dir='ltr' id='par_1_55' title="bbox 2032 2563 3610 2634">
     <span class='ocr_line' id='line_1_55' title="bbox 2032 2563 3610 2634; baseline 0.004 -17"><span class='ocrx_word' id='word_1_399' title='bbox 2032 2563 2159 2618; x_wconf 87' lang='lat' dir='ltr'><strong>laris</strong></span> <span class='ocrx_word' id='word_1_400' title='bbox 2198 2579 2387 2618; x_wconf 89' lang='lat' dir='ltr'><strong>verum</strong></span> <span class='ocrx_word' id='word_1_401' title='bbox 2444 2564 2744 2634; x_wconf 87' lang='lat' dir='ltr'><strong>falsumque</strong></span> <span class='ocrx_word' id='word_1_402' title='bbox 2787 2564 3127 2631; x_wconf 89' lang='lat' dir='ltr'><strong>distribuent,</strong></span> <span class='ocrx_word' id='word_1_403' title='bbox 3186 2566 3369 2622; x_wconf 91' lang='lat' dir='ltr'><strong>sinon</strong></span> <span class='ocrx_word' id='word_1_404' title='bbox 3413 2577 3610 2624; x_wconf 62' lang='lat' dir='ltr'><strong>caetera</strong></span> 
     </span>
    </p>
   </div>
   <div class='ocr_carea' id='block_1_56' title="bbox 2033 2656 3611 2729">
    <p class='ocr_par' dir='ltr' id='par_1_56' title="bbox 2033 2656 3611 2729">
     <span class='ocr_line' id='line_1_56' title="bbox 2033 2656 3611 2729; baseline 0.003 -19"><span class='ocrx_word' id='word_1_405' title='bbox 2033 2656 2331 2725; x_wconf 89' lang='lat' dir='ltr'><strong>impediant</strong></span> <span class='ocrx_word' id='word_1_406' title='bbox 2351 2671 2470 2726; x_wconf 86' lang='lat' dir='ltr'><strong>quae</strong></span> <span class='ocrx_word' id='word_1_407' title='bbox 2499 2670 2719 2711; x_wconf 90' lang='lat' dir='ltr'><strong>sensum</strong></span> <span class='ocrx_word' id='word_1_408' title='bbox 2750 2657 2802 2710; x_wconf 94' lang='lat' dir='ltr'><strong>in</strong></span> <span class='ocrx_word' id='word_1_409' title='bbox 2843 2656 2976 2711; x_wconf 90' lang='lat' dir='ltr'><strong>alias</strong></span> <span class='ocrx_word' id='word_1_410' title='bbox 3017 2665 3177 2727; x_wconf 90' lang='lat' dir='ltr'><strong>atque</strong></span> <span class='ocrx_word' id='word_1_411' title='bbox 3206 2658 3258 2712; x_wconf 87' lang='lat' dir='ltr'><strong>in</strong></span> <span class='ocrx_word' id='word_1_412' title='bbox 3281 2658 3415 2713; x_wconf 92' lang='lat' dir='ltr'><strong>alias</strong></span> <span class='ocrx_word' id='word_1_413' title='bbox 3444 2659 3611 2729; x_wconf 84' lang='lat' dir='ltr'><strong>signi-</strong></span> 
     </span>
    </p>
   </div>
   <div class='ocr_carea' id='block_1_57' title="bbox 2037 2745 3613 2816">
    <p class='ocr_par' dir='ltr' id='par_1_57' title="bbox 2037 2745 3613 2816">
     <span class='ocr_line' id='line_1_57' title="bbox 2037 2745 3613 2816; baseline 0.003 -18"><span class='ocrx_word' id='word_1_414' title='bbox 2037 2745 2315 2801; x_wconf 90' lang='lat' dir='ltr'><strong>ﬁcationes</strong></span> <span class='ocrx_word' id='word_1_415' title='bbox 2343 2745 2522 2801; x_wconf 86' lang='lat' dir='ltr'><strong>solent</strong></span> <span class='ocrx_word' id='word_1_416' title='bbox 2546 2746 2833 2800; x_wconf 84' lang='lat' dir='ltr'><strong>deﬂectere</strong></span> <span class='ocrx_word' id='word_1_417' title='bbox 2876 2760 2941 2799; x_wconf 89' lang='lat' dir='ltr'><strong>ac</strong></span> <span class='ocrx_word' id='word_1_418' title='bbox 2964 2745 3305 2816; x_wconf 68' lang='lat' dir='ltr'><strong>detorquere.</strong></span> <span class='ocrx_word' id='word_1_419' title='bbox 3329 2748 3461 2803; x_wconf 89' lang='lat' dir='ltr'><strong>Cum</strong></span> <span class='ocrx_word' id='word_1_420' title='bbox 3483 2762 3613 2803; x_wconf 87' lang='lat' dir='ltr'><strong>vere</strong></span> 
     </span>
    </p>
   </div>
   <div class='ocr_carea' id='block_1_58' title="bbox 2035 2838 3613 2909">
    <p class='ocr_par' dir='ltr' id='par_1_58' title="bbox 2035 2838 3613 2909">
     <span class='ocr_line' id='line_1_58' title="bbox 2035 2838 3613 2909; baseline 0.001 -15"><span class='ocrx_word' id='word_1_421' title='bbox 2035 2854 2199 2894; x_wconf 90' lang='lat' dir='ltr'><strong>unum</strong></span> <span class='ocrx_word' id='word_1_422' title='bbox 2220 2847 2379 2909; x_wconf 89' lang='lat' dir='ltr'><strong>atque</strong></span> <span class='ocrx_word' id='word_1_423' title='bbox 2408 2838 2547 2894; x_wconf 91' lang='lat' dir='ltr'><strong>idem</strong></span> <span class='ocrx_word' id='word_1_424' title='bbox 2567 2839 2910 2908; x_wconf 67' lang='lat' dir='ltr'><strong>praedicatum</strong></span> <span class='ocrx_word' id='word_1_425' title='bbox 2930 2848 3089 2907; x_wconf 89' lang='lat' dir='ltr'><strong>atque</strong></span> <span class='ocrx_word' id='word_1_426' title='bbox 3131 2838 3427 2909; x_wconf 85' lang='lat' dir='ltr'><strong>subjectum</strong></span> <span class='ocrx_word' id='word_1_427' title='bbox 3454 2843 3505 2895; x_wconf 89' lang='lat' dir='ltr'><strong>in</strong></span> <span class='ocrx_word' id='word_1_428' title='bbox 3534 2841 3613 2895; x_wconf 88' lang='lat' dir='ltr'><strong>af-</strong></span> 
     </span>
    </p>
   </div>
   <div class='ocr_carea' id='block_1_59' title="bbox 2038 2928 3616 3001">
    <p class='ocr_par' dir='ltr' id='par_1_59' title="bbox 2038 2928 3616 3001">
     <span class='ocr_line' id='line_1_59' title="bbox 2038 2928 3616 3001; baseline 0.003 -19"><span class='ocrx_word' id='word_1_429' title='bbox 2038 2928 2344 2984; x_wconf 89' lang='lat' dir='ltr'><strong>ﬁrmatione</strong></span> <span class='ocrx_word' id='word_1_430' title='bbox 2390 2937 2445 2983; x_wconf 90' lang='lat' dir='ltr'><strong>et</strong></span> <span class='ocrx_word' id='word_1_431' title='bbox 2487 2930 2769 2998; x_wconf 81' lang='lat' dir='ltr'><strong>negatione</strong></span> <span class='ocrx_word' id='word_1_432' title='bbox 2808 2928 3131 2995; x_wconf 87' lang='lat' dir='ltr'><strong>constiterit,</strong></span> <span class='ocrx_word' id='word_1_433' title='bbox 3160 2944 3266 2985; x_wconf 87' lang='lat' dir='ltr'><strong>uno</strong></span> <span class='ocrx_word' id='word_1_434' title='bbox 3320 2933 3616 3001; x_wconf 74' lang='lat' dir='ltr'><strong>eodemtjue</strong></span> 
     </span>
    </p>
   </div>
   <div class='ocr_carea' id='block_1_60' title="bbox 2039 3019 3612 3090">
    <p class='ocr_par' dir='ltr' id='par_1_60' title="bbox 2039 3019 3612 3090">
     <span class='ocr_line' id='line_1_60' title="bbox 2039 3019 3612 3090; baseline 0.003 -16"><span class='ocrx_word' id='word_1_435' title='bbox 2039 3029 2308 3089; x_wconf 90' lang='lat' dir='ltr'><strong>sumptum</strong></span> <span class='ocrx_word' id='word_1_436' title='bbox 2338 3031 2610 3090; x_wconf 89' lang='lat' dir='ltr'><strong>tempore,</strong></span> <span class='ocrx_word' id='word_1_437' title='bbox 2654 3035 2760 3073; x_wconf 91' lang='lat' dir='ltr'><strong>uno</strong></span> <span class='ocrx_word' id='word_1_438' title='bbox 2803 3019 3099 3090; x_wconf 91' lang='lat' dir='ltr'><strong>eodemque</strong></span> <span class='ocrx_word' id='word_1_439' title='bbox 3130 3020 3388 3090; x_wconf 87' lang='lat' dir='ltr'><strong>prolatum</strong></span> <span class='ocrx_word' id='word_1_440' title='bbox 3430 3024 3612 3089; x_wconf 90' lang='lat' dir='ltr'><strong>modo,</strong></span> 
     </span>
    </p>
   </div>
   <div class='ocr_carea' id='block_1_61' title="bbox 2042 3111 3656 3184">
    <p class='ocr_par' dir='ltr' id='par_1_61' title="bbox 2042 3111 3656 3184">
     <span class='ocr_line' id='line_1_61' title="bbox 2042 3111 3656 3184; baseline 0.003 -19"><span class='ocrx_word' id='word_1_441' title='bbox 2042 3112 2108 3167; x_wconf 90' lang='lat' dir='ltr'><strong>ad</strong></span> <span class='ocrx_word' id='word_1_442' title='bbox 2138 3128 2300 3167; x_wconf 87' lang='lat' dir='ltr'><strong>unum</strong></span> <span class='ocrx_word' id='word_1_443' title='bbox 2331 3120 2489 3182; x_wconf 88' lang='lat' dir='ltr'><strong>atque</strong></span> <span class='ocrx_word' id='word_1_444' title='bbox 2528 3112 2671 3168; x_wconf 88' lang='lat' dir='ltr'><strong>idem</strong></span> <span class='ocrx_word' id='word_1_445' title='bbox 2698 3111 2950 3180; x_wconf 89' lang='lat' dir='ltr'><strong>relatum,</strong></span> <span class='ocrx_word' id='word_1_446' title='bbox 2979 3113 3047 3168; x_wconf 90' lang='lat' dir='ltr'><strong>de</strong></span> <span class='ocrx_word' id='word_1_447' title='bbox 3089 3129 3193 3168; x_wconf 84' lang='lat' dir='ltr'><strong>una</strong></span> <span class='ocrx_word' id='word_1_448' title='bbox 3223 3124 3383 3184; x_wconf 87' lang='lat' dir='ltr'><strong>atque</strong></span> <span class='ocrx_word' id='word_1_449' title='bbox 3427 3117 3616 3172; x_wconf 86' lang='lat' dir='ltr'><strong>eadem</strong></span> <span class='ocrx_word' id='word_1_450' title='bbox 3643 3144 3656 3160; x_wconf 74' lang='grc' dir='ltr'><strong>ο</strong></span> 
     </span>
    </p>
   </div>
   <div class='ocr_carea' id='block_1_62' title="bbox 364 3203 2338 3285">
    <p class='ocr_par' dir='ltr' id='par_1_62' title="bbox 364 3208 2338 3285">
     <span class='ocr_line' id='line_1_62' title="bbox 364 3208 2338 3285; baseline 0.006 -23"><span class='ocrx_word' id='word_1_451' title='bbox 364 3208 509 3276; x_wconf 85' lang='lat' dir='ltr'><strong>liter,</strong></span> <span class='ocrx_word' id='word_1_452' title='bbox 548 3210 723 3264; x_wconf 89' lang='lat' dir='ltr'><strong>nullus</strong></span> <span class='ocrx_word' id='word_1_453' title='bbox 762 3210 923 3264; x_wconf 91' lang='lat' dir='ltr'><strong>homo</strong></span> <span class='ocrx_word' id='word_1_454' title='bbox 970 3210 1143 3280; x_wconf 89' lang='lat' dir='ltr'><strong>justus</strong></span> <span class='ocrx_word' id='word_1_455' title='bbox 1174 3221 1277 3278; x_wconf 87' lang='lat' dir='ltr'><strong>est,</strong></span> <span class='ocrx_word' id='word_1_456' title='bbox 1319 3211 1510 3267; x_wconf 87' lang='lat' dir='ltr'><strong>falsum</strong></span> <span class='ocrx_word' id='word_1_457' title='bbox 1553 3224 1657 3279; x_wconf 88' lang='lat' dir='ltr'><strong>est,</strong></span> <span class='ocrx_word' id='word_1_458' title='bbox 1703 3221 1758 3266; x_wconf 93' lang='lat' dir='ltr'><strong>at</strong></span> <span class='ocrx_word' id='word_1_459' title='bbox 1806 3212 1852 3265; x_wconf 90' lang='lat' dir='ltr'><strong>si</strong></span> <span class='ocrx_word' id='word_1_460' title='bbox 1883 3211 1935 3267; x_wconf 88' lang='lat' dir='ltr'><strong>id</strong></span> <span class='ocrx_word' id='word_1_461' title='bbox 1964 3220 2012 3285; x_wconf 71' lang='grc' dir='ltr'>α</span> <span class='ocrx_word' id='word_1_462' title='bbox 2044 3211 2194 3272; x_wconf 62' lang='lat' dir='ltr'><strong>Parte</strong></span> <span class='ocrx_word' id='word_1_463' title='bbox 2220 3218 2338 3274; x_wconf 73' lang='grc' dir='ltr'><strong>ριόι</strong></span> 
     </span>
    </p>
   </div>
   <div class='ocr_carea' id='block_1_63' title="bbox 2042 3203 3617 3285">
    <p class='ocr_par' dir='ltr' id='par_1_63' title="bbox 2044 3203 3617 3275">
     <span class='ocr_line' id='line_1_63' title="bbox 2044 3203 3617 3275; baseline 0.003 -20"><span class='ocrx_word' id='word_1_464' title='bbox 2044 3211 2194 3272; x_wconf 87' lang='lat' dir='ltr'><strong>parte</strong></span> <span class='ocrx_word' id='word_1_465' title='bbox 2220 3204 2575 3274; x_wconf 90' lang='lat' dir='ltr'><strong>propositum,</strong></span> <span class='ocrx_word' id='word_1_466' title='bbox 2604 3217 2825 3258; x_wconf 89' lang='lat' dir='ltr'><strong>necesse</strong></span> <span class='ocrx_word' id='word_1_467' title='bbox 2854 3213 3031 3258; x_wconf 81' lang='lat' dir='ltr'><strong>estex</strong></span> <span class='ocrx_word' id='word_1_468' title='bbox 3071 3203 3156 3259; x_wconf 88' lang='lat' dir='ltr'><strong>his</strong></span> <span class='ocrx_word' id='word_1_469' title='bbox 3198 3219 3358 3259; x_wconf 87' lang='lat' dir='ltr'><strong>unam</strong></span> <span class='ocrx_word' id='word_1_470' title='bbox 3404 3221 3617 3275; x_wconf 79' lang='lat' dir='ltr'><strong>semper</strong></span> 
     </span>
    </p>
   </div>
   <div class='ocr_carea' id='block_1_64' title="bbox 366 3297 1938 3373">
    <p class='ocr_par' dir='ltr' id='par_1_64' title="bbox 366 3297 1938 3373">
     <span class='ocr_line' id='line_1_64' title="bbox 366 3297 1938 3373; baseline 0.003 -19"><span class='ocrx_word' id='word_1_471' title='bbox 366 3297 643 3356; x_wconf 84' lang='lat' dir='ltr'><strong>indefinite</strong></span> <span class='ocrx_word' id='word_1_472' title='bbox 695 3300 1004 3372; x_wconf 86' lang='lat' dir='ltr'><strong>denegetur,</strong></span> <span class='ocrx_word' id='word_1_473' title='bbox 1036 3317 1066 3356; x_wconf 90' lang='lat' dir='ltr'><strong>a</strong></span> <span class='ocrx_word' id='word_1_474' title='bbox 1096 3304 1324 3359; x_wconf 84' lang='lat' dir='ltr'><strong>veritate</strong></span> <span class='ocrx_word' id='word_1_475' title='bbox 1345 3319 1454 3358; x_wconf 88' lang='lat' dir='ltr'><strong>non</strong></span> <span class='ocrx_word' id='word_1_476' title='bbox 1485 3302 1773 3373; x_wconf 87' lang='lat' dir='ltr'><strong>discrepat.</strong></span> <span class='ocrx_word' id='word_1_477' title='bbox 1804 3302 1938 3359; x_wconf 88' lang='lat' dir='ltr'><strong>Nam</strong></span> 
     </span>
    </p>
   </div>
   <div class='ocr_carea' id='block_1_65' title="bbox 367 3388 1942 3465">
    <p class='ocr_par' dir='ltr' id='par_1_65' title="bbox 367 3388 1942 3465">
     <span class='ocr_line' id='line_1_65' title="bbox 367 3388 1942 3465; baseline 0.004 -22"><span class='ocrx_word' id='word_1_478' title='bbox 367 3402 484 3445; x_wconf 85' lang='lat' dir='ltr'><strong>cum</strong></span> <span class='ocrx_word' id='word_1_479' title='bbox 503 3388 576 3444; x_wconf 86' lang='lat' dir='ltr'><strong>sit</strong></span> <span class='ocrx_word' id='word_1_480' title='bbox 604 3389 799 3461; x_wconf 89' lang='lat' dir='ltr'><strong>aliquis</strong></span> <span class='ocrx_word' id='word_1_481' title='bbox 828 3392 988 3447; x_wconf 92' lang='lat' dir='ltr'><strong>homo</strong></span> <span class='ocrx_word' id='word_1_482' title='bbox 1020 3407 1126 3447; x_wconf 87' lang='lat' dir='ltr'><strong>non</strong></span> <span class='ocrx_word' id='word_1_483' title='bbox 1152 3393 1352 3463; x_wconf 88' lang='lat' dir='ltr'><strong>justus,</strong></span> <span class='ocrx_word' id='word_1_484' title='bbox 1387 3409 1492 3448; x_wconf 92' lang='lat' dir='ltr'><strong>non</strong></span> <span class='ocrx_word' id='word_1_485' title='bbox 1535 3395 1822 3449; x_wconf 90' lang='lat' dir='ltr'><strong>mentietur</strong></span> <span class='ocrx_word' id='word_1_486' title='bbox 1849 3396 1942 3465; x_wconf 89' lang='lat' dir='ltr'><strong>qui</strong></span> 
     </span>
    </p>
   </div>
   <div class='ocr_carea' id='block_1_66' title="bbox 368 3483 1941 3556">
    <p class='ocr_par' dir='ltr' id='par_1_66' title="bbox 368 3483 1941 3556">
     <span class='ocr_line' id='line_1_66' title="bbox 368 3483 1941 3556; baseline 0.003 -18"><span class='ocrx_word' id='word_1_487' title='bbox 368 3483 802 3555; x_wconf 89' lang='lat' dir='ltr'><strong>pronuntiaverit</strong></span> <span class='ocrx_word' id='word_1_488' title='bbox 831 3484 1103 3541; x_wconf 88' lang='lat' dir='ltr'><strong>hominem</strong></span> <span class='ocrx_word' id='word_1_489' title='bbox 1133 3500 1252 3541; x_wconf 89' lang='lat' dir='ltr'><strong>esse</strong></span> <span class='ocrx_word' id='word_1_490' title='bbox 1282 3502 1387 3541; x_wconf 92' lang='lat' dir='ltr'><strong>non</strong></span> <span class='ocrx_word' id='word_1_491' title='bbox 1408 3486 1783 3556; x_wconf 88' lang='lat' dir='ltr'><strong>justum.ltem</strong></span> <span class='ocrx_word' id='word_1_492' title='bbox 1818 3502 1941 3543; x_wconf 83' lang='lat' dir='ltr'><strong>cum</strong></span> 
     </span>
    </p>
   </div>
   <div class='ocr_carea' id='block_1_67' title="bbox 368 3574 1941 3647">
    <p class='ocr_par' dir='ltr' id='par_1_67' title="bbox 368 3574 1941 3647">
     <span class='ocr_line' id='line_1_67' title="bbox 368 3574 1941 3647; baseline 0.003 -17"><span class='ocrx_word' id='word_1_493' title='bbox 368 3575 439 3631; x_wconf 85' lang='lat' dir='ltr'><strong>sit</strong></span> <span class='ocrx_word' id='word_1_494' title='bbox 464 3574 599 3631; x_wconf 87' lang='lat' dir='ltr'><strong>falsa</strong></span> <span class='ocrx_word' id='word_1_495' title='bbox 640 3591 760 3647; x_wconf 77' lang='lat' dir='ltr'><strong>quae</strong></span> <span class='ocrx_word' id='word_1_496' title='bbox 815 3576 1193 3635; x_wconf 90' lang='lat' dir='ltr'><strong>universaliter</strong></span> <span class='ocrx_word' id='word_1_497' title='bbox 1231 3578 1465 3634; x_wconf 87' lang='lat' dir='ltr'><strong>afﬁrmat</strong></span> <span class='ocrx_word' id='word_1_498' title='bbox 1501 3580 1686 3635; x_wconf 90' lang='lat' dir='ltr'><strong>dicens</strong></span> <span class='ocrx_word' id='word_1_499' title='bbox 1727 3595 1941 3636; x_wconf 86' lang='lat' dir='ltr'><strong>omnem</strong></span> 
     </span>
    </p>
   </div>
   <div class='ocr_carea' id='block_1_68' title="bbox 369 3667 1942 3739">
    <p class='ocr_par' dir='ltr' id='par_1_68' title="bbox 369 3667 1942 3739">
     <span class='ocr_line' id='line_1_68' title="bbox 369 3667 1942 3739; baseline 0 -14"><span class='ocrx_word' id='word_1_500' title='bbox 369 3667 642 3725; x_wconf 86' lang='lat' dir='ltr'><strong>hominem</strong></span> <span class='ocrx_word' id='word_1_501' title='bbox 670 3682 792 3725; x_wconf 87' lang='lat' dir='ltr'><strong>esse</strong></span> <span class='ocrx_word' id='word_1_502' title='bbox 818 3669 1075 3739; x_wconf 88' lang='lat' dir='ltr'><strong>lapidem,</strong></span> <span class='ocrx_word' id='word_1_503' title='bbox 1101 3669 1232 3725; x_wconf 86' lang='lat' dir='ltr'><strong>falsa</strong></span> <span class='ocrx_word' id='word_1_504' title='bbox 1261 3678 1483 3739; x_wconf 87' lang='lat' dir='ltr'><strong>estquae</strong></span> <span class='ocrx_word' id='word_1_505' title='bbox 1507 3669 1646 3725; x_wconf 91' lang='lat' dir='ltr'><strong>idem</strong></span> <span class='ocrx_word' id='word_1_506' title='bbox 1670 3670 1942 3725; x_wconf 78' lang='lat' dir='ltr'><strong>indeﬁnite</strong></span> 
     </span>
    </p>
   </div>
   <div class='ocr_carea' id='block_1_69' title="bbox 371 3758 1945 3831">
    <p class='ocr_par' dir='ltr' id='par_1_69' title="bbox 371 3758 1945 3831">
     <span class='ocr_line' id='line_1_69' title="bbox 371 3758 1945 3831; baseline 0.001 -17"><span class='ocrx_word' id='word_1_507' title='bbox 371 3758 731 3814; x_wconf 83' lang='lat' dir='ltr'><strong>enuntiatione</strong></span> <span class='ocrx_word' id='word_1_508' title='bbox 774 3760 1056 3814; x_wconf 87' lang='lat' dir='ltr'><strong>confirmat</strong></span> <span class='ocrx_word' id='word_1_509' title='bbox 1096 3759 1281 3815; x_wconf 89' lang='lat' dir='ltr'><strong>dicens</strong></span> <span class='ocrx_word' id='word_1_510' title='bbox 1332 3759 1604 3814; x_wconf 84' lang='lat' dir='ltr'><strong>hominem</strong></span> <span class='ocrx_word' id='word_1_511' title='bbox 1657 3774 1779 3814; x_wconf 91' lang='lat' dir='ltr'><strong>esse</strong></span> <span class='ocrx_word' id='word_1_512' title='bbox 1808 3760 1945 3831; x_wconf 56' lang='lat' dir='ltr'><strong>lapio</strong></span> 
     </span>
    </p>
   </div>
   <div class='ocr_carea' id='block_1_70' title="bbox 372 3849 1943 3921">
    <p class='ocr_par' dir='ltr' id='par_1_70' title="bbox 372 3849 1943 3921">
     <span class='ocr_line' id='line_1_70' title="bbox 372 3849 1943 3921; baseline 0.001 -16"><span class='ocrx_word' id='word_1_513' title='bbox 372 3851 513 3906; x_wconf 88' lang='lat' dir='ltr'><strong>dem.</strong></span> <span class='ocrx_word' id='word_1_514' title='bbox 545 3850 753 3905; x_wconf 83' lang='lat' dir='ltr'><strong>Rursus</strong></span> <span class='ocrx_word' id='word_1_515' title='bbox 780 3865 902 3905; x_wconf 90' lang='lat' dir='ltr'><strong>cum</strong></span> <span class='ocrx_word' id='word_1_516' title='bbox 933 3851 1003 3905; x_wconf 86' lang='lat' dir='ltr'><strong>sit</strong></span> <span class='ocrx_word' id='word_1_517' title='bbox 1055 3849 1188 3905; x_wconf 87' lang='lat' dir='ltr'><strong>falsa</strong></span> <span class='ocrx_word' id='word_1_518' title='bbox 1235 3851 1449 3921; x_wconf 87' lang='lat' dir='ltr'><strong>negatio</strong></span> <span class='ocrx_word' id='word_1_519' title='bbox 1488 3867 1579 3920; x_wconf 89' lang='lat' dir='ltr'><strong>per</strong></span> <span class='ocrx_word' id='word_1_520' title='bbox 1618 3867 1778 3921; x_wconf 88' lang='lat' dir='ltr'><strong>quam</strong></span> <span class='ocrx_word' id='word_1_521' title='bbox 1811 3866 1943 3921; x_wconf 87' lang='lat' dir='ltr'><strong>pro-</strong></span> 
     </span>
    </p>
   </div>
   <div class='ocr_carea' id='block_1_71' title="bbox 374 3942 1945 4011">
    <p class='ocr_par' dir='ltr' id='par_1_71' title="bbox 374 3942 1945 4011">
     <span class='ocr_line' id='line_1_71' title="bbox 374 3942 1945 4011; baseline 0.002 -16"><span class='ocrx_word' id='word_1_522' title='bbox 374 3944 589 4011; x_wconf 88' lang='lat' dir='ltr'><strong>ponitur</strong></span> <span class='ocrx_word' id='word_1_523' title='bbox 616 3942 821 3996; x_wconf 89' lang='lat' dir='ltr'><strong>nullum</strong></span> <span class='ocrx_word' id='word_1_524' title='bbox 842 3942 1111 3997; x_wconf 89' lang='lat' dir='ltr'><strong>hominem</strong></span> <span class='ocrx_word' id='word_1_525' title='bbox 1137 3957 1255 3997; x_wconf 82' lang='lat' dir='ltr'><strong>esse</strong></span> <span class='ocrx_word' id='word_1_526' title='bbox 1284 3942 1501 4009; x_wconf 86' lang='lat' dir='ltr'><strong>animal,</strong></span> <span class='ocrx_word' id='word_1_527' title='bbox 1533 3943 1661 3997; x_wconf 89' lang='lat' dir='ltr'><strong>falsa</strong></span> <span class='ocrx_word' id='word_1_528' title='bbox 1688 3954 1768 3998; x_wconf 89' lang='lat' dir='ltr'><strong>est</strong></span> <span class='ocrx_word' id='word_1_529' title='bbox 1796 3943 1945 3998; x_wconf 87' lang='lat' dir='ltr'><strong>inde-</strong></span> 
     </span>
    </p>
   </div>
   <div class='ocr_carea' id='block_1_72' title="bbox 375 4033 1948 4104">
    <p class='ocr_par' dir='ltr' id='par_1_72' title="bbox 375 4033 1948 4104">
     <span class='ocr_line' id='line_1_72' title="bbox 375 4033 1948 4104; baseline 0.001 -16"><span class='ocrx_word' id='word_1_530' title='bbox 375 4033 528 4089; x_wconf 87' lang='lat' dir='ltr'><strong>ﬁnita</strong></span> <span class='ocrx_word' id='word_1_531' title='bbox 558 4036 766 4104; x_wconf 84' lang='lat' dir='ltr'><strong>negatio</strong></span> <span class='ocrx_word' id='word_1_532' title='bbox 818 4050 935 4104; x_wconf 64' lang='lat' dir='ltr'><strong>quae</strong></span> <span class='ocrx_word' id='word_1_533' title='bbox 982 4034 1287 4104; x_wconf 85' lang='lat' dir='ltr'><strong>pronuntiat</strong></span> <span class='ocrx_word' id='word_1_534' title='bbox 1339 4034 1609 4090; x_wconf 90' lang='lat' dir='ltr'><strong>hominem</strong></span> <span class='ocrx_word' id='word_1_535' title='bbox 1666 4049 1771 4088; x_wconf 90' lang='lat' dir='ltr'><strong>non</strong></span> <span class='ocrx_word' id='word_1_536' title='bbox 1826 4048 1948 4090; x_wconf 90' lang='lat' dir='ltr'><strong>esse</strong></span> 
     </span>
    </p>
   </div>
   <div class='ocr_carea' id='block_1_73' title="bbox 375 4126 1947 4197">
    <p class='ocr_par' dir='ltr' id='par_1_73' title="bbox 375 4126 1947 4197">
     <span class='ocr_line' id='line_1_73' title="bbox 375 4126 1947 4197; baseline -0.001 -16"><span class='ocrx_word' id='word_1_537' title='bbox 375 4127 595 4182; x_wconf 87' lang='lat' dir='ltr'><strong>animal.</strong></span> <span class='ocrx_word' id='word_1_538' title='bbox 628 4126 726 4183; x_wconf 84' lang='lat' dir='ltr'><strong>Hic</strong></span> <span class='ocrx_word' id='word_1_539' title='bbox 751 4142 960 4197; x_wconf 90' lang='lat' dir='ltr'><strong>quoque</strong></span> <span class='ocrx_word' id='word_1_540' title='bbox 989 4127 1385 4197; x_wconf 88' lang='lat' dir='ltr'><strong>particularium</strong></span> <span class='ocrx_word' id='word_1_541' title='bbox 1414 4126 1705 4183; x_wconf 88' lang='lat' dir='ltr'><strong>similitudo</strong></span> <span class='ocrx_word' id='word_1_542' title='bbox 1736 4134 1947 4181; x_wconf 88' lang='lat' dir='ltr'><strong>servata</strong></span> 
     </span>
    </p>
   </div>
   <div class='ocr_carea' id='block_1_74' title="bbox 374 4217 1949 4277">
    <p class='ocr_par' dir='ltr' id='par_1_74' title="bbox 374 4217 1949 4277">
     <span class='ocr_line' id='line_1_74' title="bbox 374 4217 1949 4277; baseline -0.003 -2"><span class='ocrx_word' id='word_1_543' title='bbox 374 4229 475 4277; x_wconf 87' lang='lat' dir='ltr'><strong>est.</strong></span> <span class='ocrx_word' id='word_1_544' title='bbox 505 4219 637 4275; x_wconf 87' lang='lat' dir='ltr'><strong>Nam</strong></span> <span class='ocrx_word' id='word_1_545' title='bbox 669 4220 723 4275; x_wconf 92' lang='lat' dir='ltr'><strong>in</strong></span> <span class='ocrx_word' id='word_1_546' title='bbox 759 4220 1084 4276; x_wconf 89' lang='lat' dir='ltr'><strong>subalternis</strong></span> <span class='ocrx_word' id='word_1_547' title='bbox 1111 4236 1239 4275; x_wconf 78' lang='lat' dir='ltr'><strong>vera</strong></span> <span class='ocrx_word' id='word_1_548' title='bbox 1267 4219 1635 4275; x_wconf 84' lang='lat' dir='ltr'><strong>universalitas</strong></span> <span class='ocrx_word' id='word_1_549' title='bbox 1671 4217 1949 4273; x_wconf 90' lang='lat' dir='ltr'><strong>veritatem</strong></span> 
     </span>
    </p>
   </div>
   <div class='ocr_carea' id='block_1_75' title="bbox 376 4311 1951 4382">
    <p class='ocr_par' dir='ltr' id='par_1_75' title="bbox 376 4311 1951 4382">
     <span class='ocr_line' id='line_1_75' title="bbox 376 4311 1951 4382; baseline 0 -17"><span class='ocrx_word' id='word_1_550' title='bbox 376 4312 807 4382; x_wconf 87' lang='lat' dir='ltr'><strong>particularilatis</strong></span> <span class='ocrx_word' id='word_1_551' title='bbox 857 4311 1121 4367; x_wconf 84' lang='lat' dir='ltr'><strong>trahebat.</strong></span> <span class='ocrx_word' id='word_1_552' title='bbox 1178 4311 1337 4367; x_wconf 86' lang='lat' dir='ltr'><strong>Falsa</strong></span> <span class='ocrx_word' id='word_1_553' title='bbox 1380 4327 1511 4369; x_wconf 87' lang='lat' dir='ltr'><strong>vero</strong></span> <span class='ocrx_word' id='word_1_554' title='bbox 1578 4312 1951 4367; x_wconf 85' lang='lat' dir='ltr'><strong>universalitas</strong></span> 
     </span>
    </p>
   </div>
   <div class='ocr_carea' id='block_1_76' title="bbox 378 4406 1952 4476">
    <p class='ocr_par' dir='ltr' id='par_1_76' title="bbox 378 4406 1952 4476">
     <span class='ocr_line' id='line_1_76' title="bbox 378 4406 1952 4476; baseline -0.002 -14"><span class='ocrx_word' id='word_1_555' title='bbox 378 4420 480 4462; x_wconf 89' lang='lat' dir='ltr'><strong>nec</strong></span> <span class='ocrx_word' id='word_1_556' title='bbox 503 4406 761 4472; x_wconf 85' lang='lat' dir='ltr'><strong>veritatis,</strong></span> <span class='ocrx_word' id='word_1_557' title='bbox 788 4422 886 4463; x_wconf 92' lang='lat' dir='ltr'><strong>nec</strong></span> <span class='ocrx_word' id='word_1_558' title='bbox 915 4407 1180 4463; x_wconf 90' lang='lat' dir='ltr'><strong>mendacii</strong></span> <span class='ocrx_word' id='word_1_559' title='bbox 1235 4407 1608 4463; x_wconf 81' lang='lat' dir='ltr'><strong>necessitatem</strong></span> <span class='ocrx_word' id='word_1_560' title='bbox 1660 4406 1952 4476; x_wconf 87' lang='lat' dir='ltr'><strong>particula-</strong></span> 
     </span>
    </p>
   </div>
   <div class='ocr_carea' id='block_1_77' title="bbox 378 4500 1955 4569">
    <p class='ocr_par' dir='ltr' id='par_1_77' title="bbox 378 4500 1955 4569">
     <span class='ocr_line' id='line_1_77' title="bbox 378 4500 1955 4569; baseline -0.001 -13"><span class='ocrx_word' id='word_1_561' title='bbox 378 4500 528 4557; x_wconf 88' lang='lat' dir='ltr'><strong>rihus</strong></span> <span class='ocrx_word' id='word_1_562' title='bbox 555 4500 829 4558; x_wconf 75' lang='lat' dir='ltr'><strong>afferebat.</strong></span> <span class='ocrx_word' id='word_1_563' title='bbox 888 4502 1087 4558; x_wconf 88' lang='lat' dir='ltr'><strong>Eadem</strong></span> <span class='ocrx_word' id='word_1_564' title='bbox 1118 4500 1300 4557; x_wconf 87' lang='lat' dir='ltr'><strong>omnia</strong></span> <span class='ocrx_word' id='word_1_565' title='bbox 1356 4500 1738 4554; x_wconf 87' lang='lat' dir='ltr'><strong>universalium</strong></span> <span class='ocrx_word' id='word_1_566' title='bbox 1795 4508 1955 4569; x_wconf 87' lang='lat' dir='ltr'><strong>atque</strong></span> 
     </span>
    </p>
   </div>
   <div class='ocr_carea' id='block_1_78' title="bbox 2044 3297 3619 3366">
    <p class='ocr_par' dir='ltr' id='par_1_78' title="bbox 2044 3297 3619 3366">
     <span class='ocr_line' id='line_1_78' title="bbox 2044 3297 3619 3366; baseline 0.003 -16"><span class='ocrx_word' id='word_1_567' title='bbox 2044 3310 2165 3351; x_wconf 89' lang='lat' dir='ltr'><strong>esse</strong></span> <span class='ocrx_word' id='word_1_568' title='bbox 2192 3311 2397 3364; x_wconf 89' lang='lat' dir='ltr'><strong>veram,</strong></span> <span class='ocrx_word' id='word_1_569' title='bbox 2424 3298 2646 3352; x_wconf 90' lang='lat' dir='ltr'><strong>alteram</strong></span> <span class='ocrx_word' id='word_1_570' title='bbox 2674 3311 2886 3366; x_wconf 88' lang='lat' dir='ltr'><strong>semper</strong></span> <span class='ocrx_word' id='word_1_571' title='bbox 2910 3311 3049 3363; x_wconf 78' lang='lat' dir='ltr'><strong>esse</strong></span> <span class='ocrx_word' id='word_1_572' title='bbox 3084 3297 3293 3353; x_wconf 85' lang='lat' dir='ltr'><strong>falsam.</strong></span> <span class='ocrx_word' id='word_1_573' title='bbox 3342 3298 3474 3352; x_wconf 88' lang='lat' dir='ltr'><strong>Nam</strong></span> <span class='ocrx_word' id='word_1_574' title='bbox 3502 3300 3619 3355; x_wconf 83' lang='lat' dir='ltr'><strong>sive</strong></span> 
     </span>
    </p>
   </div>
   <div class='ocr_carea' id='block_1_79' title="bbox 2043 3388 3620 3458">
    <p class='ocr_par' dir='ltr' id='par_1_79' title="bbox 2043 3388 3620 3458">
     <span class='ocr_line' id='line_1_79' title="bbox 2043 3388 3620 3458; baseline 0.003 -16"><span class='ocrx_word' id='word_1_575' title='bbox 2043 3388 2346 3458; x_wconf 76' lang='lat' dir='ltr'><strong>tequivocos</strong></span> <span class='ocrx_word' id='word_1_576' title='bbox 2375 3390 2630 3445; x_wconf 90' lang='lat' dir='ltr'><strong>terminos</strong></span> <span class='ocrx_word' id='word_1_577' title='bbox 2649 3398 2885 3458; x_wconf 86' lang='lat' dir='ltr'><strong>sumant,</strong></span> <span class='ocrx_word' id='word_1_578' title='bbox 2926 3390 3040 3445; x_wconf 88' lang='lat' dir='ltr'><strong>sive</strong></span> <span class='ocrx_word' id='word_1_579' title='bbox 3069 3404 3173 3443; x_wconf 91' lang='lat' dir='ltr'><strong>non</strong></span> <span class='ocrx_word' id='word_1_580' title='bbox 3204 3389 3270 3444; x_wconf 89' lang='lat' dir='ltr'><strong>ad</strong></span> <span class='ocrx_word' id='word_1_581' title='bbox 3319 3389 3457 3444; x_wconf 90' lang='lat' dir='ltr'><strong>idem</strong></span> <span class='ocrx_word' id='word_1_582' title='bbox 3487 3402 3620 3447; x_wconf 80' lang='lat' dir='ltr'><strong>tem-</strong></span> 
     </span>
    </p>
   </div>
   <div class='ocr_carea' id='block_1_80' title="bbox 2046 3484 3624 3554">
    <p class='ocr_par' dir='ltr' id='par_1_80' title="bbox 2046 3484 3624 3554">
     <span class='ocr_line' id='line_1_80' title="bbox 2046 3484 3624 3554; baseline 0.003 -16"><span class='ocrx_word' id='word_1_583' title='bbox 2046 3498 2145 3553; x_wconf 86' lang='lat' dir='ltr'><strong>pus</strong></span> <span class='ocrx_word' id='word_1_584' title='bbox 2172 3484 2482 3553; x_wconf 90' lang='lat' dir='ltr'><strong>procedant,</strong></span> <span class='ocrx_word' id='word_1_585' title='bbox 2507 3486 2625 3540; x_wconf 89' lang='lat' dir='ltr'><strong>sive</strong></span> <span class='ocrx_word' id='word_1_586' title='bbox 2654 3484 2795 3538; x_wconf 89' lang='lat' dir='ltr'><strong>alius</strong></span> <span class='ocrx_word' id='word_1_587' title='bbox 2834 3484 3074 3554; x_wconf 90' lang='lat' dir='ltr'><strong>utrisque</strong></span> <span class='ocrx_word' id='word_1_588' title='bbox 3106 3485 3237 3538; x_wconf 87' lang='lat' dir='ltr'><strong>insit</strong></span> <span class='ocrx_word' id='word_1_589' title='bbox 3266 3486 3475 3553; x_wconf 86' lang='lat' dir='ltr'><strong>modus,</strong></span> <span class='ocrx_word' id='word_1_590' title='bbox 3508 3489 3624 3542; x_wconf 85' lang='lat' dir='ltr'><strong>sive</strong></span> 
     </span>
    </p>
   </div>
   <div class='ocr_carea' id='block_1_81' title="bbox 2044 3574 3620 3647">
    <p class='ocr_par' dir='ltr' id='par_1_81' title="bbox 2044 3574 3620 3647">
     <span class='ocr_line' id='line_1_81' title="bbox 2044 3574 3620 3647; baseline 0.004 -19"><span class='ocrx_word' id='word_1_591' title='bbox 2044 3574 2111 3629; x_wconf 88' lang='lat' dir='ltr'><strong>ad</strong></span> <span class='ocrx_word' id='word_1_592' title='bbox 2140 3575 2272 3629; x_wconf 91' lang='lat' dir='ltr'><strong>alias</strong></span> <span class='ocrx_word' id='word_1_593' title='bbox 2296 3584 2475 3644; x_wconf 89' lang='lat' dir='ltr'><strong>partes</strong></span> <span class='ocrx_word' id='word_1_594' title='bbox 2509 3577 2592 3631; x_wconf 89' lang='lat' dir='ltr'><strong>vel</strong></span> <span class='ocrx_word' id='word_1_595' title='bbox 2623 3575 2692 3630; x_wconf 89' lang='lat' dir='ltr'><strong>ad</strong></span> <span class='ocrx_word' id='word_1_596' title='bbox 2729 3576 2929 3647; x_wconf 90' lang='lat' dir='ltr'><strong>aliquid</strong></span> <span class='ocrx_word' id='word_1_597' title='bbox 2952 3576 3094 3631; x_wconf 88' lang='lat' dir='ltr'><strong>aliud</strong></span> <span class='ocrx_word' id='word_1_598' title='bbox 3116 3576 3438 3644; x_wconf 87' lang='lat' dir='ltr'><strong>referantur,</strong></span> <span class='ocrx_word' id='word_1_599' title='bbox 3466 3593 3620 3634; x_wconf 88' lang='lat' dir='ltr'><strong>veras</strong></span> 
     </span>
    </p>
   </div>
   <div class='ocr_carea' id='block_1_82' title="bbox 2047 3669 3625 3740">
    <p class='ocr_par' dir='ltr' id='par_1_82' title="bbox 2047 3669 3625 3740">
     <span class='ocr_line' id='line_1_82' title="bbox 2047 3669 3625 3740; baseline 0.004 -18"><span class='ocrx_word' id='word_1_600' title='bbox 2047 3676 2301 3736; x_wconf 85' lang='lat' dir='ltr'><strong>utrasque</strong></span> <span class='ocrx_word' id='word_1_601' title='bbox 2345 3683 2469 3724; x_wconf 91' lang='lat' dir='ltr'><strong>esse</strong></span> <span class='ocrx_word' id='word_1_602' title='bbox 2496 3669 2777 3739; x_wconf 90' lang='lat' dir='ltr'><strong>contingit.</strong></span> <span class='ocrx_word' id='word_1_603' title='bbox 2829 3672 2942 3740; x_wconf 84' lang='lat' dir='ltr'><strong>Age</strong></span> <span class='ocrx_word' id='word_1_604' title='bbox 2984 3669 3126 3725; x_wconf 91' lang='lat' dir='ltr'><strong>enim</strong></span> <span class='ocrx_word' id='word_1_605' title='bbox 3156 3671 3486 3740; x_wconf 75' lang='lat' dir='ltr'><strong>tequivocum</strong></span> <span class='ocrx_word' id='word_1_606' title='bbox 3517 3681 3625 3729; x_wconf 88' lang='lat' dir='ltr'><strong>ter-</strong></span> 
     </span>
    </p>
   </div>
   <div class='ocr_carea' id='block_1_83' title="bbox 2048 3761 3624 3831">
    <p class='ocr_par' dir='ltr' id='par_1_83' title="bbox 2048 3761 3624 3831">
     <span class='ocr_line' id='line_1_83' title="bbox 2048 3761 3624 3831; baseline 0.004 -16"><span class='ocrx_word' id='word_1_607' title='bbox 2048 3762 2249 3820; x_wconf 89' lang='lat' dir='ltr'><strong>minum</strong></span> <span class='ocrx_word' id='word_1_608' title='bbox 2289 3772 2465 3816; x_wconf 89' lang='lat' dir='ltr'><strong>sumat</strong></span> <span class='ocrx_word' id='word_1_609' title='bbox 2518 3762 2821 3826; x_wconf 87' lang='lat' dir='ltr'><strong>afﬁrmatio,</strong></span> <span class='ocrx_word' id='word_1_610' title='bbox 2875 3762 3143 3831; x_wconf 90' lang='lat' dir='ltr'><strong>dicatque,</strong></span> <span class='ocrx_word' id='word_1_611' title='bbox 3178 3761 3311 3817; x_wconf 85' lang='lat' dir='ltr'><strong>Cato</strong></span> <span class='ocrx_word' id='word_1_612' title='bbox 3367 3764 3535 3819; x_wconf 67' lang='lat' dir='ltr'><strong>Utica:</strong></span> <span class='ocrx_word' id='word_1_613' title='bbox 3564 3779 3624 3821; x_wconf 91' lang='lat' dir='ltr'><strong>se</strong></span> 
     </span>
    </p>
   </div>
   <div class='ocr_carea' id='block_1_84' title="bbox 2048 3851 3628 3923">
    <p class='ocr_par' dir='ltr' id='par_1_84' title="bbox 2048 3851 3628 3923">
     <span class='ocr_line' id='line_1_84' title="bbox 2048 3851 3628 3923; baseline 0.002 -16"><span class='ocrx_word' id='word_1_614' title='bbox 2048 3854 2299 3922; x_wconf 90' lang='lat' dir='ltr'><strong>peremit,</strong></span> <span class='ocrx_word' id='word_1_615' title='bbox 2331 3862 2596 3923; x_wconf 88' lang='lat' dir='ltr'><strong>negetque</strong></span> <span class='ocrx_word' id='word_1_616' title='bbox 2624 3853 2855 3921; x_wconf 83' lang='lat' dir='ltr'><strong>negatio,</strong></span> <span class='ocrx_word' id='word_1_617' title='bbox 2890 3851 3022 3906; x_wconf 88' lang='lat' dir='ltr'><strong>Cato</strong></span> <span class='ocrx_word' id='word_1_618' title='bbox 3056 3867 3115 3905; x_wconf 92' lang='lat' dir='ltr'><strong>se</strong></span> <span class='ocrx_word' id='word_1_619' title='bbox 3157 3852 3324 3908; x_wconf 72' lang='lat' dir='ltr'><strong>Uticae</strong></span> <span class='ocrx_word' id='word_1_620' title='bbox 3362 3870 3467 3909; x_wconf 90' lang='lat' dir='ltr'><strong>non</strong></span> <span class='ocrx_word' id='word_1_621' title='bbox 3508 3871 3628 3923; x_wconf 87' lang='lat' dir='ltr'><strong>per-</strong></span> 
     </span>
    </p>
   </div>
   <div class='ocr_carea' id='block_1_85' title="bbox 2051 3946 3628 4015">
    <p class='ocr_par' dir='ltr' id='par_1_85' title="bbox 2051 3946 3628 4015">
     <span class='ocr_line' id='line_1_85' title="bbox 2051 3946 3628 4015; baseline 0.003 -16"><span class='ocrx_word' id='word_1_622' title='bbox 2051 3947 2203 4000; x_wconf 87' lang='lat' dir='ltr'><strong>emit.</strong></span> <span class='ocrx_word' id='word_1_623' title='bbox 2239 3947 2335 4001; x_wconf 91' lang='lat' dir='ltr'><strong>llic</strong></span> <span class='ocrx_word' id='word_1_624' title='bbox 2364 3946 2525 4015; x_wconf 85' lang='lat' dir='ltr'><strong>igitur</strong></span> <span class='ocrx_word' id='word_1_625' title='bbox 2563 3954 2801 4013; x_wconf 68' lang='lat' dir='ltr'><strong>utraeque</strong></span> <span class='ocrx_word' id='word_1_626' title='bbox 2837 3953 2963 3998; x_wconf 89' lang='lat' dir='ltr'><strong>sunt</strong></span> <span class='ocrx_word' id='word_1_627' title='bbox 3004 3960 3163 4010; x_wconf 73' lang='lat' dir='ltr'><strong>verae,</strong></span> <span class='ocrx_word' id='word_1_628' title='bbox 3196 3950 3450 4014; x_wconf 87' lang='lat' dir='ltr'><strong>quoniam</strong></span> <span class='ocrx_word' id='word_1_629' title='bbox 3494 3951 3628 4003; x_wconf 83' lang='lat' dir='ltr'><strong>Cato</strong></span> 
     </span>
    </p>
   </div>
   <div class='ocr_carea' id='block_1_86' title="bbox 2051 4034 3631 4104">
    <p class='ocr_par' dir='ltr' id='par_1_86' title="bbox 2051 4034 3631 4104">
     <span class='ocr_line' id='line_1_86' title="bbox 2051 4034 3631 4104; baseline 0.003 -14"><span class='ocrx_word' id='word_1_630' title='bbox 2051 4036 2380 4104; x_wconf 87' lang='lat' dir='ltr'><strong>aequivocum</strong></span> <span class='ocrx_word' id='word_1_631' title='bbox 2411 4044 2516 4090; x_wconf 93' lang='lat' dir='ltr'><strong>est.</strong></span> <span class='ocrx_word' id='word_1_632' title='bbox 2544 4034 2783 4104; x_wconf 83' lang='lat' dir='ltr'><strong>Namque</strong></span> <span class='ocrx_word' id='word_1_633' title='bbox 2823 4034 2953 4088; x_wconf 88' lang='lat' dir='ltr'><strong>Cato</strong></span> <span class='ocrx_word' id='word_1_634' title='bbox 2997 4038 3279 4103; x_wconf 67' lang='lat' dir='ltr'><strong>praetorius</strong></span> <span class='ocrx_word' id='word_1_635' title='bbox 3326 4037 3496 4093; x_wconf 75' lang='lat' dir='ltr'><strong>Uticae</strong></span> <span class='ocrx_word' id='word_1_636' title='bbox 3522 4039 3631 4094; x_wconf 87' lang='lat' dir='ltr'><strong>sibi</strong></span> 
     </span>
    </p>
   </div>
   <div class='ocr_carea' id='block_1_87' title="bbox 2052 4125 3633 4193">
    <p class='ocr_par' dir='ltr' id='par_1_87' title="bbox 2052 4125 3633 4193">
     <span class='ocr_line' id='line_1_87' title="bbox 2052 4125 3633 4193; baseline 0.003 -10"><span class='ocrx_word' id='word_1_637' title='bbox 2052 4142 2242 4183; x_wconf 87' lang='lat' dir='ltr'><strong>manus</strong></span> <span class='ocrx_word' id='word_1_638' title='bbox 2270 4126 2468 4193; x_wconf 87' lang='lat' dir='ltr'><strong>intulit,</strong></span> <span class='ocrx_word' id='word_1_639' title='bbox 2517 4125 2651 4183; x_wconf 90' lang='lat' dir='ltr'><strong>Cato</strong></span> <span class='ocrx_word' id='word_1_640' title='bbox 2705 4142 2832 4182; x_wconf 89' lang='lat' dir='ltr'><strong>vero</strong></span> <span class='ocrx_word' id='word_1_641' title='bbox 2884 4128 3162 4182; x_wconf 89' lang='lat' dir='ltr'><strong>censorius</strong></span> <span class='ocrx_word' id='word_1_642' title='bbox 3213 4130 3451 4185; x_wconf 89' lang='lat' dir='ltr'><strong>minime.</strong></span> <span class='ocrx_word' id='word_1_643' title='bbox 3495 4130 3633 4187; x_wconf 87' lang='lat' dir='ltr'><strong>Item</strong></span> 
     </span>
    </p>
   </div>
   <div class='ocr_carea' id='block_1_88' title="bbox 2056 4218 3631 4291">
    <p class='ocr_par' dir='ltr' id='par_1_88' title="bbox 2056 4218 3631 4291">
     <span class='ocr_line' id='line_1_88' title="bbox 2056 4218 3631 4291; baseline 0.001 -17"><span class='ocrx_word' id='word_1_644' title='bbox 2056 4227 2384 4289; x_wconf 89' lang='lat' dir='ltr'><strong>proponatur</strong></span> <span class='ocrx_word' id='word_1_645' title='bbox 2405 4218 2727 4273; x_wconf 88' lang='lat' dir='ltr'><strong>afﬁrmativa</strong></span> <span class='ocrx_word' id='word_1_646' title='bbox 2748 4218 2849 4273; x_wconf 92' lang='lat' dir='ltr'><strong>hoc</strong></span> <span class='ocrx_word' id='word_1_647' title='bbox 2876 4218 3056 4285; x_wconf 90' lang='lat' dir='ltr'><strong>modo,</strong></span> <span class='ocrx_word' id='word_1_648' title='bbox 3084 4218 3249 4275; x_wconf 83' lang='lat' dir='ltr'><strong>Nocte</strong></span> <span class='ocrx_word' id='word_1_649' title='bbox 3278 4219 3439 4286; x_wconf 92' lang='lat' dir='ltr'><strong>lucet,</strong></span> <span class='ocrx_word' id='word_1_650' title='bbox 3471 4236 3631 4291; x_wconf 80' lang='lat' dir='ltr'><strong>nega-</strong></span> 
     </span>
    </p>
   </div>
   <div class='ocr_carea' id='block_1_89' title="bbox 2057 4314 3633 4386">
    <p class='ocr_par' dir='ltr' id='par_1_89' title="bbox 2057 4314 3633 4386">
     <span class='ocr_line' id='line_1_89' title="bbox 2057 4314 3633 4386; baseline 0.001 -15"><span class='ocrx_word' id='word_1_651' title='bbox 2057 4316 2134 4371; x_wconf 93' lang='lat' dir='ltr'><strong>tio</strong></span> <span class='ocrx_word' id='word_1_652' title='bbox 2161 4316 2509 4386; x_wconf 88' lang='lat' dir='ltr'><strong>respondeat,</strong></span> <span class='ocrx_word' id='word_1_653' title='bbox 2543 4314 2710 4371; x_wconf 88' lang='lat' dir='ltr'><strong>Nocte</strong></span> <span class='ocrx_word' id='word_1_654' title='bbox 2761 4332 2867 4371; x_wconf 88' lang='lat' dir='ltr'><strong>nou</strong></span> <span class='ocrx_word' id='word_1_655' title='bbox 2891 4315 3051 4372; x_wconf 91' lang='lat' dir='ltr'><strong>lucet.</strong></span> <span class='ocrx_word' id='word_1_656' title='bbox 3100 4314 3197 4372; x_wconf 84' lang='lat' dir='ltr'><strong>Hic</strong></span> <span class='ocrx_word' id='word_1_657' title='bbox 3246 4315 3403 4386; x_wconf 67' lang='lat' dir='ltr'><strong>igitur</strong></span> <span class='ocrx_word' id='word_1_658' title='bbox 3451 4317 3633 4373; x_wconf 89' lang='lat' dir='ltr'><strong>lucere</strong></span> 
     </span>
    </p>
   </div>
   <div class='ocr_carea' id='block_1_90' title="bbox 2058 4408 3635 4479">
    <p class='ocr_par' dir='ltr' id='par_1_90' title="bbox 2058 4408 3635 4479">
     <span class='ocr_line' id='line_1_90' title="bbox 2058 4408 3635 4479; baseline 0.001 -17"><span class='ocrx_word' id='word_1_659' title='bbox 2058 4409 2390 4478; x_wconf 86' lang='lat' dir='ltr'><strong>aequivocum</strong></span> <span class='ocrx_word' id='word_1_660' title='bbox 2416 4418 2517 4465; x_wconf 89' lang='lat' dir='ltr'><strong>est.</strong></span> <span class='ocrx_word' id='word_1_661' title='bbox 2550 4410 2728 4479; x_wconf 84' lang='lat' dir='ltr'><strong>Atque</strong></span> <span class='ocrx_word' id='word_1_662' title='bbox 2769 4409 2892 4464; x_wconf 90' lang='lat' dir='ltr'><strong>ideo</strong></span> <span class='ocrx_word' id='word_1_663' title='bbox 2922 4408 3051 4463; x_wconf 90' lang='lat' dir='ltr'><strong>nihil</strong></span> <span class='ocrx_word' id='word_1_664' title='bbox 3082 4408 3306 4477; x_wconf 90' lang='lat' dir='ltr'><strong>impedit</strong></span> <span class='ocrx_word' id='word_1_665' title='bbox 3346 4410 3635 4478; x_wconf 86' lang='lat' dir='ltr'><strong>quominus</strong></span> 
     </span>
    </p>
   </div>
   <div class='ocr_carea' id='block_1_91' title="bbox 2064 4501 3637 4573">
    <p class='ocr_par' dir='ltr' id='par_1_91' title="bbox 2064 4501 3637 4573">
     <span class='ocr_line' id='line_1_91' title="bbox 2064 4501 3637 4573; baseline 0.002 -18"><span class='ocrx_word' id='word_1_666' title='bbox 2064 4511 2301 4572; x_wconf 77' lang='lat' dir='ltr'><strong>utraeque</strong></span> <span class='ocrx_word' id='word_1_667' title='bbox 2329 4503 2382 4557; x_wconf 92' lang='lat' dir='ltr'><strong>in</strong></span> <span class='ocrx_word' id='word_1_668' title='bbox 2412 4504 2636 4558; x_wconf 87' lang='lat' dir='ltr'><strong>veritate</strong></span> <span class='ocrx_word' id='word_1_669' title='bbox 2667 4509 3034 4570; x_wconf 90' lang='lat' dir='ltr'><strong>permaneant.</strong></span> <span class='ocrx_word' id='word_1_670' title='bbox 3076 4501 3374 4555; x_wconf 84' lang='lat' dir='ltr'><strong>Afﬁrmatio</strong></span> <span class='ocrx_word' id='word_1_671' title='bbox 3403 4515 3637 4573; x_wconf 78' lang='lat' dir='ltr'><strong>namque</strong></span> 
     </span>
    </p>
   </div>
   <div class='ocr_carea' id='block_1_92' title="bbox 378 4589 3641 4665">
    <p class='ocr_par' dir='ltr' id='par_1_92' title="bbox 378 4589 3641 4665">
     <span class='ocr_line' id='line_1_92' title="bbox 378 4589 3641 4665; baseline -0.001 -13"><span class='ocrx_word' id='word_1_672' title='bbox 378 4592 774 4665; x_wconf 84' lang='lat' dir='ltr'><strong>indeﬁnitarum</strong></span> <span class='ocrx_word' id='word_1_673' title='bbox 812 4594 1096 4651; x_wconf 86' lang='lat' dir='ltr'><strong>collatione</strong></span> <span class='ocrx_word' id='word_1_674' title='bbox 1131 4592 1468 4663; x_wconf 74' lang='lat' dir='ltr'><strong>proveniunt.</strong></span> <span class='ocrx_word' id='word_1_675' title='bbox 1502 4591 1708 4645; x_wconf 78' lang='lat' dir='ltr'><strong>Rursus</strong></span> <span class='ocrx_word' id='word_1_676' title='bbox 1757 4589 1952 4644; x_wconf 78' lang='lat' dir='ltr'><strong>indeﬁ-</strong></span> <span class='ocrx_word' id='word_1_677' title='bbox 1979 4601 2033 4662; x_wconf 75' lang='grc' dir='ltr'><strong>Β</strong></span> <span class='ocrx_word' id='word_1_678' title='bbox 2059 4610 2181 4652; x_wconf 91' lang='lat' dir='ltr'><strong>cum</strong></span> <span class='ocrx_word' id='word_1_679' title='bbox 2208 4597 2339 4651; x_wconf 90' lang='lat' dir='ltr'><strong>dicit</strong></span> <span class='ocrx_word' id='word_1_680' title='bbox 2360 4595 2541 4651; x_wconf 90' lang='lat' dir='ltr'><strong>lucere</strong></span> <span class='ocrx_word' id='word_1_681' title='bbox 2570 4602 2748 4660; x_wconf 91' lang='lat' dir='ltr'><strong>nocte,</strong></span> <span class='ocrx_word' id='word_1_682' title='bbox 2771 4592 3361 4661; x_wconf 76' lang='lat' dir='ltr'><strong>lunteloquiturlucem.</strong></span> <span class='ocrx_word' id='word_1_683' title='bbox 3392 4594 3481 4649; x_wconf 86' lang='lat' dir='ltr'><strong>Illa</strong></span> <span class='ocrx_word' id='word_1_684' title='bbox 3504 4601 3641 4650; x_wconf 87' lang='lat' dir='ltr'><strong>vero‘</strong></span> 
     </span>
    </p>
   </div>
   <div class='ocr_carea' id='block_1_93' title="bbox 382 4680 1957 4758">
    <p class='ocr_par' dir='ltr' id='par_1_93' title="bbox 382 4680 1957 4758">
     <span class='ocr_line' id='line_1_93' title="bbox 382 4680 1957 4758; baseline -0.004 -16"><span class='ocrx_word' id='word_1_685' title='bbox 382 4687 524 4742; x_wconf 90' lang='lat' dir='ltr'><strong>nitas</strong></span> <span class='ocrx_word' id='word_1_686' title='bbox 549 4688 778 4758; x_wconf 88' lang='lat' dir='ltr'><strong>primum</strong></span> <span class='ocrx_word' id='word_1_687' title='bbox 819 4686 975 4741; x_wconf 88' lang='lat' dir='ltr'><strong>falsas</strong></span> <span class='ocrx_word' id='word_1_688' title='bbox 1000 4693 1235 4751; x_wconf 88' lang='lat' dir='ltr'><strong>constet,</strong></span> <span class='ocrx_word' id='word_1_689' title='bbox 1260 4682 1588 4737; x_wconf 88' lang='lat' dir='ltr'><strong>universales</strong></span> <span class='ocrx_word' id='word_1_690' title='bbox 1616 4695 1828 4750; x_wconf 89' lang='lat' dir='ltr'><strong>quoque</strong></span> <span class='ocrx_word' id='word_1_691' title='bbox 1856 4680 1957 4735; x_wconf 83' lang='lat' dir='ltr'><strong>&#39;n&#39;e-</strong></span> 
     </span>
    </p>
   </div>
   <div class='ocr_carea' id='block_1_94' title="bbox 383 4770 1961 4841">
    <p class='ocr_par' dir='ltr' id='par_1_94' title="bbox 383 4770 1961 4841">
     <span class='ocr_line' id='line_1_94' title="bbox 383 4770 1961 4841; baseline -0.006 -7"><span class='ocrx_word' id='word_1_692' title='bbox 383 4788 645 4834; x_wconf 81' lang='lat' dir='ltr'><strong>cesseest</strong></span> <span class='ocrx_word' id='word_1_693' title='bbox 667 4792 787 4835; x_wconf 89' lang='lat' dir='ltr'><strong>esse</strong></span> <span class='ocrx_word' id='word_1_694' title='bbox 812 4776 1118 4841; x_wconf 89' lang='lat' dir='ltr'><strong>mendaces,</strong></span> <span class='ocrx_word' id='word_1_695' title='bbox 1147 4786 1206 4831; x_wconf 91' lang='lat' dir='ltr'><strong>ut</strong></span> <span class='ocrx_word' id='word_1_696' title='bbox 1246 4775 1291 4828; x_wconf 90' lang='lat' dir='ltr'><strong>si</strong></span> <span class='ocrx_word' id='word_1_697' title='bbox 1318 4774 1511 4828; x_wconf 87' lang='lat' dir='ltr'><strong>falsum</strong></span> <span class='ocrx_word' id='word_1_698' title='bbox 1538 4773 1608 4828; x_wconf 88' lang='lat' dir='ltr'><strong>sit</strong></span> <span class='ocrx_word' id='word_1_699' title='bbox 1635 4786 1756 4827; x_wconf 88' lang='lat' dir='ltr'><strong>esse</strong></span> <span class='ocrx_word' id='word_1_700' title='bbox 1787 4770 1961 4825; x_wconf 87' lang='lat' dir='ltr'><strong>homi-</strong></span> 
     </span>
    </p>
   </div>
   <div class='ocr_carea' id='block_1_95' title="bbox 382 4859 1960 4939">
    <p class='ocr_par' dir='ltr' id='par_1_95' title="bbox 382 4859 1960 4939">
     <span class='ocr_line' id='line_1_95' title="bbox 382 4859 1960 4939; baseline -0.006 -16"><span class='ocrx_word' id='word_1_701' title='bbox 382 4883 507 4923; x_wconf 88' lang='lat' dir='ltr'><strong>nem</strong></span> <span class='ocrx_word' id='word_1_702' title='bbox 530 4869 753 4939; x_wconf 90' lang='lat' dir='ltr'><strong>justum,</strong></span> <span class='ocrx_word' id='word_1_703' title='bbox 803 4868 992 4924; x_wconf 89' lang='lat' dir='ltr'><strong>falsum</strong></span> <span class='ocrx_word' id='word_1_704' title='bbox 1029 4868 1132 4923; x_wconf 90' lang='lat' dir='ltr'><strong>erit</strong></span> <span class='ocrx_word' id='word_1_705' title='bbox 1166 4879 1381 4920; x_wconf 91' lang='lat' dir='ltr'><strong>omnem</strong></span> <span class='ocrx_word' id='word_1_706' title='bbox 1426 4863 1700 4918; x_wconf 90' lang='lat' dir='ltr'><strong>hominem</strong></span> <span class='ocrx_word' id='word_1_707' title='bbox 1731 4875 1852 4916; x_wconf 91' lang='lat' dir='ltr'><strong>esse</strong></span> <span class='ocrx_word' id='word_1_708' title='bbox 1871 4859 1960 4929; x_wconf 89' lang='lat' dir='ltr'><strong>ju-</strong></span> 
     </span>
    </p>
   </div>
   <div class='ocr_carea' id='block_1_96' title="bbox 382 4954 1957 5031">
    <p class='ocr_par' dir='ltr' id='par_1_96' title="bbox 382 4954 1957 5031">
     <span class='ocr_line' id='line_1_96' title="bbox 382 4954 1957 5031; baseline -0.004 -16"><span class='ocrx_word' id='word_1_709' title='bbox 382 4968 552 5024; x_wconf 89' lang='lat' dir='ltr'><strong>stum,</strong></span> <span class='ocrx_word' id='word_1_710' title='bbox 579 4960 1008 5031; x_wconf 85' lang='lat' dir='ltr'><strong>quandoquidem</strong></span> <span class='ocrx_word' id='word_1_711' title='bbox 1033 4974 1143 5015; x_wconf 93' lang='lat' dir='ltr'><strong>non</strong></span> <span class='ocrx_word' id='word_1_712' title='bbox 1172 4960 1317 5030; x_wconf 86' lang='lat' dir='ltr'><strong>capit</strong></span> <span class='ocrx_word' id='word_1_713' title='bbox 1337 4958 1639 5023; x_wconf 88' lang='lat' dir='ltr'><strong>veritatem,</strong></span> <span class='ocrx_word' id='word_1_714' title='bbox 1690 4957 1735 5010; x_wconf 92' lang='lat' dir='ltr'><strong>si</strong></span> <span class='ocrx_word' id='word_1_715' title='bbox 1778 4954 1957 5025; x_wconf 90' lang='lat' dir='ltr'><strong>justus</strong></span> 
     </span>
    </p>
   </div>
   <div class='ocr_carea' id='block_1_97' title="bbox 382 5049 1963 5121">
    <p class='ocr_par' dir='ltr' id='par_1_97' title="bbox 382 5049 1963 5121">
     <span class='ocr_line' id='line_1_97' title="bbox 382 5049 1963 5121; baseline -0.003 -14"><span class='ocrx_word' id='word_1_716' title='bbox 382 5051 470 5107; x_wconf 83' lang='lat' dir='ltr'><strong>vel</strong></span> <span class='ocrx_word' id='word_1_717' title='bbox 496 5065 633 5106; x_wconf 89' lang='lat' dir='ltr'><strong>unus</strong></span> <span class='ocrx_word' id='word_1_718' title='bbox 662 5053 821 5109; x_wconf 89' lang='lat' dir='ltr'><strong>homo</strong></span> <span class='ocrx_word' id='word_1_719' title='bbox 851 5068 958 5108; x_wconf 92' lang='lat' dir='ltr'><strong>non</strong></span> <span class='ocrx_word' id='word_1_720' title='bbox 982 5052 1160 5121; x_wconf 85' lang='lat' dir='ltr'><strong>fuerit.</strong></span> <span class='ocrx_word' id='word_1_721' title='bbox 1193 5051 1346 5119; x_wconf 89' lang='lat' dir='ltr'><strong>Item,</strong></span> <span class='ocrx_word' id='word_1_722' title='bbox 1375 5051 1420 5106; x_wconf 89' lang='lat' dir='ltr'><strong>si</strong></span> <span class='ocrx_word' id='word_1_723' title='bbox 1446 5050 1718 5106; x_wconf 78' lang='lat' dir='ltr'><strong>indefinite</strong></span> <span class='ocrx_word' id='word_1_724' title='bbox 1750 5049 1963 5120; x_wconf 87' lang='lat' dir='ltr'><strong>negatio</strong></span> 
     </span>
    </p>
   </div>
   <div class='ocr_carea' id='block_1_98' title="bbox 382 5136 1959 5211">
    <p class='ocr_par' dir='ltr' id='par_1_98' title="bbox 382 5136 1959 5211">
     <span class='ocr_line' id='line_1_98' title="bbox 382 5136 1959 5211; baseline -0.001 -15"><span class='ocrx_word' id='word_1_725' title='bbox 382 5141 689 5208; x_wconf 89' lang='lat' dir='ltr'><strong>mentiatur,</strong></span> <span class='ocrx_word' id='word_1_726' title='bbox 716 5158 901 5198; x_wconf 90' lang='lat' dir='ltr'><strong>verum</strong></span> <span class='ocrx_word' id='word_1_727' title='bbox 947 5136 1267 5199; x_wconf 87' lang='lat' dir='ltr'><strong>universalis</strong></span> <span class='ocrx_word' id='word_1_728' title='bbox 1310 5142 1521 5211; x_wconf 88' lang='lat' dir='ltr'><strong>negatio</strong></span> <span class='ocrx_word' id='word_1_729' title='bbox 1566 5156 1674 5195; x_wconf 93' lang='lat' dir='ltr'><strong>non</strong></span> <span class='ocrx_word' id='word_1_730' title='bbox 1719 5140 1959 5208; x_wconf 87' lang='lat' dir='ltr'><strong>habebit,</strong></span> 
     </span>
    </p>
   </div>
   <div class='ocr_carea' id='block_1_99' title="bbox 381 5231 1963 5303">
    <p class='ocr_par' dir='ltr' id='par_1_99' title="bbox 381 5231 1963 5303">
     <span class='ocr_line' id='line_1_99' title="bbox 381 5231 1963 5303; baseline 0 -17"><span class='ocrx_word' id='word_1_731' title='bbox 381 5232 546 5287; x_wconf 73' lang='lat' dir='ltr'><strong>Veluti</strong></span> <span class='ocrx_word' id='word_1_732' title='bbox 596 5234 643 5287; x_wconf 88' lang='lat' dir='ltr'><strong>si</strong></span> <span class='ocrx_word' id='word_1_733' title='bbox 672 5231 808 5288; x_wconf 89' lang='lat' dir='ltr'><strong>falsa</strong></span> <span class='ocrx_word' id='word_1_734' title='bbox 851 5234 923 5289; x_wconf 80' lang='lat' dir='ltr'><strong>sit</strong></span> <span class='ocrx_word' id='word_1_735' title='bbox 967 5248 1029 5289; x_wconf 90' lang='lat' dir='ltr'><strong>ea</strong></span> <span class='ocrx_word' id='word_1_736' title='bbox 1060 5246 1181 5303; x_wconf 65' lang='lat' dir='ltr'><strong>quae</strong></span> <span class='ocrx_word' id='word_1_737' title='bbox 1211 5233 1343 5289; x_wconf 88' lang='lat' dir='ltr'><strong>dicit</strong></span> <span class='ocrx_word' id='word_1_738' title='bbox 1391 5233 1663 5287; x_wconf 90' lang='lat' dir='ltr'><strong>hominem</strong></span> <span class='ocrx_word' id='word_1_739' title='bbox 1696 5246 1801 5286; x_wconf 91' lang='lat' dir='ltr'><strong>non</strong></span> <span class='ocrx_word' id='word_1_740' title='bbox 1839 5244 1963 5287; x_wconf 91' lang='lat' dir='ltr'><strong>esse</strong></span> 
     </span>
    </p>
   </div>
   <div class='ocr_carea' id='block_1_100' title="bbox 380 5322 1962 5395">
    <p class='ocr_par' dir='ltr' id='par_1_100' title="bbox 380 5322 1962 5395">
     <span class='ocr_line' id='line_1_100' title="bbox 380 5322 1962 5395; baseline -0.001 -18"><span class='ocrx_word' id='word_1_741' title='bbox 380 5322 604 5393; x_wconf 87' lang='lat' dir='ltr'><strong>justum,</strong></span> <span class='ocrx_word' id='word_1_742' title='bbox 649 5324 1080 5395; x_wconf 88' lang='lat' dir='ltr'><strong>quandoquidem</strong></span> <span class='ocrx_word' id='word_1_743' title='bbox 1126 5339 1233 5379; x_wconf 92' lang='lat' dir='ltr'><strong>non</strong></span> <span class='ocrx_word' id='word_1_744' title='bbox 1279 5332 1452 5394; x_wconf 90' lang='lat' dir='ltr'><strong>potest</strong></span> <span class='ocrx_word' id='word_1_745' title='bbox 1494 5324 1863 5378; x_wconf 87' lang='lat' dir='ltr'><strong>universaliter</strong></span> <span class='ocrx_word' id='word_1_746' title='bbox 1893 5324 1962 5377; x_wconf 88' lang='lat' dir='ltr'><strong>ab</strong></span> 
     </span>
    </p>
   </div>
   <div class='ocr_carea' id='block_1_101' title="bbox 384 5412 1965 5485">
    <p class='ocr_par' dir='ltr' id='par_1_101' title="bbox 384 5412 1965 5485">
     <span class='ocr_line' id='line_1_101' title="bbox 384 5412 1965 5485; baseline -0.001 -17"><span class='ocrx_word' id='word_1_747' title='bbox 384 5412 602 5469; x_wconf 86' lang='lat' dir='ltr'><strong>homine</strong></span> <span class='ocrx_word' id='word_1_748' title='bbox 638 5414 924 5485; x_wconf 84' lang='lat' dir='ltr'><strong>denegari,</strong></span> <span class='ocrx_word' id='word_1_749' title='bbox 970 5417 1013 5470; x_wconf 90' lang='lat' dir='ltr'><strong>si</strong></span> <span class='ocrx_word' id='word_1_750' title='bbox 1060 5415 1152 5477; x_wconf 77' lang='lat' dir='ltr'><strong>vel</strong></span> <span class='ocrx_word' id='word_1_751' title='bbox 1181 5416 1276 5469; x_wconf 90' lang='lat' dir='ltr'><strong>uni</strong></span> <span class='ocrx_word' id='word_1_752' title='bbox 1326 5414 1604 5467; x_wconf 91' lang='lat' dir='ltr'><strong>hominum</strong></span> <span class='ocrx_word' id='word_1_753' title='bbox 1653 5412 1965 5482; x_wconf 84' lang='lat' dir='ltr'><strong>probabitur</strong></span> 
     </span>
    </p>
   </div>
   <div class='ocr_carea' id='block_1_102' title="bbox 381 5501 1963 5575">
    <p class='ocr_par' dir='ltr' id='par_1_102' title="bbox 381 5501 1963 5575">
     <span class='ocr_line' id='line_1_102' title="bbox 381 5501 1963 5575; baseline 0.001 -20"><span class='ocrx_word' id='word_1_754' title='bbox 381 5501 815 5569; x_wconf 87' lang='lat' dir='ltr'><strong>adessejustitia.</strong></span> <span class='ocrx_word' id='word_1_755' title='bbox 861 5504 932 5560; x_wconf 81' lang='lat' dir='ltr'><strong>At</strong></span> <span class='ocrx_word' id='word_1_756' title='bbox 958 5508 1003 5558; x_wconf 86' lang='lat' dir='ltr'><strong>si</strong></span> <span class='ocrx_word' id='word_1_757' title='bbox 1032 5503 1331 5575; x_wconf 64' lang='lat' dir='ltr'><strong>indeﬁnite;</strong></span> <span class='ocrx_word' id='word_1_758' title='bbox 1360 5505 1681 5558; x_wconf 89' lang='lat' dir='ltr'><strong>sententiam</strong></span> <span class='ocrx_word' id='word_1_759' title='bbox 1723 5502 1963 5557; x_wconf 90' lang='lat' dir='ltr'><strong>veritatis</strong></span> 
     </span>
    </p>
   </div>
   <div class='ocr_carea' id='block_1_103' title="bbox 385 5582 1966 5660">
    <p class='ocr_par' dir='ltr' id='par_1_103' title="bbox 385 5582 1966 5660">
     <span class='ocr_line' id='line_1_103' title="bbox 385 5582 1966 5660; baseline 0.003 -14"><span class='ocrx_word' id='word_1_760' title='bbox 385 5593 689 5657; x_wconf 82' lang='lat' dir='ltr'><strong>obtineant,</strong></span> <span class='ocrx_word' id='word_1_761' title='bbox 719 5582 1053 5649; x_wconf 78' lang='lat' dir='ltr'><strong>universales</strong></span> <span class='ocrx_word' id='word_1_762' title='bbox 1085 5605 1196 5649; x_wconf 92' lang='lat' dir='ltr'><strong>tum</strong></span> <span class='ocrx_word' id='word_1_763' title='bbox 1225 5609 1401 5660; x_wconf 87' lang='lat' dir='ltr'><strong>veras,</strong></span> <span class='ocrx_word' id='word_1_764' title='bbox 1445 5604 1556 5649; x_wconf 85' lang='lat' dir='ltr'><strong>tum</strong></span> <span class='ocrx_word' id='word_1_765' title='bbox 1583 5594 1796 5651; x_wconf 86' lang='lat' dir='ltr'><strong>eveniet</strong></span> <span class='ocrx_word' id='word_1_766' title='bbox 1847 5608 1966 5650; x_wconf 83' lang='lat' dir='ltr'><strong>esse</strong></span> 
     </span>
    </p>
   </div>
   <div class='ocr_carea' id='block_1_104' title="bbox 385 5680 1964 5756">
    <p class='ocr_par' dir='ltr' id='par_1_104' title="bbox 385 5680 1964 5756">
     <span class='ocr_line' id='line_1_104' title="bbox 385 5680 1964 5756; baseline 0.002 -20"><span class='ocrx_word' id='word_1_767' title='bbox 385 5680 670 5737; x_wconf 86' lang='lat' dir='ltr'><strong>mendaces</strong></span> <span class='ocrx_word' id='word_1_768' title='bbox 688 5698 702 5735; x_wconf 85' lang='lat'><strong>:</strong></span> <span class='ocrx_word' id='word_1_769' title='bbox 720 5683 864 5737; x_wconf 89' lang='lat' dir='ltr'><strong>velut</strong></span> <span class='ocrx_word' id='word_1_770' title='bbox 889 5698 1012 5738; x_wconf 88' lang='lat' dir='ltr'><strong>cum</strong></span> <span class='ocrx_word' id='word_1_771' title='bbox 1039 5683 1266 5740; x_wconf 87' lang='lat' dir='ltr'><strong>dicimus</strong></span> <span class='ocrx_word' id='word_1_772' title='bbox 1296 5685 1565 5742; x_wconf 91' lang='lat' dir='ltr'><strong>hominem</strong></span> <span class='ocrx_word' id='word_1_773' title='bbox 1588 5700 1711 5741; x_wconf 89' lang='lat' dir='ltr'><strong>esse</strong></span> <span class='ocrx_word' id='word_1_774' title='bbox 1738 5686 1964 5756; x_wconf 90' lang='lat' dir='ltr'><strong>justum,</strong></span> 
     </span>
    </p>
   </div>
   <div class='ocr_carea' id='block_1_105' title="bbox 387 5776 1965 5863">
    <p class='ocr_par' dir='ltr' id='par_1_105' title="bbox 387 5776 1965 5863">
     <span class='ocr_line' id='line_1_105' title="bbox 387 5776 1965 5863; baseline 0.007 -35"><span class='ocrx_word' id='word_1_775' title='bbox 387 5788 568 5831; x_wconf 81' lang='lat' dir='ltr'><strong>verum</strong></span> <span class='ocrx_word' id='word_1_776' title='bbox 597 5782 718 5840; x_wconf 87' lang='lat' dir='ltr'><strong>est,</strong></span> <span class='ocrx_word' id='word_1_777' title='bbox 746 5781 832 5828; x_wconf 87' lang='lat' dir='ltr'><strong>est</strong></span> <span class='ocrx_word' id='word_1_778' title='bbox 856 5776 1002 5831; x_wconf 89' lang='lat' dir='ltr'><strong>enim</strong></span> <span class='ocrx_word' id='word_1_779' title='bbox 1032 5776 1195 5833; x_wconf 91' lang='lat' dir='ltr'><strong>homo</strong></span> <span class='ocrx_word' id='word_1_780' title='bbox 1222 5780 1314 5850; x_wconf 90' lang='lat' dir='ltr'><strong>qui</strong></span> <span class='ocrx_word' id='word_1_781' title='bbox 1357 5778 1568 5863; x_wconf 76' lang='lat' dir='ltr'><strong>justitia</strong></span> <span class='ocrx_word' id='word_1_782' title='bbox 1611 5795 1716 5838; x_wconf 88' lang='lat' dir='ltr'><strong>non</strong></span> <span class='ocrx_word' id='word_1_783' title='bbox 1762 5788 1965 5839; x_wconf 74' lang='lat' dir='ltr'><strong>careat.</strong></span> 
     </span>
    </p>
   </div>
   <div class='ocr_carea' id='block_1_106' title="bbox 629 5889 2006 5978">
    <p class='ocr_par' dir='ltr' id='par_1_106' title="bbox 629 5889 2006 5978">
     <span class='ocr_line' id='line_1_106' title="bbox 629 5889 2006 5978; baseline 0.007 -25"><span class='ocrx_word' id='word_1_784' title='bbox 629 5889 903 5956; x_wconf 65' lang='lat' dir='ltr'><strong>Panos.</strong></span> <span class='ocrx_word' id='word_1_785' title='bbox 949 5889 1176 5959; x_wconf 79' lang='lat' dir='ltr'><strong>LXIV.</strong></span> <span class='ocrx_word' id='word_1_786' title='bbox 1667 5897 1670 5899; x_wconf 64' lang='grc'>“</span> <span class='ocrx_word' id='word_1_787' title='bbox 1721 5911 1727 5917; x_wconf 91' lang='grc'><strong>·</strong></span> <span class='ocrx_word' id='word_1_788' title='bbox 1782 5957 1788 5963; x_wconf 82' lang='lat'><strong>.</strong></span> <span class='ocrx_word' id='word_1_789' title='bbox 1969 5898 2006 5929; x_wconf 45' lang='grc' dir='ltr'><strong>δέ·</strong></span> 
     </span>
    </p>
   </div>
   <div class='ocr_carea' id='block_1_107' title="bbox 2062 4685 3639 4760">
    <p class='ocr_par' dir='ltr' id='par_1_107' title="bbox 2062 4685 3639 4760">
     <span class='ocr_line' id='line_1_107' title="bbox 2062 4685 3639 4760; baseline -0.003 -13"><span class='ocrx_word' id='word_1_790' title='bbox 2062 4706 2183 4747; x_wconf 92' lang='lat' dir='ltr'><strong>cum</strong></span> <span class='ocrx_word' id='word_1_791' title='bbox 2210 4699 2386 4760; x_wconf 89' lang='lat' dir='ltr'><strong>negat,</strong></span> <span class='ocrx_word' id='word_1_792' title='bbox 2417 4690 2485 4745; x_wconf 91' lang='lat' dir='ltr'><strong>de</strong></span> <span class='ocrx_word' id='word_1_793' title='bbox 2522 4688 2652 4744; x_wconf 90' lang='lat' dir='ltr'><strong>solis</strong></span> <span class='ocrx_word' id='word_1_794' title='bbox 2681 4688 2798 4742; x_wconf 89' lang='lat' dir='ltr'><strong>luce</strong></span> <span class='ocrx_word' id='word_1_795' title='bbox 2829 4685 3112 4757; x_wconf 89' lang='lat' dir='ltr'><strong>signiﬁcat.</strong></span> <span class='ocrx_word' id='word_1_796' title='bbox 3143 4686 3241 4740; x_wconf 86' lang='lat' dir='ltr'><strong>Hic</strong></span> <span class='ocrx_word' id='word_1_797' title='bbox 3278 4686 3436 4756; x_wconf 87' lang='lat' dir='ltr'><strong>igitur</strong></span> <span class='ocrx_word' id='word_1_798' title='bbox 3472 4686 3639 4756; x_wconf 72' lang='lat' dir='ltr'><strong>tequi-</strong></span> 
     </span>
    </p>
   </div>
   <div class='ocr_carea' id='block_1_108' title="bbox 2064 4779 3642 4850">
    <p class='ocr_par' dir='ltr' id='par_1_108' title="bbox 2064 4779 3642 4850">
     <span class='ocr_line' id='line_1_108' title="bbox 2064 4779 3642 4850; baseline -0.001 -14"><span class='ocrx_word' id='word_1_799' title='bbox 2064 4796 2253 4836; x_wconf 91' lang='lat' dir='ltr'><strong>vocum</strong></span> <span class='ocrx_word' id='word_1_800' title='bbox 2286 4779 2628 4850; x_wconf 70' lang='lat' dir='ltr'><strong>praedicatum</strong></span> <span class='ocrx_word' id='word_1_801' title='bbox 2663 4788 2913 4848; x_wconf 89' lang='lat' dir='ltr'><strong>utrasque</strong></span> <span class='ocrx_word' id='word_1_802' title='bbox 2957 4791 3141 4832; x_wconf 91' lang='lat' dir='ltr'><strong>verum</strong></span> <span class='ocrx_word' id='word_1_803' title='bbox 3171 4790 3492 4833; x_wconf 89' lang='lat' dir='ltr'><strong>conservare</strong></span> <span class='ocrx_word' id='word_1_804' title='bbox 3517 4792 3642 4848; x_wconf 83' lang='lat' dir='ltr'><strong>per-</strong></span> 
     </span>
    </p>
   </div>
   <div class='ocr_carea' id='block_1_109' title="bbox 2068 4868 3643 4939">
    <p class='ocr_par' dir='ltr' id='par_1_109' title="bbox 2068 4868 3643 4939">
     <span class='ocr_line' id='line_1_109' title="bbox 2068 4868 3643 4939; baseline -0.001 -12"><span class='ocrx_word' id='word_1_805' title='bbox 2068 4872 2239 4927; x_wconf 91' lang='lat' dir='ltr'><strong>misit.</strong></span> <span class='ocrx_word' id='word_1_806' title='bbox 2268 4870 2398 4927; x_wconf 90' lang='lat' dir='ltr'><strong>Item</strong></span> <span class='ocrx_word' id='word_1_807' title='bbox 2422 4872 2467 4926; x_wconf 89' lang='lat' dir='ltr'><strong>si</strong></span> <span class='ocrx_word' id='word_1_808' title='bbox 2511 4870 2630 4939; x_wconf 88' lang='lat' dir='ltr'><strong>quis</strong></span> <span class='ocrx_word' id='word_1_809' title='bbox 2656 4868 2724 4924; x_wconf 92' lang='lat' dir='ltr'><strong>de</strong></span> <span class='ocrx_word' id='word_1_810' title='bbox 2753 4869 2973 4925; x_wconf 88' lang='lat' dir='ltr'><strong>Socrate</strong></span> <span class='ocrx_word' id='word_1_811' title='bbox 3009 4877 3268 4939; x_wconf 90' lang='lat' dir='ltr'><strong>proponat</strong></span> <span class='ocrx_word' id='word_1_812' title='bbox 3295 4868 3496 4937; x_wconf 91' lang='lat' dir='ltr'><strong>dicens,</strong></span> <span class='ocrx_word' id='word_1_813' title='bbox 3539 4869 3643 4925; x_wconf 88' lang='lat' dir='ltr'><strong>So-</strong></span> 
     </span>
    </p>
   </div>
   <div class='ocr_carea' id='block_1_110' title="bbox 2071 4953 3657 5034">
    <p class='ocr_par' dir='ltr' id='par_1_110' title="bbox 2071 4953 3657 5034">
     <span class='ocr_line' id='line_1_110' title="bbox 2071 4953 3657 5034; baseline -0.004 -13"><span class='ocrx_word' id='word_1_814' title='bbox 2071 4978 2248 5021; x_wconf 89' lang='lat' dir='ltr'><strong>crates</strong></span> <span class='ocrx_word' id='word_1_815' title='bbox 2270 4965 2456 5029; x_wconf 90' lang='lat' dir='ltr'><strong>sedet,</strong></span> <span class='ocrx_word' id='word_1_816' title='bbox 2483 4973 2642 5034; x_wconf 88' lang='lat' dir='ltr'><strong>atque</strong></span> <span class='ocrx_word' id='word_1_817' title='bbox 2674 4963 2811 5019; x_wconf 90' lang='lat' dir='ltr'><strong>alius</strong></span> <span class='ocrx_word' id='word_1_818' title='bbox 2852 4971 3031 5033; x_wconf 86' lang='lat' dir='ltr'><strong>neget,</strong></span> <span class='ocrx_word' id='word_1_819' title='bbox 3064 4960 3314 5019; x_wconf 89' lang='lat' dir='ltr'><strong>Socrates</strong></span> <span class='ocrx_word' id='word_1_820' title='bbox 3335 4978 3440 5017; x_wconf 92' lang='lat' dir='ltr'><strong>non</strong></span> <span class='ocrx_word' id='word_1_821' title='bbox 3463 4953 3657 5028; x_wconf 72' lang='lat' dir='ltr'><strong>sedet,</strong></span> 
     </span>
    </p>
   </div>
   <div class='ocr_carea' id='block_1_111' title="bbox 2072 5052 3646 5126">
    <p class='ocr_par' dir='ltr' id='par_1_111' title="bbox 2072 5052 3646 5126">
     <span class='ocr_line' id='line_1_111' title="bbox 2072 5052 3646 5126; baseline -0.003 -15"><span class='ocrx_word' id='word_1_822' title='bbox 2072 5064 2314 5126; x_wconf 84' lang='lat' dir='ltr'><strong>utraeque</strong></span> <span class='ocrx_word' id='word_1_823' title='bbox 2341 5068 2485 5111; x_wconf 68' lang='lat' dir='ltr'><strong>veras</strong></span> <span class='ocrx_word' id='word_1_824' title='bbox 2513 5068 2634 5111; x_wconf 91' lang='lat' dir='ltr'><strong>esse</strong></span> <span class='ocrx_word' id='word_1_825' title='bbox 2684 5061 2907 5124; x_wconf 81' lang='lat' dir='ltr'><strong>queunt,</strong></span> <span class='ocrx_word' id='word_1_826' title='bbox 2957 5054 3002 5107; x_wconf 92' lang='lat' dir='ltr'><strong>si</strong></span> <span class='ocrx_word' id='word_1_827' title='bbox 3051 5052 3117 5108; x_wconf 91' lang='lat' dir='ltr'><strong>ad</strong></span> <span class='ocrx_word' id='word_1_828' title='bbox 3166 5053 3376 5109; x_wconf 84' lang='lat' dir='ltr'><strong>diversa</strong></span> <span class='ocrx_word' id='word_1_829' title='bbox 3403 5061 3646 5122; x_wconf 81' lang='lat' dir='ltr'><strong>tempora</strong></span> 
     </span>
    </p>
   </div>
   <div class='ocr_carea' id='block_1_112' title="bbox 2073 5144 3648 5214">
    <p class='ocr_par' dir='ltr' id='par_1_112' title="bbox 2073 5144 3648 5214">
     <span class='ocr_line' id='line_1_112' title="bbox 2073 5144 3648 5214; baseline 0 -14"><span class='ocrx_word' id='word_1_830' title='bbox 2073 5145 2391 5202; x_wconf 86' lang='lat' dir='ltr'><strong>referantur.</strong></span> <span class='ocrx_word' id='word_1_831' title='bbox 2427 5145 2611 5200; x_wconf 88' lang='lat' dir='ltr'><strong>Potest</strong></span> <span class='ocrx_word' id='word_1_832' title='bbox 2654 5146 2798 5199; x_wconf 91' lang='lat' dir='ltr'><strong>enim</strong></span> <span class='ocrx_word' id='word_1_833' title='bbox 2843 5157 2984 5199; x_wconf 90' lang='lat' dir='ltr'><strong>nunc</strong></span> <span class='ocrx_word' id='word_1_834' title='bbox 3011 5144 3227 5214; x_wconf 91' lang='lat' dir='ltr'><strong>quidem</strong></span> <span class='ocrx_word' id='word_1_835' title='bbox 3274 5144 3520 5200; x_wconf 85' lang='lat' dir='ltr'><strong>Socrates</strong></span> <span class='ocrx_word' id='word_1_836' title='bbox 3556 5157 3648 5200; x_wconf 76' lang='lat' dir='ltr'><strong>se-</strong></span> 
     </span>
    </p>
   </div>
   <div class='ocr_carea' id='block_1_113' title="bbox 2074 5235 3648 5309">
    <p class='ocr_par' dir='ltr' id='par_1_113' title="bbox 2074 5235 3648 5309">
     <span class='ocr_line' id='line_1_113' title="bbox 2074 5235 3648 5309; baseline -0.001 -14"><span class='ocrx_word' id='word_1_837' title='bbox 2074 5239 2226 5306; x_wconf 86' lang='lat' dir='ltr'><strong>dere,</strong></span> <span class='ocrx_word' id='word_1_838' title='bbox 2254 5239 2360 5295; x_wconf 91' lang='lat' dir='ltr'><strong>alio</strong></span> <span class='ocrx_word' id='word_1_839' title='bbox 2387 5254 2515 5294; x_wconf 90' lang='lat' dir='ltr'><strong>vero</strong></span> <span class='ocrx_word' id='word_1_840' title='bbox 2547 5247 2789 5309; x_wconf 85' lang='lat' dir='ltr'><strong>tempore</strong></span> <span class='ocrx_word' id='word_1_841' title='bbox 2830 5252 2935 5293; x_wconf 91' lang='lat' dir='ltr'><strong>non</strong></span> <span class='ocrx_word' id='word_1_842' title='bbox 2963 5235 3175 5294; x_wconf 87' lang='lat' dir='ltr'><strong>sedere.</strong></span> <span class='ocrx_word' id='word_1_843' title='bbox 3206 5238 3410 5293; x_wconf 86' lang='lat' dir='ltr'><strong>Rursus</strong></span> <span class='ocrx_word' id='word_1_844' title='bbox 3453 5238 3499 5294; x_wconf 87' lang='lat' dir='ltr'><strong>si</strong></span> <span class='ocrx_word' id='word_1_845' title='bbox 3525 5236 3648 5305; x_wconf 81' lang='lat' dir='ltr'><strong>quis</strong></span> 
     </span>
    </p>
   </div>
   <div class='ocr_carea' id='block_1_114' title="bbox 2076 5327 3650 5398">
    <p class='ocr_par' dir='ltr' id='par_1_114' title="bbox 2076 5327 3650 5398">
     <span class='ocr_line' id='line_1_114' title="bbox 2076 5327 3650 5398; baseline 0 -15"><span class='ocrx_word' id='word_1_846' title='bbox 2076 5329 2293 5384; x_wconf 90' lang='lat' dir='ltr'><strong>humani</strong></span> <span class='ocrx_word' id='word_1_847' title='bbox 2322 5328 2461 5385; x_wconf 92' lang='lat' dir='ltr'><strong>oculi</strong></span> <span class='ocrx_word' id='word_1_848' title='bbox 2483 5328 2720 5384; x_wconf 91' lang='lat' dir='ltr'><strong>colorem</strong></span> <span class='ocrx_word' id='word_1_849' title='bbox 2752 5328 2958 5397; x_wconf 88' lang='lat' dir='ltr'><strong>nigrum</strong></span> <span class='ocrx_word' id='word_1_850' title='bbox 2991 5342 3110 5383; x_wconf 87' lang='lat' dir='ltr'><strong>esse</strong></span> <span class='ocrx_word' id='word_1_851' title='bbox 3150 5327 3449 5398; x_wconf 80' lang='lat' dir='ltr'><strong>conﬁrmet,</strong></span> <span class='ocrx_word' id='word_1_852' title='bbox 3482 5328 3650 5383; x_wconf 80' lang='lat' dir='ltr'><strong>alius-</strong></span> 
     </span>
    </p>
   </div>
   <div class='ocr_carea' id='block_1_115' title="bbox 2078 5419 3648 5490">
    <p class='ocr_par' dir='ltr' id='par_1_115' title="bbox 2078 5419 3648 5490">
     <span class='ocr_line' id='line_1_115' title="bbox 2078 5419 3648 5490; baseline 0.001 -16"><span class='ocrx_word' id='word_1_853' title='bbox 2078 5436 2181 5490; x_wconf 88' lang='lat' dir='ltr'><strong>que</strong></span> <span class='ocrx_word' id='word_1_854' title='bbox 2209 5422 2415 5490; x_wconf 85' lang='lat' dir='ltr'><strong>nigrum</strong></span> <span class='ocrx_word' id='word_1_855' title='bbox 2438 5437 2547 5474; x_wconf 89' lang='lat' dir='ltr'><strong>non</strong></span> <span class='ocrx_word' id='word_1_856' title='bbox 2593 5435 2713 5476; x_wconf 85' lang='lat' dir='ltr'><strong>esse</strong></span> <span class='ocrx_word' id='word_1_857' title='bbox 2761 5419 3067 5484; x_wconf 88' lang='lat' dir='ltr'><strong>contendat,</strong></span> <span class='ocrx_word' id='word_1_858' title='bbox 3098 5419 3308 5489; x_wconf 84' lang='lat' dir='ltr'><strong>utrique</strong></span> <span class='ocrx_word' id='word_1_859' title='bbox 3351 5435 3536 5476; x_wconf 90' lang='lat' dir='ltr'><strong>verum</strong></span> <span class='ocrx_word' id='word_1_860' title='bbox 3566 5420 3648 5476; x_wconf 92' lang='lat' dir='ltr'><strong>lo-</strong></span> 
     </span>
    </p>
   </div>
   <div class='ocr_carea' id='block_1_116' title="bbox 2077 5507 3653 5581">
    <p class='ocr_par' dir='ltr' id='par_1_116' title="bbox 2077 5507 3653 5581">
     <span class='ocr_line' id='line_1_116' title="bbox 2077 5507 3653 5581; baseline 0.001 -17"><span class='ocrx_word' id='word_1_861' title='bbox 2077 5520 2330 5579; x_wconf 89' lang='lat' dir='ltr'><strong>quentur,</strong></span> <span class='ocrx_word' id='word_1_862' title='bbox 2364 5510 2409 5563; x_wconf 90' lang='lat' dir='ltr'><strong>si</strong></span> <span class='ocrx_word' id='word_1_863' title='bbox 2441 5509 2507 5564; x_wconf 91' lang='lat' dir='ltr'><strong>ad</strong></span> <span class='ocrx_word' id='word_1_864' title='bbox 2532 5510 2771 5578; x_wconf 87' lang='lat' dir='ltr'><strong>singulas</strong></span> <span class='ocrx_word' id='word_1_865' title='bbox 2795 5508 2933 5563; x_wconf 90' lang='lat' dir='ltr'><strong>oculi</strong></span> <span class='ocrx_word' id='word_1_866' title='bbox 2961 5518 3140 5577; x_wconf 90' lang='lat' dir='ltr'><strong>partes</strong></span> <span class='ocrx_word' id='word_1_867' title='bbox 3177 5507 3459 5565; x_wconf 86' lang='lat' dir='ltr'><strong>afﬁrmatio</strong></span> <span class='ocrx_word' id='word_1_868' title='bbox 3486 5525 3653 5581; x_wconf 72' lang='lat' dir='ltr'><strong>nega-</strong></span> 
     </span>
    </p>
   </div>
   <div class='ocr_carea' id='block_1_117' title="bbox 2082 5598 3647 5672">
    <p class='ocr_par' dir='ltr' id='par_1_117' title="bbox 2082 5598 3647 5672">
     <span class='ocr_line' id='line_1_117' title="bbox 2082 5598 3647 5672; baseline 0 -16"><span class='ocrx_word' id='word_1_869' title='bbox 2082 5601 2263 5671; x_wconf 91' lang='lat' dir='ltr'><strong>tioque</strong></span> <span class='ocrx_word' id='word_1_870' title='bbox 2292 5599 2609 5653; x_wconf 89' lang='lat' dir='ltr'><strong>referantur.</strong></span> <span class='ocrx_word' id='word_1_871' title='bbox 2663 5598 2796 5653; x_wconf 87' lang='lat' dir='ltr'><strong>Nam</strong></span> <span class='ocrx_word' id='word_1_872' title='bbox 2841 5598 2985 5667; x_wconf 89' lang='lat' dir='ltr'><strong>quod</strong></span> <span class='ocrx_word' id='word_1_873' title='bbox 3036 5600 3180 5654; x_wconf 89' lang='lat' dir='ltr'><strong>circa</strong></span> <span class='ocrx_word' id='word_1_874' title='bbox 3210 5600 3415 5657; x_wconf 87' lang='lat' dir='ltr'><strong>orbem</strong></span> <span class='ocrx_word' id='word_1_875' title='bbox 3441 5610 3527 5658; x_wconf 89' lang='lat' dir='ltr'><strong>est</strong></span> <span class='ocrx_word' id='word_1_876' title='bbox 3553 5600 3647 5672; x_wconf 87' lang='lat' dir='ltr'><strong>qui</strong></span> 
     </span>
    </p>
   </div>
   <div class='ocr_carea' id='block_1_118' title="bbox 2077 5688 3650 5759">
    <p class='ocr_par' dir='ltr' id='par_1_118' title="bbox 2077 5688 3650 5759">
     <span class='ocr_line' id='line_1_118' title="bbox 2077 5688 3650 5759; baseline 0.001 -14"><span class='ocrx_word' id='word_1_877' title='bbox 2077 5690 2287 5745; x_wconf 89' lang='lat' dir='ltr'><strong>medius</strong></span> <span class='ocrx_word' id='word_1_878' title='bbox 2318 5688 2569 5759; x_wconf 90' lang='lat' dir='ltr'><strong>pupulam</strong></span> <span class='ocrx_word' id='word_1_879' title='bbox 2604 5698 2767 5749; x_wconf 90' lang='lat' dir='ltr'><strong>tenet,</strong></span> <span class='ocrx_word' id='word_1_880' title='bbox 2800 5688 2978 5743; x_wconf 88' lang='lat' dir='ltr'><strong>album</strong></span> <span class='ocrx_word' id='word_1_881' title='bbox 3006 5697 3107 5744; x_wconf 92' lang='lat' dir='ltr'><strong>est.</strong></span> <span class='ocrx_word' id='word_1_882' title='bbox 3156 5688 3275 5758; x_wconf 86' lang='lat' dir='ltr'><strong>Ipse</strong></span> <span class='ocrx_word' id='word_1_883' title='bbox 3328 5705 3457 5745; x_wconf 86' lang='lat' dir='ltr'><strong>vero</strong></span> <span class='ocrx_word' id='word_1_884' title='bbox 3502 5691 3650 5746; x_wconf 82' lang='lat' dir='ltr'><strong>orbis</strong></span> 
     </span>
    </p>
   </div>
   <div class='ocr_carea' id='block_1_119' title="bbox 2075 5779 3653 5852">
    <p class='ocr_par' dir='ltr' id='par_1_119' title="bbox 2075 5779 3653 5852">
     <span class='ocr_line' id='line_1_119' title="bbox 2075 5779 3653 5852; baseline 0 -15"><span class='ocrx_word' id='word_1_885' title='bbox 2075 5783 2226 5852; x_wconf 73' lang='lat' dir='ltr'><strong>niger</strong></span> <span class='ocrx_word' id='word_1_886' title='bbox 2255 5780 2462 5836; x_wconf 85' lang='lat' dir='ltr'><strong>visitur.</strong></span> <span class='ocrx_word' id='word_1_887' title='bbox 2492 5779 2697 5837; x_wconf 85' lang='lat' dir='ltr'><strong>Rursus</strong></span> <span class='ocrx_word' id='word_1_888' title='bbox 2729 5779 2773 5835; x_wconf 91' lang='lat' dir='ltr'><strong>si</strong></span> <span class='ocrx_word' id='word_1_889' title='bbox 2805 5779 2871 5835; x_wconf 90' lang='lat' dir='ltr'><strong>de</strong></span> <span class='ocrx_word' id='word_1_890' title='bbox 2913 5780 3132 5839; x_wconf 89' lang='lat' dir='ltr'><strong>Socrate</strong></span> <span class='ocrx_word' id='word_1_891' title='bbox 3162 5782 3303 5836; x_wconf 88' lang='lat' dir='ltr'><strong>inter</strong></span> <span class='ocrx_word' id='word_1_892' title='bbox 3325 5781 3653 5847; x_wconf 83' lang='lat' dir='ltr'><strong>duoslocato</strong></span> 
     </span>
    </p>
   </div>
   <div class='ocr_carea' id='block_1_120' title="bbox 3211 5888 3290 5952">
    <p class='ocr_par' dir='ltr' id='par_1_120' title="bbox 3211 5888 3290 5952">
     <span class='ocr_line' id='line_1_120' title="bbox 3211 5888 3290 5952; baseline -0.025 0"><span class='ocrx_word' id='word_1_893' title='bbox 3211 5888 3290 5952; x_wconf 80' lang='lat'><strong>25</strong></span> 
     </span>
    </p>
   </div>
  </div>
