4296 6266
1674 330 1716 343 ν

630 379 737 434 779

1903 376 2010 433 AN.
2054 378 2260 439 MANL.
2299 382 2450 438 SEV.
2492 382 2711 439 BOE'I‘II

3792 376 3901 434 780

646 497 765 567 quis
797 493 1020 548 dixerit:
1049 493 1297 545 Socrates
1344 490 1530 545 dexter
1560 498 1663 553 est,
1725 490 1966 560 aliusque
1991 507 2211 562 respon-
2240 502 2296 559 Α
2318 496 2383 551 ad
2414 496 2576 551 alium
2606 496 2817 565 negatio
2839 496 3123 558 referatur,
3156 506 3257 547 una
3284 503 3497 561 semper
3527 488 3739 547 veritati
3762 501 3895 544 eon-

647 592 790 655 deat,
835 590 1085 641 Socrates
1138 584 1325 637 dexter
1367 597 1468 637 non
1535 593 1643 647 est,
1691 584 1929 651 utrisque
1970 597 2218 642 constare

648 681 844 734 veritas
879 674 1171 745 potest.Ad
1196 690 1317 727 eunt
1349 674 1436 741 qui
1466 689 1583 726 cum
1614 674 1825 726 sinistra
1852 674 2088 729 Socratis
2112 687 2213 741 est,

646 771 835 823 dexter
864 776 968 820 est.
1002 764 1078 818 Ad
1111 780 1234 818 cum
1265 778 1393 816 vero
1422 762 1573 828 cujus
1606 762 1738 816 laevo
1765 762 1947 816 lateris
1972 777 2092 831 pars
2118 764 2219 819 So-

646 860 805 914 cratis
833 858 1027 911 dextra
1084 853 1443 923 coniungitur,
1492 852 1681 907 dexter
1708 867 1810 907 non
1842 862 1941 908 est.
1985 854 2136 919 Item,
2171 857 2218 911 si

646 953 762 1018 quis
792 964 948 1003 ovum
982 947 1174 1000 animal
1232 960 1348 999 esse
1397 946 1714 1009 constituat,
1763 945 2003 1015 aliusque
2055 945 2214 1002 ov'utn

646 1042 843 1095 animal
882 1053 1002 1093 esse
1057 1046 1254 1105 neget,
1310 1046 1543 1103 utraeque
1587 1051 1614 1087 a
1671 1036 1893 1090 veritate
1940 1050 2046 1091 non
2109 1038 2220 1091 dis-

647 1141 885 1187 sonant:
918 1144 1146 1198 namque
1208 1144 1364 1181 ovum
1410 1136 1670 1194 potestate
1716 1127 2038 1196 animalest,
2096 1140 2217 1185 actu

646 1223 846 1279 animal
899 1237 1001 1276 non
1053 1231 1154 1275 est.
1216 1219 1288 1272 Ita
1320 1219 1479 1286 igitur
1551 1219 1686 1273 inter
1740 1234 1799 1273 se
1870 1220 2218 1289 Singularium

646 1312 1007 1381 subjectorum
1038 1307 1433 1378 propositiones
1458 1322 1640 1361 verum
1690 1308 1994 1381 falsumque
2037 1310 2219 1365 distri-

646 1407 828 1467 bttent,
857 1410 913 1455 ut
943 1414 1103 1454 unam
1130 1397 1408 1452 veritatem
1441 1412 1662 1452 necesse
1714 1400 1781 1452 sit
1835 1400 2051 1465 habere,
2088 1402 2256 1463 alte-,

650 1512 760 1551 ram
792 1492 1127 1549 mendacium
1149 1532 1163 1556 ,
1195 1490 1240 1546 si
1272 1506 1444 1559 neque
1472 1490 1613 1559 quod
1650 1491 1944 1560 subjectum
1985 1503 2085 1557 est,
2126 1510 2221 1548 ne-

645 1602 746 1659 que
773 1585 915 1657 quod
950 1584 1315 1653 prmdicatmn,
1349 1582 1522 1650 aliqua
1555 1581 1621 1635 sit
1651 1581 2072 1659 azqoivocntione
2092 1598 2219 1637 con-

644 1680 820 1733 fusum
850 1678 914 1730 ad
940 1676 1077 1730 idetn
1126 1686 1353 1743 tempus,
1378 1674 1442 1727 ad
1490 1673 1706 1728 easdem
1740 1654 1942 1743 partes,
1968 1676 2034 1729 ad
2061 1691 2218 1731 eum—

644 1772 763 1831 dem
798 1769 1032 1834 modum,
1067 1766 1417 1834 eamdemque
1464 1781 1575 1820 rem
1622 1765 1688 1820 ad
1732 1781 1891 1835 quam
1933 1768 2221 1823 afﬁrmatio

2319 590 2504 657 juncta
2543 596 2648 655 est,
2693 589 2887 644 retinet
2940 602 3155 656 semper
3201 586 3372 641 altera
3418 583 3725 638 falsitatem.
3752 580 3931 650 Quo-f

2322 683 2462 736 niam
2494 683 2562 737 de
2584 697 2645 736 ea
2678 678 3051 735 convenientia
3102 676 3527 748 propositionum
3572 688 3691 745 quae
3729 672 3899 727 utris-

2322 787 2426 840 que
2448 771 2781 841 simplicibus
2809 769 3052 824 terminis
3065 767 3362 833 eodemque
3377 763 3565 821 ordine
3597 770 3900 832 captaretur

2323 864 2575 932 explicui,
2600 878 2739 917 nunc
2757 862 2827 916 de
2852 876 2915 916 ea
2946 859 3351 929 participatione
3368 854 3653 910 dicendum
3684 862 3902 924 estqua

2322 964 2376 1007 et
2406 963 2661 1023 utrosque
2692 953 2952 1009 terminos
2993 960 3046 1005 et
3084 949 3333 1005 eumdem
3378 946 3626 1002 ordinem
3682 955 3900 1009 servat;

2325 1052 2428 1100 hoc
2454 1055 2630 1102 autem
2663 1046 2741 1117 (ut
2784 1046 2983 1099 dictum
3009 1044 3114 1113 est)
3170 1042 3340 1097 tribus
3387 1039 3701 1110 contingere
3727 1037 3902 1094 modis

2324 1145 2519 1206 potest,
2553 1147 2644 1192 aut
2693 1138 2835 1191 enim
2868 1134 3187 1203 pra'dicatus
3225 1141 3455 1197 tantum,
3483 1142 3578 1185 aut
3629 1131 3903 1197 subjectus

2323 1232 2607 1293 terminus,
2632 1238 2722 1283 aut
2751 1237 2974 1298 uterque
2996 1241 3117 1282 cum
3145 1226 3425 1296 negatione
3456 1225 3790 1293 preponitur.
3833 1222 3902 1279 Al

2326 1332 2437 1373 tum
2467 1320 2762 1374 enuntiatio
2784 1319 2869 1377 vel
2900 1319 2967 1373 ab
3016 1317 3226 1372 inﬁnito
3253 1315 3519 1384 subjecto,
3550 1315 3633 1369 vel
3682 1312 3750 1367 ab
3779 1310 3901 1367 iolla

2327 1414 2442 1466 nilo
2470 1413 2777 1481 praedicata,
2812 1412 2895 1466 vel
2941 1411 3009 1466 ab
3066 1410 3283 1464 infinitis
3342 1408 3583 1476 utrisque
3634 1401 3903 1459 consistit.

2326 1487 2551 1567 Quoties
2603 1486 2756 1558 enim.
2792 1502 2992 1558 nomini
3028 1500 3239 1569 negatio
3283 1498 3657 1568 subjungitur,
3712 1508 3904 1553 nomen

2325 1594 2570 1649 redditur
2617 1594 2902 1649 inﬁnitum.
2966 1594 3139 1661 Atque
3186 1591 3307 1645 ideo
3360 1604 3456 1659 per
3514 1586 3902 1657 oppositionem

2327 1684 2665 1753 participatio
2694 1685 2809 1739 fieri
2838 1683 3052 1739 dicitur.
3094 1680 3305 1735 Nemini
3333 1680 3478 1733 enim
3509 1676 3742 1748 simplici
3768 1690 3902 1731 sema

2329 1788 2424 1841 per
2453 1774 2719 1828 inﬁttitum
2749 1791 2943 1829 nontt‘n
2958 1772 3263 1843 opponitur,
3289 1782 3347 1826 ut
3377 1771 3556 1832 homo,
3586 1785 3690 1823 non
3723 1770 3902 1835 homo,

646 1863 828 1918 retulit
874 1876 935 1915 ea
965 1874 1082 1926 qua:
1113 1865 1481 1929 proponuntur
1520 1857 1571 1909 in
1626 1858 1909 1925 negatione
1944 1857 2217 1927 aﬁ'eratur,
2248 1873 2299 1935 Β
2327 1866 2543 1928 animal,
2570 1880 2672 1919 non
2697 1866 2982 1929 auimaLet
3004 1874 3233 1919 caetera:
3259 1879 3377 1933 quae
3404 1878 3522 1916 cum
3554 1862 3624 1915 ita
3650 1861 3901 1927 sint,dis~

646 1956 766 2010 ttt'si
791 1956 908 2023 quis
921 1954 985 2007 de
1011 1951 1231 2005 Socrate
1264 1949 1591 2018 prontuntiet,
1623 1948 1872 2004 Socrates
1902 1950 2085 2007 calvus
2110 1964 2214 2019 est,

645 2048 892 2104 Socrates
918 2046 1099 2100 calvus
1132 2058 1235 2098 non
1264 2052 1368 2097 est.
1394 2041 1451 2098 Si
1482 2042 1641 2112 igitur
1669 2043 1735 2097 de
1764 2042 1983 2098 Socrate
2025 2046 2217 2100 eodem

644 2139 927 2195 afﬁrmatio
959 2138 1275 2206 negatioque
1305 2143 1624 2203 proponant,
1657 2135 1701 2188 si
1743 2136 1987 2191 eamdem
2014 2138 2218 2193 calvitii

646 2229 1089 2300 signiﬁcationem
1146 2225 1431 2280 afﬁrmatio
1482 2226 1772 2293 sumpserit
1816 2236 1869 2281 et
1912 2229 2141 2298 negatio,
2174 2231 2221 2284 si

646 2320 889 2375 eamdem
924 2329 1039 2373 utra
1060 2333 1163 2387 que
1212 2315 1401 2385 capitis
1453 2325 1660 2385 partem
1707 2318 2009 2386 loquantur,
2051 2320 2096 2373 si
2135 2320 2219 2375 vel

645 2425 818 2469 actum
848 2422 1089 2482 utr-.eque
1119 2418 1503 2479 potestatemve
1533 2409 1855 2478 signiﬁcent,
1888 2410 1932 2463 si
1958 2412 2107 2467 nulla
2138 2413 2218 2466 di-

646 2506 895 2562 versitate
911 2502 1165 2573 temporis
1191 2511 1423 2565 erretur,
1462 2501 1508 2555 si
1530 2515 1633 2556 non
1655 2502 1720 2556 ad
1739 2502 2221 2571 aliumaffirntatio,

1002 2619 1187 2675 Omnis
1221 2618 1377 2671 tome
1400 2616 1679 2671 rationalis
1707 2628 1810 2672 est.

1004 2711 1189 2766 Nullus
1218 2709 1377 2763 homo
1407 2709 1682 2763 rationalis
1711 2719 1813 2763 est.

1001 2801 1222 2867 Quidam
1256 2799 1417 2853 homo
1446 2797 1721 2852 rationalis
1759 2808 1864 2852 est.

1001 2891 1224 2959 Quidam
1258 2890 1416 2944 homo
1440 2888 1719 2944 rationalis
1744 2902 1853 2944 non
1883 2896 1969 2944 est

1002 3026 1189 3083 Omnis
1217 3027 1374 3079 homo
1393 3023 1777 3095 grammaticus
1800 3034 1901 3079 est.

995 3117 1183 3172 Nullus
1213 3120 1370 3171 homo
1398 3113 1775 3184 grammaticus
1801 3124 1902 3169 est.

987 3208 1213 3276 Quidam
1246 3207 1406 3259 homo
1432 3204 1809 3274 grammaticus
1832 3213 1935 3269 εει,

999 3298 1224 3367 Quidam
1253 3294 1413 3350 homo
1433 3294 1809 3366 grammaticus
1845 3309 1948 3351 non
1974 3303 2078 3351 est.

996 3430 1182 3485 Omnis
1207 3429 1367 3482 homo
1410 3427 1544 3493 lapis
1568 3435 1666 3481 est.

992 3520 1179 3576 Nullus
1211 3518 1370 3571 ltomo
1402 3516 1537 3583 lapis
1561 3526 1662 3570 est.

989 3610 1214 3677 Quidam
1240 3606 1401 3661 homo
1429 3605 1564 3675 lapis
1594 3612 1697 3665 est.

990 3699 1217 3767 Quidam
1246 3697 1406 3753 homo
1432 3696 1567 3767 lapis
1590 3711 1696 3754 non
1727 3706 1830 3753 est.

992 3840 1179 3896 Omnis
1208 3839 1367 3893 homo
1388 3837 1564 3907 justus
1593 3846 1691 3891 est.

990 3931 1173 3987 Nullus
1197 3930 1353 3985 homo
1380 3929 1555 3999 justus
1578 3938 1681 3983 est.

992 4022 1215 4091 Quidam
1244 4020 1401 4073 homo
1426 4019 1602 4089 justus
1631 4024 1734 4071 est.

990 4112 1213 4181 Quidam
1249 4108 1407 4164 homo
1432 4108 1607 4176 justus
1636 4123 1738 4161 non
1769 4116 1869 4161 est.

984 4228 1167 4281 Omnis
1194 4226 1353 4279 homo
1381 4223 1601 4278 risibilis
1628 4232 1728 4276 est.

988 4315 1171 4370 Nullus
1197 4314 1357 4366 homo
1388 4310 1605 4364 risibilis
1635 4320 1733 4364 est.

986 4403 1207 4473 Quidam
1241 4404 1400 4455 homo
1431 4400 1651 4453 risibilis
1681 4408 1778 4451 est.

992 4496 1214 4564 Quidam
1255 4495 1413 4548 homo
1443 4490 1656 4545 risibilis
1688 4505 1789 4543 non
1823 4501 1926 4545 est.

2330 1964 2595 2022 ponantur
2621 1956 2918 2024 simplices,
2948 1965 3109 2025 atque
3133 1969 3197 2009 ex
3222 1968 3409 2008 earum
3451 1964 3638 2007 natura
3680 1960 3899 2009 cteteraa

2329 2046 2659 2115 colligamus.
2690 2046 2870 2101 Primo
2910 2046 3073 2115 igitur
3116 2044 3541 2115 propositionum
3597 2044 3765 2096 series
3805 2041 3899 2095 de.

2329 2137 2617 2203 scribatur,
2672 2153 2732 2192 ea
2763 2139 2968 2192 scilicet
2996 2153 3116 2206 qua:
3160 2138 3402 2207 utrisque
3451 2136 3693 2204 jungitur
3722 2132 3901 2199 ﬁnitis,

2330 2230 2725 2300 propositisque
2751 2229 3082 2298 simplicibus
3105 2230 3175 2283 ita
3196 2244 3263 2284 ex
3293 2228 3515 2284 inﬁniis
3542 2226 3793 2280 omnibus
3818 2237 3901 2277 co.

2329 2325 2628 2392 pulatarun;
2654 2323 3075 2394 propositionum
3102 2324 3237 2377 ordo
3282 2320 3555 2390 jungatur.
3588 2326 3645 2371 ut
3670 2315 3878 2369 afﬁrma

2334 2414 2503 2469 tiones
2529 2407 2994 2479 afﬁrmationt'bus,
3028 2413 3338 2482 negationes
3369 2406 3759 2480 negationibus,
3805 2403 3899 2458 ad-

2334 2506 2502 2560 versis
2536 2506 2801 2560 frontibus
2815 2506 3167 2561 collocentur.

2402 2601 2587 2657 Omnis
2610 2615 2715 2655 nou
2746 2601 2905 2655 homo
2934 2614 3041 2654 non
3067 2596 3343 2653 rationalis
3372 2601 3473 2650 est.

2404 2696 2589 2752 Nullus
2616 2711 2723 2749 non
2754 2695 2915 2749 homo
2939 2708 3047 2747 non
3076 2690 3356 2747 rationalis
3392 2697 3496 2743 est.

2403 2787 2630 2855 Quidam
2653 2801 2759 2841 non
2786 2787 2945 2839 homo
2970 2798 3074 2837 non
3107 2780 3385 2836 rationalis
3412 2787 3513 2834 est.

2403 2877 2629 2943 Quidam
2653 2891 2762 2931 non
2792 2874 2952 2929 homo
2981 2888 3084 2927 non
3110 2870 3385 2927 rationalis
3414 2883 3523 2924 non
3551 2876 3656 2923 est.

2398 3012 2586 3069 Omnis
2612 3026 2718 3066 non
2750 3010 2909 3063 li'omo
2938 3021 3042 3060 non
3075 3006 3454 3076 grammaticus
3487 3009 3589 3055 est.

2400 3102 2587 3159 Nullus
2613 3116 2718 3156 non
2749 3099 2910 3155 homo
2942 3114 3043 3151 non
3070 3095 3450 3166 grammaticus
3481 3098 3589 3146 est.

2401 3186 2625 3260 Quidam
2656 3205 2760 3244 non
2787 3189 2945 3245 homo
2970 3202 3073 3241 non
3102 3185 3483 3255 grammaticus
3513 3189 3621 3236 est.

2402 3282 2628 3352 Quidam
2657 3297 2763 3337 non
2794 3279 2954 3335 homo
2979 3293 3083 3334 non
3106 3274 3484 3347 grammaticus
3512 3287 3619 3329 non
3641 3278 3743 3328 est.

2400 3419 2586 3475 Omnis
2615 3434 2722 3474 non
2751 3416 2913 3472 homo
2943 3431 3049 3472 non
3079 3415 3216 3485 lapis
3235 3424 3337 3470 est.

2401 3512 2593 3568 Nullus
2622 3526 2726 3566 non
2755 3512 2916 3565 homo
2947 3525 3052 3564 non
3083 3510 3219 3580 lapis
3239 3516 3343 3564 est.

2406 3604 2632 3672 Quidam
2666 3618 2773 3658 non
2801 3603 2963 3656 homo
2983 3615 3090 3664 non
3121 3599 3257 3670 lapis
3276 3608 3381 3655 est.

2400 3696 2627 3762 Quidam
2655 3711 2761 3750 non
2786 3693 2949 3749 homo
2978 3708 3086 3748 non
3117 3692 3254 3764 lapis
3284 3706 3391 3747 non
3416 3698 3519 3747 est.

2399 3828 2583 3884 Omnis
2612 3846 2718 3884 non
2748 3829 2909 3883 homo
2940 3842 3044 3883 non
3070 3829 3245 3895 justus
3273 3838 3375 3883 est.

2400 3920 2586 3975 Nullus
2616 3937 2720 3974 non
2753 3918 2913 3974 homo
2944 3934 3046 3972 non
3070 3919 3249 3987 justus
3271 3927 3373 3973 est.

2395 4012 2619 4078 Quidam
2652 4024 2755 4063 non
2779 4010 2937 4063 homo
2969 4026 3070 4063 non
3099 4008 3278 4079 justus
3304 4017 3405 4064 est.

2397 4103 2618 4172 Quidam
2651 4119 2756 4157 non
2782 4101 2941 4158 homo
2970 4116 3075 4155 non
3101 4101 3281 4170 justus
3308 4117 3414 4156 non
3442 4108 3545 4156 est.

2383 4221 2573 4274 Omnis
2604 4234 2707 4272 non
2744 4219 2901 4273 homo
2932 4235 3037 4274 non
3067 4218 3284 4275 risibilis
3318 4227 3415 4275 est.

2383 4310 2567 4364 Nullus
2597 4323 2701 4364 non
2733 4308 2893 4363 homo
2923 4326 3028 4364 non
3062 4311 3277 4365 risibilis
3304 4320 3405 4364 eet.

2385 4400 2608 4467 Quidam
2641 4415 2744 4454 non
2775 4402 2934 4456 homo
2963 4418 3066 4458 non
3101 4402 3315 4459 risibilis
3340 4410 3441 4457 est.

2385 4493 2605 4560 Quidam
2637 4507 2740 4549 non
2767 4494 2925 4549 homo
2956 4511 3061 4552 non
3089 4495 3304 4553 risibilis
3333 4484 3436 4551 non
3468 4504 3569 4552 est.

635 4640 831 4700 llarutn
872 4634 1028 4703 igitur
1061 4629 1179 4685 talis
1227 4638 1309 4684 est
1334 4625 1683 4682 consociauda
1734 4622 1962 4679 falsitate
1994 4626 2077 4681 vel
2103 4641 2198 4682 ve-
2231 4616 2280 4682 C
2309 4630 2647 4699 pronttntiet,
2689 4634 2864 4684 omnis
2916 4631 3076 4685 homo
3120 4633 3497 4701 grammaticus
3542 4642 3653 4696 est,
3697 4634 3884 4690 falsum

634 4732 792 4783 ritate
827 4723 1147 4794 preprietas,
1193 4729 1245 4773 ut
1290 4717 1667 4771 afﬁrmationes
1699 4713 1909 4785 quidem
1955 4717 2092 4772 inter
2145 4733 2202 4772 se

635 4817 959 4877 universales
994 4812 1442 4882 particularesqtte
1489 4807 1797 4874 negationes
1827 4812 1907 4860 vel
1954 4808 2006 4862 in
2061 4810 2202 4865 veri-

632 4917 739 4963 tate
784 4904 869 4961 vei
907 4905 959 4959 in
998 4900 1275 4957 mendacio
1300 4898 1600 4952 consentire
1628 4905 1856 4963 queant,
1891 4897 1971 4951 vel
2016 4912 2201 4952 verum

633 5004 772 5057 inter
802 5014 860 5054 sc
894 4996 1191 5061 falsumque
1235 4987 1492 5042 dividere.
1536 4986 1589 5041 Si
1619 4986 1745 5053 quid
1780 4987 1922 5040 enim
1962 4986 2029 5042 de
2075 4988 2204 5043 sub-

632 5094 779 5163 jeclo
833 5089 936 5143 tale
962 5082 1280 5155 prmdicetur
1306 5078 1446 5148 quod
1476 5078 1555 5130 vel
1583 5077 1647 5129 de
1693 5075 1933 5144 subjecto
1973 5090 2203 5147 nequeat

633 5180 900 5252 segregari
918 5219 931 5243 ,
958 5186 1014 5237 ut
1034 5175 1099 5227 ab
1125 5167 1770 5231 hominerationabilitas,
1798 5167 1877 5221 vel
1903 5182 1933 5220 a
1961 5168 2205 5237 subjecto

631 5275 844 5346 quidem
889 5266 1141 5326 recedere
1169 5270 1356 5333 queat,
1404 5260 1497 5315 sed
1528 5258 1757 5327 subjecti
1804 5268 2045 5315 naturam
2095 5276 2200 5317 non

630 5365 1055 5435 possittequare,
1092 5365 1148 5413 ut
1194 5351 1423 5409 hominis
1467 5351 1868 5420 grammaticus,
1918 5366 2076 5405 uuam
2110 5367 2201 5408 ve-

631 5472 773 5520 ram,
803 5454 1028 5513 alteram
1061 5448 1243 5506 falsam
1279 5460 1400 5502 esse
1431 5444 1731 5514 proveniet.
1766 5441 1898 5497 Nam
1924 5442 2014 5512 qui
2041 5442 2193 5508 dicit,

630 5547 804 5602 omnis
848 5545 1007 5598 homo
1034 5537 1308 5593 rationalis
1349 5545 1459 5600 est,
1495 5549 1677 5590 verum
1727 5533 1977 5603 loquitur,
2009 5540 2066 5589 et
2106 5533 2198 5601 qui

629 5635 854 5698 dixerit,
880 5632 1055 5687 omnis
1082 5645 1183 5683 non
1213 5628 1371 5682 homo
1401 5641 1504 5681 non
1536 5624 1805 5679 rationalis
1836 5631 1919 5679 est
1965 5622 2193 5678 mentie-

630 5733 734 5777 tur.
786 5722 981 5777 Divinae
1029 5733 1257 5786 namque
1309 5718 1617 5771 substantia:
1681 5714 1901 5769 rationis
1976 5711 2191 5780 quidem

633 5820 900 5876 compotes
928 5818 1078 5871 sunt,
1108 5810 1202 5863 sed
1235 5811 1473 5863 homines
1508 5826 1611 5863 non
1643 5819 1786 5863 sunt.
1824 5807 1954 5862 ltcm
1993 5806 2037 5860 si
2071 5809 2192 5877 quis

2316 4719 2533 4773 dixerit.
2562 4721 2621 4773 At
2647 4721 2737 4789 qui
2769 4725 3038 4789 pr0p0nit,
3061 4723 3237 4777 omnis
3266 4738 3368 4778 non
3403 4723 3563 4778 homo
3591 4740 3695 4778 non
3717 4734 3882 4794 gram-

2317 4811 2541 4862 maticus
2565 4818 2674 4875 est,
2704 4825 2883 4865 verum
2913 4810 3129 4866 dixerit.
3152 4811 3279 4865 Nam
3310 4814 3401 4881 qui
3427 4812 3589 4867 homo
3618 4829 3721 4867 non
3768 4820 3882 4879 est,

2313 4901 2689 4967 grammaticus
2726 4914 2847 4955 esse
2884 4915 2988 4956 non
3022 4910 3215 4969 potest.
3256 4903 3327 4958 At
3354 4905 3397 4957 si
3441 4904 3491 4958 id
3534 4903 3602 4958 de
3647 4905 3887 4971 subjecto

2312 4989 2634 5059 praedicetur
2685 4992 2826 5059 quod
2852 4992 2935 5047 vel
2980 5007 3247 5062 nunquam
3277 4994 3518 5062 subjecto
3556 4994 3731 5049 valeat
3755 5009 3881 5049 con-

2312 5080 2515 5143 venire,
2550 5090 2605 5133 ut
2634 5080 2767 5150 lapis
2797 5082 3018 5149 homini,
3064 5086 3144 5138 vel
3173 5085 3500 5139 conveniens
3527 5085 3595 5140 ab
3621 5100 3688 5139 eo
3711 5086 3885 5154 possit

2311 5169 2622 5235 abscedere,
2663 5187 2783 5227 cum
2823 5174 2892 5228 sit
2932 5174 3105 5243 majus
3152 5186 3313 5240 atque
3362 5175 3715 5231 universalius
3759 5176 3883 5229 sub-

2302 5259 2469 5329 jecto,
2504 5269 2559 5314 ut
2580 5261 2785 5330 justitia
2818 5264 3037 5331 homini,
3071 5265 3230 5321 simul
3261 5267 3503 5336 utrisque
3533 5266 3738 5321 falsitas
3761 5283 3877 5337 pro—

2307 5353 2475 5407 venit.
2516 5353 2646 5407 Nam
2685 5353 2732 5409 si
2776 5355 2895 5424 quis
2941 5357 3099 5423 dicit,
3141 5358 3318 5411 omnis
3368 5356 3528 5412 homo
3579 5357 3714 5426 lapis
3764 5368 3876 5423 est,

2308 5447 2492 5501 falsam
2530 5446 2719 5504 fecerit
2748 5450 3182 5518 prapositionem.
3228 5450 3430 5506 Eodem
3460 5464 3672 5521 quoque
3716 5449 3874 5504 modo

2308 5536 2396 5602 qui
2440 5537 2663 5603 dixerit,
2695 5538 2869 5593 omnis
2912 5556 3016 5595 non
3065 5544 3223 5597 homo
3272 5555 3376 5595 non
3418 5540 3550 5608 lapis
3596 5549 3715 5605 est,
3760 5554 3880 5592 cum

2308 5627 2443 5681 silex
2496 5626 2658 5682 homo
2703 5646 2808 5683 non
2861 5630 2962 5699 sit,
3012 5633 3103 5687 sed
3161 5633 3314 5700 lpis.
3372 5633 3500 5686 ltetn
3565 5630 3878 5700 propositio,

2303 5718 2482 5772 omnis
2526 5718 2686 5774 homo
2731 5720 2908 5789 justus
2947 5734 3059 5786 est,
3101 5725 3228 5778 falsa
3278 5733 3390 5790 est,
3435 5722 3587 5787 cujus
3633 5720 3876 5790 sequitur

2304 5806 2614 5873 falsitatem,
2659 5813 2830 5867 omnis
2868 5812 2973 5868 non
3020 5815 3179 5869 homo
3226 5829 3331 5869 non
3374 5811 3550 5883 justus
3594 5821 3694 5869 est.
3734 5805 3873 5867 Nam

2610 5970 2649 5977 Α-
