4296 6266
386 358 489 421 Ἰθί

1203 348 1670 423 ιΝΤιιοῡυρτιο
1707 351 1802 407 AD
1839 349 2312 408 εηι.οσιειιιοε
2349 348 2846 409 CATEGORICOS.

3558 358 3666 415 78¢

387 475 583 533 divinis
609 469 920 529 substantiis
947 473 1099 526 adest
1122 483 1334 539 semper
1358 467 1583 538 justitia,
1610 479 1731 520 cum
1760 478 1867 520 non
1897 464 1969 518 sit
1999 468 2055 528 Α
2078 465 2265 533 igiturv
2283 464 2495 534 quidem
2548 468 2604 520 in
2656 470 3105 525 ai'tlrmationibus
3161 471 3559 529 universalibus
3606 484 3665 529 et

389 568 710 623 humanitas.
766 568 833 619 At
870 563 914 618 si
943 561 1070 634 quid
1104 562 1206 617 tale
1248 563 1317 616 de
1362 558 1605 628 subjecto
1655 555 1975 626 prmdicetur

391 657 531 730 quod
570 666 625 713 et
664 670 877 725 semper
904 654 955 710 ei
1000 654 1304 722 copuletur,
1348 666 1518 722 neque
1563 660 1739 705 tamen
1793 648 1975 718 subje-

392 762 534 807 ctum
587 753 753 819 possit
796 748 1076 813 excedere,
1110 756 1167 802 ut
1211 745 1413 801 risibile
1456 745 1694 810 homini,
1719 744 1975 825 utrinque

393 845 655 900 sententia
705 845 756 897 in
802 842 1135 913 significandi
1186 841 1408 895 veritate
1460 840 1762 904 concurrit,
1796 839 1973 894 omnis

394 933 809 988 hoino'risibilis
853 942 965 999 est,
1003 947 1126 986 vera
1170 941 1280 996 est,
1312 932 1488 986 omnis
1538 946 1644 985 non
1677 929 1839 985 homo
1869 946 1975 984 non

394 1026 540 1082 risibi
563 1027 607 1080 is
650 1035 769 1092 est,
802 1026 913 1080 haec
943 1024 1137 1079 retinet
1184 1024 1482 1077 veritatem.
1517 1022 1647 1076 Nam
1692 1022 1815 1090 quia
1846 1022 1968 1077 risi-

394 1118 496 1174 bile
539 1119 768 1173 hominis
814 1118 1091 1188 proprium
1122 1126 1242 1180 est,
1289 1126 1435 1171 recte
1481 1114 1679 1170 dicitur
1720 1129 1823 1168 non
1855 1127 1978 1169 esse

394 1211 596 1266 risibile
625 1211 883 1282 quidquid
914 1212 1077 1265 homo
1126 1226 1231 1263 non
1262 1196 1444 1263 fuerit.
1478 1208 1680 1262 Eadem
1712 1209 1891 1261 omnia
1922 1206 1976 1260 in

392 1304 704 1374 particulari
739 1304 1026 1373 negatione
1055 1301 1371 1357 redduntur.
1405 1299 1536 1354 Nam
1564 1300 1677 1355 sive
1704 1313 1824 1367 qua:
1853 1304 1979 1351 sunt

392 1395 599 1464 majora
629 1396 873 1464 subjecto
903 1405 1063 1463 atque
1089 1395 1157 1448 ab
1186 1408 1252 1449 eo
1279 1394 1562 1448 discedere
1584 1400 1887 1463 nequeunt,
1922 1400 1980 1446 ut

392 1488 789 1543 rationabilltas
817 1488 886 1541 ab
909 1486 1149 1551 homine,
1175 1486 1259 1539 vel
1282 1500 1403 1555 quae
1429 1484 1715 1540 discedunt
1740 1483 1979 1553 quidem,

395 1578 494 1633 led
526 1588 652 1632 sunt
682 1578 887 1645 majora
916 1576 1180 1646 subjecto,
1214 1584 1272 1631 nt
1308 1577 1694 1646 grammaticus
1736 1575 1976 1640 homine,

395 1672 467 1728 de
492 1673 736 1737 subjecto
762 1671 1142 1741 praedicenti",
1173 1685 1329 1725 unam
1360 1684 1537 1725 veram
1556 1710 1572 1736 ,
1608 1671 1829 1724 alteram
1878 1668 1978 1722 fal-

394 1776 514 1817 sam
542 1764 762 1816 iaciunt.
790 1762 922 1816 Nam
953 1764 1045 1829 qui
1074 1761 1231 1827 dicit,
1259 1761 1475 1831 quidam
1508 1761 1671 1815 homo
1700 1758 1978 1815 rationalis

2080 558 2500 629 partirularibus
2531 560 2790 629 negativis
2839 560 3035 616 veritas
3078 562 3390 634 falsitasque
3420 574 3475 619 et
3502 564 3662 620 simul

2082 649 2369 719 aliquoties
2420 649 2721 713 invenitur,
2768 660 2821 704 et
2878 652 3017 707 inter
3065 660 3319 722 utrasque
3378 654 3660 710 dividitur.

2082 742 2405 811 Negationes
2430 736 2560 797 vero
2588 743 3000 797 universaleset
3041 746 3387 812 particulares
3426 747 3664 802 afﬁrma-

2084 836 2260 890 tiones
2287 851 2391 889 non
2425 835 2587 889 simili
2634 835 2963 902 respondent
3005 836 3182 890 modo.
3219 836 3325 891 Sed
3354 841 3665 907 negationes

2083 926 2298 995 quidem
2347 927 2695 991 uniterSales,
2747 942 2907 981 unam
2956 942 3142 982 verum
3189 928 3397 998 dicere,
3441 932 3665 986 alteram

2084 1019 2268 1072 falsam
2288 1059 2305 1085 ,
2334 1019 2487 1073 simul
2523 1028 2773 1088 utrasque
2814 1018 2976 1073 falsas
3009 1032 3129 1075 esse
3161 1020 3413 1087 possibile
3442 1031 3541 1076 est.
3573 1024 3664 1079 Si.

2084 1113 2191 1166 mul
2232 1120 2410 1167 autem
2448 1126 2606 1167 veras
2658 1126 2927 1181 nunquam
2956 1127 3079 1169 esse
3116 1112 3399 1183 contingit.
3440 1113 3571 1167 Nam
3618 1116 3667 1169 si

2085 1208 2137 1261 id
2169 1205 2310 1276 quod
2350 1206 2541 1260 adesse
2569 1204 2812 1275 subjecto
2839 1222 2942 1261 non
2986 1216 3183 1275 potest,
3210 1206 3551 1275 prmdicetur,
3612 1216 3669 1262 ut

2084 1298 2221 1365 lapis
2250 1294 2487 1364 homini,
2522 1313 2680 1351 unam
2715 1313 2896 1352 veram
2927 1297 3163 1363 faciunt,
3195 1299 3418 1353 alteram
3447 1298 3666 1367 falsam,

2087 1402 2143 1447 ut
2162 1403 2273 1457 est,
2305 1391 2480 1446 nullus
2510 1391 2669 1448 homo
2698 1391 2833 1467 lapis
2859 1402 2972 1457 est,
2996 1407 3121 1445 vera
3144 1399 3255 1459 εει,
3285 1392 3413 1447 falsa
3440 1404 3523 1449 est
3551 1410 3669 1464 qua

2088 1484 2366 1552 pr0ponit,
2400 1483 2578 1538 nullus
2627 1500 2732 1538 non
2776 1485 2935 1537 homo
2988 1498 3092 1537 non
3145 1485 3279 1552 lapis
3322 1495 3424 1550 est,
3483 1487 3667 1539 omnia

2086 1577 2283 1645 quippe
2309 1578 2562 1630 animalia
2592 1586 2783 1644 praeter
2811 1575 3080 1631 hominem
3130 1576 3202 1629 ita
3234 1593 3339 1631 non
3369 1590 3492 1633 sunt
3535 1578 3666 1645 lapi-

2087 1666 2207 1732 des,
2241 1667 2379 1721 sicut
2424 1667 2492 1722 ab
2523 1666 2800 1721 hominum
2833 1675 3022 1722 natura
3055 1668 3294 1737 sejuncta
3322 1680 3466 1725 sunt.
3507 1671 3669 1739 Quid~

2086 1758 2212 1829 quid
2245 1774 2371 1815 vero
2399 1761 2541 1815 aliud
2570 1762 2638 1815 de
2673 1760 2917 1829 subjecto
2960 1761 3303 1831 praedicetur,
3335 1764 3505 1819 neutri
3534 1779 3668 1818 con-

394 1866 502 1907 uon
532 1862 649 1919 est,
676 1851 868 1906 lalstnn
894 1853 1201 1920 proposuit;
1231 1850 1321 1919 qui
1354 1866 1483 1906 vero
1513 1851 1835 1920 reSpondet,
1860 1850 1977 1921 qui-
2006 1844 2057 1907 Β
2084 1861 2227 1907 stare
2278 1854 2476 1907 veritas
2528 1862 2704 1922 potest
2738 1871 2751 1907 :
2787 1862 2844 1906 ut
2891 1853 2935 1907 si
2978 1854 3096 1922 quis
3148 1865 3446 1923 proponat,
3493 1856 3670 1910 nullus

394 1940 518 1996 lam
550 1957 655 1996 non
698 1944 860 1995 homo
904 1958 1010 1996 non
1058 1942 1335 1997 rationalis
1378 1956 1483 2023 non
1532 1949 1643 2007 est,
1680 1957 1864 1996 verum
1896 1942 1978 1996 lo-

395 2024 601 2105 quitur.
645 2034 829 2090 Divina
879 2036 1074 2106 quippe
1125 2037 1425 2091 substantia
1471 2051 1579 2091 non
1629 2047 1712 2091 est
1760 2038 1978 2107 quidam

402 2125 587 2192 homo,
616 2126 712 2181 sed
760 2140 944 2181 carere
991 2142 1097 2180 non
1141 2136 1320 2197 potest
1365 2129 1610 2182 humana:
1644 2131 1851 2186 ratione
1880 2146 1980 2185 na-

398 2224 563 2273 tura.
602 2218 769 2285 Item,
817 2217 1031 2286 quidam
1080 2218 1240 2273 homo
1287 2222 1667 2289 grammaticus
1715 2237 1820 2274 non
1867 2230 1977 2287 cst,

398 2320 522 2362 vera
554 2314 663 2370 est,
693 2306 788 2361 sed
835 2309 963 2364 lalsa
995 2318 1077 2362 est
1106 2312 1150 2362 si
1190 2309 1394 2372 dicam,
1427 2310 1641 2379 quidam
1672 2326 1779 2365 non
1812 2310 1979 2365 homo

398 2413 505 2454 non
552 2400 934 2469 grammaticus
987 2415 1091 2454 non
1140 2410 1240 2457 est.
1283 2403 1416 2457 Cum
1469 2402 1602 2457 illud
1650 2404 1720 2457 sit
1767 2403 1973 2472 verius,

397 2489 647 2559 quoniam
670 2490 759 2559 qui
793 2490 954 2545 homo
981 2506 1086 2546 non
1112 2491 1299 2559 fuerit,
1333 2508 1441 2548 non
1467 2503 1642 2563 potest
1663 2509 1782 2551 esse
1807 2510 1981 2563 gram~

404 2579 646 2633 maticus.
669 2581 738 2633 At
759 2581 803 2634 si
835 2594 955 2649 quae
984 2580 1066 2634 vel
1100 2597 1371 2651 nunquam
1391 2576 1461 2639 de
1483 2584 1726 2651 subjecto
1757 2595 1980 2653 possunt

398 2685 523 2727 vere
566 2672 877 2741 praedicari,
915 2682 973 2727 ut
1017 2674 1153 2743 lapis
1190 2676 1257 2729 de
1289 2676 1529 2742 homine,
1561 2677 1648 2731 vel
1680 2677 1978 2745 praedican-

398 2772 485 2818 tur
514 2765 725 2833 quidem
772 2774 828 2819 et
854 2774 979 2819 sunt
1009 2764 1215 2835 majora
1244 2767 1512 2836 subjecto,
1541 2768 1635 2822 sed
1665 2768 1737 2823 ab
1763 2783 1831 2823 eo
1855 2769 1975 2823 dis-

397 2853 589 2909 cedere
645 2855 987 2924 separarique
1047 2857 1347 2924 patiuntur,
1413 2867 1471 2913 ut
1522 2858 1727 2925 justitia
1770 2860 1839 2915 ab
1882 2860 1983 2915 llo-

402 2948 567 3008 mine,
599 2959 749 2999 vcras
791 2944 1035 3013 pretinus
1066 2958 1318 3017 utrasque
1348 2961 1691 3004 conservant.
1721 2950 1854 3005 Nam
1884 2952 1976 3021 qui

399 3034 556 3101 dicit,
602 3036 817 3105 quidam
871 3036 1032 3089 homo
1071 3036 1221 3106 'lapis
1269 3052 1379 3093 non
1426 3046 1538 3103 est,
1585 3054 1771 3095 verum
1819 3041 1975 3097 dixe-

400 3126 492 3181 rit.
525 3127 595 3180 At
631 3128 675 3181 si
714 3128 835 3196 quis
880 3128 1225 3195 reSpondeat,
1256 3130 1469 3198 quidam
1513 3146 1620 3186 non
1660 3131 1823 3187 homo
1866 3147 1978 3187 non

2092 1948 2255 1998 homo
2305 1943 2579 1997 rationalis
2624 1953 2741 2008 est,
2784 1940 2974 1996 falsum
3021 1943 3253 2009 dixerit;
3297 1945 3541 2015 aliuSque
3586 1962 3670 2000 re-

2088 2034 2384 2103 spondeat,
2417 2034 2597 2087 nullus
2626 2048 2731 2086 non
2764 2034 2923 2087 homo
2945 2048 3047 2086 non
3082 2034 3358 2091 rationalis
3386 2044 3498 2104 est,
3532 2036 3668 2090 hanc

2088 2140 2303 2197 quoque
2350 2124 2620 2178 convincit
2668 2123 2802 2177 ratio
2834 2121 3083 2187 mentiri,
3126 2138 3295 2194 equus
3339 2123 3533 2195 quippe
3565 2140 3669 2179 non

2092 2220 2254 2273 homo
2280 2226 2393 2284 est,
2425 2231 2521 2270 nec
2562 2230 2682 2269 eunt
2725 2216 2843 2282 quis
2874 2214 3068 2269 dixerit
3102 2217 3324 2270 rationis
3356 2232 3477 2273 esse
3504 2219 3669 2287 parti-

2087 2311 2293 2381 cipem;
2327 2319 2382 2364 ut
2407 2318 2581 2363 autem
2611 2308 2769 2362 sirnul
2798 2323 2936 2363 vera:
2965 2308 3101 2373 sint,
3130 2311 3307 2363 nullus
3336 2312 3534 2379 poterit
3562 2319 3669 2366 ter-

2089 2404 2268 2459 minus
2293 2404 2613 2473 approbare.
2646 2403 3000 2456 Particulares
3044 2412 3220 2457 autem
3252 2403 3588 2460 afﬁrmativae
3614 2406 3669 2461 in

2088 2496 2448 2552 dill‘erentiam
2482 2495 2722 2550 veritatis
2774 2496 3137 2565 falsitatisun
3170 2496 3486 2567 discedunt,
3534 2514 3671 2569 quo-

2090 2591 2192 2645 ties
2224 2589 2424 2658 aliquid
2458 2590 2561 2642 ta'e
2600 2588 2667 2642 de
2696 2589 2942 2657 subjecto
2970 2589 3189 2659 dicitur,
3218 2591 3358 2661 quod
3402 2608 3672 2663 nunquam

2089 2680 2260 2751 possit
2301 2682 2491 2734 adesse
2521 2679 2789 2749 subjecto,
2820 2688 2875 2734 ut
2905 2679 3043 2749 lapis
3068 2697 3082 2737 :
3118 2697 3241 2737 nam
3270 2685 3314 2737 si
3356 2699 3472 2752 qus
3498 2701 3671 2740 enun-

2089 2771 2221 2838 tiet,
2260 2771 2475 2842 quidam
2522 2770 2682 2824 homo
2728 2770 2862 2835 lapis
2902 2778 3014 2834 est,
3059 2770 3190 2824 falsa
3237 2775 3531 2841 propositio
3549 2784 3668 2840 est;

2086 2872 2146 2918 at
2174 2864 2219 2919 si
2249 2865 2370 2933 quis
2396 2861 2745 2931 respondeat,
2794 2862 3010 2930 quidam
3056 2877 3163 2915 non
3200 2863 3360 2917 homo
3390 2880 3493 2918 non
3538 2866 3672 2934 lapis

2088 2964 2205 3021 est,
2242 2962 2388 3009 tenet
2425 2954 2748 3007 contrariam
2783 2952 3099 3017 veritatem,
3130 2966 3301 3022 equus
3340 2957 3535 3023 quippe
3567 2972 3672 3011 non

2089 3045 2254 3101 homo
2299 3055 2409 3111 est,
2454 3061 2554 3100 nec
2612 3045 2747 3114 lapis
2792 3059 2911 3099 esse
2954 3044 3180 3099 dicetur.
3233 3046 3494 3116 Quidquid
3546 3061 3672 3104 vero

2088 3136 2231 3190 aliud
2264 3137 2331 3190 de
2375 3134 2619 3204 subjecto
2656 3134 3054 3202 medicabitur,
3084 3142 3168 3188 est
3211 3148 3302 3189 eas
3348 3134 3400 3189 in
3435 3139 3673 3193 veritatis

398 3216 539 3285 lapis
576 3231 680 3272 non
726 3228 839 3285 est,
875 3218 919 3273 is
960 3234 1172 3289 quoque
1197 3235 1383 3275 verum
1415 3221 1647 3288 dixerit;
1681 3222 1727 3277 si
1758 3224 1980 3291 quidem
2011 3219 2061 3285 C
2090 3226 2852 3297 signiﬁcationemconvenire,
2888 3232 2961 3287 ut,
2997 3224 3212 3293 quidam
3248 3227 3405 3279 homo
3435 3229 3675 3285 rationa-

396 3308 467 3364 de
516 3308 665 3364 silice
712 3311 795 3365 vel
836 3310 901 3367 de
946 3311 1249 3381 hujusmodi
1291 3314 1500 3369 caeteris
1543 3314 1677 3368 velit
1716 3315 1981 3385 intelligi,

398 3414 525 3471 quae
554 3417 672 3456 cum
714 3417 820 3458 non
862 3404 969 3458 sint
999 3404 1259 3471 homines,
1300 3421 1406 3459 non
1448 3406 1657 3473 lapides
1695 3423 1802 3463 non
1829 3421 1979 3467 sunt.

397 3490 558 3560 Item,
586 3494 800 3563 quidam
832 3495 992 3550 homo
1013 3496 1190 3564 justus
1222 3513 1327 3551 non
1357 3505 1469 3559 est.
1500 3502 1798 3567 prepositio
1828 3502 1972 3557 veri-

398 3593 559 3641 tatem
589 3595 753 3641 tenet.
781 3587 884 3641 Sed
916 3601 986 3642 ne
1026 3587 1113 3641 illa
1143 3588 1358 3657 quidem
1397 3588 1526 3642 falsa
1569 3599 1654 3645 est
1690 3606 1810 3659 quae
1851 3607 1979 3662 pro-

396 3676 545 3744 ponit
572 3677 854 3746 quemdam
884 3693 989 3732 non
1018 3678 1284 3732 hominem
1312 3694 1417 3733 non
1454 3677 1654 3748 justum
1685 3698 1789 3736 non
1817 3698 1978 3751 esse;

397 3765 499 3821 hoc
526 3768 670 3822 enim
691 3808 708 3835 ,
739 3777 796 3821 ut
823 3769 1024 3822 dictum
1052 3778 1165 3835 est,
1205 3767 1401 3823 divinis
1426 3770 1741 3828 substantiis
1768 3772 1979 3830 inveni-

398 3867 504 3923 tur,
537 3868 587 3912 ut
619 3858 878 3926 justitiam
912 3868 1161 3924 teneant,
1192 3863 1434 3930 quamvis
1463 3864 1529 3918 ab
1562 3864 1795 3921 hominis
1824 3868 1973 3923 difﬁ-

398 3949 603 4003 nitione
630 3954 884 4017 seiuncta:
911 3958 1054 4005 sunt.
1085 3951 1246 4019 item,
1278 3954 1321 4006 si
1363 3954 1414 4008 id
1464 3956 1608 4024 quod
1654 3959 1844 4014 abesse
1873 3974 1980 4014 non

399 4049 605 4108 potest,
639 4048 696 4099 et
733 4042 803 4095 sit
846 4043 1054 4110 aequale
1100 4042 1356 4112 subjecto,
1391 4044 1459 4100 de
1502 4047 1691 4102 eodem
1736 4050 1982 4119 subjecto

398 4133 749 4202 praedicetur,
801 4143 856 4187 ut
910 4134 1113 4190 risibile
1170 4136 1407 4201 homini,
1456 4138 1686 4193 incurrit
1739 4142 1982 4210 utrisque

400 4224 758 4279 mendacium.
798 4223 930 4281 Nam
981 4226 1195 4296 quidam
1248 4227 1408 4283 homo
1452 4230 1673 4287 risibilis
1710 4247 1818 4287 non
1861 4243 1980 4299 est,

399 4313 527 4368 falsa
554 4325 664 4381 est,
691 4317 844 4385 cujus
893 4317 1110 4373 falsitati
1139 4334 1259 4374 sese
1308 4321 1556 4376 aemulam
1604 4335 1822 4392 prtcstat
1861 4342 1981 4397 qua:

403 4413 681 4478 proponit,
713 4414 925 4483 quidam
959 4432 1064 4472 non
1115 4418 1276 4474 homo
1307 4436 1413 4476 non
1461 4423 1665 4478 risibiie
1712 4439 1819 4479 non
1864 4431 1987 4488 est,

2096 3318 2160 3371 iis
2200 3324 2310 3382 est,
2339 3330 2461 3369 vera
2492 3323 2603 3380 est,
2647 3313 2859 3383 quidam
2906 3328 3011 3368 non
3060 3315 3222 3368 homo
3250 3330 3355 3368 non
3398 3316 3674 3370 rationalis

2095 3417 2208 3472 est,
2252 3406 2376 3460 huic
2404 3419 2616 3474 quoque
2645 3403 2842 3458 veritas
2864 3413 3103 3468 constat,
3128 3418 3296 3474 equus
3326 3408 3469 3475 quip;
3488 3422 3518 3462 e
3565 3422 3669 3459 llOlI

2098 3500 2260 3554 homo
2283 3508 2399 3564 est,
2433 3511 2532 3553 nec
2560 3495 2768 3550 ratione
2795 3496 3067 3561 subsistit;
3103 3503 3160 3550 ut
3187 3512 3314 3551 vero
3341 3499 3495 3552 simul
3524 3500 3674 3553 falsae
3764 3500 3781 3513 ‘

2097 3589 2238 3654 sint,
2294 3588 2452 3643 nullis
2501 3590 2804 3656 reperietur
2860 3587 3140 3655 exemplis.
3189 3586 3271 3642 Ad
3326 3586 3466 3643 hunc
3517 3591 3675 3656 igitur

2097 3682 2314 3737 modum
2358 3690 2412 3735 et
2438 3681 2504 3735 de
2545 3680 2758 3735 ceteris
2780 3694 2901 3749 qua:
2943 3680 3027 3734 vel
3080 3680 3376 3748 subjzctum
3418 3682 3497 3736 vel
3544 3697 3678 3751 pra»-

2089 3774 2327 3827 dicatum
2373 3772 2607 3826 retinent
2632 3767 2928 3834 inﬁnitam,
2959 3770 3025 3822 ad
3058 3771 3292 3825 veritatis
3320 3771 3676 3842 falsitatisque

2088 3875 2417 3916 consensum
2473 3858 2901 3915 enuntiationum
2953 3859 3248 3924 proprietas
3286 3862 3674 3915 consideranda

2088 3967 2210 4020 εει,
2241 3955 2308 4007 de
2333 3954 2530 4021 quibus
2561 3951 2722 4004 modo
2758 3949 2993 4002 l:reviter
3018 3948 3144 4015 quid
3184 3953 3397 4004 eveniat
3441 3956 3677 4021 tetigisse

2089 4046 2353 4105 sufﬁciat,
2378 4044 2583 4111 singula
2612 4056 2746 4096 vero
2772 4040 2986 4093 lectoris
3012 4041 3334 4107 exploranda
3363 4043 3670 4113 diligentiae,

2089 4145 2150 4190 et
2182 4150 2272 4204 per
2298 4132 2680 4189 convenientes
2717 4130 2973 4186 terminos
3014 4130 3261 4185 rimanda
3292 4135 3671 4200 permittimus.

2096 4230 2456 4298 Disponautur
2502 4228 2667 4298 igitur
2711 4226 3102 4297 propositiones
3155 4242 3273 4296 qua:
3324 4243 3388 4282 ex
3437 4229 3677 4297 utrisque

2092 4320 2431 4390 simplicibus
2462 4318 2706 4375 terminis
2731 4327 3009 4384 constant,
3044 4331 3242 4387 easque
3285 4332 3507 4390 quarum
3545 4318 3677 4372 sub-

2089 4414 2292 4484 jectum
2334 4424 2539 4470 tantum
2580 4414 2843 4469 abnuatur
2887 4428 2952 4467 ex
3003 4412 3226 4466 adversa
3280 4420 3431 4479 parte
3500 4410 3675 4481 respi-

401 4502 550 4569 quasi
595 4505 680 4570 qui
728 4505 887 4562 homo
931 4524 1039 4563 non
1110 4509 1178 4565 sit
1220 4514 1389 4580 possit
1438 4528 1562 4570 esse
1612 4515 1851 4572 risibilis.
1907 4509 2260 4572 ltaDciani.

1273 4627 1572 4695 Simplices.

963 4717 1152 4774 Omnis
1182 4718 1343 4773 homo
1374 4721 1647 4774 rationalis
1671 4732 1772 4775 est.

979 4811 1161 4865 :\ullus
1187 4810 1349 4865 homo
1382 4811 1653 4866 ratiooalis
1684 4826 1785 4868 est.

972 4900 1199 4965 Quidam
1232 4902 1391 4956 homo
1421 4903 1693 4957 rationalis
1724 4912 1822 4958 est.

979 4991 1202 5060 Quidam
1236 4994 1399 5049 homo
1428 4995 1699 5050 rationalis
1728 5012 1833 5051 non
1864 5005 1969 5051 est.

967 5129 1151 5184 Omnis
1179 5130 1342 5186 homo
1374 5132 1591 5188 risibilis
1623 5144 1725 5190 est.

966 5219 1151 5273 Nullus
1180 5219 1341 5276 homo
1370 5222 1585 5278 risibilis
1614 5234 1716 5278 est.

965 5311 1191 5381 Quidam
1222 5314 1383 5369 homo
1414 5316 1633 5370 risibilis
1663 5325 1766 5369 est.

966 5402 1191 5471 Quidam
1224 5405 1385 5459 homo
1414 5403 1631 5459 risibilis
1660 5418 1769 5459 non
1793 5411 1897 5459 est.

972 5540 1158 5595 Omnis
1188 5541 1349 5595 homo
1372 5541 1546 5609 justus
1571 5549 1678 5595 est.

982 5631 1163 5687 Nullus
1195 5638 1357 5689 homo
1381 5634 1554 5703 justus
1583 5644 1688 5689 est.

987 5724 1211 5793 Quidam
1244 5725 1405 5781 homo
1429 5724 1608 5795 justus
1636 5734 1739 5782 est.

985 5816 1213 5886 Quidam
1248 5818 1409 5876 homo
1429 5816 1608 5891 justus
1637 5832 1742 5876 non
1773 5822 1877 5875 est.

2343 4624 2419 4680 Ex
2451 4621 2703 4690 subjectis
2732 4616 2913 4671 finitis.

2114 4720 2303 4776 Omnis
2328 4732 2433 4773 non
2466 4715 2626 4769 homo
2656 4709 2928 4766 rationalis
2957 4720 3057 4763 εει.

2118 4813 2305 4868 Nullus
2332 4824 2434 4863 non
2464 4806 2623 4860 homo
2646 4801 2918 4857 rationalis
2944 4810 3043 4855 est.

2117 4901 2343 4970 Quidam
2376 4914 2479 4953 non
2514 4898 2673 4949 homo
2712 4893 2987 4948 rationalis
3017 4902 3116 4947 est.

2121 4995 2349 5061 Quidam
2380 5005 2484 5045 non
2513 4989 2675 5043 homo
2706 4986 2981 5042 rationalis
3011 5001 3113 5041 non
3146 4996 3243 5041 est.

2134 5134 2249 5186 Om-
2276 5131 2321 5187 is
2352 5145 2457 5185 non
2490 5130 2653 5183 homo
2682 5126 2903 5182 risibilis
2926 5137 3025 5181 est.

2137 5221 2325 5277 Nullus
2354 5236 2459 5274 non
2492 5222 2654 5272 homo
2683 5216 2902 5271 risibilis
2924 5226 3023 5270 est.
3076 5226 3079 5229 ‘
3362 5206 3367 5213 ’
3504 5230 3551 5269 δ

2125 5314 2351 5383 Quidam
2383 5328 2489 5368 non
2525 5312 2683 5367 homo
2716 5309 2935 5364 risibilis
2963 5319 3065 5362 est.
3160 5364 3163 5367 _

2119 5404 2349 5471 Quidam
2378 5418 2485 5459 non
2514 5402 2676 5457 homo
2706 5400 2925 5455 risibilis
2955 5411 3059 5451 non
3087 5406 3191 5451 est.

2125 5541 2312 5596 Omnis
2343 5557 2446 5595 non
2480 5542 2640 5595 homo
2666 5540 2837 5608 justus
2864 5546 2965 5592 est.

2128 5634 2312 5689 Nullus
2343 5651 2444 5687 non
2476 5633 2637 5686 homo
2659 5633 2831 5701 justus
2863 5642 2963 5687 est.

2122 5725 2348 5794 Quidam
2380 5739 2481 5777 non
2516 5724 2674 5776 homo
2700 5723 2875 5791 justus
2908 5730 3008 5777 est.

2127 5816 2351 5883 Quidam
2385 5830 2488 5869 non
2524 5817 2683 5869 homo
2712 5816 2885 5884 justus
2916 5828 3021 5870 non
3052 5819 3151 5872 est.

2862 5978 2897 5985 ρ.
