4296 6266
665 394 772 466 τ85

1231 500 1416 562 Omnis
1446 493 1605 559 homo
1632 506 2012 575 grammaticus
2039 517 2143 563 est.

1234 600 1423 657 Nullus
1453 600 1613 659 homo
1641 600 2019 669 grammaticus
2045 610 2149 657 εει.

1239 695 1463 763 Quidam
1496 694 1657 749 homo
1684 695 2062 763 grammaticus
2088 703 2190 749 est.

1879 384 1990 448 AN.
2029 390 2243 449 MANL.
2279 388 2436 449 εει.
2468 384 2695 446 ΒΟΕΤΙΙ

2290 558 2295 561 .
2357 507 2540 562 Omnis
2568 519 2673 561 non
2703 502 2865 557 homo
2891 498 3272 571 grammaticus
3300 506 3404 553 est.

3825 369 3928 433 784

2357 599 2543 653 Nullus
2575 613 2678 652 non
2702 596 2863 650 homo
2886 591 3263 663 grammaticus
3288 597 3389 644 est.

2360 692 2585 759 Quidam
2616 704 2722 744 non
2762 688 2923 742 homo
2952 684 3329 755 grammaticus
3354 690 3451 736 est.

1236 788 1460 857 Quidam
1486 789 1643 841 homo
1664 782 2044 857 grammaticus
2067 801 2173 842 non
2197 794 2299 843 est.
2350 786 2576 853 Quidam
2606 798 2712 838 non
2745 782 2906 839 homo
2935 779 3313 853 grammaticus
3344 788 3449 831 non
3488 780 3590 829 εει.

1154 924 1157 927 ν
1228 903 1412 959 Omnis
1445 903 1603 956 homo
1634 902 1769 969 lapis
1797 912 1897 957 εει.

1240 996 1426 1051 Nullus
1455 995 1611 1048 homo
1641 994 1777 1062 lapis
1804 1003 1904 1049 est.

1233 1087 1455 1154 Quidam
1487 1088 1645 1139 homo
1676 1086 1809 1153 lapis
1834 1093 1939 1140 est.

1238 1176 1460 1243 Quidam
1490 1177 1648 1229 homo
1675 1176 1807 1244 lapis
1836 1191 1942 1229 non
1981 1185 2083 1229 εει.

672 1324 731 1384 in
753 1326 940 1380 harum
967 1319 1125 1390 igitur
1147 1313 1588 1369 affirmationibus
1609 1311 1820 1382 quidem
1850 1310 2242 1366 universalibus
2287 1315 2337 1372 Α

676 1422 871 1476 veritas
901 1425 953 1471 et
992 1412 1192 1467 falsitas
1232 1407 1585 1468 distribuitur,
1629 1406 1671 1459 si
1714 1403 1837 1472 quid
1871 1404 1974 1457 tale
2017 1403 2084 1456 de
2124 1402 2252 1455 sub-

678 1511 817 1583 jecto
847 1504 1167 1577 praedicetur
1202 1497 1343 1568 quod
1376 1498 1567 1549 abeSse
1616 1510 1720 1547 non
1751 1494 1952 1561 possit,
1980 1494 2094 1547 sive
2126 1493 2255 1547 illud

679 1599 853 1670 majus
883 1597 969 1661 sit,
1006 1602 1063 1647 ιιι
1092 1589 1284 1643 animal
1304 1586 1540 1651 homine,
1567 1584 1679 1639 sive
1702 1584 1927 1653 aequale,
1962 1592 2021 1637 ut
2050 1583 2254 1637 risibile

680 1693 905 1748 homini.
936 1688 988 1741 In
1037 1686 1118 1740 his
1163 1683 1303 1737 enim
1337 1695 1494 1734 unam
1540 1693 1754 1744 veram,
1787 1677 2012 1729 alteram
2065 1675 2251 1729 falsam

681 1798 800 1840 esse
831 1793 1047 1835 necesse
1094 1784 1206 1840 est,
1251 1770 1511 1841 quidquid
1560 1784 1687 1823 vero
1736 1775 1931 1837 praeter
1976 1780 2037 1819 ea
2093 1763 2255 1819 fuerit

682 1874 1059 1947 praedicatum,
1086 1882 1243 1921 unam
1272 1878 1483 1931 semper
1512 1863 1730 1926 veritas,
1775 1859 2001 1913 alteram
2042 1871 2256 1925 semper

683 1967 886 2020 falsitas
912 1977 1016 2015 non
1044 1949 1303 2025 sequetur'
1321 1972 1332 2006 :
1362 1962 1419 2006 ut
1447 1961 1627 2005 autem
1653 1949 1814 2004 simul
1847 1963 1988 2002 verte
2018 1948 2124 2001 sint
2165 1962 2258 2001 ne-

684 2057 798 2128 quit
842 2052 1071 2108 ostendi.
1106 2045 1509 2103 Particularium
1555 2058 1681 2097 vero
1709 2043 1761 2097 in
1810 2040 2263 2095 aflirmationibus

684 2148 922 2221 quidem,
950 2140 1211 2213 siquidem
1240 2155 1301 2194 ea
1334 2137 1689 2208 prmdicentur
1712 2151 1830 2204 qua!
1854 2135 2061 2187 valeant
2088 2143 2262 2188 trans-

684 2243 764 2296 ire
792 2239 1109 2305 subjectum,
1138 2232 1249 2289 sive
1280 2232 1349 2285 ab
1375 2246 1440 2285 eo
1468 2228 1705 2298 separari
1723 2236 2027 2295 nequeunt,
2062 2234 2120 2279 ut
2146 2225 2263 2280 ani-

686 2332 794 2389 mal
823 2331 890 2387 ab
918 2328 1152 2396 homine,
1186 2340 1279 2380 seu
1310 2321 1550 2392 possint,
1582 2331 1639 2375 ut
1675 2319 1883 2388 iustitia
1910 2318 1983 2373 ab
2017 2318 2259 2388 homine,

1184 2441 1486 2509 Simplices.

1080 2538 1265 2595 Omnis
1293 2535 1453 2589 homo
1482 2530 1617 2599 lapis
1642 2537 1744 2584 est.

1082 2608 1268 2684 Nullus
1300 2628 1460 2681 homo
1493 2624 1627 2692 lapis
1661 2631 1764 2678 est.

1078 2719 1303 2787 Quidam
1336 2717 1497 2771 homo
1520 2716 1653 2783 lapis
1678 2724 1779 2770 est.

1082 2812 1309 2880 Quidam
1343 2811 1502 2871 homo
1534 2808 1666 2877 lapis
1695 2822 1802 2863 non
1835 2818 1936 2863 est.

1149 2902 1336 2960 Omnis
1359 2902 1517 2955 homo
1544 2898 1738 2953 animal
1776 2908 1879 2954 est.

1077 2993 1264 3051 Nullus
1296 2992 1457 3047 homo
1493 2990 1690 3044 animal
1731 2998 1833 3044 est.
2084 3028 2087 3035 .
2152 3042 2158 3048 ,

1072 3083 1297 3150 Quidam
1341 3081 1500 3135 homo
1528 3080 1723 3134 animal
1751 3087 1852 3133 est.
2104 3116 2109 3121 ι
2141 3109 2166 3133 ιι

1066 3174 1292 3242 Quidam
1323 3174 1481 3228 homo
1499 3172 1695 3227 animal
1726 3185 1831 3225 non
1854 3178 1957 3225 est.

1153 3265 1338 3322 Omnis
1364 3264 1523 3318 homo
1548 3262 1766 3318 risibilis
1782 3269 1883 3315 est.

1089 3363 1278 3422 Nullus
1308 3361 1468 3415 homo
1497 3357 1716 3413 risibilis
1757 3364 1859 3410 est.

1077 3455 1302 3524 Quidam
1330 3454 1490 3506 homo
1512 3449 1736 3504 risibilis
1759 3454 1860 3501 est.

1086 3545 1310 3612 Quidam
1339 3543 1499 3597 homo
1525 3540 1741 3595 risibilis
1771 3551 1879 3593 non
1904 3544 2006 3593 εει.
2144 3556 2189 3583 ιιι
2246 3566 2249 3567 ν

1156 3636 1341 3690 Omn’s
1365 3634 1523 3686 homo
1555 3630 1730 3699 justus
1759 3638 1863 3683 est.

1084 3728 1273 3787 Nullus
1311 3727 1471 3781 homo
1504 3724 1679 3793 justus
1709 3729 1812 3777 est.

1081 3821 1306 3892 Quidam
1335 3820 1494 3874 homo
1511 3817 1687 3887 justus
1716 3822 1817 3870 est.

1075 3918 1315 3988 'Quidam
1347 3916 1506 3969 homo
1529 3911 1699 3977 iustus
1729 3922 1835 3962 non
1863 3916 1965 3962 est.

1004 4074 1011 4079 1
1164 4009 1348 4065 Omnis
1387 4008 1547 4061 homo
1572 4001 1946 4075 grammaticus
1974 4009 2074 4058 est.
2224 4035 2238 4042 ρ
2264 4014 2279 4051 ι

1089 4103 1273 4161 Νιιιιιιε
1298 4100 1459 4154 homo
1493 4095 1869 4166 grammaticus
1915 4100 2019 4147 est.

1084 4196 1307 4265 Quidam
1340 4195 1499 4246 homo
1522 4188 1903 4259 grammaticus
1931 4195 2034 4240 est.
2092 4244 2099 4253 ,

1089 4288 1312 4356 Quidam
1347 4286 1504 4337 homo
1536 4280 1912 4351 grammaticus
1943 4292 2048 4331 non
2079 4286 2182 4331 est.

2369 900 2557 955 Omnis
2586 914 2690 953 non
2721 898 2881 953 homo
2910 897 3043 967 lapis
3074 906 3177 951 εει.

2377 994 2563 1047 Nullus
2594 1008 2700 1047 non
2728 992 2888 1045 homo
2916 992 3047 1059 lapis
3078 998 3179 1044 est.

2380 1083 2604 1149 Quidam
2631 1099 2735 1138 non
2764 1083 2925 1137 homo
2958 1080 3091 1147 lapis
3115 1088 3216 1134 εει.

2377 1174 2604 1241 Quidam
2634 1190 2739 1228 non
2766 1176 2924 1228 homo
2957 1171 3092 1241 lapis
3120 1184 3225 1225 non
3254 1176 3356 1224 est.

2369 1310 2604 1379 loquitur
2634 1318 2857 1377 utraque
2886 1321 3013 1362 vera
3040 1303 3320 1360 sententia.
3354 1295 3618 1367 Quidquid
3646 1309 3773 1350 vero
3800 1307 3934 1363 pra:-

2369 1410 2451 1455 ter
2497 1417 2558 1454 ea
2606 1400 2763 1454 fuerit
2805 1399 3179 1469 prmdicatum,
3228 1408 3387 1448 unam
3435 1391 3654 1454 veritas,
3702 1388 3929 1441 alteram

2368 1490 2571 1546 fals'tas
2599 1500 2772 1556 tenet;
2806 1492 2951 1545 falsae
2993 1504 3119 1543 vero
3164 1485 3321 1540 simul
3367 1489 3638 1551 nequeunt
3685 1476 3935 1532 inveniri.

2366 1584 2687 1652 Negationes
2730 1598 2857 1636 vero
2888 1580 3234 1651 particulares
3264 1573 3525 1645 siquidem
3556 1573 3607 1626 id
3649 1570 3938 1640 prtedicent

2366 1675 2507 1743 quod
2536 1692 2564 1729 a
2594 1676 2836 1742 subjecto
2863 1688 2966 1727 non
2999 1671 3165 1740 possit
3192 1667 3501 1732 abscedere,
3535 1665 3647 1720 sive
3674 1661 3799 1718 illud
3827 1676 3937 1716 ma-

2361 1768 2452 1837 jus
2478 1768 2574 1831 sit,
2614 1776 2671 1820 ut
2700 1766 2957 1821 rationale
2989 1764 3223 1828 homine,
3252 1776 3345 1816 seu
3375 1757 3601 1828 aequale,
3640 1765 3697 1810 ut
3733 1753 3934 1809 risibile

2369 1857 2604 1925 homini,
2640 1856 2731 1910 uni
2773 1857 3037 1910 constabit
3081 1856 3293 1918 veritas,
3325 1851 3489 1913 altera
3535 1847 3846 1903 mentietur.
3875 1843 3932 1899 Si

2372 1950 2496 2018 quid
2519 1963 2648 2002 vero
2676 1957 2869 2017 praeter
2896 1964 2956 2002 ea
2980 1947 3139 2001 fuerit
3161 1944 3526 2014 praedicatum,
3554 1952 3704 1994 veras
3725 1948 3939 2003 semper

2372 2050 2624 2110 utrasque
2661 2038 2896 2105 constat,
2932 2041 3067 2094 utin
3108 2054 3198 2094 cas
3242 2035 3536 2091 communis
3578 2031 3779 2086 falsitas
3807 2042 3940 2081 nun-

2370 2148 2529 2202 quam
2572 2133 2738 2211 possit
2777 2133 3033 2188 incidere.
3067 2132 3195 2186 ltem
3231 2131 3579 2197 disponantur
3610 2125 3665 2178 in
3695 2121 3937 2177 ordinem

2370 2226 2601 2295 primunt
2629 2226 2844 2295 quidem
2872 2226 3165 2295 simplices,
3202 2225 3299 2280 has
3326 2238 3358 2278 e
3394 2222 3610 2291 regione
3655 2215 3939 2287 respiciant

2369 2330 2489 2385 quae
2518 2316 2757 2385 subjecto
2786 2316 3017 2387 simplici
3043 2318 3375 2389 denegantur
3401 2312 3703 2385 praedicata.

2374 2429 2379 2439 ’
2448 2432 2528 2487 Ex
2554 2430 2762 2487 infinito
2794 2433 3104 2503 pradicato.

2342 2523 2530 2580 Omnis
2562 2523 2724 2579 homo
2753 2540 2859 2579 non
2893 2525 3029 2595 lapis
3065 2533 3171 2580 εει.

2325 2617 2512 2674 Nullus
2547 2620 2707 2673 homo
2736 2632 2842 2673 non
2874 2618 3008 2687 lapis
3037 2627 3136 2673 est.

2328 2710 2557 2779 Quidam
2586 2710 2747 2766 homo
2774 2726 2881 2767 non
2908 2712 3042 2781 lapis
3071 2718 3177 2766 est.

2335 2804 2561 2870 Quidam
2587 2805 2748 2860 homo
2774 2820 2878 2860 non
2908 2804 3041 2874 lapis
3073 2817 3180 2859 non
3211 2810 3311 2859 est.

2395 2896 2579 2950 Omnis
2606 2900 2765 2950 homo
2788 2911 2893 2951 non
2922 2894 3117 2950 animal
3140 2902 3240 2950 est.

2326 2984 2517 3040 Nullus
2548 2987 2707 3042 homo
2738 3004 2842 3043 non
2872 2987 3067 3043 animal
3094 2994 3199 3043 est.

2323 3075 2554 3142 Quidam
2585 3081 2744 3135 homo
2772 3096 2877 3135 non
2918 3070 3114 3134 animal
3140 3088 3243 3132 est.

2324 3169 2552 3238 Quidam
2589 3171 2751 3227 homo
2779 3188 2883 3228 non
2915 3172 3113 3227 animal
3157 3185 3264 3226 non
3289 3178 3389 3225 est.

2412 3263 2598 3318 Omnis
2630 3265 2789 3318 homo
2822 3280 2927 3318 non
2959 3263 3175 3318 risibilis
3195 3270 3295 3318 εει.

2331 3354 2520 3412 Nullus
2547 3344 2719 3410 homo.
2737 3371 2842 3410 non
2885 3355 3099 3410 risibilis
3140 3361 3241 3411 est.

2333 3447 2557 3513 Quidam
2586 3446 2747 3501 homo
2776 3462 2882 3501 non
2925 3446 3142 3501 risibilis
3171 3456 3273 3502 est.

2336 3539 2562 3606 Quidam
2590 3540 2751 3593 homo
2778 3554 2881 3593 non
2911 3539 3134 3594 risibilis
3161 3555 3267 3595 non
3288 3548 3390 3595 est.

2407 3629 2595 3684 Omnis
2625 3630 2784 3684 homo
2815 3645 2918 3684 non
2943 3627 3121 3697 justus
3146 3637 3247 3688 est.

2325 3719 2512 3776 Nullus
2542 3720 2701 3775 homo
2729 3736 2832 3776 non
2856 3721 3033 3791 justus
3064 3729 3167 3775 est.

2204 3840 2213 3850 ο
2244 3840 2248 3851 ν
2321 3812 2551 3879 Quidam
2582 3813 2740 3868 homo
2768 3830 2872 3867 non
2890 3811 3066 3881 justus
3091 3820 3192 3866 est.

2328 3905 2556 3974 Quidam
2580 3909 2740 3961 homo
2767 3922 2872 3961 non
2900 3905 3075 3975 justus
3100 3919 3207 3959 non
3237 3914 3340 3959 est.

2413 4000 2598 4054 Omnis
2630 4000 2791 4055 homo
2818 4016 2921 4054 non
2955 4000 3331 4068 grammaticus
3360 4004 3459 4054 εει.

2200 4095 2207 4130 τ
2271 4121 2285 4141 υ
2344 4091 2534 4147 Nullus
2563 4093 2723 4147 homo
2752 4108 2857 4146 non
2885 4090 3265 4161 grammaticus
3302 4099 3405 4145 εει.

2331 4185 2557 4253 Quidam
2591 4186 2750 4240 homo
2780 4200 2883 4239 non
2913 4182 3290 4254 grammaticus
3320 4192 3420 4237 est.

2288 4306 2289 4309 η
2334 4277 2560 4344 Quidam
2594 4278 2753 4331 homo
2793 4284 2894 4331 non
2928 4278 3302 4347 grammaticus
3344 4288 3446 4327 non
3470 4280 3572 4327 est.

698 4397 897 4455 Harum
950 4384 1109 4456 igitur
1156 4377 1537 4433 afﬁrmationes
1592 4372 1952 4436 universales,
2008 4370 2271 4440 siquidem
2308 4373 2355 4431 Β
2386 4370 2472 4426 vel
2494 4371 2681 4425 abeSse
2713 4372 3057 4438 praedicetur,
3097 4372 3207 4426 sive
3238 4368 3363 4423 illud
3398 4368 3569 4436 majus
3597 4374 3688 4435 Sil,
3719 4375 3777 4421 ιιι
3800 4365 3951 4437 justi.

698 4484 991 4556 praedicent
1033 4472 1171 4544 quod
1211 4468 1450 4537 subjecto
1496 4472 1727 4533 nequeat
1764 4461 2070 4529 convenire,
2106 4471 2161 4514 nt
2193 4461 2275 4515 la—

700 4551 786 4645 pis
826 4568 1049 4631 homini,
1080 4564 1162 4618 vel
1202 4578 1231 4615 a
1274 4559 1546 4628 subjecto,
1579 4569 1697 4609 eum
1747 4553 1817 4607 sit
1846 4552 2051 4621 :rquale
2078 4552 2160 4605 vel
2206 4551 2278 4607 sit

702 4644 896 4736 majus,
942 4676 1049 4716 non
1087 4654 1257 4727 possit
1291 4651 1600 4715 abscedere,
1644 4655 1703 4701 ut
1731 4647 1923 4700 animal
1957 4644 2039 4699 vel
2073 4644 2275 4699 risibile

701 4764 770 4818 ab
792 4759 1027 4821 homine,
1060 4767 1218 4807 unam
1262 4764 1471 4817 semper
1500 4758 1717 4821 necesse
1748 4752 1829 4798 est
1860 4742 2161 4805 veritatem,
2193 4738 2276 4791 al-

702 4861 870 4905 teram
904 4844 1140 4916 proferre
1171 4840 1535 4894 mendacium:
1563 4833 1815 4904 quidquid
1846 4846 1971 4886 vero
2001 4843 2193 4900 praeter
2215 4844 2279 4883 ea

701 4940 863 4997 fuerit
903 4936 1266 5007 medicatum,
1298 4930 1535 4998 utrisque
1562 4927 1763 4980 falsitas
1794 4924 2097 4989 invenitur,
2132 4931 2186 4975 ut
2210 4920 2279 4974 ad

701 5033 978 5089 veritatem
1026 5023 1311 5081 convenire
1354 5036 1461 5075 non
1512 5018 1736 5087 possint.
1785 5015 2104 5084 Negatiooes
2150 5026 2279 5066 vero

700 5122 1027 5181 universales
1056 5114 1312 5187 siquidem
1346 5113 1398 5166 id
1429 5111 1494 5165 de
1516 5110 1757 5178 subjecto
1784 5106 2076 5177 praedicent
2134 5104 2276 5174 quod

703 5215 944 5284 subjecto
974 5211 1162 5265 adesse
1190 5204 1360 5277 possit
1401 5210 1456 5257 et
1484 5202 1695 5268 abesse,
1724 5200 1794 5252 ita
1843 5206 1902 5251 ιιι
1946 5196 2190 5262 excedat,
2224 5206 2282 5250 ut

702 5310 891 5361 virtus"
910 5303 1201 5367 hominem,
1226 5297 1313 5353 vel
1342 5297 1391 5350 id
1437 5294 1575 5366 quod
1608 5292 1797 5347 adesse
1845 5290 2058 5361 quidem
2099 5299 2279 5359 queat,

700 5399 797 5453 sed
829 5411 931 5451 non
957 5394 1123 5465 pOSsit
1147 5391 1429 5460 adaequare
1469 5386 1788 5455 subjectum,
1818 5394 1873 5437 ut
1901 5382 2278 5452 grammaticus

703 5490 997 5551 hominem,
1022 5496 1257 5556 utraeque
1302 5485 1353 5536 in
1383 5481 1612 5535 falsitate
1648 5477 2067 5531 communicant.
2110 5472 2275 5539 Quid-

704 5581 830 5647 quid
858 5595 985 5633 vero
1007 5578 1147 5633 aliud
1178 5578 1333 5630 fuerit
1362 5572 1729 5642 praedicatum.
1757 5584 1914 5623 unam
1945 5568 2167 5629 veritas,
2198 5564 2279 5617 al-

706 5678 875 5725 teram
903 5668 1101 5722 falsitas
1121 5671 1492 5733 consequetur;
1519 5672 1576 5717 ut
1599 5672 1776 5715 autem
1803 5659 1959 5713 simul
1988 5672 2126 5711 verte
2148 5655 2276 5723 sint,

2388 4464 2459 4516 tia
2506 4463 2740 4526 homine,
2775 4478 2867 4517 seu
2907 4466 3105 4529 minus,
3137 4472 3192 4516 ut
3221 4460 3599 4531 grammaticus
3628 4458 3694 4512 ah
3724 4458 3953 4513 homine.

2383 4553 2438 4607 Si
2468 4554 2594 4622 quid
2629 4567 2755 4607 vero
2785 4550 2947 4607 aliud
2980 4556 3133 4608 fuerit
3165 4552 3532 4621 praedicatum,
3564 4550 3762 4604 veritas
3789 4548 3840 4602 in
3869 4561 3955 4603 eas

2385 4656 2447 4697 ac
2476 4643 3061 4708 falsitas,distribuitur,
3096 4644 3165 4697 ita
3209 4650 3266 4697 ut
3304 4656 3574 4712 nunquam
3617 4654 3956 4695 communem

2385 4749 2620 4789 consone
2645 4744 2679 4788 »ι
2730 4734 3033 4790 falsitatem.
3082 4736 3437 4790 Particulares
3466 4748 3675 4804 qu0qtte
3708 4732 3959 4802 negativat

2384 4824 2437 4878 in
2465 4825 2728 4880 similibus
2777 4825 3020 4882 terminis
3067 4827 3296 4881 veritate
3334 4826 3681 4881 concordant.
3729 4823 3860 4878 Nam
3918 4821 3961 4879 si

2387 4916 2528 4983 quod
2558 4916 2748 4971 adesse
2774 4917 2856 4970 vel
2882 4917 3073 4972 abesse
3113 4925 3307 4984 potest,
3358 4917 3473 4971 sive
3508 4916 3632 4969 illud
3662 4915 3832 4983 majus
3872 4912 3960 4977 sit,

2385 5015 2446 5059 ut
2471 5005 2643 5072 justus
2672 5006 2738 5060 ab
2768 5006 3004 5070 homine,
3054 5008 3169 5061 sive
3216 5006 3414 5071 minus,
3473 5015 3531 5060 ut
3585 5004 3963 5073 grammaticus

2386 5095 2455 5149 ab
2483 5096 2722 5164 homine,
2754 5098 2821 5153 de
2849 5099 3088 5167 subjecto
3129 5098 3472 5169 przndicetur,
3500 5098 3698 5153 veritas
3728 5097 3965 5163 utrisque

2384 5188 2669 5243 constabit.
2702 5189 2758 5242 In
2810 5191 2931 5245 aliis
2958 5205 3087 5246 vero
3132 5189 3339 5247 cunctis
3384 5188 3848 5259 prmdicationibus
3877 5184 3965 5239 uni

2386 5281 2606 5344 veritas,
2640 5280 2795 5335 alteri
2835 5281 3037 5336 falsitas
3081 5282 3242 5337 cedit.
3290 5281 3573 5350 Nunquam
3602 5290 3778 5333 tamen
3806 5286 3966 5331 utra:-

2384 5387 2489 5442 que
2532 5372 2582 5426 in
2632 5372 2904 5442 prodenda
2945 5373 3177 5429 falsitate
3206 5371 3565 5428 consentient.
3601 5370 3806 5424 Prmter
3832 5370 3968 5421 hanc

2385 5478 2560 5521 autem
2595 5468 2731 5523 inter
2760 5482 2818 5523 se
2844 5467 3267 5522 convenientiam
3301 5462 3741 5535 propositionum,
3777 5458 3969 5512 habent

2386 5561 2583 5632 aliquid
2613 5563 2695 5616 hae
2737 5562 3009 5631 proprium
3041 5576 3159 5629 qua:
3184 5557 3530 5628 prmtlicatnm
3576 5552 3783 5621 adjecta
3814 5562 3944 5618 nega

2387 5658 2528 5711 tione
2562 5654 2927 5724 proluuntianl,
2971 5652 3115 5722 quod
3162 5650 3371 5706 caeteris
3423 5649 3601 5702 inesse
3630 5660 3734 5697 non
3785 5640 3970 5709 possit.

710 5759 892 5823 nequit
917 5758 1146 5812 ostendi.
1181 5754 1584 5810 Particularium
1606 5767 1731 5807 vero
1754 5749 2139 5804 aflirmationes
2160 5749 2279 5814 qui-
2305 5738 2352 5801 C
2386 5746 2780 5801 Allirmationes
2824 5757 3052 5815 namque
3102 5741 3496 5814 negationibus,
3547 5736 3971 5807 negationesqua

713 5842 836 5897 dem
865 5844 1025 5899 simul
1044 5857 1182 5900 verae
1210 5850 1355 5907 sunt,
1383 5844 1429 5899 si
1476 5842 1527 5901 id
1573 5841 1711 5911 quod
1756 5840 1835 5898 vel
1892 5840 2080 5897 adesse
2116 5838 2286 5906 possit

2394 5837 2852 5904 alﬁrmationihus,
2900 5850 3127 5902 quarum
3167 5832 3485 5896 universalis
3526 5836 3606 5885 est
3654 5822 3972 5896 propositio,
