4296 6266
386 355 491 410 785

1211 350 1684 410 lNTBODUCTlO.
1714 350 1802 405 AD
1843 348 2311 408 SYLLOGlSMOS
2349 347 2844 405 CATEGORICOS.

3547 354 3648 412 786

390 468 624 535 itemque
652 460 1004 534 particulares
1026 459 1414 515 afﬁrmationes
1440 456 1837 527 negationibus,
1868 471 1965 513 ne-
1995 462 2050 523 Α
2075 458 2400 514 venientium
2443 466 2621 512 autem
2654 458 2897 512 ordinem
2945 456 3250 527 ser-iamque
3277 452 3659 521 describimus,

391 559 636 627 sationes
661 555 1110 620 afﬁrmationibus
1134 552 1208 608 ita
1237 553 1586 614 conveniunt,
1614 559 1671 611 ut
1699 566 1969 619 nunquam

390 663 567 719 neque
585 648 641 703 iu
672 647 924 710 falsitate,
953 660 1123 715 neque
1145 645 1197 697 in
1226 643 1448 697 veritate
1470 640 1797 696 discordent.
1831 640 1971 697 Cou-

2079 563 2210 619 quas
2248 549 2293 603 si
2337 549 2455 616 quis
2504 550 2557 601 in
2602 549 2847 616 superius
2896 548 3067 617 posita
3113 544 3428 618 respexerit,
3456 541 3657 601 videbit

2077 626 2403 712 singulariter
2427 656 2731 697 conversas.

819 762 1007 819 Omnis
1042 761 1203 816 homo
1228 757 1504 813 rationalis
1536 764 1622 811 est
1889 756 2228 812 Conveniunt
2268 756 2271 759 ⁴
2375 756 2561 810 Nullus
2592 756 2752 809 homo
2781 770 2886 811 non
2916 754 3191 811 rationalis
3216 762 3317 812 est.

817 855 1004 910 Omnis
1042 853 1205 907 homo
1244 865 1349 905 non
1380 848 1655 904 rationalis
1681 857 1768 904 est
1889 847 2233 905 Conveniunt
2377 848 2566 904 Nullus
2597 848 2759 902 homo
2788 847 3062 901 rationalis
3102 857 3203 902 est.

817 956 1044 1023 Quidam
1078 953 1239 1008 homo
1269 966 1373 1008 non
1400 949 1678 1004 rationalis
1708 958 1792 1005 est
1890 949 2230 1005 Conveniunt
2380 946 2605 1015 Quidam
2636 946 2797 999 homo
2822 943 3095 999 rationalis
3123 957 3226 997 non
3254 952 3355 999 est.

825 1047 1053 1115 Quidam
1096 1047 1258 1103 homo
1282 1048 1559 1102 rationalis
1596 1054 1680 1099 est
1894 1044 2228 1100 Conveniunt
2372 1040 2600 1108 Quidam
2632 1042 2792 1095 homo
2820 1054 2926 1093 non
2954 1037 3227 1093 rationalis
3253 1052 3357 1092 non
3384 1044 3488 1094 est.

392 1162 547 1232 Quod
577 1159 777 1217 idcirco
824 1159 878 1213 in
909 1159 995 1215 his
1042 1167 1246 1213 tantum
1296 1156 1501 1211 videtur
1554 1155 1790 1220 evenire,
1833 1154 1977 1223 quod

392 1258 464 1312 de
502 1254 689 1311 eodem
714 1251 959 1319 subjecto
997 1259 1219 1318 uterque
1268 1248 1580 1315 intelligitur
1609 1246 1741 1300 ordo
1766 1246 1979 1315 opposi-

390 1346 579 1402 tionis.
632 1342 766 1397 Nam
798 1354 915 1409 qua:
945 1339 1096 1405 dicit,
1125 1338 1302 1392 omnis
1348 1337 1507 1389 homo
1553 1335 1829 1388 rationalis
1873 1342 1975 1399 est,

390 1437 463 1492 de
490 1434 707 1489 homine
736 1432 995 1486 rationale
1024 1428 1364 1498 praedicavit;
1397 1438 1523 1482 Item
1566 1444 1681 1493 quae
1709 1428 1979 1496 proponit,

392 1523 573 1580 omnis
602 1522 764 1576 homo
793 1534 899 1574 non
942 1518 1216 1573 rationalis
1259 1527 1361 1580 est,
1420 1518 1487 1572 de
1533 1516 1721 1571 eodem
1770 1518 1983 1571 homine

395 1617 660 1674 rationale
688 1612 941 1691 sejupxit,
972 1619 1028 1666 ut
1075 1612 1269 1666 merito
1296 1610 1565 1679 simplices
1601 1609 1981 1663 affirmationes

400 1706 674 1778 negationi
698 1703 1054 1759 consentiant.
1077 1703 1261 1755 Atnon
1291 1702 1343 1754 in
1371 1701 1493 1753 aliis
1517 1699 1981 1769 intelligituridem

2087 1167 2315 1222 eamque
2366 1159 2649 1206 convertat
2702 1149 2888 1205 dicens
2946 1148 3224 1220 quemdam
3272 1147 3495 1218 lapidem
3542 1161 3665 1207 esse

2089 1245 2383 1308 hominem,
2407 1242 2603 1297 mansit
2632 1241 2683 1296 iu
2716 1243 2957 1311 utrisque
2974 1239 3332 1295 mendacium.
3366 1238 3477 1293 Hoc
3504 1239 3665 1307 igitur

2090 1339 2252 1393 modo
2281 1336 2567 1390 afﬁrmatio
2611 1335 2947 1405 particularis
2992 1336 3076 1389 sui
3121 1334 3311 1403 recipit
3356 1332 3665 1387 conversio-

2090 1446 2232 1486 nem.
2266 1428 2395 1483 ltem
2436 1428 2647 1497 negatio
2675 1426 2993 1481 universalis
3035 1426 3274 1481 converti
3308 1431 3506 1493 potest,
3537 1421 3666 1478 utsi

2091 1521 2210 1590 quis
2237 1521 2476 1575 enuntiet
2521 1521 2724 1574 nullum
2779 1519 3045 1572 hominem
3095 1532 3213 1572 esse
3242 1516 3493 1585 lapidem,
3517 1529 3667 1570 eam-

2088 1613 2315 1683 demque
2362 1614 2638 1668 conversis
2685 1612 2926 1667 terminis
2980 1611 3123 1666 dicat
3176 1613 3375 1665 nullum
3435 1610 3670 1680 lapidem

2090 1722 2209 1761 esse
2247 1706 2543 1773 hominem,
2576 1705 2736 1759 simul
2782 1706 3068 1760 veritatem
3110 1714 3341 1759 tuentur.
3385 1704 3451 1757 At
3481 1704 3524 1757 si
3552 1702 3671 1772 quis

394 1811 522 1853 esse
561 1795 881 1862 subiecmmo-
921 1791 1052 1844 Nam
1088 1798 1142 1844 ει
1190 1790 1276 1843 illa
1321 1784 1437 1858 (11³ίὲ
1479 1791 1725 1856 Proponit
1769 1803 1983 1842 omnem
2016 1804 2065 1863 B
2090 1798 2230 1853 dicat
2262 1798 2465 1851 nullttm
2499 1797 2769 1851 hominem
2819 1810 2939 1851 esse
2984 1796 3215 1862 animal,
3242 1781 3400 1865 atque
3428 1794 3673 1850 eamdem

397 1901 509 1940 non
552 1883 825 1938 hominem
858 1894 976 1936 esse
1004 1879 1318 1935 rationalem
1347 1921 1360 1944 ,
1405 1889 1459 1934 et
1490 1881 1575 1934 illa
1598 1895 1714 1949 qua:
1744 1881 1985 1934 enuntiat

398 1990 620 2032 omnem
650 1989 756 2030 non
782 1972 1051 2028 hominem
1085 1986 1204 2025 esse
1226 1987 1332 2025 non
1373 1971 1654 2035 risibilem,
1683 1972 1748 2026 de
1771 1972 1985 2026 homine

397 2083 513 2123 non
562 2066 872 2135 loquuntur,
923 2048 1017 2119 sed
1060 2062 1295 2131 quolibet
1329 2061 1433 2116 alio
1462 2062 1601 2132 quod
1636 2063 1865 2117 hominis
1893 2077 1987 2116 ne-

395 2159 618 2230 satione
641 2156 980 2224 relinquitur.
1011 2156 1184 2223 Atque
1214 2153 1334 2207 ideo
1364 2154 1797 2208 velutextraneze
1825 2162 1988 2221 atque

396 2265 433 2305 a
462 2257 634 2304 semet
660 2248 869 2310 alienae,
902 2260 1002 2301 nec
1042 2246 1097 2299 in
1150 2246 1380 2299 veritate
1439 2245 1712 2314 possident
1755 2246 1986 2315 aliquam

400 2352 507 2395 nec
538 2339 591 2391 in
635 2336 869 2390 falsitate
913 2335 1275 2391 concordiam.
1307 2336 1615 2392 ludetiuitas
1655 2348 1833 2391 autem
1864 2353 1988 2406 pro-

399 2430 741 2501 positiones,
816 2428 1068 2496 quoniam
1142 2414 1550 2497 particularibus
1616 2427 1822 2483 similes
1868 2442 1991 2484 esse

399 2520 844 2585 monstravimus,
875 2520 1240 2592 adjuugendas
1270 2521 1636 2591 superioribus
1653 2538 1756 2576 non
1782 2523 1985 2592 putavi.

404 2610 467 2667 id
498 2612 640 2664 enim
677 2609 964 2664 indefinitis
1006 2628 1226 2668 necesse
1265 2622 1348 2668 est
1377 2614 1613 2677 evenire,
1645 2614 1788 2681 quod
1830 2612 1993 2681 parti-

402 2701 680 2756 cularibus
713 2702 848 2755 solet
896 2702 1189 2760 incurrere.
1236 2705 1518 2774 Expeditis
1542 2700 1709 2774 igitur
1739 2705 1822 2759 his
1862 2718 1991 2773 pro:

411 2792 765 2863 positionibus
798 2808 917 2863 quae
946 2796 1021 2849 ex'
1054 2797 1296 2866 utrisque
1324 2797 1720 2851 communicant
1750 2797 1994 2852 terminis

410 2890 571 2954 atque
597 2876 793 2938 eodem
815 2885 1003 2939 ordine
1024 2887 1318 2954 collocatis,
1353 2904 1492 2943 nunc
1519 2903 1636 2942 eam
1670 2890 1992 2958 propositio-

411 2988 540 3029 num
590 2964 1013 3031 eumenientiam
1055 2978 1137 3031 vel
1178 2978 1641 3048 participationem
1686 2980 1988 3048 loquamur,

413 3078 532 3135 qua:
558 3064 611 3119 itt
632 3066 870 3136 utrisque
908 3067 1125 3137 quidem
1167 3069 1413 3123 terminis
1458 3069 1853 3135 convenientia,
1897 3068 1994 3124 sed

2088 1890 2187 1943 sub
2215 1890 2565 1943 terminorum
2588 1890 2941 1943 conversione
2973 1898 3232 1957 prepooat
3255 1888 3440 1942 dicens
3470 1887 3674 1943 nullum.

2088 1982 2281 2035 animal
2313 1995 2430 2053 esse
2466 1981 2761 2045 hominem,
2786 1987 2973 2034 neutra
3018 1993 3168 2034 suam
3210 1978 3441 2048 perdidit
3470 1976 3673 2031 falsita-

2091 2082 2218 2126 tem.
2272 2070 2383 2125 lloc
2432 2070 2596 2138 igitur
2642 2070 2801 2125 modo
2852 2070 3166 2125 universalis
3211 2085 3422 2140 quoque
3465 2068 3675 2137 negatio

2090 2165 2192 2220 sibi
2224 2164 2335 2233 ipsa
2367 2164 2713 2229 convertitur,
2746 2164 3066 2220 universalis
3094 2178 3221 2217 vero
3249 2162 3532 2216 afﬁrmatio
3563 2174 3672 2218 non

2092 2240 2239 2312 tenet
2261 2264 2567 2325 perpetuam
2589 2258 2993 2311 conversionem
3010 2272 3024 2312 :
3042 2256 3283 2325 quamvis
3302 2255 3445 2312 enim
3468 2254 3674 2324 quOties

2092 2350 2161 2405 de
2200 2349 2485 2419 speciebus
2522 2348 2735 2421 propria
2776 2349 3133 2418 praedicantur
3181 2347 3419 2404 converti
3465 2346 3675 2401 univero

2094 2441 2233 2495 sales
2277 2439 2661 2496 aflirmationes
2705 2451 2941 2510 queant,
2974 2451 3031 2495 ut
3079 2442 3124 2496 si
3168 2442 3289 2511 quis
3331 2440 3473 2495 dicat
3503 2439 3677 2496 omnis

2096 2531 2255 2585 homo
2284 2531 2503 2585 risibilis
2538 2539 2641 2596 est,
2674 2532 2865 2600 poterit
2897 2532 3247 2586 tet-minorum
3276 2518 3519 2585 ordinem
3548 2544 3673 2600 per-

2095 2632 2324 2692 mutare,
2376 2637 2535 2677 omne
2582 2624 2787 2678 risibile
2828 2639 2950 2679 esse
2997 2624 3302 2691 hominem,
3344 2633 3521 2678 tamen
3571 2638 3680 2680 non

2098 2724 2182 2768 est
2211 2713 2327 2766 brec
2358 2714 2578 2783 aequalis
2604 2724 2763 2784 atque
2795 2714 2846 2769 in
2874 2716 3126 2770 omnibus
3154 2716 3395 2770 terminis
3425 2714 3529 2769 ﬁda
3555 2728 3681 2769 con-

2099 2804 2298 2858 versio.
2346 2804 2484 2870 Quid
2532 2807 2675 2861 enim
2721 2820 2841 2859 cum
2893 2805 3010 2874 quis
3061 2807 3131 2859 ita
3181 2805 3460 2875 proponit,
3510 2806 3683 2861 omnis

2100 2893 2261 2948 homo
2309 2894 2505 2949 animal
2553 2895 2668 2950 est?
2712 2887 2943 2963 nunquid
2991 2906 3302 2950 convertere
3331 2910 3455 2949 vere
3487 2904 3682 2964 p0test,

2099 2992 2157 3037 ut
2184 2998 2343 3037 omne
2386 2985 2581 3037 animal
2628 2985 2899 3038 hominem
2947 2998 3069 3039 esse
3117 2984 3459 3052 pronuntiet?
3502 2985 3682 3052 Quare

2099 3089 2221 3129 cum
2260 3074 2541 3143 aliqumies
2586 3073 2904 3128 universalis
2947 3074 3230 3127 afﬁrmatio
3273 3088 3527 3128 conversa
3557 3090 3682 3143 pro-

416 3154 621 3210 ordinis
659 3160 1077 3214 commutatione
1102 3161 1422 3225 consistunt,
1454 3162 1604 3229 cujus
1646 3162 1989 3231 disceptatio-
2020 3194 2067 3257 ρ
2102 3167 2269 3236 priam
2320 3182 2423 3220 non
2484 3175 2662 3221 teneat
2711 3168 3027 3233 veritatem,
3076 3166 3269 3220 dicitur
3316 3167 3683 3222 conversionis

418 3246 505 3300 nis
534 3244 622 3300 hic
649 3247 768 3301 finis
808 3259 909 3316 est,
951 3251 1017 3306 de
1048 3254 1470 3321 propositionum
1510 3255 1861 3308 conversione
1901 3254 1994 3307 do-

414 3338 644 3403 cuisse;
700 3339 823 3409 quid
886 3343 1024 3396 enim
1058 3352 1139 3396 est
1165 3343 1308 3396 aliud
1359 3344 1753 3411 propositiones
1788 3353 1993 3399 mutato

414 3427 607 3483 o‘rdine
632 3431 917 3486 convenire
966 3434 1204 3503 utrisque
1234 3436 1499 3501 terminis,
1528 3435 1627 3489 nisi
1673 3436 1996 3505 propositio-

418 3534 517 3575 nes
544 3522 1092 3580 converti?Converti
1121 3535 1296 3581 autem
1334 3528 1417 3581 vel
1443 3527 1547 3581 sibi
1578 3528 1660 3581 vel
1702 3527 1820 3581 aliis
1875 3543 1997 3597 pro-

419 3611 709 3682 positiones
737 3614 1006 3680 dicuntur,
1030 3619 1259 3686 quoties,
1292 3628 1495 3672 mutato
1525 3619 1713 3673 ordine
1741 3621 1998 3674 termino-

420 3717 569 3770 rum,
627 3703 679 3758 id
736 3714 819 3760 est
869 3707 1009 3775 quod
1062 3709 1360 3778 subjectum
1395 3709 1567 3764 fuerat
1611 3711 1899 3780 praedicata
1944 3721 1998 3766 et

420 3792 564 3861 quod
617 3795 1006 3859 praedicabatur
1053 3808 1176 3854 ante
1222 3801 1483 3869 subjecto,
1530 3801 1809 3856 veritatem
1840 3802 1999 3856 simul

424 3882 666 3938 obtinent
709 3886 795 3939 vel
839 3887 1141 3943 falsitatem.
1212 3890 1283 3943 De
1332 3892 1521 3961 quibus
1569 3893 1873 3957 plenissime
1912 3893 1999 3947 hic

426 3970 725 4041 disputandi
758 3991 1030 4033 sumemus
1066 3982 1363 4035 exordium.
1400 3983 1636 4049 Quatuor
1678 3985 2000 4054 propositio-

429 4080 525 4120 nes
541 4082 658 4122 esse
689 4069 1056 4138 prmdiximus,
1085 4088 1204 4143 qua:
1227 4073 1452 4129 habeant
1471 4074 1804 4129 differentias
1826 4092 2000 4145 quan-

424 4161 633 4216 titatum
684 4172 737 4217 et
784 4164 1021 4233 utrisque
1062 4166 1298 4219 terminis
1327 4165 1527 4237 absque
1556 4165 1759 4220 ordinis
1787 4180 2001 4235 permu-

423 4259 625 4313 tatione
678 4259 1011 4328 participant.
1069 4258 1162 4313 Hae
1204 4275 1330 4314 vero
1382 4270 1505 4314 sunt
1551 4258 1832 4313 affirmatio
1884 4258 2002 4311 uni-

400 4351 653 4433 .versalis
686 4393 701 4417 ,
767 4352 977 4420 negatio
1029 4353 1378 4417 universalis,
1422 4352 1706 4406 affirmatio
1768 4351 2001 4420 particu-

428 4440 577 4503 laris,
607 4441 815 4509 negatio
844 4441 1194 4510 particularis.
1234 4443 1429 4497 llarum
1482 4444 1639 4513 igitur
1669 4444 2002 4512 particularis

2102 3268 2344 3311 naturam
2372 3271 2478 3311 non
2515 3271 2674 3325 posse
2703 3242 2996 3326 suscipere.
3026 3255 3245 3325 Negatio
3274 3272 3486 3327 quoque
3515 3257 3682 3327 parti-

2100 3348 2296 3403 cularis
2343 3346 2613 3401 interdum
2660 3347 2869 3401 videtur
2914 3361 3071 3416 posse
3118 3346 3391 3409 converti,
3430 3344 3591 3400 veluti
3637 3345 3684 3400 si

2101 3439 2219 3507 quis
2246 3440 2486 3492 enuntiet
2515 3438 2797 3507 quemdam
2840 3436 3112 3491 hominem
3139 3436 3369 3505 lapidem
3400 3451 3507 3490 non
3538 3449 3682 3510 esse,

2102 3545 2289 3585 verum
2322 3531 2593 3600 loquetur,
2624 3545 2743 3585 cum
2768 3529 2967 3584 dixerit
2994 3528 3280 3600 quemdam
3311 3527 3543 3599 lapidem
3580 3526 3683 3582 ho-

2102 3624 2301 3679 minem
2350 3639 2457 3678 non
2500 3637 2647 3689 esse;
2695 3622 2787 3678 sed
2829 3630 2911 3677 est
2945 3622 3210 3676 instabilis
3235 3630 3289 3676 et
3317 3623 3519 3676 incerta
3550 3635 3685 3675 con-

2103 3720 2467 3771 versioznam
2515 3730 2634 3770 cum
2683 3714 2896 3784 quidam
2948 3714 3108 3768 homo
3153 3714 3684 3783 grammaticus-non

2079 3810 2193 3873 .sit,
2226 3810 2415 3863 falsum
2447 3818 2530 3863 est
2558 3809 2737 3863 dicere
2769 3807 3051 3877 quemdam
3081 3808 3484 3874 grammaticum
3514 3804 3685 3859 homi-

2105 3916 2227 3954 nem
2259 3916 2363 3953 non
2395 3913 2532 3953 esse.
2568 3899 2638 3951 lta
2670 3899 2828 3966 igitur
2852 3899 2970 3950 haec
2999 3912 3210 3965 quoque
3234 3897 3525 3952 conversio
3556 3910 3683 3965 pro-

2106 3991 2249 4045 tinus
2272 4005 2303 4043 a
2328 4004 2423 4043 sua
2449 3989 2677 4041 veritate
2707 3987 2906 4039 deﬁcit.
2952 3986 3215 4061 Superius
3252 3986 3412 4053 igitur
3442 3987 3684 4054 proposi-

2105 4092 2277 4139 tarum
2306 4091 2532 4149 quatuor
2554 4079 2975 4134 enuntiationum
3004 4078 3123 4131 duae
3160 4078 3373 4145 quidem
3397 4078 3681 4147 oppositae,

2106 4173 2158 4227 id
2188 4182 2269 4226 est
2297 4170 2631 4243 partieularis
2679 4152 2965 4223 affirmatio
2993 4177 3047 4222 et
3089 4168 3402 4223 universalis
3449 4170 3684 4238 negatio,

2105 4265 2511 4317 conversionem
2539 4259 2620 4314 sui
2662 4258 2871 4313 ﬁrmam
2910 4269 3327 4328 perpetuamque
3366 4256 3683 4326 suscipiunt;

2106 4351 2227 4406 dure
2256 4365 2385 4405 vero
2426 4350 2703 4417 oppositze,
2738 4348 2790 4403 id
2835 4355 2917 4403 est
2947 4349 3234 4404 afﬁrmatio
3282 4349 3599 4405 universalis
3627 4359 3684 4404 et

2108 4447 2319 4513 negatio
2367 4442 2698 4511 particularis
2718 4481 2733 4506 ,
2774 4440 3138 4495 conversionis
3169 4454 3273 4493 non
3306 4448 3488 4495 teut-nt
3520 4436 3685 4494 firmi.

428 4530 709 4585 afﬁrmatio
754 4533 1143 4600 particulariter
1196 4534 1409 4602 quidem
1478 4534 1577 4587 sibi
1627 4536 1737 4603 ipsa
1780 4550 2003 4589 conver—
2035 4536 2297 4628 Dtatem,
2326 4532 2421 4586 sed
2464 4533 2585 4601 quia
2632 4531 2951 4585 universalis
2998 4529 3310 4595 afﬁrmatio,
3338 4544 3457 4599 quae
3504 4531 3555 4584 in
3604 4531 3686 4586 sui

436 4624 585 4686 titur,
615 4623 898 4680 universali
939 4637 1116 4682 autem
1165 4628 1499 4683 afﬁrmatidni
1533 4644 1626 4697 per
1652 4630 1923 4697 accidens,
1955 4640 2007 4688 et

427 4728 611 4768 rursus
645 4714 961 4770 universalis
1004 4719 1238 4786 negatio,
1285 4717 1401 4771 loco
1430 4718 1671 4786 principe
1702 4719 1781 4773 sui
1818 4722 2008 4790 recipit

425 4803 853 4873 conversionem,
877 4805 942 4859 ad
976 4806 1350 4876 particularem
1374 4821 1509 4865 ,vero
1541 4810 1875 4876 negationem
1909 4823 2009 4877 per

425 4894 670 4948 accidens
707 4896 943 4949 converti
974 4904 1166 4963 potest.
1202 4894 1604 4951 'Affirmationis
1634 4911 1760 4951 vero
1788 4898 2007 4952 univer-

427 4986 554 5041 salis
580 4987 645 5041 ad
676 5002 735 5043 se
764 4989 930 5057 ipsam
966 4998 1218 5057 perpetua
1266 5003 1377 5043 nou
1418 4997 1595 5059 potest
1633 5004 1752 5044 esse
1784 5005 2009 5045 conver-

426 5074 530 5142 sio,
559 5076 625 5130 ad
656 5075 1027 5145 particularem
1053 5095 1179 5133 vero
1203 5079 1617 5135 afﬁrmationem
1643 5096 1739 5150 per
1761 5082 2009 5137 accidens

428 5172 622 5233 potest.
656 5165 762 5221 Nec
794 5181 923 5221 vero
951 5168 1252 5237 negationis
1283 5170 1618 5237 particularis
1648 5171 1712 5225 ad
1755 5187 1813 5226 se
1841 5172 2009 5239 ipsam
2057 5181 2065 5191 '

426 5252 787 5325 principaliter
802 5256 1010 5311 stabilis
1033 5270 1094 5311 ac
1116 5256 1268 5311 ﬁrma
1298 5261 1580 5314 conversio
1596 5268 1699 5324 est,
1736 5260 1827 5314 sed
1856 5275 2014 5328 nega-

427 5345 557 5401 tioni
584 5346 868 5401 universali
891 5345 1129 5402 secundo
1144 5348 1261 5401 loco
1273 5356 1431 5417 atque
1447 5347 1866 5402 accidentaliter.
1886 5347 2015 5414 Quas

425 5435 606 5490 omnia
639 5434 844 5488 facilius
868 5434 1209 5491 declarantur
1232 5438 1511 5503 exemplis.
1552 5437 1850 5489 Afﬁrmatio
1872 5436 2010 5490 enim

428 5522 789 5592 particularis.
816 5532 877 5576 ut
904 5538 966 5579 ea
991 5541 1111 5595 quae
1137 5527 1406 5595 proponit,
1432 5526 1642 5595 quidam
1677 5526 1836 5579 homo
1857 5526 2009 5581 albus

326 5666 340 5677 ,
429 5618 534 5677 est,
552 5609 811 5666 facilesibi
826 5612 940 5681 ipsa
952 5616 1303 5681 convertitur,
1321 5619 1365 5671 si
1378 5618 1639 5681 dicamus,
1655 5617 1919 5686 quoddam
1934 5617 2010 5671 al-

432 5701 843 5766 bumhomoest,
868 5711 1027 5773 atque
1049 5705 1100 5759 in
1128 5707 1370 5777 utrisque
1390 5707 1546 5761 simul
1561 5708 1755 5762 veritas
1779 5694 2007 5763 constat.

431 5799 501 5858 At
525 5797 571 5856 si
591 5797 711 5871 quis
733 5808 993 5870 proponat
1012 5801 1297 5875 quemdam
1322 5802 1591 5860 hominem
1613 5816 1733 5862 esse
1754 5802 2010 5876 lapidem,

2113 4624 2465 4680 conversione
2504 4623 2713 4677 videtur
2754 4621 3051 4687 instabilis,
3078 4622 3123 4676 si
3155 4636 3279 4676 vera
3319 4634 3419 4688 est,
3455 4625 3687 4692 particu-

2113 4718 2277 4772 larem
2336 4730 2545 4785 quoque
2598 4713 3006 4767 affirmationem
3056 4728 3237 4767 veram
3290 4729 3408 4768 esse
3463 4729 3688 4769 necesse

2114 4816 2214 4863 est.
2256 4806 2313 4861 Si
2347 4816 2522 4859 autem
2567 4803 2897 4874 particularis
2944 4803 3228 4858 affirmatio
3274 4819 3530 4859 conversa
3579 4820 3687 4859 non

2114 4896 2310 4950 amittit
2356 4894 2622 4964 propriam
2673 4895 2977 4959 veritatem,
3011 4894 3324 4950 universalis
3370 4910 3582 4964 quoque
3613 4894 3686 4948 af-

2119 4986 2348 5041 ﬁrmatio
2389 5000 2645 5040 conversa
2704 4986 3011 5055 particulari
3061 4985 3401 5041 afﬁrmationi
3445 4987 3689 5043 eamdem

2118 5076 2397 5132 veritatem
2430 5076 2660 5139 sonabit,
2688 5076 2833 5131 velut
2871 5076 2951 5130 his
2980 5078 3241 5147 exemplis
3268 5079 3597 5148 probabitur.
3632 5078 3690 5132 Si

2121 5168 2237 5236 quis
2280 5167 2421 5221 enim
2462 5176 2723 5235 proponat
2752 5182 2964 5221 omnem
3011 5166 3277 5221 hominem
3310 5182 3428 5221 esse
3468 5165 3687 5233 animal,

2118 5272 2302 5312 verum
2333 5258 2546 5322 dixerit,
2576 5258 2731 5327 hujus
2760 5259 3065 5313 subalterna
3095 5257 3428 5325 particularis
3455 5257 3690 5311 afﬁrma-

2119 5348 2194 5402 tio
2223 5349 2501 5418 quemdam
2535 5349 2802 5404 hominem
2832 5362 2950 5403 esse
2978 5347 3208 5412 animal,
3234 5363 3293 5403 ea
3326 5362 3536 5418 quoque
3561 5359 3691 5403 vera

2115 5449 2216 5507 est,
2250 5440 2499 5510 quoniam
2532 5440 2846 5495 universalis
2888 5438 3256 5494 afﬁrmationis
3301 5440 3496 5495 veritas
3538 5447 3690 5497 ante-

2115 5532 2297 5586 cessit.
2344 5531 2447 5585 Sed
2486 5532 2726 5585 eamdem
2771 5531 3007 5585 converti
3037 5530 3138 5586 sibi
3179 5531 3456 5587 verissime
3488 5541 3689 5604 potest,

2115 5620 2309 5675 dicitur
2343 5622 2483 5675 enim
2530 5621 2791 5687 quoddam
2836 5616 3029 5676 animal
3060 5637 3179 5679 esse
3224 5624 3510 5680 hominem.
3544 5626 3691 5692 Quo.

2114 5715 2253 5767 circa
2308 5712 2591 5767 affirmatio
2644 5712 2957 5767 universalis
3008 5729 3125 5782 qua:
3176 5715 3428 5785 proponit
3472 5729 3691 5772 omnem

2118 5804 2385 5865 hominem
2412 5817 2532 5861 esse
2560 5803 2778 5872 animal,
2809 5814 2863 5887 et
2891 5820 3147 5863 conversa
3177 5806 3515 5878 particularis
3543 5806 3689 5867 affir-
