4296 6266
2182 240 2227 249 ...ν

619 351 718 408 787

1854 347 1963 407 ΑΝ.
2007 349 2214 405 MANL.
2255 347 2407 405 BEV.
2447 346 2669 403 BOETII

3795 343 3899 401 788

618 466 784 522 matio
812 480 930 535 quae
980 461 1284 532 pronuntiat
1324 460 1594 532 quoddam
1642 462 1838 515 animal
1869 475 1993 516 esse
2024 462 2200 517 homi-
2225 464 2282 526 Α
2307 466 2482 533 Atque
2530 465 2581 516 in
2633 461 2715 515 his
2757 458 3219 516 enuntiationihus
3261 458 3500 513 converti
3550 458 3760 513 termini
3801 473 3898 530 per

619 572 775 621 nem,
805 568 1042 625 utraeque
1087 555 1245 607 simul
1294 568 1323 606 a
1369 553 1610 608 veritatis
1657 553 2047 623 signiﬁcatione
2092 568 2200 609 non

619 649 897 705 deﬁciunt.
952 648 1026 701 ita
1072 647 1231 717 igitur
1278 647 1596 701 universalis
1625 626 1941 714 affirmatio,
1976 661 2093 716 qua:
2118 648 2201 701 sui

620 738 1027 813 conversionem
1090 749 1400 808 perpetuam
1462 740 1600 793 ferre
1660 755 1766 794 nun
1818 747 2054 807 poterat,
2109 754 2205 805 per

620 829 870 884 accidens
916 828 1221 898 particulari
1262 828 1607 884 afﬁrmationi
1650 844 1910 883 conversa
1950 838 2053 883 est.
2100 828 2203 883 Per

620 920 871 977 accidens
909 931 1085 977 autem
1115 921 1235 977 ideo
1266 923 1517 993 quoniam
1556 923 1895 991 particularis
1916 921 2203 976 afﬁrmatio

622 1014 867 1083 principe
897 1014 995 1069 sibi
1044 1016 1157 1085 ipsa
1190 1016 1308 1069 loco
1337 1015 1686 1078 convertitur,
1716 1030 1992 1069 conversae
2023 1026 2201 1069 autem

620 1110 927 1180 particulari
947 1107 1290 1163 afﬁrmationi
1315 1109 1630 1162 universalis
1648 1107 1932 1161 affirmatio
1957 1107 2199 1162 eamdem

620 1201 815 1254 retinet
846 1199 897 1253 in
926 1200 1147 1252 veritate
1174 1198 1514 1251 sententiain.
1555 1196 1753 1250 Eadem
1779 1196 1898 1251 ideo
1928 1205 2009 1250 est
2039 1196 2203 1251 etiam

621 1289 938 1343 universalis
969 1287 1289 1358 negationis,
1318 1304 1437 1356 quae
1487 1288 1739 1357 quoniam
1782 1287 1895 1356 ipsa
1938 1288 2203 1356 principa-

621 1377 747 1437 liter
774 1380 1010 1432 converti
1042 1386 1238 1448 potest,
1272 1392 1655 1445 conversaeque
1688 1378 1952 1447 negationi
1986 1377 2204 1431 univer-

621 1473 721 1529 sali
755 1473 842 1527 illa
878 1487 997 1543 quae
1023 1472 1333 1527 subulterna
1388 1484 1468 1525 εει
1497 1471 1741 1525 eamdem
1775 1471 1939 1524 verita
1968 1469 2012 1524 is
2042 1468 2207 1524 refert

620 1565 967 1621 sententiam.
1010 1562 1357 1617 Particularis
1385 1562 1597 1630 negatio
1625 1574 1886 1616 conversa
1910 1560 1975 1614 ad
2009 1560 2205 1615 verita-

622 1656 693 1711 tis
747 1655 1189 1724 signiﬁcationem
1255 1654 1450 1722 poterit
1508 1654 1827 1719 convenire,
1874 1660 1931 1706 ut
1978 1652 2024 1707 si
2085 1653 2203 1721 quis

622 1748 827 1803 nullum
877 1738 1145 1802 hominem
1191 1759 1311 1801 esse
1360 1744 1586 1813 lapidem
1619 1744 1927 1806 conﬁrmet,
1958 1751 2013 1797 et
2044 1744 2203 1813 hujus

2309 554 2699 625 upprtsitionem
2732 551 3005 618 dicuntur,
3039 548 3406 617 unusquisque
3452 563 3594 604 enim
3640 536 3919 607 termino?

2310 665 2426 706 rum
2465 648 2749 717 negatione
2795 643 3077 715 prteposita
3129 642 3372 697 terminis
3421 641 3736 711 simpliciter
3774 658 3896 714 pro-

2310 740 2568 797 nuntiatis
2595 739 2806 793 videtur
2838 735 3135 804 Oppositus.
3171 731 3340 801 llujus
3369 746 3497 787 vero
3526 732 3896 802 participatio-

2308 841 2393 895 nis
2431 846 2515 892 est
2565 836 2751 903 triplex
2797 831 2989 887 modus
3015 848 3029 883 :
3059 838 3149 883 aut
3170 829 3314 884 enim
3369 827 3659 895 prtedicato
3690 837 3894 885 tantum

2310 932 2563 996 termino,
2610 928 2819 997 negatio
2860 925 3121 995 jungitur,
3148 932 3241 977 aut
3265 920 3529 991 subjecto,
3555 930 3649 977 aut
3685 923 3895 992 utrique

2306 1022 2521 1080 termini
2545 1019 2896 1087 denegantur.
2921 1016 3155 1069 Primum
3177 1012 3335 1082 igitur
3357 1012 3631 1085 supposita
3655 1011 3894 1088 descrip-

2308 1115 2453 1170 tione
2477 1112 2777 1182 pandantur
2799 1106 3061 1176 exempla.
3087 1106 3213 1160 Post
3233 1112 3408 1158 autem
3432 1102 3891 1173 quemadmodum

2307 1221 2367 1261 se
2392 1205 2586 1259 habent
2616 1202 2683 1255 ad
2712 1201 2954 1257 veritatis
2983 1194 3298 1251 faisitatisve
3327 1209 3648 1251 consensum
3691 1210 3889 1252 conse-

2309 1296 2523 1368 quentis
2542 1294 2731 1348 ordine
2752 1291 3074 1368 disputetur.
3105 1289 3181 1344 Ac
3204 1286 3430 1355 primum
3454 1285 3670 1353 quidem
3699 1286 3767 1341 de
3789 1285 3889 1340 hac

2310 1366 2634 1444 disseremus
2654 1384 2808 1452 cujus
2838 1366 3137 1448 subjectum
3166 1378 3620 1449 praedicatumque
3644 1389 3888 1449 negatur.

2310 1480 2443 1538 Post
2494 1490 2623 1532 vero
2668 1474 2819 1544 cujus
2865 1470 3166 1541 subjectum
3212 1469 3407 1534 solum,
3435 1479 3712 1539 postremo
3740 1470 3893 1540 cujus

2310 1572 2402 1643 qui
2434 1569 2752 1639 praedicatur
2800 1563 3066 1620 terminus
3092 1576 3214 1618 cum
3264 1561 3551 1643 negatione
3600 1560 3890 1629 profertur.

2309 1642 2484 1736 Atque
2530 1676 2714 1717 earum
2761 1658 2977 1727 quidem
3025 1666 3269 1729 naturam
3316 1642 3495 1724 atque'
3527 1654 3773 1710 ordinem
3819 1669 3887 1711 ex

2308 1756 2639 1825 simplicibus
2663 1750 3093 1806 informabimus.
3120 1747 3401 1817 Simplices
3421 1755 3618 1812 autem,
3648 1748 3700 1802 in
3723 1763 3889 1818 quan-

623 1838 906 1893 εοηνετδίο
945 1848 1047 1902 εει,
1080 1836 1280 1889 "unum
1312 1834 1541 1905 lapidem
1589 1849 1708 1888 esse
1754 1833 2047 1901 hominem,
2081 1848 2203 1901 ιιιιεε
2235 1838 2282 1897 Β
2312 1850 2520 1905 litatum
2544 1842 2860 1900 differentiis
2878 1840 3467 1908 cottstitutas,quatuor
3487 1853 3609 1893 esse
3631 1850 3887 1894 monstra-

623 1941 745 1982 cum
772 1942 898 1982 vera
930 1927 1211 1995 praecedat,
1236 1925 1557 1981 subalteruze
1584 1925 1917 1993 particularis
1942 1926 2202 1995 negativae

623 2017 831 2087 perﬁcit
864 2018 1140 2070 veritatem
1172 2032 1186 2069 :
1219 2030 1280 2069 ea
1312 2029 1439 2069 vero
1484 2016 1591 2081 est,
1615 2014 1829 2084 quidam
1881 2015 2015 2082 lapis
2044 2014 2204 2068 homo

624 2124 732 2165 non
780 2120 879 2175 est,
913 2124 1029 2178 quae
1077 2118 1385 2179 comparata
1440 2110 1723 2164 universali
1770 2109 2038 2179 negatiuni
2086 2123 2205 2178 quae

626 2203 757 2259 dicit
786 2203 985 2258 nullum
1022 2204 1289 2258 hominem
1320 2217 1439 2259 esse
1472 2202 1718 2270 lapidem,
1749 2202 1991 2273 quamvis
2020 2202 2207 2256 termi-

631 2295 715 2353 nis
762 2296 1097 2367 discrepans,
1129 2305 1308 2351 tamen
1362 2296 1548 2350 similis
1601 2298 1822 2350 veritate
1874 2296 2202 2365 proponitur.

628 2388 796 2461 Igitur
845 2390 1179 2458 particutaris
1228 2393 1474 2459 negatio,
1507 2403 1625 2455 quae
1672 2389 1774 2442 sibi
1817 2388 1916 2458 ipsi
1967 2387 2207 2443 converti

628 2495 738 2537 non
789 2483 1003 2549 poterit,
1035 2480 1323 2534 universali
1373 2479 1641 2549 negationi
1685 2493 1777 2548 per
1807 2478 2054 2533 accidens
2081 2492 2208 2533 con-

626 2572 765 2625 verti
814 2580 1005 2639 potest.
1060 2570 1163 2623 Per
1209 2571 1455 2624 accidens
1498 2579 1673 2625 autem
1715 2569 1915 2625 idcirco
1957 2570 2207 2639 quoniam

627 2664 947 2721 universalis
980 2663 1192 2732 negatio
1222 2663 1271 2716 in
1314 2679 1371 2718 se
1401 2663 1569 2734 ipsam
1615 2666 1791 2734 priore
1823 2666 1937 2718 loco
1966 2665 2208 2719 converti

626 2765 820 2837 potest.
857 2754 959 2812 Per
997 2756 1396 2811 conversionem
1438 2763 1611 2808 autem
1643 2757 1723 2809 sui
1755 2771 1876 2811 cum
1908 2756 2210 2826 particulari

628 2850 896 2921 negatinni
936 2850 1164 2905 similem
1198 2847 1433 2904 veritatis
1484 2848 1692 2903 videtur
1722 2850 1965 2915 obtinere
1992 2860 2212 2906 senten-

626 2945 780 3000 tiam.
809 2943 991 3015 Itaque
1020 2942 1445 3000 concludendum
1479 2952 1560 2997 est
1582 2946 1954 3014 particularem
1999 2960 2210 3015 quoque

629 3039 1041 3095 afﬁrmationem
1088 3037 1551 3107 uuiversalemque
1602 3040 1930 3107 negationem
1990 3054 2212 3093 conver-

629 3131 838 3188 sionem
870 3132 949 3187 sui
974 3131 1180 3186 ﬁrmam
1212 3146 1274 3186 ac
1297 3132 1540 3186 stabilem
1571 3130 1860 3185 custodire.
1888 3130 2214 3184 Aiﬁrmatio-

2306 1942 2501 1997 vimus.
2527 1936 2608 1992 Sit
2624 1937 2783 2008 igitur
2809 1935 2978 2003 prima
3001 1929 3215 2002 quidem
3238 1930 3523 1991 afﬁrmatio
3547 1929 3885 1995 universalis,

2305 2047 2424 2102 quae
2445 2036 2707 2101 pr0ponat
2734 2042 2947 2082 omnem
2982 2027 3251 2081 hominem
3281 2032 3401 2079 esse
3430 2023 3658 2089 animal;
3692 2023 3884 2079 adver-

2306 2142 2424 2182 sum
2467 2127 2605 2181 hanc
2633 2122 2928 2181 collocetur
2952 2121 3243 2177 afﬁrmatio
3270 2120 3612 2184 universalis,
3641 2135 3760 2189 qua:
3783 2134 3888 2175 non

2307 2218 2481 2275 solum
2507 2215 2780 2272 conversis
2821 2212 3068 2269 terminis
3099 2210 3429 2275 enuntietur,
3458 2224 3643 2266 verum
3687 2211 3741 2263 in
3782 2224 3889 2265 uno

2309 2323 2522 2379 quoque
2568 2306 2800 2362 termino
2854 2303 3158 2374 negativum
3209 2300 3517 2356 adverbium
3559 2299 3753 2355 habeat
3793 2299 3885 2353 ad-

2305 2399 2548 2472 junctum
2581 2399 2681 2453 hoc
2710 2395 2892 2462 modo,
2918 2409 3079 2451 omne
3101 2408 3207 2450 non
3238 2392 3432 2447 animal
3460 2406 3563 2447 non
3594 2392 3751 2445 homo
3778 2399 3879 2447 est.

2310 2491 2515 2547 Rursus
2543 2497 2871 2559 proponatur
2918 2484 3235 2540 universalis
3277 2482 3510 2554 negatio,
3533 2496 3597 2543 ea
3634 2496 3756 2552 quae
3781 2490 3882 2547 est,

2311 2583 2491 2640 nullus
2516 2586 2674 2635 homo
2696 2577 2892 2633 animal
2913 2584 3027 2641 est;
3058 2576 3183 2629 huic
3206 2575 3489 2629 adversum
3513 2582 3694 2630 teneat
3714 2573 3886 2630 locum

2315 2672 2634 2731 universalis
2680 2669 2893 2739 negatio
2933 2667 3173 2722 terminis
3199 2680 3321 2720 cum
3353 2666 3636 2735 negatione
3664 2678 3885 2722 conver-

2316 2755 2413 2829 sis,
2440 2765 2490 2819 id
2521 2774 2600 2819 est
2623 2761 2825 2818 nullum
2854 2774 2958 2813 non
2990 2757 3187 2814 animal
3213 2770 3319 2812 non
3349 2756 3511 2811 homo
3540 2766 3642 2812 est.
3674 2757 3801 2813 Item
3825 2756 3888 2817 sit

2316 2857 2654 2931 particularis
2680 2851 2965 2909 afﬁrmatio
2991 2850 3239 2919 simplex,
3268 2849 3485 2919 quidam
3512 2847 3677 2904 homo
3695 2849 3890 2908 anisi

2317 2960 2429 3016 est;
2457 2948 2575 3003 huic
2607 2947 2866 2999 terminus
2892 2954 3054 3013 atque
3072 2955 3136 2996 ex
3168 2940 3396 2997 adverso
3423 2932 3689 2997 referatui'
3728 2939 3888 3010 parti-

2317 3038 2515 3097 cularis
2535 3034 2842 3101 afﬁrmatio,
2864 3047 3005 3101 quae,
3040 3030 3379 3088 commutatis
3422 3030 3478 3086 in
3514 3030 3756 3087 ordinem
3787 3039 3888 3087 tera

2319 3132 2501 3195 minis,
2531 3128 2846 3209 negationes
2890 3124 3130 3195 utrisque
3168 3131 3339 3194 gestet
3384 3123 3688 3193 Oppositas,
3721 3131 3778 3178 ut
3812 3131 3893 3181 est

630 3238 758 3280 nem
787 3233 961 3280 autem
987 3224 1350 3280 universalem
1374 3223 1852 3292 particularemque
1874 3222 2210 3289 negationem
2244 3219 2289 3283 C
2319 3220 2588 3295 quoddam
2616 3233 2722 3275 non
2750 3216 2949 3273 animal
2995 3232 3103 3271 non
3144 3215 3305 3271 homo
3343 3223 3447 3272 est.
3478 3214 3609 3272 Item
3636 3216 3705 3272 sit
3734 3215 3893 3286 parti-

631 3313 687 3374 lu
739 3317 1100 3375 convertendo
1147 3318 1328 3372 firmas
1372 3332 1492 3372 esse
1540 3332 1644 3371 non
1699 3329 1886 3384 posse,
1929 3313 2021 3368 sed
2072 3313 2211 3367 hanc

632 3406 982 3464 afﬁrmationi
1033 3408 1359 3475 particulari,
1411 3407 1550 3462 illam
1601 3406 1884 3461 universali
1942 3403 2210 3473 negationi

633 3509 732 3565 per
753 3497 1023 3559 accidens,
1056 3512 1211 3563 posse
1240 3500 1501 3555 converti.
1536 3498 1720 3552 Restat
1742 3510 1881 3550 nunc
1910 3494 1976 3548 de
2005 3508 2068 3547 ea
2098 3509 2213 3560 pro-

636 3587 959 3656 positionum
984 3588 1354 3644 convenientia
1380 3592 1463 3644 vel
1496 3589 1899 3658 participatione
1924 3585 2215 3649 disserere,

635 3676 690 3732 in
727 3694 826 3748 qua
867 3679 1111 3750 utrinque
1154 3682 1500 3737 terminorum
1538 3680 1724 3735 ordine
1767 3685 2089 3749 permutato,
2119 3677 2212 3731 uni

637 3767 720 3821 vel
761 3766 970 3838 utrique
995 3784 1178 3824 eorum
1226 3774 1529 3841 negativum
1560 3769 1836 3838 copulatur
1875 3767 2207 3822 adverbium.

1279 3865 1575 3934 Simplices.

709 3953 891 4011 Omnis
916 3956 1075 4013 homo
1122 3958 1317 4013 animal
1362 3966 1462 4013 est.

711 4046 893 4102 Nullus
920 4048 1080 4103 homo
1109 4050 1302 4104 animal
1333 4060 1435 4104 est.

711 4136 933 4201 Quidam
967 4141 1125 4191 homo
1150 4141 1347 4194 animal
1370 4150 1473 4196 est.

711 4224 932 4296 Quidam
963 4228 1120 4281 homo
1151 4230 1344 4282 animal
1373 4246 1476 4285 non
1520 4240 1619 4285 est.

641 4319 747 4375 Sed
777 4332 1077 4389 quanquam
1107 4316 1408 4385 ltujusmodi
1443 4316 1860 4388 participatiouis
1888 4316 2071 4385 plures
2101 4330 2221 4370 esse

641 4409 967 4466 differentias
1009 4408 1334 4474 noverimus,
1368 4408 1432 4462 ad
1465 4408 1887 4462 instructionem
1916 4417 2089 4461 tamen
2118 4408 2219 4461 Ca-

2320 3315 2517 3374 cularis
2578 3311 2805 3382 simplex
2865 3310 3075 3379 negatio
3133 3324 3253 3379 qua:
3303 3318 3563 3379 proponat
3610 3307 3887 3380 quemdam

2323 3411 2593 3466 hominem
2641 3405 2836 3462 animai
2869 3419 2975 3459 non
3018 3417 3167 3468 esse;
3200 3401 3340 3458 hanc
3368 3417 3435 3458 es
3463 3401 3688 3458 adverso
3723 3399 3890 3468 respi-

2325 3504 2430 3559 ciat
2448 3498 2785 3569 particularis
2808 3494 3037 3563 negatio,
3061 3511 3200 3564 quae,
3226 3493 3536 3563 permutatis
3555 3492 3621 3547 ad
3648 3490 3891 3547 ordinem

2324 3592 2602 3655 terminis,
2644 3588 2957 3644 adverbium
3005 3588 3303 3658 negationis
3351 3586 3637 3655 adjecerit,
3677 3592 3736 3640 ut
3775 3591 3892 3650 est,

2323 3685 2589 3756 quoddam
2619 3697 2725 3738 non
2762 3679 2959 3735 animal
2989 3692 3093 3733 non
3127 3677 3287 3733 homo
3310 3691 3414 3731 non
3436 3684 3537 3732 est.

2690 3851 2978 3907 Conversa:
3010 3850 3247 3918 utrisque
3274 3847 3511 3903 inﬁnitis.

2395 3946 2565 4002 Omne
2589 3959 2693 3999 non
2730 3943 2928 3998 animal
2968 3956 3071 3996 non
3120 3940 3281 3995 homo
3318 3951 3423 3996 εει.

2393 4040 2608 4095 Nullum
2635 4051 2741 4093 non
2769 4033 2965 4089 animai
2998 4046 3103 4086 non
3127 4030 3285 4084 homo
3312 4037 3412 4084 εει.

2396 4131 2671 4202 Quoddam
2701 4143 2808 4182 non
2848 4124 3045 4180 animal
3069 4137 3173 4177 non
3222 4122 3382 4179 homo
3422 4129 3519 4175 est.

2397 4222 2671 4290 Qttoddam
2699 4218 2894 4273 animal
2937 4230 3041 4270 non
3074 4214 3234 4268 homo
3264 4228 3366 4266 non
3406 4220 3505 4290 est.

2330 4312 2385 4365 in
2422 4288 2535 4364 illis
2579 4309 2719 4362 enim
2762 4306 3050 4360 afﬁrmatio
3094 4288 3415 4357 universalis
3456 4295 3893 4366 particularisquo

2329 4402 2541 4472 negatio
2568 4400 2974 4454 conversionem
3016 4395 3256 4450 stabilem
3299 4407 3402 4446 non
3434 4388 3705 4445 tenebant.
3738 4387 3897 4443 Afﬁr-
3918 4393 3930 4405 '

642 4501 998 4573 tegoricorum
1045 4498 1485 4572 Syllogismorum
1527 4498 1593 4553 de
1642 4495 1742 4552 ha'c
1788 4508 1991 4552 tantum
2028 4496 2490 4585 propo-Dmatio
2519 4502 2696 4547 autem
2741 4488 3071 4557 particularis
3118 4496 3276 4555 atque
3322 4480 3638 4538 universalis
3686 4479 3899 4548 negatio

642 4595 814 4650 suisse
843 4594 1093 4659 sufﬁciat,
1119 4611 1342 4666 quarum
1386 4594 1599 4665 quidem
1648 4593 2067 4663 propositionum
2100 4607 2220 4660 pars
2262 4610 2263 4613 η

643 4702 709 4742 ex
741 4688 1069 4757 simplicibus
1100 4688 1403 4743 nominibus
1433 4698 1661 4751 couStat,
1688 4702 1809 4755 pars
1852 4700 1977 4740 vero
2004 4700 2067 4738 ex
2100 4685 2220 4738 inﬁ-

644 4777 786 4831 nitis.
836 4777 965 4831 Nam
1019 4779 1309 4847 [)l'OplisillO
1350 4781 1697 4843 universalis,
1728 4792 1846 4847 quae
1893 4789 2006 4842 est,
2042 4776 2218 4829 omnis

648 4869 807 4921 homo
835 4870 1028 4923 animal
1072 4880 1171 4935 est,
1206 4886 1269 4923 ex
1301 4873 1537 4940 utrisque
1568 4870 1870 4924 nominibus
1902 4869 2060 4921 ﬁnitis
2085 4883 2218 4921 cou-

646 4966 769 5011 stat.
806 4957 1043 5027 Namque
1073 4970 1126 5013 et
1169 4960 1329 5013 homo
1367 4970 1421 5013 et
1447 4960 1640 5012 animal
1685 4961 1828 5013 ﬁnita
1856 4959 2066 5011 nomina
2096 4972 2219 5012 esse

646 5052 991 5104 manifestum
1034 5058 1132 5102 est.
1187 5050 1256 5102 Ea
1307 5063 1434 5102 vero
1482 5048 1767 5101 affirmatio
1810 5062 1927 5115 quae
1971 5045 2222 5113 proponit

646 5156 807 5197 omne
846 5158 951 5196 non
998 5141 1192 5195 animal
1243 5156 1347 5193 nun
1401 5140 1667 5193 hominem
1724 5153 1843 5192 esse
1893 5136 2219 5192 infinitorum

646 5233 998 5311 terminorum
1053 5232 1311 5300 positione
1369 5231 1645 5298 conjuncta
1710 5239 1810 5283 est.
1864 5229 1975 5282 Non
2026 5228 2224 5283 animal

647 5323 789 5377 enim
834 5335 1020 5379 etnon
1064 5323 1222 5378 homo
1261 5323 1473 5377 numina
1505 5337 1623 5377 esse
1652 5322 1875 5386 inﬁnita,
1901 5320 1951 5375 in
1996 5319 2224 5373 nominis

656 5407 723 5465 iis
758 5412 971 5473 faitione
1001 5418 1364 5488 praediximus,
1397 5431 1515 5486 quae
1548 5415 1756 5485 quidem
1789 5428 1910 5468 sese
1940 5413 2005 5467 ad
2028 5413 2223 5467 verita-

655 5494 1066 5565 diffi'nlsitatisve
1097 5514 1354 5565 rationem
1399 5513 1476 5565 sic
1519 5510 1736 5572 habent,
1770 5518 1827 5561 ut
1871 5510 2012 5561 enim
2058 5520 2221 5575 nega-

654 5604 886 5659 tionibus
928 5604 1186 5671 adjunctis
1220 5605 1419 5663 inﬁnita
1462 5605 1671 5656 nomina
1703 5601 2030 5670 simplicibus
2061 5610 2225 5664 oppoo

655 5706 872 5760 nuntur,
894 5698 962 5751 ita
989 5700 1148 5751 etiam
1172 5698 1451 5753 conversio
1477 5697 1899 5765 propositionum
1923 5687 2225 5747 econtrario

655 5786 915 5842 Continuit
937 5804 1090 5841 quam
1121 5791 1275 5844 paulo
1304 5798 1425 5843 ante
1468 5790 1523 5842 in
1557 5788 1877 5845 simplicibus
1910 5779 2226 5840 habebatur.

2330 4572 2611 4641 conversa:
2659 4581 2960 4639 certissime
3000 4577 3285 4633 tuebantur
3334 4574 3416 4630 vel
3453 4574 3503 4628 in
3545 4573 3791 4635 veritate,
3815 4569 3896 4625 vel

2331 4680 2383 4734 in
2435 4668 2665 4730 falsitate
2710 4685 3053 4728 consensum.
3112 4669 3208 4723 Hic
3266 4681 3425 4721 omne
3480 4663 3749 4718 diversum
3794 4668 3897 4716 est.

2336 4765 2663 4823 Universalis
2694 4777 2921 4833 namque
2949 4758 3239 4815 affirmatio
3273 4768 3327 4812 et
3366 4754 3701 4826 particularis
3739 4767 3898 4821 nega-

2328 4861 2404 4913 tiu
2428 4874 2521 4929 per
2542 4855 2930 4927 oppositionem
2956 4853 3056 4908 sibi
3079 4854 3190 4922 ipsa
3214 4847 3563 4911 convertitur,
3584 4840 3901 4898 universalis

2327 4959 2504 5005 autem
2552 4947 2846 5015 negationis
2892 4956 2946 5000 et
2996 4942 3332 5011 particularis
3379 4937 3750 4993 afﬁrmationis
3795 4948 3900 4989 non

2327 5042 2497 5095 estad
2522 5040 2758 5095 veritatis
2786 5037 3104 5091 faisitatisve
3147 5046 3469 5089 consensum
3530 5028 3635 5083 ﬁda
3681 5040 3900 5082 conver-

2329 5133 2430 5187 sio.
2458 5134 2533 5184 Ac
2558 5129 2783 5199 primum
2806 5129 2873 5184 de
2897 5127 3184 5183 universali
3208 5122 3563 5179 afﬁrmatione
3591 5130 3901 5179 tractemus.

2331 5240 2450 5295 quae
2494 5236 2611 5276 cum
2656 5225 2707 5275 in
2739 5220 3068 5288 simplicibus
3098 5234 3224 5274 vera
3252 5215 3343 5282 sit,
3383 5216 3661 5268 veritatem
3690 5226 3904 5282 quoque

2330 5332 2427 5389 per
2455 5312 2846 5384 oppositionem
2872 5325 3129 5367 conversa
3155 5309 3407 5383 custodit,
3436 5316 3492 5361 ut
3522 5321 3585 5361 ea
3613 5320 3730 5375 quae
3779 5302 3904 5357 dicit

2332 5425 2547 5465 omnem
2576 5407 2841 5461 hominem
2868 5418 2989 5458 esse
3018 5400 3237 5467 animai,
3255 5415 3377 5455 vera
3392 5408 3498 5462 est,
3520 5406 3680 5463 atque
3709 5394 3785 5449 illi
3814 5407 3903 5461 per

2334 5495 3095 5570 oppositionemconvertitur,
3128 5493 3178 5547 id
3227 5501 3329 5557 est,
3380 5504 3538 5546 omne
3564 5502 3666 5542 non
3707 5481 3904 5540 animal

2335 5608 2440 5647 non
2470 5591 2630 5646 homo
2655 5600 2753 5655 est,
2787 5603 2904 5643 eam
2933 5600 3146 5657 quoque
3176 5599 3359 5639 veram
3399 5596 3516 5637 esse
3548 5590 3769 5633 necesse
3800 5580 3906 5628 est.

2336 5682 2719 5752 Propositionis
2744 5689 2920 5735 autem
2945 5680 3102 5747 bujus
3124 5680 3224 5734 ista
3245 5673 3503 5732 sententia
3522 5682 3625 5733 εει,
3656 5667 3905 5739 quoniam

2335 5788 2441 5831 non
2466 5784 2548 5829 est
2576 5775 2754 5841 homo,
2791 5770 3043 5841 quidquid
3070 5770 3266 5825 animal
3299 5784 3401 5822 non
3430 5775 3533 5828 est,
3557 5759 3698 5833 quod
3722 5770 3906 5813 verum
