4296 6266
400 375 500 434 789

1223 370 1678 433 INTRODUCTIU
1720 371 1808 425 AD
1848 369 2323 425 SYLLDGISMOS
2362 367 2859 424 CA'I'EGOBICOS.

3562 357 3666 416 790

403 507 517 546 rsse
547 491 723 546 nullus
748 496 974 560 .gnorat.
1004 485 1138 541 item
1165 483 1303 539 sisit
1327 482 1458 539 falsa
1485 480 1805 537 untversalis
1830 480 1977 537 afﬁr—
2006 482 2065 544 Α
2090 482 2297 537 minum
2324 454 2514 536 natura
2544 482 2780 550 seiuncta
2810 491 2953 546 sunt,
2989 491 3044 534 ut
3072 497 3262 550 equus,
3295 481 3473 541 arbor,
3502 488 3662 548 atque

405 584 568 638 tnatio
594 582 645 637 in
676 580 1006 651 simplicibus
1026 578 1268 634 terminis
1288 578 1593 644 constituta,
1614 574 1743 631 falsa
1770 589 1983 645 quoque
2006 632 2011 635 _

406 675 519 744 ejus
568 688 663 743 per
701 672 1089 741 oppositionem
1144 669 1453 740 probabitur
1504 681 1625 722 esse
1654 666 1933 722 conversio
1961 684 1981 724 :

410 781 530 820 nam
557 780 677 819 cum
700 763 944 826 dicimus,
974 761 1150 816 omnis
1180 760 1311 829 lapis
1339 758 1536 815 animal
1564 767 1669 827 est,
1705 759 1834 814 falsa
1874 767 1978 823 est,

407 868 565 928 atque
591 856 664 910 illi
693 869 785 923 per
814 854 1202 929 oppositionem
1226 851 1576 915 convertitur,
1608 850 1660 905 id
1687 859 1791 915 est,
1821 863 1979 904 omne

407 965 511 1005 non
534 944 727 1004 animal
780 962 883 1001 non
915 945 1050 1014 lapis
1096 954 1199 1009 εει,
1231 960 1348 998 eam
1388 958 1599 1013 quoque
1629 941 1813 997 falsam
1863 957 1985 998 esse

408 1054 628 1096 necesse
671 1047 771 1093 est.
815 1037 867 1090 Id
910 1036 1051 1091 enim
1098 1051 1161 1089 ex
1215 1035 1306 1088 tali
1336 1034 1703 1089 enuntiatione
1733 1034 1983 1100 sentitur,

408 1137 655 1204 quoniam
695 1130 949 1201 quidquid
997 1129 1191 1183 animal
1242 1143 1344 1184 non
1397 1128 1574 1190 fuerit,
1606 1127 1657 1181 id
1708 1126 1842 1196 lapis
1875 1142 1982 1182 non

405 1236 507 1291 est,
548 1222 689 1295 qttod
742 1223 1078 1291 apertissime
1146 1220 1334 1274 falsum
1383 1229 1485 1286 est,
1527 1234 1647 1274 cum
1688 1218 1822 1287 lapis
1873 1220 1987 1288 ipse

406 1320 600 1372 animal
632 1331 737 1369 non
767 1314 1029 1383 sit;'quod
1058 1314 1103 1367 si
1136 1312 1452 1366 universalis
1478 1310 1765 1365 afﬁrmatio
1798 1311 1986 1365 termi-

409 1422 600 1463 norum
652 1406 1040 1475 oppositionem
1093 1417 1351 1457 conversa
1404 1402 1618 1457 sibimet
1670 1402 1724 1457 in
1764 1404 1987 1457 veritate

410 1498 664 1554 convenit
692 1506 744 1549 et
771 1497 821 1549 in
856 1495 1106 1559 falsitate,
1142 1510 1246 1549 non
1268 1501 1352 1549 εει
1381 1494 1598 1548 dubium
1620 1496 1746 1564 quin
1776 1495 1991 1550 univer-

413 1590 541 1646 salis
568 1588 795 1657 simplex
819 1587 1102 1641 afﬁrmatio
1125 1587 1297 1640 stabili
1328 1600 1421 1655 per
1440 1588 1833 1653 Oppositioncm
1862 1603 1991 1641 con-

413 1681 662 1737 versione
684 1690 1029 1735 monstretur.
1064 1680 1204 1734 Idem
1231 1680 1297 1734 de
1321 1680 1549 1748 simplici
1578 1681 1735 1733 etiam
1762 1681 1991 1749 particu-

416 1773 513 1828 lari
555 1773 835 1841 negatione
860 1772 1119 1826 dicemus.
1151 1771 1280 1825 Nam
1326 1787 1445 1827 eum
1480 1773 1594 1826 ltrec
1620 1770 1750 1826 falsa
1798 1782 1902 1838 est,
1936 1783 1994 1827 ut

2091 574 2196 629 alia
2227 574 2475 643 plurima.
2505 574 2565 629 Si
2589 572 2750 644 igitur
2780 576 2987 643 negatio
3016 574 3333 630 universalis
3364 588 3456 643 per
3496 588 3668 643 oppo-

2090 667 2339 721 sitionem
2392 666 2622 735 propriae
2670 668 3008 723 conversioni
3068 670 3119 723 in
3168 668 3399 723 falsitate
3447 668 3665 737 quidem

2088 758 2360 824 convenit,
2398 771 2495 811 nec
2526 766 2703 811 tamen
2728 758 2781 811 in
2812 762 3036 814 veritate
3063 763 3348 827 consentit,
3379 770 3523 817 recte
3546 778 3669 831 pro-

2090 849 2365 904 nuntiatur
2382 849 2786 903 conversionem
2812 858 3121 917 perpetuatn
3163 860 3321 919 atque
3350 853 3668 921 mquabiiem

2091 955 2199 995 non
2227 940 2444 996 habere.
2478 938 2674 993 Eadem
2724 955 2934 1009 quoque
2966 941 3100 994 ratio
3129 952 3211 995 est
3232 942 3283 996 in
3311 942 3668 998 affirmatione

2091 1031 2317 1100 simplici
2348 1029 2677 1105 particulari.
2728 1030 2857 1085 Nam
2894 1031 2943 1083 in
2978 1032 3077 1084 hoc
3106 1047 3313 1101 quoque
3340 1048 3481 1100 saepe
3510 1051 3667 1090 error

2090 1122 2531 1193 deprehenditur,
2569 1130 2624 1176 ut
2654 1133 2810 1177 certe
2845 1122 3263 1206 propositionum
3293 1126 3669 1183 conversiones

2092 1227 2365 1287 putentur,
2390 1218 2432 1271 si
2450 1217 2567 1285 quis
2590 1231 2692 1271 non
2712 1216 2776 1269 ad
2796 1215 3036 1271 falsitatis
3059 1231 3291 1286 quoque,
3310 1218 3403 1271 sed
3420 1218 3485 1271 ad
3503 1220 3672 1273 solam

2089 1310 2518 1365 convenientiam
2546 1309 2784 1364 veritatis
2805 1310 3047 1377 aspiciat.
3073 1308 3203 1363 Nam
3235 1322 3355 1363 cum
3387 1308 3673 1364 afﬁrmatio

2090 1402 2317 1471 simplex
2344 1401 2675 1469 particularis
2697 1417 2819 1455 vera
2841 1402 2930 1469 sit,
2948 1409 3008 1455 ut
3026 1412 3106 1455 est
3127 1402 3341 1471 quidam
3371 1402 3531 1457 homo
3558 1404 3675 1457 ani-

2093 1495 2198 1548 mal
2225 1506 2325 1557 est,
2347 1496 2391 1547 si
2424 1494 2578 1560 hujus
2604 1496 2811 1548 termini
2842 1510 2962 1547 cum
2986 1496 3322 1563 Oppositione
3355 1507 3675 1553 convertan-

2096 1596 2199 1650 tur,
2220 1586 2411 1653 ﬁatque
2430 1585 2744 1653 pr0positio,
2762 1584 3024 1653 quoddam
3045 1599 3149 1638 non
3172 1587 3364 1640 animal
3390 1602 3492 1641 non
3513 1588 3674 1641 homo

2094 1689 2195 1741 est,
2218 1694 2247 1732 a
2269 1680 2492 1733 veritate
2516 1694 2617 1733 non
2640 1678 2925 1746 discrepat.
2951 1678 3087 1744 Quid
3111 1680 3251 1734 enim
3275 1680 3417 1735 aliud
3431 1685 3677 1735 enuntia-

2098 1772 2171 1825 tio
2202 1771 2298 1825 ista
2336 1770 2575 1837 designat
2618 1785 2776 1837 quam
2808 1784 2927 1823 esse
2977 1785 3088 1824 rem
3137 1769 3365 1839 aliquam
3408 1788 3525 1839 qua:
3554 1788 3675 1825 cum

415 1879 475 1920 ea
499 1879 617 1933 qua:
657 1862 805 1929 dicit,
831 1861 1045 1931 quidam
1076 1862 1235 1915 homo
1261 1861 1453 1915 animal
1489 1876 1592 1915 non
1617 1870 1716 1926 est,
1743 1861 1833 1916 illa
1855 1878 1990 1931 quo-
2021 1849 2072 1910 Β
2097 1863 2292 1917 animai
2316 1878 2419 1915 non
2446 1864 2534 1926 sit,
2567 1878 2634 1916 nc
2663 1863 2822 1916 homo
2852 1862 3063 1932 quidem
3084 1862 3175 1929 sit,
3209 1864 3415 1932 utlapis
3443 1865 3598 1919 simul
3624 1873 3679 1923 et

413 1971 517 2027 que
549 1955 829 2010 falsitatem
862 1954 1083 2031 tenebit,
1117 1971 1235 2026 quae
1267 1954 1389 2009 huic
1441 1956 1785 2011 terminorum
1827 1974 1995 2026 oppo-

415 2047 608 2103 sitione
655 2044 1004 2111 convertitur,
1038 2054 1095 2099 ut
1144 2060 1207 2100 ea
1256 2060 1377 2115 qua:
1427 2046 1695 2114 proponit,
1728 2048 1992 2113 quoddam

418 2152 522 2193 non
552 2136 746 2191 animal
774 2150 878 2189 non
907 2135 1065 2190 homo
1097 2149 1201 2191 non
1230 2144 1330 2189 est.
1359 2134 1413 2189 ld
1438 2137 1580 2190 enim
1604 2152 1669 2190 ex
1699 2136 1799 2192 bac
1820 2154 1992 2192 enun-

419 2230 635 2283 tiatione
665 2228 953 2296 colligitur,
989 2226 1128 2294 quod
1160 2241 1247 2282 res
1276 2243 1394 2297 quae
1426 2242 1530 2282 non
1568 2228 1638 2283 sit
1664 2230 1880 2295 animal,
1927 2230 1996 2283 sit

418 2318 595 2375 homo.
621 2317 829 2372 Etenim
866 2317 965 2372 hoc
988 2328 1068 2373 est
1095 2333 1214 2372 esse
1242 2319 1535 2385 hominem,
1565 2319 1705 2389 quod
1735 2336 1840 2374 non
1870 2335 1991 2376 esse

418 2425 520 2465 non
548 2408 838 2465 hominem.
873 2410 941 2463 At
970 2409 1015 2464 si
1041 2424 1164 2464 vera
1191 2408 1262 2465 sit
1304 2410 1517 2479 negatio
1563 2412 1896 2478 particularis
1927 2428 1993 2466 ex

420 2502 746 2571 simplicibus
772 2501 1015 2557 terminis
1040 2502 1242 2570 juncta,
1272 2512 1328 2555 ιιι
1364 2511 1447 2557 εει
1470 2504 1684 2573 quidam
1718 2504 1851 2571 lapis
1882 2504 1998 2558 ani-

422 2593 528 2659 mai
558 2608 659 2646 non
682 2601 786 2657 est,
817 2608 925 2647 non
954 2592 1126 2648 deerit
1148 2594 1346 2647 veritas
1372 2609 1491 2649 cum
1526 2596 1872 2648 terminorum
1901 2609 1998 2663 0p-

424 2684 683 2755 positione
701 2698 975 2739 conversa:
1000 2699 1117 2754 qua:
1150 2684 1423 2753 proponit,
1452 2684 1718 2754 quoddam
1750 2699 1857 2740 non
1885 2687 1997 2740 ani-

425 2775 530 2831 mal
562 2790 664 2830 non
714 2774 943 2844 lapidem
997 2791 1101 2830 non
1134 2791 1270 2830 esse.
1321 2777 1377 2831 ld
1408 2778 1551 2832 enim
1602 2780 1881 2833 conversio
1926 2780 1996 2834 ita

426 2867 710 2938 signiﬁcat,
738 2867 877 2938 quod
918 2884 1007 2923 res
1033 2868 1275 2938 quatdam
1305 2884 1422 2938 qua:
1450 2870 1643 2923 animal
1674 2885 1778 2924 non
1810 2872 1877 2925 sit
1922 2871 2000 2925 la-

425 2959 509 3031 pis
537 2959 629 3026 sit,
658 2960 759 3015 hoc
778 2969 860 3015 est
886 2961 1028 3016 enim
1050 2976 1168 3015 esse
1190 2961 1419 3029 lapidem
1443 2963 1580 3032 quod
1607 2978 1712 3017 non
1742 2978 1862 3019 esse
1892 2982 1997 3021 non

427 3051 695 3121 lapidem;
732 3052 870 3121 quod
916 3052 959 3107 si
1010 3053 1341 3122 particularis
1370 3054 1593 3122 simplex
1645 3058 1854 3125 negatio
1904 3073 1999 3128 per

428 3140 785 3207 oppositiones
815 3142 1043 3211 propriae
1069 3143 1403 3197 conversioni
1428 3154 1480 3198 et
1508 3144 1561 3199 in
1589 3145 1825 3201 veritatis
1856 3157 1909 3201 et
1942 3148 1994 3202 in

2096 1954 2342 2010 animalis
2373 1964 2424 2009 et
2453 1954 2685 2008 hominis
2722 1964 2915 2007 natura
2944 1954 3174 2010 deficiat.
3208 1955 3314 2009 Sed
3345 1955 3506 2029 Iticlin
3540 1958 3679 2013 veri-

2100 2056 2205 2102 tate
2233 2062 2527 2102 consensus
2556 2047 2623 2099 ad
2668 2045 2952 2100 falsitatem
2986 2062 3151 2116 usque
3177 2060 3280 2100 non
3323 2046 3510 2104 tendit.
3538 2047 3679 2115 Quid

2096 2140 2238 2193 enim
2268 2140 2311 2192 si
2347 2138 2416 2191 sit
2460 2138 2586 2191 falsa
2628 2136 2851 2205 simplex
2898 2137 3186 2192 afﬁrmatio
3237 2128 3590 2207 particularis,
3620 2152 3679 2198 ut

2098 2238 2197 2287 est.
2231 2228 2440 2297 quidam
2466 2227 2623 2279 homo
2656 2227 2788 2295 lapis
2820 2227 2951 2281 est?
2983 2243 3085 2281 non
3119 2228 3224 2282 erit
3251 2228 3367 2297 ejus
3390 2245 3483 2297 per
3511 2246 3677 2302 oppoc

2099 2320 2343 2373 sitionem
2374 2317 2502 2372 falsa
2535 2318 2836 2382 conversio,
2865 2318 3075 2387 quidam
3102 2334 3206 2374 non
3233 2320 3367 2389 lapis
3392 2335 3497 2377 non
3516 2322 3675 2378 homo

2097 2412 2219 2465 est?
2263 2411 2417 2479 Atqui
2446 2409 2556 2463 haec
2580 2409 2729 2462 ﬁrma
2760 2410 2980 2464 veritate
3001 2411 3263 2475 consistit,
3320 2410 3372 2466 id
3418 2412 3560 2468 enim
3603 2429 3673 2471 ex

2101 2502 2199 2555 hac
2231 2502 2591 2571 propositione
2621 2500 2775 2554 datur
2803 2501 3019 2571 intelligi
3046 2502 3186 2571 quod
3211 2502 3281 2557 sit
3301 2503 3515 2574 quidam
3533 2502 3676 2576 quod
3718 2546 3721 2549 ‹

2099 2607 2220 2646 cum
2250 2592 2381 2661 lapis
2404 2608 2505 2646 non
2552 2592 2642 2656 sit,
2671 2608 2734 2646 ne
2766 2592 2923 2647 homo
2945 2594 3158 2662 quidem
3190 2595 3280 2659 sit,
3312 2604 3370 2649 ut
3391 2612 3559 2668 equus
3588 2607 3675 2651 at-

2100 2700 2207 2753 que
2236 2684 2416 2746 arbor,
2449 2699 2564 2753 qua:
2588 2698 2759 2753 neque
2782 2683 3035 2751 hominis,
3062 2700 3231 2753 neque
3262 2670 3451 2753 lapidis
3478 2686 3679 2744 difﬁni-

2100 2776 2246 2829 tione
2274 2774 2773 2841 clauduntur.Quod
2804 2776 2844 2827 si
2872 2775 3204 2844 particularis
3233 2774 3676 2843 afﬁrmatio,dum

2102 2881 2197 2935 per
2226 2865 2612 2934 Oppositioncm
2642 2870 2989 2934 convertitur,
3024 2868 3075 2919 in
3105 2867 3330 2922 veritate
3361 2868 3573 2938 quidem
3598 2880 3675 2926 te-

2103 2965 2193 3009 net
2221 2971 2403 3011 secum
2441 2956 2604 3025 ipsam
2631 2954 2994 3022 concordiam,
3040 2957 3090 3010 in
3124 2956 3352 3012 falsitate
3390 2968 3567 3015 autem
3608 2960 3677 3013 si-

2103 3044 2268 3098 bimet
2322 3046 2432 3114 ipsa
2474 3045 2738 3106 dissentit,
2774 3055 2975 3099 rectum
3027 3055 3107 3100 est
3150 3048 3491 3115 pronuntiare
3538 3046 3677 3118 quod

2088 3136 2314 3205 termini
2363 3136 2647 3207 negatione
2694 3137 2975 3206 conjuncta
3020 3140 3420 3195 conversionem
3469 3139 3675 3199 ﬁrmam

432 3228 673 3286 falsitatis
722 3232 1102 3303 signiﬁcatione
1148 3234 1457 3298 concordat,
1506 3250 1611 3290 non
1664 3248 1746 3292 est
1776 3239 1997 3295 dubium
2027 3213 2074 3276 ο
2104 3227 2454 3297 ειδὺίίεηιίιιιθ
2481 3242 2586 3281 ηοη
2615 3237 2847 3280 taleam-

2104 3227 2454 3297 stabiiemque
2481 3242 2586 3281 non
2615 3237 2847 3280 teneant.
2878 3226 3051 3295 Quare
3077 3243 3196 3283 cum
3242 3230 3293 3285 in
3322 3230 3674 3301 simplicibus,

428 3323 798 3393 particularem
847 3325 1139 3393 simplicem
1190 3328 1525 3395 negationem
1582 3336 1729 3383 certo
1785 3329 1886 3385 sibi
1940 3346 2001 3387 ac

430 3412 605 3467 stabili
664 3412 821 3468 modo
870 3429 964 3483 per
1012 3417 1406 3485 appositionem
1455 3420 1803 3475 terminorum
1846 3436 2006 3491 posse

430 3506 686 3560 converti.
717 3506 771 3560 in
815 3508 1096 3576 negatione
1151 3524 1279 3564 vero
1310 3511 1597 3566 universztli
1641 3528 1745 3566 non
1773 3525 1854 3567 est
1885 3530 2004 3584 per-

434 3604 589 3665 petua
612 3612 784 3664 neque
815 3597 917 3651 ﬁda
946 3601 1245 3655 conversio.
1279 3600 1428 3667 Quod
1453 3603 1664 3673 quidem
1697 3606 1875 3661 fallere
1906 3622 2002 3676 po-

436 3690 575 3753 terit,
601 3690 645 3743 si
672 3691 789 3759 quis
818 3691 882 3744 ad
913 3694 1082 3746 solam
1127 3695 1377 3763 respiciat
1402 3700 1829 3756 convenientiam
1859 3703 2006 3759 falsi-

436 3780 579 3834 tatis.
611 3779 741 3833 Nam
768 3796 889 3835 cum
938 3783 1009 3837 sit
1047 3784 1173 3838 falsa
1205 3787 1427 3856 simplex
1458 3790 1770 3847 universalis
1798 3797 2009 3865 negatio

436 3884 551 3937 quas
574 3872 825 3939 proponit
852 3874 1055 3927 nullum
1084 3874 1355 3932 hominem
1385 3894 1504 3936 esse
1527 3883 1746 3951 animal,
1772 3886 1899 3941 falsa
1928 3897 2011 3943 est

439 3976 558 4027 qua:
584 3962 633 4015 ei
664 3976 759 4030 per
779 3966 1167 4031 oppositionem
1208 3972 1554 4038 convertitur,
1586 3984 1643 4028 ut
1670 3988 1771 4044 est,
1806 3978 2009 4033 nullum

442 4065 547 4105 non
574 4051 771 4107 animal
801 4068 903 4107 non
935 4056 1093 4111 homo
1116 4068 1216 4114 est.
1264 4060 1319 4116 Id
1344 4064 1483 4118 enim
1526 4080 1593 4119 ex
1634 4070 1731 4122 hac
1771 4071 2012 4137 proposi»

444 4143 588 4199 tione
633 4154 972 4214 monstratur,
1007 4152 1254 4217 quoniam
1286 4169 1445 4211 omne
1483 4158 1621 4227 quod
1670 4162 1864 4215 animal
1906 4178 2012 4216 non

440 4245 541 4301 est,
575 4236 627 4291 id
660 4236 818 4292 homo
846 4249 950 4307 est,
979 4239 1247 4299 hominem
1278 4260 1398 4301 esse
1438 4249 1718 4317 signiﬁcat,
1753 4252 2014 4322 quidquid

441 4326 639 4381 animal
685 4342 789 4383 non
834 4329 922 4395 sit,
970 4348 1089 4402 qua:
1117 4336 1383 4403 proponit,
1414 4340 1619 4393 nullum
1650 4356 1768 4396 esse
1791 4358 1894 4398 non
1921 4346 2017 4399 hoe

445 4419 662 4483 minem,
692 4419 777 4487 qui
804 4422 999 4477 animal
1033 4439 1136 4479 non
1168 4426 1257 4480 sit.
1288 4427 1392 4482 Sed
1424 4428 1511 4483 bie
1539 4431 1593 4485 in
1633 4432 1863 4489 falsitate
1888 4449 2017 4489 con-

446 4521 634 4562 sensus
680 4509 743 4563 ad
765 4513 1039 4569 veritatem
1068 4530 1237 4585 usque
1277 4533 1385 4572 non
1425 4524 1688 4587 pervenit.
1731 4524 1841 4593 Age
1873 4526 2017 4580 enim

2107 3335 2168 3374 ac
2194 3329 2386 3389 praeter
2425 3319 2815 3390 oppositionem
2841 3323 3301 3389 conversionibus,
3350 3324 3675 3382 universalis

2106 3408 2317 3479 quidem
2348 3410 2560 3481 negatio
2605 3412 3044 3482 particularisque
3088 3412 3374 3469 afﬁrmatio
3419 3426 3675 3486 perpetua

2110 3506 2318 3578 ﬁdaque
2365 3509 2708 3564 terminorum
2762 3509 3148 3577 permutatione
3191 3519 3483 3577 vertantur,
3534 3511 3677 3567 afﬁr-

2110 3601 2271 3655 matio
2320 3616 2447 3657 vero
2500 3602 2811 3656 universalis
2841 3590 3278 3673 particularisqne
3338 3604 3545 3673 negatio
3578 3606 3675 3659 mi-

2111 3696 2274 3761 nime,
2325 3693 2447 3747 dum
2493 3708 2585 3762 per
2635 3694 2978 3748 terminorum
3026 3695 3411 3764 oppositionem
3454 3696 3677 3764 simplex

2113 3789 2402 3857 propositio
2452 3788 2551 3843 sibi
2602 3790 2714 3859 ipsa
2767 3791 3115 3853 convertitur,
3150 3791 3350 3853 omnia,
3402 3800 3455 3843 ιιι
3483 3774 3677 3846 dictum

2111 3888 2215 3944 est,
2245 3880 2463 3933 adversa
2506 3880 2711 3934 ratione
2748 3882 3082 3950 contingunt,
3113 3882 3423 3935 universalis
3453 3895 3679 3951 namque

2118 3969 2399 4023 afﬁrmatio
2428 3978 2481 4021 et
2508 3968 2841 4037 particularis
2870 3969 3081 4038 negatio
3121 3970 3327 4022 ﬁrmam
3368 3981 3677 4040 negatarum

2116 4069 2340 4138 partium
2384 4069 2614 4121 retinent
2655 4065 3078 4119 conversionem.
3127 4064 3447 4119 Universalis
3502 4077 3678 4119 autem

2117 4159 2327 4231 negatio
2359 4158 2408 4210 itt
2440 4155 2669 4209 falsitate
2713 4154 2924 4223 quidem
2959 4162 3103 4207 recte
3145 4156 3243 4208 sibi
3298 4156 3410 4222 ipsa
3452 4171 3682 4210 convetu

2118 4250 2264 4304 titur.
2307 4248 2361 4301 ln
2399 4246 2620 4299 veritate
2663 4252 2841 4297 autem
2896 4244 2994 4299 sibi
3045 4244 3155 4313 ipsa
3187 4244 3483 4299 discordat.
3515 4246 3679 4300 Parti-

2119 4338 2309 4393 cularis
2339 4344 2512 4390 autem
2534 4334 2818 4389 afﬁrmatio
2843 4336 2896 4389 in
2928 4338 3152 4390 veritate
3171 4336 3385 4405 quidem
3418 4338 3519 4391 sibi
3551 4352 3681 4391 con-

2122 4428 2284 4491 venit,
2322 4429 2411 4481 sed
2462 4427 2514 4481 in
2564 4426 2793 4481 falsitate
2839 4427 3101 4482 dissentit.
3132 4427 3329 4481 Similis
3352 4436 3527 4482 autem
3560 4442 3683 4481 con.

2122 4520 2397 4587 templatio
2429 4528 2509 4574 est
2550 4519 2599 4572 in
2628 4519 2709 4572 his
2748 4534 2886 4586 qum,
2926 4532 3184 4571 converso
3224 4518 3410 4573 ordine
3438 4519 3683 4574 termino.

447 4600 516 4654 sit
554 4616 675 4655 vera
716 4604 943 4674 simplex
977 4609 1291 4663 universalis
1339 4614 1573 4681 negatio,
1623 4615 1801 4670 nullus
1857 4618 2016 4672 homo
2044 4584 2099 4646 Ῐ)
2126 4614 2567 4681 rnm,praadicato
2594 4620 2793 4662 tantum
2812 4610 3255 4677 velsubjectosibi
3274 4612 3684 4681 copulantnega-

448 4690 579 4760 lapis
600 4702 706 4760 est,
734 4710 837 4749 non
865 4710 989 4750 vera
1014 4706 1187 4766 potest
1217 4714 1359 4765 esse,
1408 4702 1581 4756 nullus
1609 4720 1713 4759 non
1745 4706 1877 4775 lapis
1912 4723 2016 4763 non

449 4782 607 4838 homo
619 4796 720 4839 est.
743 4785 795 4840 ld
819 4788 1300 4859 namqueldesignat
1322 4793 1417 4845 ista
1444 4795 1742 4862 conversio,
1771 4800 2018 4865 quoniam

448 4876 701 4944 quidquid
746 4878 879 4948 lapis
907 4895 1012 4935 non
1048 4868 1229 4950 fuerit,
1278 4883 1330 4937 id
1382 4884 1543 4939 homo
1586 4896 1704 4949 est;
1749 4888 2019 4944 hominem

450 4983 676 5039 namque
704 4985 823 5025 esse
864 4971 1110 5042 designat
1137 4975 1278 5046 quod
1310 4976 1579 5047 lapis-non
1629 4979 1720 5045 sit,
1766 4982 2023 5051 qui,pro-

449 5063 652 5115 nuntiat
693 5063 893 5119 nullum
923 5079 1048 5121 esse
1097 5084 1204 5123 non
1237 5070 1502 5125 hominem
1540 5072 1679 5142 quod
1731 5073 1864 5143 lapis
1915 5090 2018 5130 non

448 5160 549 5217 est,
564 5153 705 5222 quod
730 5156 1062 5224 apertissime
1085 5159 1273 5213 falsum
1296 5171 1397 5226 est;
1422 5164 1663 5232 quamvis
1687 5166 1828 5219 enim
1855 5166 2020 5220 multa

450 5245 712 5312 proferam
761 5261 879 5315 qua:
926 5262 1048 5302 cum
1100 5249 1302 5317 lapides
1334 5268 1437 5306 non
1468 5255 1591 5318 sint,
1620 5262 1793 5310 tamen
1827 5256 1893 5311 ab
1928 5256 2026 5310 lto-

1018 5407 1316 5478 Simplices.

670 5518 857 5571 Omnis
884 5519 1045 5574 bomo
1074 5521 1271 5575 animal
1300 5535 1400 5578 εει.

661 5607 848 5662 Nullus
879 5610 1040 5664 homo
1064 5614 1258 5667 animal
1289 5627 1389 5668 est.

661 5699 1084 5766 Quitlam’ltomo
1114 5705 1307 5760 animal
1340 5718 1437 5760 est.

669 5795 892 5863 Quidam
928 5800 1089 5854 homo
1114 5800 1309 5854 animal
1344 5815 1448 5855 non
1469 5809 1567 5860 est.

2129 4707 2358 4759 tionem:
2384 4703 2434 4755 in
2457 4701 2664 4771 quibus,
2691 4710 2746 4752 nt
2765 4701 2814 4752 in
2832 4700 3191 4768 superioribus
3215 4717 3424 4771 quoque
3447 4704 3685 4767 fecimus,

2130 4793 2545 4864 propositionum
2577 4799 2775 4845 tantum
2807 4790 3047 4845 ordinem
3069 4791 3453 4858 describemus,
3485 4804 3536 4848 et
3564 4792 3687 4864 quid

2127 4890 2335 4946 eveniat
2386 4886 2485 4941 sub
2535 4885 2793 4940 brevitate
2836 4885 3287 4949 monstrabimus,
3345 4887 3689 4955 perquirenda

2130 4990 2288 5051 atque
2318 4976 2667 5034 examinanda
2696 4976 2902 5047 singula
2950 4976 3164 5031 lectoris
3212 4977 3498 5048 diligentia:
3546 4978 3691 5030 dere-

2137 5076 2453 5145 Iinquentes.
2500 5071 2788 5141 Descriptis
2834 5086 2959 5141 ergo
2998 5071 3328 5141 simplicibus
3376 5086 3435 5124 ev
3470 5069 3690 5124 adversa

2136 5176 2305 5234 parte,
2345 5179 2486 5235 quas,
2518 5179 2777 5217 converso
2806 5162 3013 5225 ordine,
3056 5162 3395 5230 praadicatutn
3434 5177 3555 5215 cum
3606 5174 3690 5215 ne-

2132 5257 2342 5327 gatione
2367 5256 2734 5325 pronuntiant,
2775 5254 3135 5308 conferantur.

2454 5410 2738 5466 Conversa:
2765 5412 2831 5464 de
2856 5410 3141 5481 prmdicato
3169 5409 3373 5462 inﬁnito

2343 5526 2514 5581 Omne
2540 5523 2734 5577 animal
2760 5537 2865 5576 non
2895 5522 3053 5575 homo
3081 5530 3182 5575 est.

2344 5615 2553 5671 Nullum
2583 5613 2776 5667 animal
2807 5627 2911 5664 non
2952 5612 3109 5665 homo
3138 5622 3239 5665 est.

2338 5704 2614 5772 Quoddam
2655 5703 2851 5755 animal
2893 5717 2996 5756 non
3029 5704 3188 5757 homo
3209 5710 3305 5760 est.

2341 5795 2618 5869 Quoddam
2649 5795 2844 5850 animal
2877 5809 2980 5850 non
3012 5794 3170 5851 homo
3197 5809 3303 5851 non
3326 5801 3425 5856 est.
