4296 6266
642 342 745 407 791.

853 464 1038 520 Omnis
1065 463 1225 516 homo
1259 460 1434 528 justus
1471 470 1575 516 est.

849 555 1034 609 Nullus
1073 555 1232 606 homo
1267 552 1441 622 justus
1483 564 1582 608 est.

847 645 1072 710 Quidam
1103 644 1261 696 homo
1290 644 1463 712 justus
1501 653 1604 698 est.

851 737 1073 805 Quidam
1109 738 1268 791 homo
1293 738 1470 806 justus
1494 752 1600 792 non
1629 747 1729 792 est.

849 870 1033 925 Omnis
1064 869 1225 923 homo
1266 869 1640 939 grammaticus
1671 879 1765 925 est.

846 961 1033 1015 Nullus
1071 963 1232 1015 homo
1258 962 1637 1032 grammaticus
1665 970 1767 1016 est.

847 1053 1074 1120 Quidam
1115 1052 1276 1107 homo
1311 1052 1688 1122 grammaticus
1717 1059 1816 1108 est.

851 1145 1075 1212 Quidam
1103 1143 1262 1199 homo
1301 1143 1685 1214 grammaticus
1730 1158 1836 1200 non
1865 1151 1967 1199 est.

850 1282 1036 1338 Omnis
1066 1284 1226 1336 homo
1257 1279 1390 1348 lapis
1417 1289 1518 1334 est.

849 1373 1039 1428 Nullus
1067 1373 1228 1426 homo
1253 1371 1388 1439 lapis
1418 1379 1520 1425 est.

848 1463 1073 1532 Quidam
1101 1463 1260 1519 homo
1289 1462 1422 1532 lapis
1451 1469 1551 1515 est.

846 1555 1073 1622 Quidam
1103 1554 1263 1610 homo
1288 1555 1423 1623 lapis
1453 1567 1558 1608 non
1589 1559 1692 1608 est.

846 1691 1033 1745 Omnis
1073 1691 1232 1744 homo
1260 1687 1480 1743 risibilis
1519 1687 1638 1752 est.l

847 1781 1032 1835 Nullus
1063 1782 1221 1834 homo
1253 1779 1469 1833 risibilis
1507 1787 1608 1832 est.

851 1874 1079 1942 Quidam
1128 1876 1287 1927 homo
1317 1873 1538 1927 risibilis
1567 1880 1666 1924 est.

845 1965 1071 2032 Quidam
1103 1964 1264 2018 homo
1296 1963 1514 2018 risibilis
1543 1976 1651 2016 non
1680 1969 1781 2017 est.

1859 346 1965 401 AN.
2013 345 2217 401 MANL.
2257 345 2411 402 SEV.
2454 345 2676 401 ΒΘΕἹἪ

2536 459 2724 514 Omnis
2752 459 2925 528 justus
2956 474 3060 514 non
3088 458 3246 513 homo
3283 469 3384 513 est.

2538 551 2724 606 Nullus
2748 551 2921 619 justus
2959 565 3064 605 non
3107 550 3267 604 homo
3293 559 3394 605 est.

2535 642 2760 709 Quidam
2789 642 2963 710 justus
3000 658 3108 696 non
3138 643 3298 694 homo
3332 650 3436 696 est.

2530 734 2754 800 Quidam
2779 733 2952 802 justus
2990 750 3095 788 non
3128 737 3288 788 homo
3311 747 3419 788 non
3447 741 3551 790 εει.

2535 869 2718 926 Omnis
2737 867 3117 939 grammaticus
3148 878 3251 920 non
3282 866 3443 918 homo
3479 872 3583 922 est.

2537 965 2728 1019 Nullus
2751 961 3127 1031 grammaticus
3167 974 3271 1011 non
3300 958 3461 1011 homo
3489 964 3591 1012 est.

2539 1055 2761 1124 Quidam
2787 1052 3166 1124 grammaticus
3195 1063 3302 1103 non
3332 1048 3491 1103 homo
3520 1055 3623 1104 est.

2532 1146 2756 1215 Quidam
2787 1143 3168 1214 grammaticus
3196 1154 3302 1195 non
3334 1142 3492 1196 homo
3523 1155 3628 1196 non
3657 1147 3760 1196 εει.

2537 1278 2725 1334 Omnis
2753 1275 2886 1344 lapis
2909 1289 3018 1329 non
3041 1273 3201 1327 homo
3228 1281 3330 1329 est.

2529 1370 2717 1426 Nullus
2744 1369 2876 1438 lapis
2901 1382 3003 1421 non
3027 1366 3188 1419 homo
3228 1373 3330 1418 est.

2533 1461 2758 1530 Quidam
2786 1459 2920 1528 lapis
2963 1472 3068 1512 non
3101 1455 3262 1510 homo
3292 1463 3393 1509 est.

2535 1551 2762 1619 Quidam
2792 1548 2926 1618 lapis
2955 1562 3062 1602 non
3094 1546 3254 1600 homo
3277 1559 3384 1600 non
3411 1552 3513 1600 est.

2535 1689 2706 1745 Omne
2743 1685 2947 1741 risibile
2977 1698 3082 1738 non
3109 1682 3269 1736 homo
3296 1689 3397 1737 εει.

2533 1779 2746 1834 Nullum
2786 1777 2992 1832 risibile
3019 1790 3123 1830 non
3162 1774 3319 1829 homo
3349 1781 3448 1828 εει.

2533 1869 2808 1937 Quoddam
2838 1868 3038 1922 risibile
3066 1881 3172 1920 non
3205 1865 3364 1918 homo
3392 1871 3496 1917 εει.
3691 1931 3694 1933 _

2535 1960 2816 2027 Quoddam
2845 1958 3049 2012 risibile
3077 1971 3183 2011 non
3214 1955 3373 2009 homo
3395 1968 3509 2008 non
3537 1962 3636 2008 εει.

629 2062 829 2118 Harum
889 2059 1051 2130 igitur
1105 2060 1160 2113 in
1207 2057 1647 2112 ailirmationibus
1714 2053 1925 2124 quidem
1998 2051 2212 2107 univer-
2242 2061 2295 2121 Α
2319 2067 2439 2108 cum
2470 2051 2703 2122 separari
2737 2049 2963 2120 possint,
2989 2045 3100 2102 tum
3125 2047 3207 2101 vel
3247 2045 3447 2115 majora
3475 2052 3618 2109 sunt,
3653 2049 3710 2097 ut
3724 2041 3894 2112 justus

628 2153 832 2209 salibus
853 2153 897 2207 si
919 2166 979 2206 ea
1011 2152 1077 2205 de
1108 2151 1348 2219 subjecto
1379 2148 1737 2218 praedicentur
1792 2159 1911 2215 quae
1938 2154 1990 2199 ει
2021 2145 2212 2199 adesse

627 2255 684 2302 et
711 2247 900 2301 abesse
927 2245 1259 2314 contingant,
1303 2246 1418 2298 sive
1447 2243 1573 2296 illud
1619 2242 1859 2309 subjecto
1907 2241 2079 2310 majus
2119 2242 2206 2306 sit,

627 2346 687 2392 ut
709 2338 913 2406 justitia
943 2337 1180 2402 homine,
1222 2337 1335 2390 sive
1365 2335 1559 2396 minus,
1609 2343 1666 2386 ut
1705 2332 2085 2401 grammaticus
2117 2332 2211 2385 ho-

627 2433 796 2493 mine,
821 2430 902 2485 vel
933 2429 978 2483 si
1009 2444 1070 2483 ea
1102 2444 1220 2499 qum
1251 2427 1469 2482 omnino
1507 2426 1697 2481 adesse
1728 2440 1836 2480 non
1873 2431 2119 2493 possunt,
2153 2431 2212 2477 ut

627 2525 764 2592 lapis
791 2522 1013 2588 homini,
1044 2521 1204 2574 simul
1231 2534 1445 2589 semper
1477 2519 1635 2574 falsas
1667 2534 1789 2574 esse
1838 2531 2058 2573 necesse
2105 2525 2208 2571 est.

625 2614 682 2670 Si
713 2614 837 2684 quid
875 2627 1005 2668 vero
1033 2623 1225 2682 prmter
1267 2612 1381 2666 haec
1411 2610 1572 2665 fuerit
1627 2611 1994 2679 prccdicatum,
2051 2624 2209 2663 unam

626 2719 842 2771 veram,
911 2703 1099 2758 falsam
1138 2703 1362 2756 alteram
1405 2715 1524 2755 esse
1579 2701 1892 2770 proveniet,
1924 2713 2211 2769 numquam

624 2809 756 2852 vero
786 2796 996 2865 utrique
1015 2795 1213 2849 veritas
1237 2793 1570 2848 consonabit.
1597 2793 1652 2845 In
1683 2791 2058 2860 negationibus
2082 2805 2210 2845 vero

626 2887 1023 2944 universalibus
1051 2885 1315 2956 siquidem
1344 2899 1407 2938 ea
1450 2884 1516 2937 de
1555 2882 1795 2953 subjecto
1849 2881 2210 2951 prmdicentur

627 2995 747 3050 qua:
790 2995 820 3034 a
868 2979 1109 3048 subjecto
1152 2978 1363 3033 valeant
1409 2976 1700 3047 segregari,
1738 2975 1852 3030 sive
1884 2974 1970 3028 illa
2004 2973 2206 3042 majora

628 3071 754 3136 sint,
787 3069 1068 3139 utjustitia
1103 3069 1339 3134 homine,
1371 3069 1485 3123 sive
1515 3070 1719 3122 minora
1762 3075 1821 3121 ut
1866 3065 2054 3120 eodem
2101 3063 2203 3117 ho-

627 3165 773 3219 mine
812 3163 1211 3234 grammaticus,
1265 3162 1503 3233 utrisque
1530 3160 1702 3216 aderit
1743 3160 1874 3214 falsa
1916 3156 2202 3213 sententia.

627 3258 892 3328 Quidquid
917 3273 1044 3312 vero
1068 3258 1393 3327 reliquorum
1424 3255 1582 3317 fuerit
1622 3253 1966 3323 przedicatum
1995 3251 2085 3305 uni
2115 3264 2206 3304 ve-

627 3364 768 3417 rum,
795 3351 948 3405 alteri
979 3351 1342 3407 facietadesse
1370 3349 1724 3404 mendacium.
1766 3346 2044 3413 Nunquam
2076 3356 2206 3397 vero

627 3437 683 3496 in
730 3440 814 3494 his
862 3454 1085 3494 concors
1131 3441 1327 3494 veritas
1373 3439 1663 3494 invenitur.
1708 3437 1762 3489 In
1796 3434 2203 3504 particularibus

631 3541 757 3588 vero
784 3530 1227 3587 afﬂrmationibus
1264 3530 1528 3599 siquidem
1566 3544 1630 3583 ea
1673 3526 2051 3598 praedicentur,
2083 3539 2201 3593 quae

1301 3639 1603 3710 Simplices.

1047 3783 1234 3838 Omnis
1263 3782 1425 3836 homo
1456 3780 1652 3834 animal
1684 3789 1785 3834 est.

1049 3873 1235 3930 Nul‘us
1262 3875 1422 3928 homo
1452 3871 1649 3926 animal
1676 3879 1778 3926 est.
1797 3877 1799 3882 '

1049 3971 1274 4038 Quidam
1315 3970 1475 4024 homo
1503 3967 1696 4022 animal
1726 3975 1825 4022 εει.

1049 4064 1275 4133 Quidam
1312 4065 1473 4119 homo
1501 4063 1696 4116 animal
1725 4076 1830 4116 non
1859 4068 1960 4116 est.

1049 4227 1236 4282 Omnis
1259 4225 1422 4280 homo
1445 4225 1665 4281 risibilis
1690 4236 1792 4281 est.

1045 4318 1232 4372 Nullus
1260 4317 1418 4370 homo
1446 4317 1662 4371 risibilis
1690 4326 1793 4370 est.

1053 4409 1277 4476 Quidam
1304 4410 1465 4464 homo
1494 4410 1712 4464 risibilis
1741 4418 1843 4464 est.

1044 4501 1273 4569 Quidam
1304 4501 1464 4556 homo
1490 4501 1706 4556 risibilis
1739 4517 1841 4558 non
1875 4509 1976 4556 est.

1049 4655 1232 4710 Omnis
1257 4655 1417 4711 homo
1443 4655 1576 4726 lapis
1603 4667 1704 4712 est.

1045 4746 1231 4802 Nullus
1261 4749 1420 4804 homo
1451 4749 1584 4816 lapis
1610 4760 1710 4804 εει.

1049 4843 1274 4906 Quidam
1305 4845 1464 4898 homo
1491 4844 1625 4911 lapis
1656 4852 1754 4899 εει.

1047 4932 1270 4998 Quidam
1298 4931 1460 4986 homo
1487 4932 1620 5001 lapis
1653 4948 1756 4987 non
1784 4942 1884 4987 est.

1051 5085 1238 5140 Omnis
1264 5083 1424 5138 homo
1445 5086 1621 5155 justus
1650 5095 1754 5140 εει.

1048 5178 1231 5231 Nullus
1261 5177 1420 5231 homo
1446 5178 1620 5246 justus
1647 5187 1749 5230 est.

1047 5270 1270 5337 Quidam
1302 5269 1462 5323 homo
1487 5269 1659 5335 justus
1689 5276 1787 5322 est.

1049 5361 1273 5430 Quidam
1308 5361 1463 5416 homo
1499 5359 1667 5419 iustus
1694 5374 1799 5415 non
1832 5369 1932 5415 est.

1049 5522 1234 5577 Omnis
1261 5523 1422 5577 homo
1449 5520 1827 5593 grammaticus
1854 5527 1955 5575 est.

1051 5615 1235 5668 Nullus
1266 5613 1428 5667 homo
1452 5613 1830 5682 grammaticus
1857 5617 1957 5664 est.

1047 5704 1269 5771 Quidam
1298 5705 1460 5758 homo
1484 5702 1861 5772 grammaticus
1889 5707 1992 5755 est.

1055 5793 1278 5858 Quidam
1315 5794 1472 5848 homo
1497 5793 1873 5862 grammaticus
1901 5804 2009 5848 non
2031 5796 2130 5845 est.

2319 2143 2556 2207 homine,
2590 2142 2673 2195 vel
2705 2140 2930 2203 minora,
2964 2147 3021 2191 ut
3063 2136 3438 2207 grammaticus
3485 2134 3720 2199 homine,
3753 2147 3896 2188 com-

2317 2237 2492 2292 munis
2523 2234 2906 2288 aflirmationes
2940 2231 3134 2286 veritas
3153 2229 3428 2284 obtinebit.
3449 2227 3567 2280 Alia
3599 2242 3726 2281 vero
3751 2241 3894 2295 qua-'2-

2316 2328 2442 2384 libet
2473 2327 2778 2397 praedicatio
2809 2339 2969 2377 unam
2996 2337 3197 2384 veram,
3239 2321 3452 2374 alteram
3485 2333 3697 2386 semper
3726 2317 3888 2372 faciet

2314 2435 2433 2477 esse
2461 2418 2792 2479 mendacem,
2823 2415 2916 2468 sed
2948 2427 3213 2482 nunquam
3243 2409 3593 2466 communiter
3616 2407 3879 2462 mentien-

2315 2520 2421 2566 tur.
2463 2509 2518 2562 in
2551 2504 2919 2576 negationibus
2960 2518 3086 2557 vero
3135 2500 3544 2571 particularibus
3577 2498 3664 2553 hic
3702 2497 3890 2554 modus

2316 2614 2418 2670 est,
2470 2611 2528 2656 ut
2576 2601 2688 2656 sive
2719 2614 2780 2654 ea
2820 2613 2938 2668 qua:
2977 2596 3167 2651 adesse
3221 2611 3326 2650 non
3377 2603 3623 2663 possunt,
3667 2601 3723 2646 ut
3761 2593 3892 2662 lapis

2315 2694 2540 2759 homini,
2574 2689 2692 2746 'sive
2741 2705 2860 2760 quae
2914 2695 3139 2757 possunt
3192 2700 3254 2740 ac
3314 2694 3565 2755 poterunt
3602 2685 3887 2755 segregari,

2316 2801 2436 2843 cum
2462 2795 2637 2840 tamen
2659 2797 2842 2838 eorum
2871 2780 3011 2835 aliud
3040 2779 3211 2848 majus
3233 2779 3326 2843 sit,
3351 2786 3408 2831 ut
3425 2777 3628 2849 justitia
3654 2777 3887 2844 homine,

2313 2878 2456 2933 aliud
2497 2877 2692 2940 minus,
2727 2883 2783 2928 ut
2819 2871 3195 2942 grammaticus
3222 2869 3460 2934 homine,
3513 2867 3886 2937 prmdicentur,

2313 2969 2514 3024 veritas
2545 2967 2785 3034 utrisque
2811 2961 3097 3017 constabit.
3121 2958 3384 3029 Quidquid
3428 2973 3556 3013 vero
3584 2960 3782 3027 absque
3809 2957 3887 3012 his

2314 3058 2707 3131 prmdicabitur,
2731 3055 3005 3108 veritatem
3039 3051 3150 3116 uni,
3175 3050 3326 3104 alteri
3353 3048 3554 3104 dividet
3581 3048 3882 3112 falsitatem,

2319 3151 2477 3208 simul
2508 3158 2686 3204 tamen
2720 3146 2880 3200 falsas
2907 3160 3024 3200 esse
3049 3158 3153 3197 non
3192 3143 3390 3196 evenit.
3434 3141 3559 3195 ltem
3602 3139 3887 3208 descriptio

2316 3249 2642 3314 supponatur
2673 3254 2790 3308 qua:
2819 3237 2996 3306 priore
3048 3242 3197 3305 parte
3236 3233 3562 3303 simplicibus
3591 3233 3883 3294 collocatis,

2316 3351 2408 3392 eas
2449 3348 2566 3403 quae
2595 3344 2852 3386 converso
2891 3326 3081 3381 ordine
3106 3324 3402 3394 subjectum
3440 3339 3558 3379 cum
3602 3322 3880 3393 negatione

2314 3433 2616 3499 proponunt
2654 3420 2918 3476 contraria
2948 3418 3120 3473 fronte
3147 3418 3451 3472 constituat.

2360 3630 2641 3684 Conversa:
2671 3625 2738 3679 de
2764 3621 3004 3690 subjecto
3034 3621 3255 3676 inﬁnito.

2234 3773 2405 3827 Omne
2426 3782 2533 3823 non
2561 3761 2756 3818 animal
2783 3761 2943 3814 homo
2969 3768 3072 3814 est.

2232 3862 2443 3918 Nullum
2474 3872 2585 3913 non
2615 3853 2810 3909 animal
2840 3851 3000 3906 homo
3026 3859 3126 3907 est.

2233 3956 2505 4028 Quoddam
2537 3967 2640 4007 non
2668 3948 2862 4004 animal
2889 3948 3050 4002 homo
3076 3956 3176 4003 est.

2237 4050 2514 4120 Quoddam
2542 4061 2648 4102 non
2677 4042 2873 4100 animal
2903 4045 3061 4098 homo
3091 4056 3196 4098 non
3223 4048 3322 4097 εει.

2227 4221 2398 4276 Omne
2429 4234 2533 4275 non
2562 4219 2766 4274 risibile
2797 4217 2960 4272 homo
2985 4225 3088 4272 est.

2226 4311 2439 4366 Nullum
2471 4325 2578 4364 non
2609 4310 2809 4363 risibile
2842 4309 3000 4362 homo
3025 4315 3126 4361 est.

2227 4405 2503 4474 Quoddam
2532 4419 2638 4457 non
2668 4403 2870 4456 risibile
2899 4402 3058 4455 homo
3087 4407 3184 4454 est.

2225 4495 2502 4565 Quoddam
2531 4510 2638 4550 non
2669 4494 2872 4549 risibile
2902 4493 3062 4548 homo
3092 4507 3194 4548 non
3222 4497 3320 4545 εει.

2219 4653 2405 4709 Omnis
2432 4668 2537 4709 non
2565 4653 2700 4723 lapis
2728 4653 2889 4709 homo
2916 4665 3018 4709 εει.

2221 4746 2408 4801 Nullus
2435 4761 2537 4801 non
2571 4747 2704 4817 lapis
2732 4748 2893 4802 homo
2922 4755 3027 4801 est.

2223 4841 2449 4908 Quidam
2481 4855 2587 4894 non
2621 4841 2752 4911 lapis
2782 4841 2940 4895 homo
2969 4847 3071 4895 εει.

2222 4929 2446 4996 Quidam
2481 4944 2585 4983 non
2617 4928 2752 4999 lapis
2779 4929 2938 4985 homo
2965 4943 3070 4984 non
3098 4930 3197 4982 εει.

2221 5085 2406 5139 Omnis
2434 5100 2540 5139 non
2566 5087 2741 5155 justus
2769 5088 2930 5141 homo
2961 5097 3061 5142 εει.

2226 5177 2412 5233 Nullus
2441 5192 2546 5231 non
2573 5177 2749 5245 justus
2773 5179 2932 5240 homo
2957 5187 3060 5233 est.

2220 5267 2445 5336 Quidam
2478 5283 2581 5321 non
2611 5267 2784 5338 justus
2812 5269 2973 5323 homo
3004 5278 3104 5322 est.

2223 5359 2448 5428 Quidam
2481 5375 2584 5414 nou
2613 5357 2790 5428 justus
2819 5359 2977 5413 homo
3007 5374 3109 5414 non
3137 5370 3237 5414 est.

2223 5518 2411 5574 Omnis
2440 5532 2543 5572 non
2576 5517 2952 5588 grammaticus
2984 5516 3145 5570 homo
3171 5524 3272 5572 est.

2228 5607 2413 5662 Nullus
2443 5623 2548 5662 non
2580 5608 2955 5676 grammaticus
2984 5606 3141 5660 homo
3176 5616 3274 5660 cst.

2224 5696 2449 5765 Quidam
2478 5712 2581 5752 non
2616 5697 2991 5767 grammaticus
3022 5696 3183 5752 homo
3214 5706 3315 5750 est.

2219 5789 2441 5873 Quidam
2472 5805 2576 5847 non
2608 5789 2984 5859 grammaticus
3012 5786 3175 5844 homo
3206 5803 3295 5844 nor
3339 5798 3439 5848 est.
