4296 6266
384 396 485 457 795

1477 382 1565 439 DE
1607 380 2039 440 SYLLOGISMO
2077 377 2525 436 CATEGORICO.

3535 375 3639 436 794
3700 396 3707 403 λ

386 509 647 581 Superius
675 508 834 578 igitur
863 505 1255 574 descriptarum
1283 498 1700 557 enuntiationum
1728 495 1960 550 afﬁrma-
1984 496 2038 557 Α
2063 493 2476 564 praedicationes
2493 492 2775 550 veritatem
2816 493 3271 566 propositionibus
3289 493 3641 550 falsitatemve

391 605 565 659 tiones
596 599 811 671 quidem
845 597 1176 653 universales
1195 636 1207 658 ,
1241 593 1285 647 si
1324 607 1385 647 ea
1410 592 1474 645 de
1503 589 1743 658 subjecto
1766 586 1956 657 praedi-

386 705 573 752 centur
587 693 786 764 quaeab
803 707 867 747 eo
889 702 1162 759 nunquam
1184 685 1391 740 valeant
1409 680 1671 746 amoveri,
1691 680 1803 733 sive
1825 678 1954 732 illud

384 788 557 857 majus
588 788 678 851 sit,
708 793 765 839 ut
790 782 982 837 animal
1012 780 1255 841 homine,
1290 791 1385 831 seu
1411 773 1633 843 aequale,
1664 780 1721 825 ut
1755 768 1955 824 risibile

385 878 623 945 homini,
664 891 758 932 seu
805 876 909 928 tale
951 870 1091 942 quod
1136 868 1381 939 subjecto
1411 866 1556 921 nullo
1585 864 1745 918 modo
1791 862 1957 933 possit

386 970 686 1038 obtingere,
735 975 791 1020 ut
836 966 969 1034 lapis
1014 961 1253 1025 homini,
1296 959 1389 1013 uni
1431 958 1707 1013 veritatem
1750 956 1956 1024 distiar-

384 1063 544 1125 tient,
570 1060 722 1114 alteri
756 1057 1060 1113 falsitatem.
1088 1057 1158 1110 At
1180 1054 1225 1109 si
1250 1052 1390 1122 quod
1421 1051 1621 1121 absque
1653 1050 1738 1106 his
1765 1050 1957 1121 prccdi-

384 1153 605 1216 rabitur,
641 1160 891 1221 utrasque
921 1150 1127 1204 falsitas
1156 1147 1443 1211 obtinebit,
1467 1146 1744 1200 communi
1776 1154 1954 1200 autem

381 1244 804 1317 propositionum
832 1243 1043 1297 veritati
1082 1244 1234 1297 locus
1263 1256 1385 1296 esse
1414 1255 1521 1295 non
1552 1239 1767 1308 poterit.
1801 1241 1869 1294 At
1900 1241 1956 1317 in

385 1315 759 1407 negationihus
807 1335 1022 1405 quidem
1067 1333 1383 1388 universalia
1426 1340 1479 1387 et
1521 1332 1723 1401 majora
1766 1315 1958 1400 praedi;

382 1439 589 1494 centur,
634 1444 729 1483 seu
759 1443 822 1483 ea
854 1443 971 1496 quae
996 1428 1301 1495 relinquere
1326 1425 1627 1492 subjectum
1655 1432 1953 1492 nequeant,

380 1530 441 1578 ut
461 1520 654 1575 animal
686 1521 982 1584 hominem,
1018 1533 1113 1573 seu
1142 1534 1259 1587 quze
1289 1518 1518 1587 possint,
1552 1525 1610 1569 ut
1637 1516 1839 1584 justitia
1862 1515 1956 1569 ho-

382 1613 611 1680 mjnem,
657 1612 896 1681 utrisque
939 1611 1145 1666 falsitas
1191 1610 1493 1666 inhaerebit.
1541 1608 1661 1663 Alia
1709 1609 1958 1679 qutelibet

382 1704 791 1776 prmdicamenta
821 1719 978 1757 unam
1011 1717 1190 1758 veram
1219 1701 1451 1769 faciunt,
1482 1701 1700 1756 alteram
1732 1700 1951 1768 falsam,

2060 582 2391 637 distribuunt
2436 582 2490 637 in
2536 597 2821 639 commune
2862 586 3300 655 participantihus
3330 585 3643 642 falsitatem.

2060 673 2424 729 Particulares
2448 688 2576 729 vero
2603 675 2945 742 negationes,
2974 675 3234 745 siquidem
3258 690 3321 731 ea
3351 676 3641 746 praedicent
3714 742 3722 748 ,

2060 781 2180 836 quae
2213 768 2421 834 possint
2442 780 2472 817 a
2496 765 2739 834 subjecto
2762 768 3031 835 separari,
3059 769 3171 823 sive
3194 767 3319 823 iltud
3348 770 3518 837 majus
3542 770 3635 835 sit,

2063 866 2121 910 ut
2145 856 2349 925 justitia
2386 854 2636 920 homine,
2669 872 2762 910 seu
2795 856 3001 922 minus,
3036 867 3091 909 ut
3120 860 3497 927 grammaticus
3535 858 3638 913 ho-

2061 948 2207 1004 mine
2225 990 2238 1014 ,
2272 962 2424 1002 veras
2450 957 2706 1017 utrasque
2734 961 2856 1003 esse
2883 962 3104 1003 necesse
3132 960 3231 1003 est.
3264 950 3321 1005 Si
3356 951 3482 1020 qu'd
3510 967 3642 1010 vero

2058 1050 2212 1097 extra
2242 1038 2640 1107 medicabitur,
2671 1040 2759 1094 uni
2794 1048 3006 1108 oportet
3033 1056 3241 1106 verum,
3270 1043 3421 1096 alteri
3451 1044 3640 1101 adesse

2060 1136 2420 1201 mendacium,
2456 1147 2511 1191 ut
2539 1138 2696 1191 simul
2721 1136 2871 1192 falsae
2899 1146 3166 1207 nequeant
3196 1136 3442 1191 inveniri.
3470 1140 3644 1209 Atque

2059 1227 2174 1282 haec
2203 1228 2415 1296 quidem
2443 1230 2507 1282 de
2534 1230 2616 1283 his
2643 1228 3097 1299 propositionibus
3134 1243 3254 1299 quae
3297 1242 3417 1282 cum
3461 1228 3641 1283 deter-

2058 1318 2348 1373 minatione
2398 1319 2736 1388 proferuntur
2765 1320 2903 1375 dicta
2948 1329 3094 1375 sunt.
3142 1321 3271 1386 Qua:
3313 1335 3443 1374 vero
3490 1318 3643 1375 inde-

2058 1410 2222 1465 flnita:
2270 1420 2428 1476 sunt,
2480 1412 2728 1480 quoniam
2782 1412 3184 1481 particularium
3232 1410 3644 1480 pr0prietatibus

2058 1502 2423 1572 adsequantur,
2456 1503 2642 1559 eadem
2684 1504 2862 1557 omnia
2894 1512 3213 1571 comparata:
3244 1502 3641 1557 universalibus

2068 1594 2388 1649 obtinebunt
2435 1609 2552 1662 quae
2596 1594 2647 1647 in
2696 1594 2973 1659 superiore
3015 1592 3375 1661 descriptione
3404 1592 3640 1662 particu-

2058 1683 2246 1739 lariutn
2278 1684 2698 1753 propositionum
2728 1681 2860 1736 ordo
2902 1681 3153 1735 servavit.
3199 1680 3479 1736 Restarenl
3514 1683 3641 1738 sub-

382 1795 453 1851 ita
492 1804 548 1849 ut
577 1795 876 1849 communis
906 1803 1143 1862 utraeque
1184 1795 1423 1865 veritatis
1453 1809 1560 1848 non
1601 1794 1807 1863 possint
1835 1809 1953 1849 esse
2054 1774 2074 1844 ἱ

1944 1811 1953 1849 ,
2054 1774 2313 1844 jectorum
2343 1774 2689 1843 singularium
2720 1773 3133 1843 propositiones,
3168 1772 3236 1827 de
3261 1773 3476 1842 quibus,
3507 1788 3640 1844 quo-

383 1887 691 1957 participes.
722 1887 790 1938 At
829 1884 881 1938 in
922 1883 1328 1951 particularibus
1368 1864 1811 1939 affirmationibus
1838 1886 1959 1954 qui-
1988 1868 2035 1931 Β
2064 1882 2079 1920 ¹

1944 1916 1959 1928 ,
1988 1868 2035 1931 Β
2064 1866 2203 1920 niam
2248 1876 2302 1921 et
2342 1866 2577 1937 longum
2608 1875 2690 1921 est
2718 1866 2919 1936 dicere,
2956 1874 3012 1922 et
3042 1864 3175 1920 nihil
3205 1864 3271 1919 ad
3312 1867 3490 1935 operis
3521 1881 3640 1936 pro-

380 1978 501 2033 dem
522 2020 535 2043 ,
571 1976 830 2043 siquidem
855 1974 1055 2041 majora
1079 1974 1145 2027 de
1167 1973 1411 2042 subjecto
1436 1974 1810 2042 prmdicentur,
1836 1992 1956 2046 qua:

381 2071 462 2124 vel
516 2081 782 2135 nunquam
834 2064 1061 2133 subjecti
1114 2065 1488 2132 conjunctione
1542 2065 1845 2132 discedant,
1899 2077 1958 2122 ut

383 2160 578 2217 animal
609 2158 844 2221 homine,
877 2156 957 2210 vel
990 2156 1148 2210 etiam
1180 2165 1547 2226 segregentur,
1582 2165 1639 2210 ut
1662 2156 1863 2224 justitia
1889 2159 1956 2212 ab

385 2251 623 2312 homine,
649 2246 990 2317 respondebit
1012 2257 1232 2316 utraque
1255 2247 1565 2312 veritatem;
1591 2258 1799 2302 caetera:
1825 2262 1950 2303 vero

2058 1959 2214 2029 positi
2245 1958 2396 2013 affert
2427 1960 2707 2013 utilitatetu
2732 2001 2745 2023 ,
2779 1968 2834 2014 et
2875 1960 2978 2014 sibi
3011 1959 3123 2027 ipse
3165 1956 3414 2028 exemplo
3452 1974 3635 2013 earum

2056 2064 2189 2119 quas
2220 2050 2463 2118 superius
2512 2051 2886 2120 proposuimus
2930 2049 3144 2105 easdem
3178 2049 3346 2105 lector
3374 2051 3628 2115 inveniet,

2062 2142 2493 2217 praetereundum
2524 2142 2751 2199 videtur.

380 2360 3635 2394 ww

730 2572 731 2575 χ
1070 2481 1332 2587 ΑΝ.
1382 2472 1889 2587 MANL.
1977 2481 2361 2629 SEV.
2418 2483 2941 2589 BOETII

642 2699 879 2821 DE
935 2692 2127 2826 SYLLOGISMO
2197 2692 3364 2831 CATEGORICO

1462 3034 1467 3039 ἢ
1726 2917 1990 2996 LIBRI
2049 2917 2291 2996 DUO.

1486 3130 1489 3133 ‘
1529 3057 2464 3242 LIBEMUS.

1851 3312 2145 3332 .-——-‘

446 3391 605 3449 Multa
637 3390 807 3447 Graeci
832 3396 1040 3445 veteres
1061 3366 1288 3459 posteris
1316 3386 1425 3443 suis
1454 3389 1507 3443 in
1532 3391 1943 3447 consultissimis
1973 3392 2020 3457 C
2052 3391 2330 3447 subtiliore
2374 3392 2692 3459 pertractata
2738 3385 2944 3443 ratione
2975 3358 3286 3458 dijudicent.
3323 3387 3391 3443 Et
3430 3388 3481 3443 hi
3511 3388 3623 3460 qui.

378 3482 639 3554 reliquere
678 3483 1017 3547 tractatibus,
1061 3481 1111 3536 in
1161 3480 1351 3550 quibus
1397 3481 1701 3550 priusquam
1753 3482 1817 3536 ad
1862 3497 1947 3537 res

378 3575 536 3631 densa
562 3575 853 3645 caligantes
880 3573 1207 3629 obscuritate
1234 3572 1503 3635 venirent,
1534 3574 1686 3642 quasi
1715 3574 1942 3644 quadam

375 3671 738 3742 intelligentia:
766 3668 1059 3725 luctatione
1088 3667 1391 3737 praeludunt
1424 3684 1436 3718 :
1484 3666 1607 3722 hinc
1651 3683 1745 3736 per
1780 3668 1947 3726 intru-

375 3761 676 3818 ductidnem
718 3770 804 3835 est
844 3759 1048 3814 facilior
1093 3756 1491 3827 discibiliorque
1521 3757 1790 3822 doctrina,
1824 3758 1949 3811 hinc

373 3863 469 3922 per
511 3867 575 3907 ea
623 3866 741 3920 quae
788 3850 862 3904 illi
908 3850 1250 3924 προλεγόμινα
1300 3856 1513 3913 vocant,
1562 3864 1658 3903 nos
1698 3849 1946 3918 praedicta

373 3943 459 3997 vel
497 3940 836 4010 praedicenda
875 3954 1158 4019 possumus
1199 3940 1415 4004 dicere,
1446 3939 1510 3993 ad
1540 3939 1944 4009 intelligentiam
1980 3960 1983 3961 ν

374 4033 679 4102 promptior
725 4031 807 4085 via
857 4030 1302 4085 munitur.llanc
1350 4032 1510 4100 igitur
1557 4030 1943 4098 providentiam

374 4136 480 4179 non
537 4137 759 4189 exosus,
814 4125 974 4177 statui
1028 4137 1124 4191 ego
1172 4137 1381 4193 quoque
1432 4124 1483 4177 in
1539 4136 1627 4176 res
1678 4120 1945 4176 obscuris-

372 4214 534 4269 simas
560 4215 788 4284 aliquem
818 4214 1212 4285 quodammodo
1233 4223 1448 4284 pontem
1479 4229 1710 4283 ponere,
1742 4212 1944 4287 medio-

372 4304 536 4359 criter
563 4305 795 4375 quidque
815 4305 1079 4370 delibans,
1105 4305 1175 4359 ita
1203 4314 1258 4359 ut
1284 4307 1329 4359 si
1354 4305 1479 4374 quid
1504 4305 1721 4360 brevius
1746 4304 1943 4359 dictum

373 4403 474 4459 sit,
506 4394 561 4448 id
591 4409 689 4448 nos
727 4394 979 4450 dilatione
1018 4395 1084 4449 ad
1124 4394 1529 4464 intelligentiam
1570 4396 1942 4463 porrigamus;

372 4486 417 4539 si
442 4485 566 4552 quid
596 4501 693 4540 suo
718 4502 868 4542 more
894 4488 1209 4543 Aristoteles
1253 4489 1526 4542 nominum
1560 4488 1951 4556 verborumque

372 4576 669 4630 mutatione
697 4578 957 4646 turbavit,
992 4593 1089 4633 nos
1137 4578 1503 4648 intelligentiae
1548 4579 1842 4632 servientes
1880 4576 1944 4631 ad

371 4678 684 4724 consuetum
731 4671 1045 4726 vocabulum
1093 4672 1450 4735 reducamus;
1486 4669 1532 4724 si
1576 4669 1700 4739 quid
1736 4682 1865 4723 vero
1892 4675 1951 4722 ut

2055 3485 2178 3540 dem
2235 3486 2331 3538 sic.
2383 3482 2491 3537 Nos
2551 3480 2716 3546 enim,
2761 3488 2821 3534 ut
2874 3481 3125 3546 arbitror,
3170 3480 3477 3537 suifecimus
3542 3494 3635 3539 eos

2056 3575 2512 3639 commentarios,
2571 3573 2639 3628 de
2694 3571 2886 3642 quibus
2940 3572 3054 3627 hate
3110 3586 3207 3627 nos
3273 3572 3630 3642 protulimus,

2055 3666 2336 3737 degustent
2384 3662 2580 3718 blando
2627 3662 2854 3718 fortasse
2897 3677 3089 3733 sapore
3134 3663 3445 3717 subtilitatis
3489 3662 3635 3719 elici-

2055 3761 2122 3825 ti,
2157 3760 2402 3830 quamvis
2444 3756 2668 3813 infrenis
2694 3766 2749 3819 et
2777 3756 3022 3811 indomiti
3062 3766 3332 3811 creatures
3369 3757 3476 3811 sint
3500 3797 3516 3823 ,
3552 3766 3633 3810 ta-

2052 3865 2174 3904 men
2221 3860 2460 3903 vcterum
2513 3849 2747 3902 virorum
2799 3847 3296 3915 inexpugnabilibus
3341 3846 3630 3902 auctorita-

2053 3941 2195 3994 tibus
2226 3940 2598 4009 acquiescent;
2628 3943 2646 3961 ‘
2677 3939 2722 3991 si
2780 3938 2900 4006 quis
2952 3952 3078 3990 vero
3131 3935 3328 3993 Graecae
3374 3938 3633 3992 orationis

2054 4044 2247 4097 expers
2294 4036 2406 4094 est,
2454 4030 2505 4081 in
2538 4027 2646 4091 his,
2690 4025 2773 4080 vel
2821 4026 2864 4079 si
2896 4040 2998 4093 qua
3044 4026 3268 4078 aliorum
3324 4037 3446 4080 sunt
3488 4027 3633 4081 sitni-

2053 4118 2149 4184 lia,
2173 4116 2475 4173 desudabit.
2502 4116 2681 4186 Itaque
2711 4113 2826 4169 hme
2852 4113 3008 4182 hujus
3040 4113 3285 4182 prommii
3320 4112 3407 4168 lex
3434 4112 3557 4179 erit,
3577 4123 3632 4169 ut

2055 4212 2229 4266 forum
2277 4218 2519 4265 nostrum
2567 4221 2726 4262 nemo
2785 4221 2889 4261 non
2939 4204 3335 4269 intellecturus,
3376 4214 3430 4259 et
3470 4205 3539 4259 ob
3575 4203 3627 4258 id

2053 4303 2361 4372 culpaturus
2391 4300 2659 4370 inspiciat.
2705 4298 2812 4355 Sed
2842 4312 2909 4353 ne
2938 4297 3211 4368 prooemiis
3240 4295 3375 4352 nihil
3402 4295 3632 4353 afferen-

2054 4396 2197 4449 tibus
2244 4403 2457 4462 tempus
2505 4400 2743 4457 teratur,
2794 4390 3153 4447 inchoandum
3205 4389 3358 4445 nobis
3414 4397 3500 4445 est
3542 4389 3634 4445 illo

2051 4488 2201 4558 prius
2230 4488 2459 4557 depulso
2492 4486 2759 4556 periculo,
2792 4500 2860 4539 ne
2897 4500 2927 4540 a
2966 4499 3231 4555 quoquam
3272 4482 3471 4539 sterilis
3518 4484 3634 4539 cul-

2052 4593 2207 4652 petur
2248 4582 2449 4637 oratio.
2499 4581 2615 4635 Non
2655 4580 2797 4633 enim
2830 4578 3148 4647 eloquentia:
3197 4578 3634 4647 compositiones,

2052 4672 2144 4728 sed
2173 4670 2449 4743 planitiem
2480 4678 2885 4725 consectamur:
2918 4683 3022 4737 qua
3050 4667 3109 4739 in
3146 4681 3207 4723 re
3241 4666 3286 4721 si
3330 4666 3433 4722 hoc
3467 4667 3636 4723 efﬁci-

371 4759 436 4813 ad
467 4760 652 4815 doctos
691 4762 930 4816 scribens
958 4775 1168 4816 summa
1214 4768 1419 4815 tantum
1448 4767 1673 4829 tangens
1703 4759 1948 4827 designa—
1975 4756 2028 4817 D
2052 4777 2194 4831 mus,
2227 4761 2813 4832 quamlibetincompte
2842 4760 3145 4829 loquentes,
3177 4759 3401 4814 intentio
3429 4770 3636 4829 quoque

371 4853 515 4907 tione
541 4854 883 4922 monStravit,
915 4872 1013 4911 nos
1054 4856 1105 4909 id
1135 4854 1549 4910 introductionis
1580 4854 1740 4909 modo
1769 4853 1943 4924 aliqua

371 4943 422 4997 in
469 4959 559 4998 eas
599 4961 685 5000 res
734 4949 1052 5003 tractatione
1097 4947 1356 5016 diSpOSita
1407 4944 1803 5018 perquiramus."
1843 4946 1948 5001 Sed

368 5034 414 5088 si
462 5035 549 5103 qui
596 5036 662 5090 ad
708 5037 809 5092 hoc
848 5053 981 5107 Opus
1020 5040 1301 5110 legendum
1352 5041 1716 5105 a'cesserint,
1760 5038 1826 5094 ab
1865 5038 1948 5093 his

368 5128 589 5195 Ρθῑίῑυιη
654 5130 722 5183 sit
783 5146 850 5184 ne
910 5132 963 5185 in
1032 5131 1117 5185 his
1178 5148 1296 5202 quae
1357 5148 1625 5200 nunquam
1681 5131 1951 5201 attigerint

368 5218 543 5272 statim
586 5219 819 5275 audeant
853 5220 1099 5289 judicare
1127 5241 1141 5285 ;
1173 5238 1304 5279 neve
1346 5224 1389 5277 si
1421 5223 1544 5293 quid
1576 5222 1628 5277 in
1655 5221 1950 5292 puerilibus

366 5307 663 5380 disciplinis
716 5315 1056 5385 acceperint,
1109 5316 1169 5370 id
1225 5327 1620 5373 sacrosanctum
1683 5315 1944 5384 judicent,

364 5402 805 5472 quandoquidem
857 5420 946 5460 res
998 5408 1201 5461 teneris
1252 5406 1469 5461 auribus
1519 5407 1950 5461 accommodatas

362 5505 511 5558 smpe
561 5492 915 5563 philosophia:
967 5496 1208 5553 severior
1258 5505 1513 5551 tractatus
1576 5497 1833 5551 eliminat.
1893 5496 1950 5551 Si

362 5581 495 5652 quid
545 5597 673 5639 vero
720 5586 773 5641 in
821 5587 903 5640 his
950 5594 1056 5643 non
1100 5589 1386 5655 videbitur,
1424 5605 1490 5645 ne
1534 5592 1711 5645 statim
1745 5590 1951 5647 obstre-

365 5681 528 5746 pant,
579 5675 707 5744 sed,
753 5678 962 5734 ratione
1004 5685 1286 5747 consulta,
1336 5682 1459 5752 quid
1493 5683 1591 5751 ipsi
1637 5684 1944 5753 opinentur,

2059 4862 2246 4909 nostra
2273 4852 2431 4907 nobis
2462 4849 2698 4921 perfecta
2726 4858 2828 4905 est.
2888 4850 2997 4905 Sed
3023 4850 3277 4921 quoniam
3302 4847 3636 4921 syllogismo-

2057 4960 2175 5000 rum
2238 4951 2509 4999 structura
2565 4941 2719 4998 nobis
2775 4950 2859 4997 est
2919 4943 3022 4997 hoc
3079 4956 3245 5012 opere
3298 4939 3634 5011 explicanda,

2055 5036 2381 5107 syllogismis
2422 5044 2599 5090 autem
2630 5033 2775 5103 prior
2813 5042 2897 5088 est
2929 5033 3242 5104 propositio,
3285 5031 3353 5087 de
3394 5029 3635 5100 proposi-

2060 5128 2301 5184 tionibus
2332 5128 2435 5183 hoe
2462 5127 2643 5183 libello
2674 5134 2933 5181 tractatus
2961 5126 3260 5181 habebitur.
3291 5123 3360 5178 Et
3386 5120 3633 5193 quoniam
3684 5172 3690 5183 ,

2060 5222 2442 5292 propositionis
2488 5230 2668 5290 partes
2721 5227 2847 5274 sunt
2884 5232 3078 5274 nomen
3131 5226 3184 5272 et
3226 5216 3479 5282 verbum,
3510 5227 3636 5285 pars

1999 5354 2011 5365 .
2058 5323 2236 5369 autem
2276 5315 2345 5369 ab
2379 5328 2446 5368 eo
2486 5314 2636 5382 cujus
2666 5327 2790 5383 pars
2833 5318 2919 5366 est
2970 5311 3117 5380 prior
3160 5316 3263 5374 est,
3307 5309 3376 5363 de
3417 5307 3633 5363 nomine

2056 5408 2111 5462 et
2136 5405 2320 5472 verbo,
2347 5420 2464 5473 qua:
2491 5406 2663 5475 prima
2693 5412 2837 5469 sunt,
2862 5400 3155 5472 disputatio
3184 5400 3351 5469 prima
3383 5406 3632 5469 ponatur.

2052 5498 2259 5555 Nomen
2302 5505 2386 5552 est
2420 5511 2521 5550 vox
2561 5495 2890 5565 designativa
2934 5493 3001 5547 ad
3043 5491 3296 5563 placitum
3339 5490 3457 5547 sine
3498 5498 3634 5545 tem-

2052 5606 2205 5662 pore,
2247 5590 2398 5658 cujus
2441 5589 2583 5643 nulla
2625 5603 2747 5658 pars
2792 5595 2943 5642 extra
2988 5583 3318 5654 designativa
3363 5592 3474 5648 est;
3526 5594 3631 5639 vox

2053 5694 2236 5739 autem
2289 5682 2489 5735 dictum
2538 5690 2641 5742 est,
2697 5678 2819 5748 quia
2872 5692 2975 5733 vox
3006 5677 3279 5733 nominum
3323 5691 3491 5747 genus
3526 5682 3611 5730 est

364 5762 565 5841 quidve
611 5785 711 5826 nos
762 5770 1048 5844 ponimus,
1101 5774 1312 5835 veriore
1358 5775 1556 5830 mentis
1603 5776 1847 5831 acumine
1899 5784 1953 5831 et
2054 5776 2241 5831 Omnis
2270 5780 2446 5828 autem
2476 5770 2728 5827 diftinitio
2755 5784 2783 5826 a
2813 5785 3012 5842 genere
3039 5769 3265 5827 trahitur
3317 5776 3374 5825 ut
3401 5770 3449 5827 si
3488 5765 3620 5827 diti-

437 5885 673 5948 ⁸Νοε....
704 5888 1044 5961 acquiesrent.
1072 5890 1284 5948 Plirasis
1318 5890 1552 5985 turbata,
1580 5892 1667 5948 vel
1708 5890 1867 5949 etiam
1900 5904 2085 5947 manca
2116 5887 2345 5943 videtur.
