4296 6266
387 293 490 352 797

1480 287 1569 342 DE
1606 285 2039 342 SYLLOGISMO
2082 285 2533 342 CATEGORICO.

3464 268 3475 280 ’
3548 293 3650 376 79s

355 400 492 461 'non
524 413 766 476 possunt,
798 417 918 474 quae
959 419 989 458 a
1035 402 1393 472 grammaticis
1443 409 1752 468 monoptota
1792 404 1968 454 nomi-
1997 401 2033 459 Α

2091 411 2292 452 nanlttr.
2329 403 2472 468 Quos
2509 401 2796 460 difflnimus
2836 404 2922 459 sic
2955 420 2968 458 :
3005 403 3248 461 Termini
3297 416 3422 465 sunt
3471 419 3651 480 partes

393 509 608 564 nantur,
670 497 763 552 sed
817 496 920 549 hoc
968 495 1328 564 grammatica:
1384 493 1550 560 magis
1605 505 1759 559 quam
1813 491 1970 558 hujus

396 589 837 646 considerationis
883 599 984 642 εει.
1029 588 1210 642 Oratio
1258 595 1340 641 est
1387 601 1488 639 vox
1539 585 1864 653 designativa
1903 584 1970 637 ad

395 684 669 752 placitum,
701 682 853 750 cujus
900 687 1075 748 partes
1111 675 1311 745 aliquid
1347 685 1503 729 extra
1545 673 1867 741 signiﬁcant,
1913 681 1972 728 ut

395 772 580 834 dictio,
624 785 727 824 non
771 781 824 824 ut
853 767 1155 822 afﬁrmatio.
1204 764 1269 820 Ει
1295 755 1392 818 εει
1415 763 1643 818 orationi
1690 777 1974 817 commune

395 877 516 914 cum
549 862 761 914 nomine
804 867 858 913 et
893 857 1056 912 verbo
1086 855 1227 924 quod
1256 869 1357 909 vox
1385 863 1497 920 est,
1536 861 1591 908 et
1619 853 1972 923 designativa,

396 965 447 1010 et
476 955 540 1006 ad
576 953 851 1022 placitum.
889 949 1050 1018 Cujus
1076 950 1218 1003 enim
1252 956 1429 1016 partes
1453 947 1518 1001 ad
1545 947 1794 1015 placitum
1826 956 1971 1015 sunt,

398 1060 457 1098 ea
505 1057 712 1112 quoque
758 1043 872 1112 ipsa
922 1041 988 1096 ad
1034 1041 1283 1107 placitum
1330 1049 1432 1094 est.
1485 1039 1752 1094 Orationis
1795 1048 1973 1094 autem

399 1144 578 1204 partes
604 1143 727 1188 sunt
755 1147 950 1189 nomen
977 1143 1030 1188 et
1053 1133 1295 1201 verbum.
1331 1131 1436 1185 Sed
1468 1131 1581 1186 hare
1607 1131 1670 1185 ad
1698 1132 1975 1200 placitum,

399 1229 570 1283 oratio
603 1226 761 1296 igitur
785 1226 853 1280 ad
882 1225 1132 1294 placitum
1163 1233 1264 1279 est.
1298 1222 1533 1279 Termini
1562 1238 1688 1276 vero
1717 1223 1978 1276 orationis

401 1335 430 1374 a
456 1320 748 1375 dialecticis
779 1315 1127 1372 nominantur
1156 1317 1370 1368 nomina
1423 1325 1474 1368 et
1502 1313 1684 1369 verba.
1739 1313 1980 1368 Termini

401 1425 529 1466 vero
569 1410 693 1465 dicti
720 1417 867 1475 sunt,
924 1405 1066 1475 quod
1114 1420 1282 1474 usque
1329 1405 1396 1458 ad
1422 1403 1646 1458 verbum
1692 1412 1745 1458 et
1786 1419 1982 1461 nomen

405 1501 662 1558 resolutio
706 1500 935 1570 partium
980 1497 1241 1552 orationis
1269 1497 1380 1563 ﬁat,
1422 1510 1488 1551 ne
1525 1497 1644 1563 quis
1685 1496 1982 1549 orationem

406 1607 575 1661 usque
635 1590 701 1645 ad
750 1590 981 1660 syllabas
1023 1589 1296 1641 nominum
1345 1588 1424 1640 vel
1477 1585 1759 1640 verborum
1815 1594 1986 1640 tentet

407 1684 698 1747 resolvere,
744 1697 863 1753 qua:
907 1683 1018 1750 jam
1067 1679 1412 1748 designativa:
1454 1693 1557 1732 non
1602 1687 1747 1733 sunt.
1814 1678 1986 1732 Distat

2080 490 2342 557 simplicis
2372 494 2754 560 propositionis
2783 497 2836 550 in
2874 497 3068 566 quibus
3107 498 3361 555 dividitur
3389 479 3652 572 principa-
3709 479 3718 522 έ

2082 583 2206 636 liter
2261 584 2576 652 propositio.
2638 586 2731 640 Est
2783 587 2924 642 enim
2974 590 3230 658 simplicis
3275 596 3653 662 propositionis

2086 673 2405 728 universalis
2448 673 2680 728 secunda
2720 676 2942 742 divisio,
2976 688 3034 732 ut
3059 679 3128 734 sit
3175 681 3226 735 in
3259 685 3649 751 propositione,

2081 764 2258 819 omnis
2281 763 2442 818 homo
2468 765 2662 818 animal
2696 777 2799 834 est,
2827 768 3000 822 omnis
3030 769 3190 823 homo
3209 788 3343 825 unus
3361 778 3649 837 terminus,

2082 855 2218 908 alius
2252 869 2400 919 vero,
2440 855 2638 908 animal
2667 865 2771 909 est.
2808 856 2912 911 Sed
2945 857 3046 911 hoc
3087 862 3318 914 secundo
3349 863 3494 928 loco,
3529 865 3656 918 illud

2083 963 2212 1002 vero
2235 949 2623 1018 principaliter.
2650 949 2780 1003 Nam
2808 948 2962 1017 primi
2989 950 3196 1004 termini
3219 963 3342 1006 sunt
3360 955 3654 1022 subjectum

2083 1053 2138 1095 et
2168 1041 2542 1109 praedicatum.
2578 1041 2670 1094 Est
2711 1042 2852 1095 enim
2879 1052 2931 1096 et
2960 1056 3066 1096 non
3094 1051 3198 1106 est,
3224 1059 3328 1096 non
3359 1048 3522 1113 magis
3554 1059 3660 1102 ter-

2085 1133 2215 1186 mini
2239 1141 2362 1186 sunt
2389 1147 2550 1202 quam
2574 1133 2944 1187 aflirmationis
2971 1134 3053 1188 vel
3085 1136 3382 1203 negationis
3413 1137 3657 1205 designa-

2091 1229 2196 1279 tiva
2224 1237 2367 1291 sunt,
2403 1237 2454 1282 et
2485 1227 2660 1280 omnis
2686 1227 2767 1280 vel
2800 1226 2974 1280 nullus
3004 1227 3083 1281 vel
3116 1228 3310 1298 aliquis
3351 1244 3454 1282 non
3496 1232 3660 1300 magis

2089 1326 2210 1370 sunt
2235 1317 2445 1370 termini
2470 1332 2625 1386 quam
2652 1316 3052 1382 difﬁnitionum,
3075 1330 3248 1373 utrum
3274 1321 3661 1388 particulariter

2088 1423 2155 1460 an
2190 1408 2564 1462 universaliter
2604 1409 2802 1463 dictum
2835 1411 2901 1462 sit
2923 1452 2937 1474 ,
2969 1410 3296 1478 designativa
3340 1421 3480 1466 sunt.
3515 1413 3658 1470 Divi-

2098 1499 2238 1551 ditur
2265 1514 2414 1567 ergo,
2445 1499 2712 1553 utdictum
2741 1508 2841 1564 est,
2872 1500 3162 1569 prepositio
3193 1502 3245 1555 in
3276 1502 3327 1555 id
3357 1505 3494 1571 quod
3533 1505 3659 1559 sub-

2085 1586 2286 1656 jectum
2319 1599 2428 1653 est,
2469 1598 2524 1641 et
2572 1590 2624 1641 in
2663 1588 2713 1642 id
2746 1589 2885 1657 quod
2933 1591 3274 1658 praedicatur.
3316 1593 3444 1648 Dico
3487 1607 3660 1651 autem

2095 1679 2415 1748 subjectum,
2445 1689 2498 1732 ut
2523 1680 2572 1731 in
2602 1681 2774 1732 omnis
2802 1680 2960 1734 homo
2987 1681 3181 1734 animal
3203 1691 3285 1735 est
3306 1685 3663 1750 propositione

407 1784 584 1829 autem
618 1787 649 1826 ει
679 1773 895 1826 nomine
925 1771 1007 1824 vel
1049 1770 1217 1824 verbo
1264 1769 1432 1821 oratio
1462 1768 1600 1836 quod
1633 1769 1772 1822 illius
1803 1779 1982 1836 partes
2015 1755 2064 1817 Β
2099 1774 2368 1826 hominem
2394 1811 2409 1836 ,
2445 1771 2496 1824 id
2523 1786 2649 1825 vero
2680 1771 2819 1839 quod
2854 1771 3175 1842 praedicatur
3202 1772 3322 1826 dico
3348 1776 3540 1829 animal
3563 1814 3578 1839 ,
3615 1785 3664 1833 el

407 1873 556 1921 extra
582 1861 909 1932 signiﬁcant,
950 1859 1097 1913 verbi
1137 1867 1190 1911 et
1218 1858 1448 1912 nominis
1477 1868 1652 1926 partes
1683 1859 1813 1913 nihil
1840 1869 1988 1913 extra

408 1956 710 2025 designant.
744 1953 839 2007 Est
866 1961 1044 2007 autem
1084 1949 1248 2005 dictio
1292 1951 1450 2004 unius
1494 1951 1716 2019 simplex
1749 1949 1993 2005 vocabuli

411 2046 757 2116 nuncupatio,
824 2045 902 2099 vel
951 2043 1178 2111 simplex
1248 2040 1552 2097 afﬁrmatio.
1631 2044 1803 2110 Atque
1872 2042 1992 2096 ideo

412 2137 611 2193 dictum
642 2145 724 2191 est
749 2134 1007 2190 orationis
1037 2143 1214 2200 partes
1242 2133 1548 2202 signiﬁcare
1587 2142 1643 2186 ut
1682 2133 1990 2198 dictionem,

412 2227 467 2285 id
497 2236 579 2283 est
608 2235 663 2282 ut
692 2227 946 2296 simplicis
974 2225 1214 2280 vocabuli
1247 2224 1722 2291 nuncupationem.
1774 2223 1829 2277 ln
1873 2237 1994 2276 ora-

413 2322 560 2377 tione
589 2317 753 2384 enim,
785 2317 1036 2374 Socrates
1063 2311 1339 2383 ambulat,‘
1364 2327 1590 2383 utraque
1633 2324 1782 2370 extra
1831 2316 1994 2385 signi-

414 2411 540 2467 ﬁcat
575 2419 778 2465 tantum
820 2418 1077 2479 quantum
1122 2408 1348 2478 simplex
1389 2407 1632 2463 vocabuli
1671 2408 1995 2477 nuncupatio

415 2501 698 2574 designare
721 2509 901 2569 queat.
931 2498 1213 2568 Quomodo
1248 2509 1423 2566 autem
1454 2507 1510 2553 ut
1540 2498 1823 2554 afﬁrmatio
1861 2500 1994 2553 sim-

418 2593 541 2665 plex
581 2608 686 2648 non
722 2590 1016 2660 signiﬁcet,
1056 2592 1109 2645 in
1145 2591 1536 2645 commentario
1567 2590 1994 2645 Periheimenias

420 2683 670 2756 explicui.
730 2683 866 2750 Quid
895 2691 1074 2738 autem
1101 2681 1170 2736 sit
1197 2681 1486 2736 afﬁrmatio
1513 2691 1568 2736 et
1597 2681 1805 2750 negatio
1837 2681 1997 2749 paulo

421 2785 544 2848 post
585 2775 986 2846 explicabimus.
1035 2773 1172 2828 Sunt
1221 2788 1347 2828 vero
1392 2773 1600 2842 species
1639 2772 1896 2826 orationis
1943 2774 1996 2826 in

421 2866 798 2940 angustissima
846 2867 1114 2922 divisione
1169 2867 1429 2936 quinque.
1483 2863 1888 2932 lnterrogativa,
1939 2873 1998 2917 ut

422 2972 646 3039 putasne
671 2959 847 3016 anima
879 2957 1196 3014 immortalis
1224 2956 1344 3010 est?
1373 2955 1704 3024 lmperativa,
1731 2965 1788 3008 ut
1815 2953 1998 3023 accipe

424 3054 685 3112 codicem.
735 3053 978 3123 Optativa
1024 3051 1108 3105 vel
1149 3048 1508 3118 deprecativa,
1555 3056 1612 3102 ut
1655 3048 1810 3102 faciat
1834 3048 1994 3102 Deus.

427 3144 704 3212 Vocativa,
745 3152 800 3200 ut
831 3143 1015 3200 adesto
1047 3143 1206 3197 Deus.
1253 3139 1616 3206 Enuntiativa,
1664 3147 1722 3192 ut
1749 3139 1998 3194 Socrates
2025 3123 2076 3191 C

426 3235 694 3293 ambulat:
722 3233 815 3290 sed
845 3235 898 3288 in
921 3234 1025 3289 illis
1054 3243 1279 3303 quatuor
1309 3231 1450 3285 nulla
1474 3245 1647 3300 neque
1671 3231 1865 3285 veritas
1895 3240 1995 3293 est,

428 3324 850 3398 neque'falsilas.
907 3323 1243 3380 Enuntiativa
1271 3337 1400 3377 vero
1425 3322 1536 3376 sola
1567 3329 1658 3375 aut
1692 3333 1878 3376 verum
1909 3328 2002 3375 aut

427 3415 615 3480 falsum
659 3417 913 3473 continet.
956 3418 1128 3495 Atque
1162 3415 1282 3470 hinc
1307 3413 1696 3484 propositiones
1734 3413 1998 3467 oriuntur.

427 3504 730 3566 Euuntiatlo
758 3521 933 3572 autem
976 3524 1027 3563 tn
1056 3506 1190 3563 duas
1217 3515 1398 3577 partes
1436 3505 1726 3567 secabitur,
1757 3504 1810 3558 in
1853 3503 2002 3558 afﬁr-

431 3602 719 3658 mationem
756 3611 809 3661 et
837 3601 1196 3672 negationem.
1241 3599 1540 3654 Afﬁrmatio
1578 3607 1663 3653 est
1705 3595 2004 3652 enuntiatio

431 3696 655 3767 alicujus
695 3697 760 3751 ad
805 3696 1022 3768 aliquid.
1073 3695 1290 3765 Negatio
1319 3703 1402 3749 est
1442 3695 1741 3750 enuntiatio
1777 3693 2004 3763 alicujus

353 3787 358 3790 ’
434 3787 501 3843 ab
530 3788 732 3857 aliquo.
766 3787 829 3841 Et
856 3795 936 3842 est
980 3785 1284 3854 afﬁrmatio,
1318 3795 1376 3840 ut
1405 3793 1526 3854 puta
1571 3785 1721 3840 Plato
1762 3785 2003 3855 philoso-

434 3879 572 3946 phus
595 3889 698 3933 est.
732 3875 952 3946 Negatio
971 3917 988 3943 ,
1029 3877 1176 3932 Plato
1205 3876 1553 3946 philosophus
1577 3892 1682 3931 non
1707 3886 1810 3931 est.
1839 3877 2005 3931 Afﬁr-

437 3965 606 4019 matio
663 3964 802 4018 enim
856 3963 921 4020 ad
975 3963 1248 4020 Platonem
1303 3965 1692 4034 philosophiam
1764 3965 2008 4020 enuntiat

439 4055 695 4122 aliquam,
728 4053 777 4108 id
805 4062 885 4109 est
913 4054 1184 4110 Platonem
1208 4071 1324 4112 esse
1351 4054 1749 4126 philosOphum.
1787 4055 2008 4125 Negatio

437 4161 566 4202 vero
595 4145 662 4200 ab
702 4143 880 4216 aliquo
911 4145 1132 4201 Platone
1166 4146 1396 4217 aliquam
1424 4146 1812 4218 philosophiam
1842 4161 2012 4201 enun-

438 4239 621 4295 tiando
669 4235 847 4304 tollit,
904 4238 956 4294 id
1001 4248 1083 4295 est
1125 4241 1363 4296 enuntiat
1411 4239 1685 4294 Platonem
1733 4253 1838 4294 non
1890 4251 2012 4292 esse

438 4331 834 4402 phi1050plmm.
867 4331 1324 4388 Enuntiativarum
1353 4333 1516 4403 igitur
1565 4332 1865 4387 orationum
1893 4331 2012 4385 aliae

438 4432 564 4476 sunt
593 4420 891 4490 simplices,
933 4423 1052 4477 aliae
1079 4438 1182 4478 non
1213 4423 1503 4493 simplices.
1533 4423 1815 4492 Simplices
1854 4431 2008 4491 sunt,

2098 1880 2308 1934 semper
2355 1865 2494 1934 quod
2546 1865 2884 1934 praedicatur,
2925 1873 3018 1918 aut
3066 1864 3299 1920 abundat
3327 1876 3381 1920 et
3425 1879 3665 1936 superest

2097 1959 2339 2029 subjecto
2360 2002 2373 2025 ,
2431 1969 2520 2012 aut
2552 1968 2812 2028 mquatur.
2853 1957 3025 2013 Minus
3053 1966 3228 2013 autem
3267 1959 3608 2028 praadicatum
3637 1976 3665 2019 ε

2098 2051 2338 2118 subjecto
2385 2065 2652 2119 nunquam
2693 2052 3012 2121 reperietur.
3053 2052 3157 2106 Sed
3190 2052 3241 2104 id
3270 2051 3411 2120 quod
3439 2052 3665 2107 diximus

2098 2141 2323 2196 diversis
2346 2141 2776 2195 demonstremus
2813 2142 3090 2210 exemplis.
3125 2141 3374 2210 Subjecto
3415 2142 3667 2210 praedicas

2101 2241 2211 2286 tum
2270 2230 2502 2286 abundat
2536 2231 2747 2298 quoties
2779 2246 2945 2299 genus
2971 2230 3184 2298 aliquod
3221 2231 3287 2284 de
3324 2232 3504 2300 aliquo
3533 2246 3666 2301 prat—

2100 2323 2329 2389 dicatur,
2361 2333 2418 2377 ut
2468 2321 2514 2376 si
2553 2321 2728 2385 dicas,
2762 2322 2935 2376 omnis
2975 2323 3136 2376 homo
3164 2323 3359 2376 animal
3407 2332 3507 2378 est.
3554 2323 3668 2380 Non

2101 2415 2244 2470 enim
2271 2423 2423 2483 potes
2444 2422 2783 2479 convertere,
2816 2422 2874 2466 ut
2897 2413 3045 2466 dicas
3063 2453 3078 2478 ,
3104 2427 3263 2467 omne
3292 2414 3487 2468 animal
3513 2415 3672 2470 homo

2101 2515 2205 2569 est,
2249 2504 2374 2573 quia
2428 2501 2627 2556 animal
2678 2502 2745 2557 ab
2795 2504 3007 2556 homine
3040 2502 3156 2572 plus
3204 2512 3285 2556 est
3328 2512 3380 2556 et
3421 2503 3675 2560 abundat.

2102 2599 2369 2670 Ᾰὲῳιειιιιο
2394 2611 2568 2655 autem
2625 2600 2970 2670 praedicatum
3015 2601 3256 2670 subjecto
3299 2599 3506 2669 quoties
3555 2613 3675 2669 pro-

2102 2693 2276 2762 prium
2309 2692 2578 2763 quoddam
2604 2695 2834 2763 cuipiam
2867 2693 3202 2762 prmdicatur,
3233 2700 3292 2746 ut
3316 2694 3490 2746 omnis
3521 2692 3676 2745 homo
3709 2721 3714 2727 ο

2103 2783 2309 2838 risibile
2333 2793 2434 2848 est,
2461 2793 2613 2852 potes
2635 2791 2968 2847 convertere,
2988 2797 3145 2835 omne
3168 2783 3368 2836 risibile
3391 2781 3548 2835 homo
3571 2792 3674 2844 est;

2106 2884 2162 2928 ut
2193 2884 2371 2930 autem
2407 2875 2581 2929 minus
2611 2876 2679 2928 sit
2710 2873 2760 2926 id
2785 2873 2924 2942 quod
2954 2873 3294 2941 prmdicalur,
3328 2872 3441 2926 fieri
3474 2874 3673 2939 nequit.

2110 2967 2320 3020 Dicitur
2369 2965 2528 3020 etiam
2581 2964 2885 3034 pimcedere
2933 2963 3308 3033 prmdicatum,
3361 2963 3507 3030 sequi
3537 2960 3677 3031 quod

2106 3057 2407 3124 subjectum
2455 3065 2557 3108 εει.
2589 3053 2798 3108 ldonior
2831 3061 2914 3108 est
2951 3055 3092 3107 enim
3133 3052 3438 3122 praedicatio
3478 3053 3677 3108 consti«

2109 3157 2258 3202 tuere
2287 3144 2714 3216 propositionem
2735 3185 2751 3212 ,
2782 3160 2940 3214 quam
2989 3142 3041 3199 id
3067 3144 3208 3214 quod
3234 3142 3531 3211 subjectqu
3575 3149 3678 3197 est.

2107 3237 2436 3308 Simplicium
2469 3249 2649 3293 autem
2681 3236 3109 3306 propositionum
3141 3235 3258 3288 aliae
3286 3244 3410 3289 sunt
3451 3232 3504 3286 in
3535 3233 3678 3286 nullo

2108 3331 2208 3385 sibi
2242 3330 2623 3401 participantes
2673 3338 2730 3382 ut
2757 3335 2902 3392 sunt,
2929 3329 3105 3381 omnis
3140 3327 3299 3380 homo
3328 3325 3528 3378 animal
3572 3333 3678 3387 εει,

2107 3432 2184 3487 ει,
2218 3422 2386 3477 virtus
2413 3422 2549 3477 bona
2585 3423 2688 3487 est,
2716 3430 2770 3477 et
2795 3422 2912 3475 aliae
2936 3419 3238 3484 huiusmodi
3257 3417 3680 3488 propositiones,

2108 3515 2226 3569 aliae
2267 3529 2395 3569 vero
2425 3503 2541 3583 qua:
2570 3513 2901 3584 participant.
2936 3511 3372 3581 Participantium
3401 3509 3520 3563 aliae
3548 3516 3681 3563 sunt

2108 3620 2226 3676 quae
2257 3605 2310 3659 in
2358 3616 2582 3674 utroque
2634 3605 2861 3658 termino
2902 3603 3254 3672 participant,
3308 3600 3426 3654 alia:
3465 3615 3583 3670 qua:
3629 3598 3682 3655 in

2108 3699 2297 3764 altero,
2323 3708 2376 3754 et
2396 3713 2515 3769 quae
2546 3698 2713 3753 altero
2745 3697 2972 3752 termino
3002 3697 3321 3766 participant
3355 3693 3524 3747 tribus
3571 3706 3684 3746 rno-

2108 3790 2212 3855 dis,
2230 3798 2456 3858 utroque
2477 3804 2605 3843 vero
2622 3789 2848 3843 duobus.
2890 3787 3248 3841 Ostendamns
3273 3799 3404 3852 ergo
3428 3784 3684 3852 exemplis

2109 3879 2378 3947 quomodo
2417 3878 2586 3932 altero
2617 3878 2783 3931 tribus
2816 3875 2985 3929 modis
3017 3875 3349 3943 participant.
3373 3875 3686 3928 Communis

2112 3969 2252 4022 enim
2284 3968 2542 4022 terminus
2563 3965 2666 4032 est,
2695 3982 2814 4022 cum
2844 3965 2896 4019 in
2923 3979 3022 4016 una
3044 3963 3419 4030 subjectussit,
3443 3966 3494 4016 in
3516 3963 3710 4036 altera]

2118 4061 2436 4129 prmdicatus
2455 4100 2472 4125 ,
2513 4068 2571 4112 ut
2593 4067 2676 4114 est
2696 4058 2869 4114 omnis
2891 4055 3051 4109 homo
3080 4053 3275 4106 animal
3303 4063 3414 4117 est,
3443 4063 3499 4108 et
3528 4065 3687 4108 omne

2115 4153 2312 4205 animal
2340 4151 2655 4204 animatum.
2687 4149 2742 4204 In
2784 4147 2960 4218 priore
2990 4146 3133 4200 enim
3174 4143 3539 4215 propositione
3567 4143 3686 4197 ani-

2118 4245 2221 4298 mal
2255 4243 2575 4313 pracdicatur
2625 4242 2690 4297 ad
2721 4239 2992 4296 hominem
3021 4280 3035 4304 ,
3063 4237 3117 4293 in
3149 4237 3446 4308 posteriore
3496 4234 3686 4304 praedi-

2120 4342 2271 4387 catur
2302 4333 2365 4387 ad
2395 4332 2587 4387 animal
2624 4333 2938 4395 animatum,
2973 4337 3026 4384 et
3049 4330 3104 4383 ﬁt
3129 4327 3323 4382 animal
3369 4325 3686 4396 subjectum.

2123 4425 2189 4480 Et
2220 4435 2302 4481 est
2334 4425 2417 4479 hic
2449 4424 2648 4494 primus
2680 4424 2866 4479 modus
2904 4422 2971 4476 de
2997 4422 3075 4476 eis
3104 4435 3223 4487 qua:
3265 4418 3434 4472 altero
3463 4417 3690 4472 termino

440 4520 501 4568 ut
545 4511 591 4567 si
614 4512 796 4579 dicas,
838 4514 950 4571 dies
981 4525 1082 4581 est,
1127 4515 1218 4568 lux
1248 4524 1349 4570 εει.
1384 4515 1498 4570 Non
1525 4515 1828 4584 simplices,
1860 4525 1940 4583 ιιι,
1972 4515 2016 4569 si
2042 4496 2098 4560 1)
2125 4519 2462 4589 participant.
2515 4515 2794 4572 Secundus
2838 4528 2964 4567 vero
3013 4511 3202 4566 modus
3256 4519 3338 4564 est
3383 4510 3435 4563 in
3484 4524 3589 4576 quo
3637 4508 3690 4564 in

440 4605 555 4661 dies
580 4616 664 4662 est
686 4605 775 4661 lux
810 4615 911 4662 est.
943 4605 1344 4663 Afﬁrmationes
1373 4623 1501 4663 vero
1522 4609 1793 4676 simplices
1818 4617 1875 4664 et
1924 4623 2019 4662 ne-

441 4699 714 4768 gationes,
747 4698 865 4753 aliae
886 4707 1012 4754 sunt
1041 4699 1405 4766 universales,
1431 4700 1550 4754 alia:
1586 4709 1710 4756 sunt
1734 4699 2015 4766 particula-

442 4806 563 4857 res,
594 4793 713 4846 alia:
736 4791 1045 4848 indeﬁnitce.
1079 4792 1422 4850 Uuiversales
1451 4801 1572 4847 sunt
1596 4807 1714 4862 quae
1736 4802 1828 4847 aut
1853 4805 2015 4847 omne

444 4884 732 4952 afﬁrmant,
764 4895 820 4940 ut
841 4885 1017 4940 omnis
1061 4885 1222 4940 homo
1251 4884 1448 4940 animal
1480 4894 1583 4951 est,
1610 4894 1701 4939 aut
1730 4899 1890 4939 omne
1920 4901 2016 4940 ne-

442 4983 590 5046 gant,
608 4986 665 5030 ut
679 4977 853 5032 nullus
871 4977 1034 5032 homo
1053 4977 1251 5032 animal
1265 4986 1367 5044 est;
1393 4978 1742 5048 particulares
1757 4991 1887 5033 vero
1898 4993 2017 5048 qua:

441 5067 672 5137 aliquem
693 5070 963 5126 afﬁrmant
985 5070 1064 5126 vel
1080 5071 1313 5141 aliquem
1327 5081 1545 5142 negant,
1570 5072 1836 5143 utaliquis
1861 5072 2020 5127 homo

441 5161 637 5215 animal
664 5171 764 5227 est,
798 5162 992 5232 aliquis
1023 5163 1186 5219 homo
1213 5165 1412 5221 animal
1443 5182 1548 5221 non
1572 5175 1694 5228 est;
1728 5164 2018 5220 indeﬁnitae

442 5266 569 5306 vero
600 5268 718 5322 quae
738 5269 912 5324 neque
937 5255 1311 5313 universaliter
1338 5257 1602 5314 afﬁrmant
1622 5299 1639 5323 ,
1667 5267 1759 5312 aut
1792 5266 2016 5326 negant,

439 5355 612 5412 neque
638 5345 1055 5412 particulariter,
1083 5355 1142 5400 ut
1169 5348 1330 5402 homo
1359 5347 1555 5406 animal
1579 5357 1659 5403 est
1677 5390 1689 5407 .
1716 5347 1877 5400 homo
1907 5349 2018 5401 ani-

438 5434 546 5490 mal
590 5449 692 5486 non
735 5443 837 5489 est.
865 5434 1130 5492 Dividitur
1166 5449 1346 5494 autem
1385 5440 1608 5508 simplex
1644 5441 1936 5509 propositio
1965 5440 2016 5492 in

439 5523 574 5578 duas
607 5531 786 5589 partes
833 5542 844 5574 :
879 5526 933 5578 in
959 5527 1258 5595 subjectum
1289 5541 1344 5585 et
1374 5532 1739 5600 pra-dicatum,
1777 5540 1836 5585 ut
1860 5532 2020 5586 homo

386 5650 392 5657 -
439 5616 637 5673 animal
688 5626 804 5681 est,
849 5617 1012 5672 homo
1063 5623 1362 5703 subjectum
1401 5634 1523 5689 est,
1562 5626 1757 5681 animal
1789 5641 1915 5681 vero
1955 5627 2020 5681 de

441 5705 661 5763 homine
706 5708 1054 5796 praedicatur;
1088 5711 1170 5768 hze
1209 5724 1384 5771 autem
1408 5727 1585 5781 partes
1609 5720 1821 5775 termini
1849 5725 2016 5776 nomi-

2125 4611 2364 4680 utrisque
2392 4611 2690 4663 communis
2722 4606 2980 4660 terminus
3013 4602 3353 4673 praedicatur,
3384 4611 3440 4655 ut
3483 4601 3528 4655 si
3574 4600 3690 4669 quis

2123 4703 2283 4764 dicat,
2316 4700 2489 4754 omnis
2517 4699 2605 4753 nix
2645 4695 2867 4752 candida
2889 4737 2903 4759 ,
2932 4703 2986 4749 et
3026 4695 3201 4748 onmis
3241 4695 3524 4761 margarita
3569 4704 3691 4745 can-

2122 4794 2262 4851 dida.
2305 4791 2517 4847 Etenim
2550 4794 2600 4846 in
2633 4792 2801 4861 pritna
2832 4798 2887 4844 et
2916 4788 3149 4844 secunda
3182 4785 3542 4857 prepositioue
3571 4798 3691 4838 can-

2122 4885 2246 4941 dida
2283 4883 2623 4955 praedicatur,
2663 4882 2714 4936 in
2748 4883 2917 4951 prima
2947 4881 3013 4935 ad
3050 4881 3256 4943 nivem,
3289 4882 3342 4932 in
3369 4877 3598 4933 secunda
3629 4873 3694 4929 ad

2127 4980 2492 5049 margaritam.
2537 4977 2601 5030 Et
2629 4985 2713 5032 est
2747 4973 2832 5030 hic
2873 4975 3137 5030 secundus
3173 4973 3363 5028 modus
3387 4971 3558 5025 altero
3588 4976 3694 5024 ter-

2131 5075 2276 5129 mino
2304 5072 2759 5143 participantium.
2785 5071 2992 5125 Tertius
3011 5085 3138 5124 vero
3162 5069 3350 5124 modus
3365 5074 3468 5130 est,
3490 5064 3697 5132 quoties

2128 5167 2180 5220 in
2215 5166 2453 5234 utrisque
2488 5163 2938 5234 propositionibus
2961 5163 3256 5216 communis
3287 5160 3542 5214 terminus
3572 5156 3696 5212 sub-

2121 5258 2296 5328 jectus
2324 5267 2426 5322 est,
2475 5269 2530 5309 ut
2559 5260 2600 5311 si
2634 5258 2806 5318 dicas,
2840 5258 3004 5309 virtus
3031 5257 3223 5309 bonum
3256 5263 3357 5318 est,
3393 5253 3557 5307 virtus
3578 5253 3694 5321 jus.

2127 5358 2237 5404 tttm
2274 5359 2377 5403 est.
2427 5350 2480 5402 In
2515 5351 2755 5417 utrisque
2782 5349 2921 5402 enim
2966 5347 3029 5400 ad
3077 5346 3274 5413 justum
3305 5354 3357 5398 et
3383 5345 3449 5398 ad
3498 5345 3695 5398 bonum

2130 5443 2303 5496 virtus
2325 5440 2626 5510 subjectum
2656 5450 2755 5494 cst.
2794 5439 2928 5493 Sunt
2970 5437 3127 5506 igitur
3151 5437 3527 5505 participantes
3569 5436 3698 5489 alte-

2123 5552 2246 5592 rum
2304 5535 2584 5590 terminqu
2647 5534 2728 5586 his
2782 5532 2947 5585 tribus
2977 5531 3182 5594 modis,
3215 5538 3306 5583 aut
3345 5545 3462 5583 cum
3499 5529 3546 5581 in
3595 5541 3697 5581 una

2131 5629 2435 5686 communis
2466 5627 2723 5679 terminus
2751 5623 3086 5693 pratdicatur,
3116 5624 3166 5675 in
3196 5621 3280 5675 illa
3303 5621 3571 5691 subjectus
3593 5632 3694 5685 est;

2127 5737 2218 5781 aut
2245 5740 2363 5780 cum
2393 5723 2444 5776 in
2474 5722 2713 5785 utrisque
2739 5719 3082 5788 prmdicatur;
3116 5729 3204 5774 aut
3229 5733 3348 5773 cum
3380 5719 3431 5772 in
3459 5717 3695 5785 utrisque

3778 4873 3800 5016 ξ
