4290 6272
650 351 806 436 ταδ’

655 592 779 653 pant
810 578 1065 635 terminos
1089 576 1194 630 duo
1219 584 1344 629 sunt
1370 573 1534 629 modi.
1561 574 1692 628 Alite
1713 573 1856 627 enim
1884 588 1948 627 ao
1978 573 2226 627 eumdem

653 676 930 739 ordinem,
966 670 1085 725 alia:
1116 668 1183 724 ad
1208 668 1415 723 ordinis
1435 668 1928 721 commutationem.
1964 666 2043 720 Ad
2078 680 2232 720 eum-

655 768 776 823 dem
799 774 925 822 sunt
943 779 1062 833 quae
1087 764 1153 818 de
1181 763 1370 817 eodem
1403 761 1543 816 idem
1566 760 1955 826 demonstrant,
1981 759 2062 813 vel
2086 759 2233 812 affir-

655 860 856 914 mative
886 860 969 913 vel
1017 858 1299 929 negative,
1332 855 1416 910 vel
1457 854 1632 920 aliter,
1678 853 1761 907 vel
1801 852 2230 919 particulariter,

653 957 829 1011 omnis
861 955 1104 1023 voluptas
1136 955 1332 1007 bonum
1386 960 1468 1006 est
1492 992 1505 1015 ,
1538 950 1680 1004 nulla
1726 950 1971 1018 voluptas
2031 950 2229 1003 bonum

653 1060 767 1113 est;
800 1058 854 1103 et
884 1062 1069 1102 rursus
1120 1043 1545 1114 pai‘ticulariter,
1574 1041 1819 1112 quaedam
1849 1042 2096 1111 voluptas
2136 1041 2233 1096 bo—

654 1155 780 1196 num
813 1149 914 1204 est,
946 1138 1190 1207 quredam
1220 1137 1466 1204 voluptas
1494 1134 1694 1190 bonum
1728 1147 1836 1187 non
1882 1141 1985 1187 est.
2018 1132 2098 1185 Ad
2145 1147 2233 1186 or-

655 1230 795 1285 dinis
818 1245 944 1283 vero
972 1227 1441 1283 commutationem
1470 1235 1594 1281 sunt
1618 1226 1829 1296 quoties
1868 1225 1957 1295 qui
1992 1224 2044 1277 in
2068 1224 2231 1277 altera

652 1324 927 1393 subjectus
949 1332 1032 1378 est
1056 1322 1349 1383 terminus,
1380 1322 1431 1373 in
1464 1320 1564 1373 alia
1592 1318 1931 1389 praedicatur,
1970 1326 2028 1370 ut
2074 1330 2234 1370 omne

652 1415 851 1469 bonum
875 1415 1076 1482 justum
1100 1420 1206 1478 est,
1235 1422 1288 1466 et
1320 1426 1478 1465 omne
1500 1410 1701 1479 justum
1733 1409 1953 1462 bonum.
1999 1408 2128 1461 Nam
2180 1408 2232 1461 in

653 1505 834 1576 priore
868 1506 1063 1560 bonum
1095 1504 1394 1572 subjectum
1426 1512 1525 1567 est,
1557 1502 1753 1571 justum
1785 1500 2153 1569 praedicatum,
2180 1499 2231 1553 in

650 1596 885 1650 secunda
911 1596 1112 1663 justum
1164 1595 1460 1663 subjectum
1491 1600 1603 1656 est,
1632 1592 1830 1645 bonum
1864 1591 2229 1660 praedicatum.

651 1688 804 1744 Nunc
833 1704 959 1757 ergo
988 1689 1240 1757 quoniam
1273 1686 1391 1740 aliae
1420 1685 1486 1738 ad
1526 1685 1776 1739 eumdem
1804 1684 2043 1737 ordinem
2067 1724 2081 1747 ,
2114 1684 2231 1737 alite

651 1782 719 1837 ad
764 1782 966 1836 ordinis
1000 1780 1474 1835 commutationem
1516 1786 1673 1841 sunt,
1716 1777 1861 1845 prius
1890 1775 2130 1829 dicemus
2159 1775 2228 1828 de

655 1872 740 1927 his
765 1887 885 1942 qua:
906 1872 971 1925 ad
1002 1870 1248 1927 eumdem
1278 1868 1523 1923 ordinem
1543 1878 1770 1937 utroque
1800 1867 2027 1921 termino
2062 1866 2229 1936 parti-

653 1964 856 2035 cipant,
889 1972 944 2018 et
972 1966 1222 2044 quoniam
1254 1971 1379 2017 sunt
1408 1959 1794 2031 propositiones
1813 2000 1828 2023 ,
1852 1959 1969 2011 aliae
1996 1958 2227 2012 afﬁrma-

652 2060 797 2125 tivaa,
822 2059 941 2113 alia:
966 2058 1245 2127 negativae,
1271 2058 1389 2111 alia:
1419 2055 1772 2117 universales,
1797 2051 1919 2106 alite
1946 2052 2228 2121 particula-

651 2164 762 2215 res,
790 2150 910 2203 alia:
940 2147 1266 2213 indefinitae,
1311 2147 1430 2201 dua:
1459 2156 1586 2201 sunt
1610 2160 1675 2199 ex
1708 2145 1789 2197 his
1814 2134 1933 2212 quae
1975 2143 2230 2212 qualitate

653 2240 925 2304 differunt,
960 2248 1069 2294 tres
1093 2255 1212 2309 qua:
1239 2237 1555 2308 quantitate.
1584 2236 1650 2289 Et
1681 2242 1943 2303 suntquae
1974 2234 2229 2303 qualitate

654 2335 908 2389 differunt
926 2332 1247 2387 affirmativa
1277 2342 1331 2386 et
1356 2330 1628 2400 negativa;
1654 2327 1718 2382 ad
1739 2329 2087 2397 quantitatem
2112 2341 2230 2395 qua:

651 2440 780 2480 vero
801 2423 1076 2489 differunt,
1125 2434 1253 2478 sunt
1279 2422 1628 2485 universalis,
1676 2419 2008 2489 particularis
2050 2430 2102 2472 et
2145 2420 2229 2470 in-

652 2520 891 2576 definita.
916 2518 972 2572 In
1000 2516 1337 2572 affirmativis
1369 2516 1509 2571 enim
1539 2524 1592 2570 et
1621 2512 1883 2582 negativis
1906 2511 2060 2581 quale
2104 2508 2229 2580 quid

654 2613 725 2667 sit
769 2620 860 2666 aut
889 2626 995 2664 non
1026 2610 1096 2664 sit
1123 2608 1443 2662 ostenditur.
1480 2607 1535 2660 in
1580 2602 1867 2658 universali
1914 2600 2224 2672 particulari

654 2713 709 2758 et
730 2702 1009 2758 indefinita
1051 2700 1117 2755 de
1146 2702 1392 2753 omnium
1423 2698 1508 2753 vel
1541 2698 1803 2751 nullorum
1836 2696 1917 2751 vel
1950 2694 2233 2748 nonnullo-

655 2809 772 2850 rum
819 2791 1117 2865 quantitate
1166 2800 1514 2844 monstratur.
1564 2789 1643 2842 Ex
1698 2788 1781 2842 his
1830 2803 1957 2856 ergo
2000 2789 2232 2855 quinque

652 2884 969 2941 differentiis
989 2925 1005 2949 ,
1040 2883 1091 2937 id
1120 2892 1203 2938 est
1228 2880 1538 2946 universali,
1567 2878 1904 2949 particulari,
1935 2878 1986 2930 in
2012 2878 2229 2942 <efinita,

654 2975 996 3042 affirmativa,
1027 2975 1294 3044 negativa,
1323 2988 1419 3027 sex
1451 2969 1856 3040 conjunctioncs
1886 2968 2038 3032 ﬁunt,
2073 2968 2145 3020 ita
2178 2976 2233 3021 ut

652 3067 822 3122 tribus
848 3082 967 3136 qua:
1015 3066 1080 3120 ad
1132 3064 1478 3135 quantitatem
1539 3063 1788 3118 dicuntur
1835 3062 1951 3115 dua:
1993 3075 2111 3130 qua:
2166 3058 2232 3112 ad

652 3159 961 3229 qualitatem
991 3159 1242 3214 dicuntur
1268 3168 1539 3228 aptentur,
1571 3165 1625 3212 et
1658 3157 1715 3209 fit
1752 3154 2065 3210 universalis
2087 3154 2233 3206 affir-

651 3248 873 3314 mativa,
898 3260 951 3303 et
991 3248 1310 3304 univerSalis
1339 3250 1619 3318 negzutiva‘,
1652 3255 1708 3299 ut
1744 3246 1919 3300 omnis
1958 3245 2116 3298 homo
2147 3247 2230 3313 ju~

653 3348 768 3394 stus
789 3348 891 3402 est.
924 3339 1099 3393 nullus
1125 3339 1285 3392 homo
1310 3338 1486 3406 justus
1513 3347 1614 3401 est;
1640 3345 1694 3390 et
1724 3336 2063 3405 particularis
2088 3334 2231 3388 affir-

656 3428 875 3491 mativa,
908 3436 962 3481 et
993 3427 1329 3495 particularis
1376 3428 1651 3494 negativa,
1710 3435 1765 3485 ut
1810 3425 2023 3493 quidam
2074 3425 2233 3476 homo

550 3574 555 3579 ,
652 3518 827 3587 justus
853 3525 954 3582 est,
979 3516 1194 3585 quidam
1228 3515 1387 3568 homo
1407 3517 1580 3583 justus
1605 3529 1710 3568 non
1734 3523 1815 3565 est
1837 3529 1853 3577 ;
1878 3522 1931 3565 et
1959 3512 2233 3566 indefinita

653 3608 969 3664 affirmativa
1009 3617 1063 3662 et
1088 3609 1360 3674 negativa,
1396 3615 1451 3660 nt
1492 3606 1653 3660 homo
1682 3606 1854 3685 justus
1894 3615 1972 3660 est
2001 3651 2014 3673 ,
2065 3606 2225 3662 homo

653 3698 825 3768 justus
855 3711 962 3750 non
1011 3705 1138 3750 est:
1176 3696 1309 3749 fiunt
1334 3710 1464 3765 ergo
1507 3711 1573 3750 ex
1616 3696 1821 3749 duabus
1853 3711 1972 3765 quae
2003 3707 2127 3751 sunt
2165 3698 2233 3753 ad

655 3788 997 3859 qualitatem,
1030 3786 1201 3840 tribus
1228 3803 1348 3857 qua:
1379 3799 1504 3842 sunt
1533 3788 1597 3841 ad
1633 3789 1981 3858 quantitatem
2009 3786 2243 3860 junctis,

656 3895 751 3935 sex
780 3879 1206 3950 conjunctiones,
1232 3880 1298 3934 de
1327 3880 1862 3950 quibusindefinitas,
1886 3881 2233 3938 affirmativas
2300 3918 2301 3921 η

655 3982 709 4026 et
733 3971 1007 4040 negativas
1029 3986 1370 4040 separemus,
1403 3980 1457 4026 et
1482 3973 1549 4025 de
1586 3971 1719 4026 solis
1748 3970 2135 4027 universalibus
2181 3982 2236 4028 et

656 4050 1066 4131 panicularibus
1135 4072 1394 4117 tractatus
1471 4063 1753 4118 habeatur.
1821 4064 2235 4121 Subscribantur

655 4157 815 4211 etiam
843 4171 1026 4210 earum
1072 4156 1506 4225 participantium
1547 4171 1668 4225 quae
1709 4156 1776 4210 ad
1803 4157 2049 4221 eumdem
2090 4158 2249 4223 ordi-r

656 4260 778 4309 nem
822 4255 1048 4327 utroque
1085 4248 1319 4301 termino
1370 4248 1708 4316 participant,
1753 4251 1872 4303 duae
1905 4250 2233 4306 universales

655 4339 1073 4409 propositiones,
1106 4354 1208 4393 una
1238 4340 1580 4405 affirmativa,
1613 4352 1665 4395 et
1694 4342 1861 4395 altera
1890 4345 2155 4411 negativa,
2180 4352 2249 4417 et,

655 4434 727 4489 sit
756 4434 1071 4489 affirmativa
1100 4434 1443 4499 universalis,
1492 4436 1668 4487 omnis
1694 4435 1853 4488 homo
1874 4435 2048 4504 justus
2072 4446 2154 4489 est
2180 4445 2235 4490 et

655 4533 838 4578 contra
860 4522 1028 4593 ipsam
1049 4522 1367 4578 universalis
1389 4525 1651 4594 negativa,
1684 4525 1857 4578 nullus
1884 4524 2229 4594 homojustus

656 4621 762 4669 est.
793 4614 919 4667 Item
948 4614 1047 4668 sub
1084 4614 1168 4669 bis
1199 4623 1466 4685 ponantur
1493 4615 1829 4684 particularis
1856 4616 2143 4671 affirmatio
2179 4628 2233 4673 et

658 4704 998 4775 particularis
1025 4708 1256 4776 negatio,
1292 4708 1365 4762 ita
1396 4718 1452 4761 ut
1472 4709 1570 4763 sub
1595 4708 1886 4763 universali
1909 4708 2230 4763 affirmativa

556 4796 561 4803 '
654 4804 879 4863 ponatur
922 4797 1253 4865 particularis
1305 4798 1663 4863 affirmativa,
1713 4811 1767 4856 et
1795 4803 1895 4855 sub
1945 4802 2233 4857 universali

655 4887 895 4953 negativa
919 4897 1144 4956 ponatur
1169 4891 1503 4958 particularis
1528 4894 1799 4961 negativa,
1826 4905 1878 4949 et
1903 4896 1975 4949 sit
2001 4896 2233 4963 particu-

656 4975 783 5031 laris
814 4966 1147 5045 affirmativa,
1184 4980 1398 5048 quidam
1430 4982 1589 5037 homo
1614 4982 1793 5050 justus
1820 4994 1903 5037 est
1924 5026 1938 5050 ,
1966 4993 2018 5038 et
2043 4994 2229 5039 contra

659 5067 826 5135 ipsam
854 5069 1188 5138 particularis
1210 5072 1472 5140 negativa,
1503 5072 1715 5141 quidam
1746 5075 1905 5127 homo
1932 5074 2108 5142 justus
2132 5090 2236 5130 non

655 5166 760 5230 est,
789 5160 929 5230 quod
955 5162 1282 5217 demonstrat
1304 5178 1533 5233 sequens
1562 5151 1882 5233 de5criptio.

1874 367 1981 423 AN.
2023 365 2229 437 nam,
2272 366 2399 427 sev
2466 368 2683 426 nomn

651 491 925 561 subjectus
950 494 1054 544 est.
1089 485 1288 539 Earum
1315 496 1444 539 vero
1476 497 1593 552 quae
1624 482 1689 536 ad
1728 489 1985 551 utrosque
2010 484 2226 552 partici—
2255 490 2310 549 Α

3817 382 3916 438 8m!

2609 825 2689 868 πιο
2708 795 2875 901 utfit“
3038 818 3114 867 ria
3319 817 3402 857 mo
3425 786 3592 897 ωῘῑιις

2499 871 2545 985 \
2618 895 2700 1007 (IL
3189 830 3651 1058 .kfi/

2719 1121 2826 1217 εξ
2931 1041 3055 1182 Q’v
3088 1046 3228 1185 si”?
3373 1117 3491 1237 ξε

2721 1197 2756 1267 ἰ
2780 1222 2834 1278 ’1⁸³
2936 1228 3073 1345 εδδ
3092 1210 3242 1347 ἥξει,
3374 1226 3538 1320 ωῗ...

2535 1322 2985 1771 6i)
3008 1467 3168 1522 δώσὸ
3218 1323 3683 1501 .m

2634 1532 2715 1570 ηιο
2735 1506 2903 1601 ιυΙῖυιδ
3011 1536 3171 1591 traria
3329 1534 3408 1575 ιπο
3435 1510 3606 1606 infra:

2834 1754 2909 1788 λ
3565 1679 3683 1788 /

2409 1989 2464 2042 ln
2515 1988 2781 2059 superiori
2834 1991 2994 2061 igitur
3021 1992 3382 2064 descriptione
3411 1999 3724 2056 universalis
3762 2004 3902 2059 affir-

2332 2081 2528 2134 mativa
2559 2091 2612 2134 et
2643 2081 2959 2137 universalis
2982 2088 3237 2154 'negativa
3270 2090 3571 2144 cuntrarim‘
3599 2102 3750 2159 sunt,
3783 2097 3905 2151 sub-

2334 2173 2623 2225 cnntrariae
2647 2187 2773 2226 vero
2797 2174 3131 2242 particularis
3157 2176 3470 2234 affirmativa
3499 2190 3549 2234 et
3567 2184 3904 2250 particularis

2335 2265 2607 2330 negativa,
2661 2265 2985 2341 subalterna:
3024 2283 3152 2321 vero
3184 2269 3427 2324 dicuntur
3459 2274 3772 2328 universalis
3824 2277 3903 2329 af-

2338 2355 2600 2408 firmativa
2628 2364 2682 2408 et
2713 2357 3046 2423 particularis
3086 2359 3392 2415 affirmativa
3411 2404 3424 2428 ,
3458 2372 3509 2416 et
3536 2364 3658 2417 item
3687 2366 3899 2420 univer-

2333 2446 2461 2499 salis
2480 2447 2719 2515 negativa
2746 2456 2799 2500 et
2822 2448 3153 2516 particularis
3173 2454 3432 2519 negativa.
3459 2453 3899 2524 Contrajacentes

2333 2547 2456 2590 sunt
2485 2541 2788 2607 angulares,
2822 2540 2871 2591 id
2904 2551 2984 2593 est
3010 2540 3327 2597 universalis
3352 2544 3667 2599 affirmativa
3697 2557 3749 2600 ct
3778 2564 3902 2617 par-

2333 2629 2567 2684 ticularis
2613 2631 2876 2699 negativa.
2922 2632 2985 2686 Et
3031 2634 3160 2687 item
3198 2636 3509 2689 universalis
3558 2639 3800 2706 negativa
3850 2651 3904 2696 et

2335 2720 2667 2790 particularis
2689 2724 3007 2778 affirmati’va
3027 2768 3039 2790 ,
3085 2734 3171 2791 ut,
3204 2730 3373 2783 omnis
3399 2729 3557 2783 homo
3586 2730 3763 2800 justus
3798 2744 3899 2802 est,

2334 2813 2551 2881 quidam
2577 2814 2737 2869 homo
2755 2816 2930 2885 justus
2955 2832 3057 2871 non
3081 2826 3183 2884 est,
3209 2819 3389 2874 nullus
3418 2820 3771 2891 homojustus
3802 2839 3902 2887 ρει,

2336 2909 2549 2977 quidam
2600 2912 2758 2963 homo
2784 2910 2958 2977 justus
2987 2924 3088 2977 est,
3118 2920 3170 2966 et
3197 2923 3318 2967 sunt
3350 2924 3407 2968 ut
3438 2915 3540 2971 hoc
3582 2920 3740 2972 modo
3769 2920 3903 2973 diffi-

2341 3003 2438 3055 niri
2467 3005 2687 3069 possint.
2722 3005 3014 3059 Contraria:
3042 3018 3163 3060 sunt
3190 3024 3305 3076 quae
3335 3011 3709 3067 universaliler
3734 3016 3903 3068 eidem

2340 3092 2480 3146 idem
2539 3095 2652 3148 hmo
2695 3095 2957 3160 affirmat,
3007 3096 3120 3151 lucc
3150 3110 3328 3168 negat.
3358 3100 3753 3161 Subcontrarite
3787 3116 3906 3164 sunt

2258 3226 2304 3289 Ο
2338 3198 2457 3253 qua:
2510 3186 2906 3253 particulariter
2953 3188 3128 3243 eidem
3162 3191 3299 3244 idem
3353 3192 3466 3248 lucc
3488 3195 3749 3264 affirmat,
3799 3198 3906 3253 lucc

2340 3285 2513 3346 negat.
2545 3278 2880 3334 Subalteruze
2904 3292 3024 3334 sunt
3046 3297 3163 3351 qua:
3185 3285 3359 3337 eidem
3381 3286 3516 3339 idem
3548 3287 3906 3344 affirmantvel

2339 3380 2553 3437 negant,
2577 3372 2689 3424 hmc
2714 3374 3124 3440 particulariter,
3154 3376 3241 3429 illa
3274 3379 3485 3431 univers
3506 3381 3661 3435 :liter.
3681 3380 3905 3437 Contra-

2331 3458 2571 3526 jacentes
2616 3472 2737 3513 sunt
2776 3464 2987 3530 quando
3016 3465 3188 3519 eidem
3222 3469 3460 3523 eamdem
3490 3484 3599 3524 rem
3626 3471 3737 3525 lia-e
3765 3473 3904 3527 afﬁr-

2338 3558 2476 3612 mat,
2525 3550 2637 3604 haec
2686 3561 2871 3619 negat,
2907 3555 2988 3607 vel
3041 3555 3154 3611 haec
3176 3568 3351 3627 negat,
3382 3559 3495 3614 haec
3520 3561 3790 3629 affirmat,
3817 3563 3907 3617 illa

2337 3641 2675 3706 generaliter,
2695 3641 2807 3697 haec
2831 3644 3247 3713 particulariter,
3262 3659 3315 3703 et
3338 3654 3907 3717 vocanturcontrarim,

2337 3734 2456 3803 quia
2481 3735 2621 3802 quod
2649 3735 2934 3792 affirmatio
2954 3741 3333 3796 universaliter
3356 3743 3520 3811 ponit,
3546 3746 3762 3813 negatio
3792 3747 3906 3799 uni-

2338 3826 2617 3881 versaliter
2675 3830 2828 3885 tollit.
2888 3832 3221 3888 Subalternte
3273 3849 3431 3899 vero,
3476 3836 3724 3905 quoniam
3766 3839 3909 3906 quod

2337 3916 2426 3971 illa
2472 3918 2849 3974 universaliter
2899 3924 3081 3991 ponit,
3139 3926 3302 3979 etiam
3354 3926 3467 3981 haec
3520 3927 3911 3994 particularitcr

2336 4007 2505 4077 ponit.
2535 4010 2929 4068 Subcontraritc
2953 4029 3081 4067 vero
3108 4015 3263 4070 dictm
3286 4026 3429 4081 sunt,
3456 4019 3533 4071 vel
3559 4018 3705 4085 quod
3746 4028 3904 4072 natu-

2338 4100 2518 4156 raliter
2540 4104 2640 4158 sub
2678 4105 2805 4173 ipsis
2830 4107 3109 4160 contrariis
3138 4107 3322 4175 positte
3364 4117 3503 4165 sunt.
3534 4115 3591 4160 ut
3621 4108 3912 4178 descriptio

2336 4191 2513 4256 docet,
2552 4194 2633 4247 vel
2678 4194 2817 4262 quod
2844 4211 2873 4248 a
2904 4198 3185 4251 contrariis
3213 4198 3439 4252 diversa:
3477 4207 3642 4266 sunt,
3692 4210 3743 4253 et
3783 4200 3909 4267 ipsis

2338 4288 2620 4339 contrariis
2663 4288 3054 4356 quodammodo
3102 4292 3401 4344 contrariae.
3449 4289 3585 4344 Nam
3629 4291 3910 4345 contraria:

2336 4385 2397 4430 ut
2436 4385 2675 4447 utrmque
2703 4380 2868 4433 simul
2894 4382 2999 4436 sint
3039 4381 3150 4436 fieri
3182 4398 3284 4435 non
3320 4391 3518 4450 potest,
3570 4390 3627 4436 ut
3672 4390 3911 4450 utrmque

2336 4468 2555 4522 omnino
2590 4484 2693 4523 non
2729 4471 2834 4525 sint
2864 4472 2977 4526 fieri
3021 4482 3216 4541 potest,
3249 4474 3573 4528 contrariam
3618 4474 3725 4526 vim
3768 4473 3911 4527 obti-

2258 4586 2311 4649 ι)
2339 4559 2538 4614 nebunt
2577 4561 2980 4617 subcontrariaa.
3024 4563 3156 4618 Nam
3185 4574 3243 4618 ut
3272 4574 3512 4633 utrmque
3558 4564 3777 4617 omnino
3809 4579 3912 4617 non

2340 4655 2452 4708 sint
2481 4654 2593 4709 fieri
2622 4670 2727 4709 non
2760 4663 2954 4724 potest,
2995 4668 3051 4709 ut
3081 4666 3320 4727 utrmque
3350 4655 3506 4709 simul
3539 4657 3646 4709 sint
3678 4656 3792 4709 fieri
3821 4671 3913 4725 po-

2342 4755 2469 4812 test,
2500 4747 2639 4816 quod
2670 4748 2722 4800 in
2754 4748 3108 4815 sequentibus
3150 4748 3343 4802 melius
3374 4746 3743 4815 explicabitur.
3777 4746 3912 4799 Con-

2343 4837 2664 4906 trajacentes
2696 4838 2966 4905 dicuntur,
2997 4839 3249 4907 quoniam
3282 4838 3601 4892 universalis
3630 4836 3915 4889 affirmatio

2341 4929 2429 4983 vel
2475 4931 2705 4999 negatio,
2742 4930 3119 4998 particularem
3163 4929 3573 4983 affirmationem
3625 4928 3705 4981 vel
3759 4942 3916 4996 nega-

2345 5020 2551 5074 tionem
2576 5020 2907 5089 angulariter
2954 5020 3269 5089 respiciunt.
3299 5019 3433 5073 Cum
3476 5028 3650 5073 autem
3696 5016 3918 5087 singula:

2346 5112 2737 5182 propositiones
2798 5112 3030 5168 habeant
3074 5113 3209 5167 duas
3256 5111 3609 5175 differentias,
3654 5125 3814 5163 unam
3856 5109 3921 5162 ad

2343 5203 2678 5273 qualitatem,
2705 5204 2934 5259 alteram
2965 5205 3027 5260 ad
3061 5205 3434 5275 quantitatem,
3469 5214 3524 5257 ut
3555 5217 3672 5273 quae
3703 5203 3922 5257 univcr-

2346 5295 2499 5365 salis,
2531 5296 2851 5350 afﬁrmativa
2877 5307 2981 5351 est.
3013 5297 3207 5352 habeat
3236 5295 3590 5352 differentiam
3621 5294 3685 5347 ad
3713 5295 3922 5363 quanti-

2342 5398 2510 5445 tatem
2551 5388 2692 5458 quod
2722 5388 3042 5444 universalis
3064 5398 3164 5453 est,
3214 5398 3268 5444 et
3317 5388 3475 5441 aliam
3515 5387 3580 5441 ad
3613 5387 3923 5455 qualitatem

2346 5484 2489 5555 quod
2516 5484 2833 5539 affirmativa
2860 5492 2943 5537 est
2969 5500 2984 5547 ;
3010 5483 3201 5539 eodem
3246 5482 3407 5537 modo
3449 5491 3658 5537 extiterat
3685 5480 3924 5551 preposi-

2349 5576 2520 5631 tiones
2562 5577 2712 5630 binas
2760 5576 2991 5631 habeant
3032 5575 3384 5639 differentias,
3438 5588 3599 5628 unam
3632 5573 3925 5627 secundum
3985 5642 4000 5658 ὁ

2348 5670 2680 5737 qualitatem,
2728 5669 2950 5724 alteram
2996 5670 3288 5725 secundum
3332 5669 3705 5737 quantitatem.
3738 5662 3924 5720 Subal-

2349 5767 2518 5815 ternae
2569 5776 2685 5829 quae
2738 5772 2882 5827 sunt,
2930 5778 3030 5818 una
3103 5771 3307 5816 tantum
3384 5760 3680 5823 differentia
3732 5759 3925 5813 distant

2352 5850 2685 5917 quantitatis,
2736 5853 2875 5922 quod
2909 5855 3021 5930 inec
3078 5854 3433 5923 particularis,
3489 5854 3573 5909 illa
3606 5852 3926 5909 universalis
