4290 6272
392 399 483 460 809

1467 385 1551 441 DE
1591 378 2021 441 SYLLOGISMO
2055 378 2505 438 CATEGORICO.

3544 378 3652 437 801

392 533 494 574 est.
554 517 686 570 Nam
731 506 1009 582 qualitatis
1058 502 1412 562 differentiam
1459 500 1659 556 nullam
1712 496 1965 554 retinent.
1996 496 2237 573 Aliomo
2262 496 2438 567 justus
2484 502 2587 562 est,
2620 495 2751 550 falsa
2781 494 2964 565 fuerit,
2997 510 3104 552 non
3133 509 3358 554 necesse
3382 497 3486 555 erit
3525 501 3651 567 qui-

395 617 646 678 ιίινςιιῳιε
687 604 832 660 enim
881 599 1212 657 affirmativze
1241 605 1387 651 sunt.
1426 593 1535 647 illa:
1567 604 1698 646 vero
1744 591 1885 653 alite,
1914 588 1967 642 id

392 696 801 753 ist'contrarire
829 704 882 749 et
908 688 1309 747 subcontrarire'
1345 685 1411 740 ad
1450 682 1778 755 qualitatem,
1826 680 1969 751 quod
1998 704 2001 705 ν

318 788 321 789 ⁷
395 796 484 848 illa
515 790 853 851 aftirmativa,
886 784 976 840 illa
1025 783 1270 853 negativa
1299 787 1401 841 est,
1432 792 1553 832 nam
1604 774 1670 829 ad
1700 774 1968 844 quantita-

320 862 329 883 ’
395 897 501 937 tem
534 880 665 936 nihil
694 877 964 933 differunt.
995 874 1241 942 Utraeque
1269 869 1413 925 enim
1441 866 1727 922 contraria:
1754 864 1971 919 univer-

395 976 557 1039 sales,
587 982 827 1040 utraeque
872 966 1256 1023 subcontrarize
1290 962 1643 1034 particulares
1672 970 1820 1027 sunt,
1864 959 1971 1014 illa:

396 1066 575 1120 autem
614 1078 733 1133 qua:
778 1059 1204 1129 contrajacentes
1256 1056 1503 1111 dicuntur
1532 1051 1773 1120 utrisque
1819 1049 1973 1105 diffe-

395 1154 582 1212 rentiis
630 1152 901 1209 differunt.
935 1151 1064 1205 Nam
1113 1156 1168 1204 et
1206 1147 1298 1202 illa
1324 1144 1644 1201 universalis
1691 1140 1972 1196 aflirmatio

395 1246 648 1311 est,‘htec
669 1241 1009 1314 particularis
1057 1240 1293 1309 negatio,
1341 1245 1396 1291 et
1420 1237 1504 1290 illa
1536 1233 1850 1289 universalis
1881 1246 1974 1285 ne-

395 1341 537 1412 gatio
557 1349 661 1405 est,
691 1338 806 1391 haec
839 1334 1174 1405 particularis
1202 1330 1507 1386 affirmatio.
1544 1327 1694 1382 Nunc
1722 1324 1973 1395 quoniam

395 1448 513 1503 qua:
542 1430 834 1487 secundum
859 1428 1170 1499 qualitatem
1198 1426 1283 1481 vel
1303 1423 1597 1480 secundum
1621 1421 1974 1491 quantitatem

397 1539 450 1583 et
471 1526 742 1598 quomodo
764 1524 1015 1580 differant
1035 1523 1235 1576 dictum
1260 1530 1362 1587 est,
1388 1532 1571 1574 earum
1601 1514 1973 1585 preprietates,

399 1635 531 1689 qua!
556 1619 848 1674 secundum
896 1630 1080 1671 verum
1122 1613 1417 1681 falsumque
1449 1617 1593 1677 sunt,
1627 1606 1974 1675 explicemus.

401 1710 567 1780 Igitur
609 1724 790 1764 earum
821 1721 939 1775 qua:
992 1704 1313 1758 subalterna:
1364 1709 1515 1765 sunt,
1564 1698 1610 1752 si
1662 1694 1823 1750 fuerit
1850 1706 1976 1747 vera

400 1801 715 1858 universalis
729 1798 1034 1861 affirmatio,
1056 1811 1179 1850 vera
1197 1794 1298 1849 erit
1315 1789 1648 1863 particularis
1669 1784 1974 1842 affirmatio.

2072 592 2195 646 dam
2227 591 2388 644 homo
2428 604 2536 643 non
2565 602 2646 643 est
2669 589 2845 657 justus
2871 590 3059 646 falsam
3105 605 3243 647 esse.
3276 591 3410 647 Nam
3439 593 3484 648 si
3516 593 3650 651 falsa

2072 692 2157 738 est
2213 682 2391 736 nullus
2421 681 2582 735 homo
2621 684 2797 748 justus
2825 692 2927 752 est,
2961 698 3146 739 verum
3176 695 3260 740 est
3286 700 3408 742 esse
3445 685 3655 757 aliquos

2070 775 2266 845 iustos,
2290 788 2418 828 vera
2444 782 2530 829 est
2551 775 2712 827 etiam
2742 790 2861 843 quas
2884 774 3015 829 dicit
3057 777 3270 846 quidam
3294 776 3457 833 homo
3474 780 3656 850 justus

2074 885 2181 925 non
2213 879 2316 937 est,
2371 868 2514 940 quod
2564 868 2674 922 sint
2720 867 2937 937 quidam
2963 868 3124 924 etiam
3152 885 3256 924 non
3297 871 3448 939 justi.
3481 871 3656 943 Repe-

2076 971 2194 1017 tens
2240 960 2397 1029 igitur
2442 974 2473 1013 a
2531 960 2708 1029 capite
2748 957 2892 1013 dicat
2936 959 3078 1027 quod
3127 959 3178 1012 in
3224 962 3569 1018 subalternis.
3596 964 3654 1019 Si

2076 1052 2414 1105 universales
2438 1064 2583 1106 verte
2626 1048 2848 1114 fuerint,
2878 1064 3021 1105 vera:
3042 1059 3201 1105 erunt
3225 1054 3383 1107 etiam
3427 1056 3656 1124 particu-

2078 1144 2243 1199 lares.
2276 1142 2382 1197 Sed
2406 1158 2511 1197 non
2539 1142 2887 1197 convertitur.
2913 1141 3043 1197 item
3070 1140 3113 1195 si
3140 1142 3484 1211 particulares
3511 1145 3657 1203 falsa:

2077 1235 2296 1301 fuerint,
2325 1233 2473 1288 falsa:
2502 1242 2661 1288 erunt
2686 1234 2847 1289 etiam
2875 1234 3230 1299 universales,
3259 1235 3353 1291 sed
3390 1252 3498 1291 non
3527 1254 3657 1293 con-

2080 1326 2330 1391 vertitur,
2362 1325 2645 1380 contraria:
2685 1340 2815 1380 vero
2855 1325 3014 1381 simul
3055 1340 3175 1381 esse
3216 1342 3358 1382 verte
3389 1343 3658 1399 nunquam

2079 1428 2325 1489 possunt.
2360 1419 2543 1474 Potest
2572 1427 2748 1475 autem
2798 1419 2913 1483 fieri
2948 1430 3004 1475 ut
3045 1421 3179 1476 alias
3231 1431 3471 1493 utraeque
3510 1422 3661 1479 falsa

2081 1510 2208 1576 sint,
2239 1511 2366 1566 alias
2394 1524 2494 1565 una
2520 1525 2665 1577 vera,
2689 1510 2859 1565 altera
2886 1510 3039 1565 falsa.
3067 1510 3315 1582 Utraque
3337 1513 3489 1569 falsze
3510 1522 3658 1581 sunt,

2081 1613 2142 1659 ut
2166 1604 2212 1659 si
2242 1604 2363 1673 quis
2393 1605 2556 1668 dicat,
2591 1604 2765 1657 omnis
2792 1603 2955 1659 homo
2991 1606 3368 1674 grammaticus
3392 1616 3495 1671 εει,
3526 1607 3659 1663 falsa

2081 1705 2186 1763 est,
2210 1710 2331 1751 nam
2352 1710 2455 1750 non
2473 1694 2669 1761 omnis;
2694 1704 2749 1751 ct
2775 1696 2952 1751 nullus
2974 1696 3136 1751 homo
3156 1699 3533 1767 grammaticus
3555 1708 3659 1766 est,

2082 1789 2212 1844 falsa
2231 1798 2334 1857 est,
2366 1804 2487 1843 nam
2510 1803 2615 1844 non
2642 1789 2849 1855 nullus;
2877 1797 2959 1845 est
2976 1797 3154 1845 autem
3178 1806 3279 1846 una
3306 1808 3453 1860 vera,
3484 1794 3654 1849 altera

400 1895 455 1950 Si
485 1896 627 1949 enim
664 1892 838 1945 omnis
887 1891 1046 1943 homo
1087 1887 1262 1955 justus
1289 1895 1392 1949 εει,
1415 1898 1539 1938 vera
1568 1889 1667 1943 est,
1718 1892 1843 1933 vera
1872 1875 1975 1930 erit
2004 1864 2055 1927 Β
2081 1879 2213 1935 falsa
2250 1921 2264 1946 ,
2299 1889 2356 1935 ιη
2397 1881 2443 1934 εί
2470 1881 2591 1950 quis
2618 1879 2781 1944 diem,
2826 1880 3002 1936 omnis
3036 1881 3194 1936 homo
3236 1882 3388 1951 bipes
3410 1893 3512 1949 est,
3545 1884 3660 1940 haec

398 1989 559 2044 etiam
576 2002 695 2056 qua:
710 1986 860 2053 dicit,
875 1982 1081 2052 Aliquis
1103 1982 1262 2035 homo
1279 1980 1448 2049 iustus
1469 1986 1571 2033 est.
1587 1976 1716 2030 Nam
1730 1974 1777 2029 si
1799 1972 1989 2043 omnis

401 2080 563 2135 homo
590 2079 765 2148 justus
811 2084 914 2139 est,
940 2083 997 2129 et
1025 2071 1260 2142 quidam.
1294 2069 1498 2125 Eodem
1528 2067 1687 2123 modo
1716 2065 1991 2133 negativae,

402 2172 723 2227 subalternaa
755 2186 767 2220 :
801 2181 925 2221 nam
973 2165 1017 2220 si
1065 2162 1388 2233 universalis
1434 2161 1681 2230 negativa
1712 2172 1835 2212 vera
1861 2155 1993 2211 fue-,

402 2266 495 2332 rit,
520 2263 627 2320 erit
650 2262 960 2317 etiam.vera
984 2259 1223 2327 negativa
1256 2253 1611 2325 particularis,
1640 2261 1696 2307 ut
1725 2251 1768 2305 si
1798 2249 1974 2305 nullus

402 2357 564 2412 homo
588 2355 765 2427 justus
791 2362 873 2409 est
901 2367 1026 2407 vera
1058 2349 1233 2415 fuerit,
1266 2348 1429 2403 etiam
1461 2345 1562 2399 erit
1582 2358 1729 2411 vera,
1760 2340 1974 2408 quidam

400 2449 562 2506 homo
602 2449 777 2518 justus
824 2461 929 2501 non
981 2452 1081 2499 εει.
1115 2442 1247 2497 Nam
1296 2441 1342 2495 si
1389 2438 1562 2494 nullus
1593 2436 1754 2490 homo
1798 2433 1978 2503 justus

403 2552 486 2601 est
537 2557 636 2598 nec
690 2541 929 2613 quidam.
956 2536 1207 2593 Converti
1253 2543 1429 2588 autem
1478 2545 1584 2584 non
1627 2535 1822 2597 potest,
1852 2538 1979 2578 nam

404 2636 453 2691 si
501 2633 830 2706 particularis
880 2644 1009 2685 vera
1051 2627 1227 2694 fuerit,
1276 2640 1382 2679 non
1411 2634 1636 2678 necesse
1663 2618 1767 2674 erit
1795 2629 1978 2671 veram

408 2741 526 2782 esse
557 2727 716 2781 etiam
745 2722 1124 2778 universalem.
1151 2719 1222 2774 Ut
1273 2716 1319 2772 si
1347 2715 1565 2785 quidam
1618 2712 1779 2765 homo
1802 2709 1981 2777 justus

404 2827 506 2884 εει,
536 2832 660 2874 vera
691 2816 870 2882 fuerit,
905 2830 1011 2869 non
1042 2823 1264 2866 necesse
1288 2808 1392 2862 erit
1424 2820 1602 2860 veram
1628 2816 1773 2867 esse,
1802 2800 1984 2854 omnis

405 2909 568 2965 homo
598 2909 770 2979 justus
793 2915 893 2962 est.
922 2906 1152 2961 Possunt
1203 2901 1346 2956 enim
1376 2913 1499 2954 esse
1546 2911 1653 2951 non
1682 2907 1891 2949 omnes.
1916 2891 1987 2945 Et

404 3001 594 3058 eodem
623 3000 783 3065 modo
832 2997 899 3052 de
928 2995 1190 3058 negativa.
1224 2991 1358 3046 Nam
1386 2990 1431 3044 si
1455 2985 1792 3059 particularis
1823 2996 1987 3051 nega-

404 3095 513 3148 tiva
538 3106 663 3147 vera
687 3090 867 3155 fuerit,
895 3097 953 3143 ut
977 3096 1081 3152 εει,
1111 3083 1328 3155 quidam
1351 3070 1651 3136 homo'non
1681 3084 1763 3132 est
1782 3075 1982 3145 justus,

405 3200 515 3240 non
546 3196 769 3239 necesse
796 3180 899 3236 erit
934 3175 1323 3239 universalem,
1376 3172 1555 3227 nullus
1604 3169 1765 3224 homo
1805 3168 1985 3237 justus

2084 1973 2398 2027 altirmativa
2424 1988 2551 2028 vera
2582 1982 2693 2038 est;
2718 1972 2898 2029 nullus
2926 1975 3086 2028 homo
3113 1974 3263 2043 bipes
3292 1985 3395 2042 est,
3422 1975 3537 2031 haec
3567 1991 3662 2032 ne-

2082 2068 2257 2135 gativa
2290 2065 2418 2120 falsa
2445 2074 2549 2119 est.
2586 2064 2655 2119 Et
2683 2066 2810 2121 item
2844 2065 3019 2119 omnis
3041 2066 3201 2121 homo
3224 2065 3529 2136 quadrupes
3552 2076 3661 2135 est,

2040 2185 2045 2191 ~
2083 2158 2200 2214 haec
2220 2158 2536 2213 affirmativa
2560 2158 2687 2212 falsa
2714 2168 2818 2214 est.
2843 2156 3030 2213 Nullus
3051 2158 3211 2213 homo
3233 2159 3534 2228 quadrupes
3552 2169 3657 2225 est,
3730 2198 3731 2203 η

2083 2249 2201 2305 haec
2226 2250 2469 2319 negativa
2492 2264 2616 2305 vera
2639 2257 2737 2306 est.
2769 2252 2906 2306 Sunt
2927 2264 3054 2320 ergo
3070 2251 3351 2305 contraria
3375 2252 3660 2320 aliquoties

2085 2351 2322 2411 utrmque
2361 2340 2533 2406 falsas,
2567 2342 2851 2411 aliquoties
2897 2342 3034 2397 inter
3056 2357 3114 2397 se
3154 2356 3337 2397 verum
3363 2343 3662 2413 falsumque

2086 2432 2422 2499 dividentes;
2472 2443 2529 2488 ut
2557 2444 2797 2503 utraeque
2825 2443 3004 2488 autem
3052 2444 3194 2488 vera:
3231 2433 3340 2488 sint
3383 2435 3493 2489 fieri
3526 2449 3662 2489 nun-

2086 2538 2244 2593 quam
2272 2534 2470 2595 potest,
2497 2525 2882 2580 subcontrariaa
2912 2538 3043 2579 vero
3071 2526 3338 2579 contraria
3369 2525 3659 2595 patiuntur.

2086 2613 2218 2669 Nam
2245 2614 2392 2671 false
2413 2631 2683 2686 nunquam
2713 2617 2935 2686 reperiri
2962 2626 3184 2687 queunt.
3226 2615 3334 2672 Sed
3362 2616 3492 2673 alias
3521 2632 3663 2673 verte

2087 2714 2325 2776 utrisque
2349 2717 2490 2773 sunt,
2518 2717 2575 2762 ut
2598 2716 2685 2764 εει
2702 2708 2917 2778 quidam
2958 2708 3123 2764 homo
3150 2708 3529 2778 grammaticus
3557 2719 3663 2779 est,

2086 2812 2213 2852 vera
2263 2809 2366 2862 est,
2413 2809 2469 2854 et
2519 2799 2736 2869 quidam
2785 2799 2947 2857 homo
2986 2802 3370 2871 grammaticus
3399 2816 3506 2858 non
3557 2772 3661 2869 est,

2088 2890 2251 2945 etiam
2284 2890 2399 2944 haec
2427 2904 2553 2945 vera
2577 2900 2678 2945 εει.
2712 2891 2893 2946 Potest
2922 2893 3063 2946 enim
3094 2892 3232 2946 alius
3256 2906 3377 2948 esse
3395 2906 3661 2962 gramma-

2090 2982 2227 3035 ticus
2256 2990 2309 3035 et
2337 2982 2472 3035 alius
2518 2997 2626 3036 non
2672 2996 2815 3035 esse.
2862 2981 3008 3035 Alias
3037 2995 3141 3036 una
3186 2996 3312 3036 vera
3345 2992 3448 3048 est,
3498 2980 3662 3038 altera

2090 3070 2239 3124 falsa.
2278 3071 2413 3125 Vera
2437 3080 2521 3126 est
2540 3136 2541 3139 η
2562 3072 2707 3125 enim
2733 3071 3040 3136 affirmatio,
3072 3071 3287 3141 quidam
3324 3071 3486 3126 bonto
3511 3071 3663 3140 bipes

2090 3172 2196 3229 εει,
2226 3162 2358 3217 falsa
2381 3172 2464 3217 est
2484 3171 2662 3217 autem
2696 3163 2929 3232 negatio,
2951 3163 3168 3233 quidam
3198 3166 3360 3218 homo
3385 3162 3535 3233 bipes
3557 3178 3664 3219 nou

357 3256 361 3260 ’
407 3286 513 3342 εει,
548 3270 748 3330 veram
772 3287 913 3329 esse.
956 3271 1141 3326 Potest
1167 3267 1308 3324 enim
1341 3265 1456 3320 fieri
1502 3270 1564 3318 ut
1609 3261 1821 3331 quidam
1850 3258 1981 3326 justi
2012 3242 2056 3306 C
2089 3260 2190 3307 εει.
2225 3252 2351 3307 Item
2385 3252 2515 3307 falsa
2541 3263 2622 3306 est
2668 3253 2976 3319 affirmatio,
3002 3253 3217 3323 quidam
3250 3253 3410 3308 homo
3436 3254 3640 3324 quadru

404 3373 534 3428 sint.
564 3371 704 3441 Ergo
732 3369 971 3425 dicamus
999 3366 1051 3421 in
1101 3361 1428 3419 subalternis
1458 3354 1914 3429 propositionibus
1941 3352 1989 3407 si

406 3463 734 3519 universales
768 3473 909 3514 vera:
931 3458 1058 3522 sint,
1081 3469 1238 3510 veras
1255 3466 1374 3508 esse
1404 3464 1624 3507 necesse
1653 3458 1734 3503 est
1753 3445 1989 3517 particu-

406 3558 568 3625 lares,
597 3554 693 3610 sed
717 3568 825 3608 non
855 3548 1219 3607 convertitur.
1239 3545 1370 3600 Nam
1401 3546 1445 3597 si
1476 3540 1821 3611 particulares
1848 3523 1990 3592 vera:

407 3647 623 3712 fuerint,
646 3660 750 3701 non
776 3655 1002 3699 necesse
1027 3648 1109 3695 εει
1130 3651 1287 3693 veras
1308 3636 1466 3689 etiam
1492 3629 1821 3703 universales
1844 3640 1985 3681 esse.

408 3740 767 3799 Particulares
796 3752 924 3793 vero
953 3735 1020 3790 ad
1041 3714 1381 3788 universales
1407 3726 1731 3782 contrariam
1759 3734 1989 3776 conver-

407 3836 616 3891 sionem
634 3832 854 3888 habent.
875 3820 1033 3894 Nam,
1052 3838 1111 3881 ut
1130 3823 1397 3895 superius,
1427 3821 1470 3876 si
1495 3816 1823 3887 universales
1845 3827 1988 3867 verae

409 3934 615 3990 essent,
645 3923 802 3978 etiam
831 3919 1182 3990 particulares
1209 3929 1350 3970 vera:
1373 3919 1584 3974 essent;
1607 3919 1660 3964 ει
1689 3907 1733 3961 si
1756 3906 1987 3974 particu-

412 4018 555 4074 lares
582 4031 726 4072 verte
772 4022 975 4079 essent,
1010 4026 1115 4066 non
1167 4011 1386 4065 omnino
1427 4019 1569 4060 verte
1608 4010 1789 4057 essent
1827 3998 1987 4051 etiam

415 4108 745 4166 universales
788 4108 841 4161 in
874 4103 1315 4175 particularibus;
1370 4098 1414 4153 si
1464 4092 1814 4165 particulares
1843 4088 1989 4142 falsa:

412 4202 635 4267 fuerint,
661 4198 808 4253 falsae
834 4205 995 4253 erunt
1021 4196 1181 4250 etiam
1204 4188 1556 4247 universales.
1590 4183 1722 4238 Nam
1747 4181 1791 4234 si
1820 4177 1987 4248 parti-

413 4294 610 4352 cularis
631 4292 843 4363 quidam
877 4294 1036 4346 homo
1060 4291 1146 4359 jus
1172 4304 1234 4343 us
1260 4296 1340 4341 est
1395 4284 1529 4338 falsa
1554 4278 1732 4343 fuerit,
1775 4274 1989 4329 univer-

412 4388 541 4443 salis
592 4378 750 4441 etiam
779 4385 954 4440 omnis
983 4383 1143 4437 homo
1183 4382 1358 4449 justus
1387 4387 1465 4432 est
1500 4374 1630 4428 l’alsa
1674 4370 1798 4426 erit.
1848 4364 1980 4421 Nam

414 4483 459 4537 si
490 4482 703 4552 quidam
734 4480 893 4535 homo
921 4480 1094 4550 juStus
1148 4484 1230 4531 est
1261 4475 1389 4529 falsa
1436 4481 1539 4538 est,
1598 4483 1721 4521 Vtra
1770 4472 1852 4520 cst
1877 4462 1991 4517 nul-

418 4576 499 4627 lus
529 4572 687 4626 homo
723 4572 896 4641 justus
918 4580 1017 4625 est.
1053 4569 1108 4623 Si
1155 4581 1279 4621 vera
1310 4572 1395 4619 est
1425 4562 1602 4617 nullus
1628 4559 1787 4611 homo
1814 4556 1989 4624 justus

414 4672 516 4727 est,
566 4662 695 4717 falsa
726 4671 807 4717 est
855 4660 1029 4716 omnis
1078 4659 1236 4712 homo
1277 4656 1455 4720 justus
1482 4660 1583 4706 est.
1633 4646 1786 4702 Falsa
1829 4644 1989 4713 igitur

415 4756 741 4827 particulari,
790 4755 922 4809 falsa
969 4754 1068 4808 erit
1118 4749 1456 4805 universalis.
1490 4747 1620 4799 Item
1668 4742 1713 4795 si
1744 4740 1987 4808 negativa

415 4836 751 4919 particularis
782 4846 912 4901 falsa
957 4844 1133 4905 fuerit,
1182 4856 1302 4911 quae
1330 4848 1432 4903 est,
1460 4836 1675 4907 quidam
1702 4832 1860 4887 homo
1898 4830 1989 4899 ju-

415 4950 530 4997 stus
550 4955 656 4996 non
680 4946 783 5003 est,
812 4938 941 4994 falsa
972 4937 1073 4991 erit
1093 4936 1276 4996 etiam,
1300 4932 1478 4987 nullus
1508 4930 1667 4983 homo
1687 4925 1863 4995 jusrus
1885 4931 1987 4976 est.

413 5031 547 5089 Nam
570 5033 612 5087 si
639 5033 827 5085 falsum
870 5039 953 5086 εει
980 5030 1099 5098 quia
1123 5026 1336 5098 quidam
1364 5024 1525 5079 homo
1546 5020 1721 5091 justus
1751 5029 1854 5071 non
1884 5022 1989 5077 εει,

417 5141 541 5181 vera
570 5125 800 5193 estquia
845 5123 1021 5178 omnis
1047 5123 1210 5175 homo
1251 5119 1425 5189 justus
1479 5125 1579 5171 est.
1625 5112 1679 5168 Si
1728 5123 1855 5165 vera
1907 5112 1990 5160 est

416 5220 552 5289 hac,
585 5218 716 5274 falsa
763 5226 846 5273 est
872 5217 1049 5271 nullus
1099 5215 1259 5268 homo
1307 5213 1482 5281 justus
1510 5224 1630 5273 e3t;
1674 5205 1806 5260 falsa
1839 5202 1997 5271 igitur

414 5313 745 5383 particulari,
807 5311 941 5367 falsa
987 5307 1090 5364 erit
1143 5306 1302 5361 etiam
1347 5301 1685 5357 universalis.
1729 5295 1835 5349 Sed
1890 5306 1997 5347 non

416 5407 770 5470 convertitur,
824 5414 883 5459 ut
919 5404 963 5458 si
996 5398 1326 5455 universales
1357 5398 1502 5451 falsae
1531 5392 1658 5457 sint,
1705 5391 1865 5444 falsas
1906 5401 1999 5440 ne-

400 5512 572 5551 cesse
592 5497 661 5550 sit
680 5510 800 5549 esse
830 5494 1208 5564 particulares:
1234 5504 1353 5543 nam
1378 5488 1422 5543 si
1453 5484 1789 5546 universalis,
1820 5479 1995 5534 omnis

420 5588 584 5642 homo
606 5586 781 5654 justus
810 5595 892 5638 est
920 5585 1053 5637 falsa
1109 5582 1291 5645 fuerit,
1326 5595 1430 5634 non
1472 5590 1693 5630 necesse
1722 5580 1806 5626 εει
1837 5571 2002 5639 parti-

422 5680 680 5743 cularem,
712 5673 927 5743 quidam
961 5674 1125 5727 homo
1150 5672 1324 5740 justus
1372 5679 1475 5733 est,
1503 5666 1689 5720 falsam
1728 5675 1869 5716 esse.
1899 5658 2002 5713 Po-

422 5778 528 5827 test
549 5769 691 5823 enim
715 5765 829 5822 fieri
850 5776 911 5822 ut
933 5765 979 5822 si
1010 5764 1186 5820 omnis
1214 5763 1372 5817 homo
1394 5762 1569 5830 justus
1597 5771 1699 5812 non
1732 5753 1911 5817 fuerit,
1936 5753 2006 5807 sit

423 5861 637 5933 quidam
665 5860 867 5931 justus,
895 5866 952 5918 et
970 5862 1099 5917 item
1128 5855 1173 5913 si
1199 5851 1519 5915 universalis
1540 5847 1800 5919 negativa.
1831 5844 2006 5903 nullus

2094 3359 2190 3414 pcs
2217 3352 2332 3409 cst;
2368 3358 2493 3399 vera
2546 3352 2628 3399 est
2654 3344 2888 3413 negatio,
2919 3345 3134 3414 quidam
3175 3345 3336 3400 homo
3365 3346 3667 3415 quadrupes

2092 3451 2200 3489 non
2230 3445 2312 3490 est
2342 3454 2354 3487 :
2390 3448 2447 3490 ut
2474 3451 2600 3491 vero
2648 3447 2886 3506 utraeque
2929 3436 3074 3491 falsae
3105 3437 3214 3490 sint
3253 3437 3368 3491 fieri
3396 3451 3668 3506 nunquam

2092 3535 2286 3595 potest.
2319 3526 2502 3581 Restat
2524 3527 2685 3595 igitur
2711 3536 2767 3580 ut
2796 3527 2864 3581 de
2890 3526 3375 3596 contrajacentibus
3401 3527 3665 3592 dicamus,

2092 3635 2212 3688 qua:
2240 3634 2414 3688 neque
2459 3619 2606 3675 falsae
2647 3619 2807 3673 simul
2836 3620 3124 3689 aliquando
3156 3634 3275 3675 esse
3306 3629 3529 3690 possunt
3576 3635 3670 3675 ne-

2093 3727 2196 3781 que
2240 3727 2405 3776 verae,
2449 3712 2543 3767 sed
2589 3728 2807 3783 semper
2845 3727 2950 3767 una
3000 3727 3126 3767 vera
3156 3721 3271 3778 est,
3316 3712 3483 3767 altera
3514 3711 3670 3778 falsa,

2092 3803 2235 3872 quod
2269 3804 2476 3859 facilius
2524 3804 2710 3875 liquet,
2742 3804 2787 3883 si
2832 3804 2952 3872 quis
2982 3803 3081 3858 sibi
3122 3817 3452 3873 quaecunque
3508 3801 3672 3869 fingat

2093 3897 2362 3967 exempla.
2400 3896 2503 3951 Res
2554 3898 2810 3950 admonet
2862 3904 2917 3948 ut
2967 3896 3211 3964 quaedam
3264 3896 3331 3950 de
3378 3895 3670 3951 indelinitis

2095 3987 2546 4058 propositionibus
2569 3986 2990 4039 consideremus.
3016 3986 3308 4039 lndeﬁnitu
3331 3992 3526 4041 etenim
3552 3999 3673 4054 pro-

2093 4080 2388 4150 positiones
2413 4094 2618 4148 mquam
2650 4080 2756 4132 vim
2806 4078 3040 4131 retinent
3078 4078 3491 4145 particularibus
3540 4091 3666 4145 pro-

2096 4170 2467 4242 positionibus.
2503 4170 2709 4222 Dictum
2757 4175 2841 4221 est
2881 4167 3023 4221 enim
3064 4167 3202 4236 quod
3250 4166 3293 4221 si
3344 4168 3673 4222 universales

2096 4263 2180 4320 vel
2210 4259 2546 4316 altirmativa‘.
2580 4260 2665 4314 vel
2697 4260 2956 4330 negativa:
2981 4258 3033 4313 in
3074 4258 3399 4315 subalternis
3432 4257 3674 4327 pr0p0si-

2096 4357 2331 4412 tionibus
2361 4362 2545 4409 essent
2572 4367 2735 4417 verte,
2785 4360 2970 4406 essent
3020 4367 3232 4422 quoque
3261 4365 3400 4406 vera:
3441 4350 3676 4419 particu-
3758 4406 3761 4409 δ

2097 4450 2257 4505 lares.
2291 4447 2440 4502 Nunc
2470 4461 2598 4501 vero
2624 4444 2851 4499 dicimus
2881 4443 3023 4513 quod
3054 4445 3095 4496 si
3128 4441 3456 4498 universales
3483 4454 3676 4511 propo-

2097 4543 2320 4597 sitiones
2370 4554 2510 4593 verte
2536 4539 2759 4602 fuerint,
2789 4549 2933 4589 vera:
2963 4543 3119 4588 erunt
3146 4536 3306 4588 etiam
3360 4530 3674 4587 indelittitze.

2095 4636 2226 4689 bam
2276 4632 2321 4683 si
2366 4644 2488 4684 vera
2518 4636 2602 4682 est
2645 4626 2818 4681 Omnis
2859 4624 3213 4693 bomo.bipes
3262 4633 3368 4690 est,
3414 4639 3540 4679 vera
3589 4630 3679 4678 est

2097 4728 2256 4781 etiam
2287 4721 2499 4793 quidam
2531 4721 2690 4774 homo
2745 4720 2895 4787 bipes
2926 4726 3047 4783 εει,
3092 4732 3218 4772 vera
3266 4718 3369 4772 erit
3395 4721 3556 4773 etiam
3603 4720 3679 4789 in:

2104 4784 2319 4874 definita
2352 4827 2472 4882 qua:
2499 4812 2631 4866 dicit
2661 4784 2822 4864 homo
2876 4808 3026 4877 bipes
3054 4818 3157 4863 est.
3201 4807 3330 4863 Item
3362 4810 3560 4864 dictum
3602 4784 3687 4866 est

2100 4908 2239 4980 quod
2263 4906 2308 4961 si
2336 4903 2687 4975 particulares
2717 4900 2866 4956 falsae
2900 4907 3105 4967 essent,
3138 4899 3285 4955 falsae
3316 4911 3497 4955 essent
3519 4902 3679 4955 etiam

2104 4999 2455 5062 universales,
2489 5010 2631 5050 nunc
2658 5008 2787 5049 vero
2833 4992 3121 5047 dicendum
3153 5001 3236 5048 est
3262 4992 3405 5063 quod
3433 4993 3479 5047 si
3533 4991 3683 5046 inde-

2106 5095 2253 5148 linita
2280 5090 2417 5145 falsa
2445 5088 2627 5152 luerit,
2662 5085 2795 5140 falsa
2819 5084 2924 5139 erit
2968 5084 3130 5139 etiam
3180 5082 3518 5137 universalis.
3553 5078 3683 5143 Nam

2104 5186 2152 5242 si
2175 5185 2304 5239 falsa
2336 5190 2421 5237 est
2442 5195 2559 5249 qua:
2607 5177 2734 5232 dicit
2776 5175 2935 5231 homo
2962 5175 3267 5245 quadrupes
3296 5182 3398 5237 est,
3427 5171 3561 5225 falsa
3585 5169 3686 5225 erit

2106 5281 2269 5334 etiam
2300 5291 2420 5347 qua:
2449 5274 2581 5330 dicit
2632 5269 2849 5342 quidam
2881 5269 3041 5323 homo
3066 5267 3370 5337 quadrupes
3396 5275 3479 5319 est
3499 5273 3553 5319 et
3573 5278 3686 5318 om-

2104 5370 2190 5426 nis
2238 5369 2397 5422 ltomo
2426 5364 2727 5436 quadrupes
2770 5367 2873 5415 est.
2928 5361 3098 5429 Atque
3130 5359 3269 5413 idem
3304 5359 3403 5412 hoc
3432 5356 3593 5410 etiam
3629 5355 3684 5406 in

2106 5460 2367 5530 negativis
2393 5455 2686 5511 convenire
2712 5451 2940 5506 videtur.
2973 5449 3123 5504 Unde
3152 5460 3363 5504 constat
3403 5448 3543 5518 quod
3574 5461 3686 5500 oni-

2106 5569 2202 5610 nes
2231 5551 2519 5611 indefinitae
2557 5542 2963 5616 particularibus
2993 5542 3451 5611 propositionibus
3478 5552 3720 5608 aequain'

2106 5654 2211 5707 vim
2240 5649 2538 5705 continent.
2564 5644 2768 5698 Rursus
2787 5641 2989 5695 dictum
3010 5647 3093 5694 est
3114 5637 3255 5706 quod
3280 5638 3687 5702 subcontrarite,

2108 5759 2227 5815 qua:
2254 5738 2603 5810 particulares
2627 5732 2961 5788 affirmativm
2983 5740 3037 5787 et
3065 5731 3324 5801 negativae
3348 5738 3504 5793 sunt,
3534 5725 3705 5783 simul-

2108 5847 2249 5893 vera:
2279 5843 2399 5889 esse
2425 5834 2670 5899 possunt,
2702 5823 2946 5885 dividere
2976 5825 3139 5883 etiam
3170 5836 3353 5883 verum
3391 5821 3693 5893 falsumque
