4290 6272
598 377 703 437 m
1815 371 1927 429 AN.
1966 344 2174 427 nisu.
2215 369 2368 429 sev.
2411 371 2631 428 noarn
3760 378 3865 437 tot

596 492 799 558 valent,
847 491 1004 546 simul
1036 502 1161 543 vero
1188 485 1336 542 falsa:
1361 499 1484 542 esse
1532 500 1638 541 non
1671 500 1848 557 posse.
1891 486 2005 542 Hoc
2032 490 2172 543 idem
2203 491 2258 552 Α
2280 492 2458 544 omnis
2486 488 2646 543 homo
2673 489 2846 553 justus
2865 497 2948 543 est
2968 529 2986 557 ,
3019 506 3129 549 non
3152 494 3329 547 omnis
3357 493 3518 547 homo
3543 494 3716 562 justus
3741 506 3861 563 est,

596 584 650 639 in
684 582 972 638 indeﬁnitis
1000 579 1451 650 propositionibus
1470 578 1888 647 exspectandum
1911 588 2011 634 εει.
2044 577 2177 633 Nam
2283 591 2338 637 et
2368 596 2553 636 rursus
2592 580 2772 635 nullus
2816 581 2980 647 homo
3016 585 3193 655 justus
3221 595 3342 652 εει,
3375 595 3431 641 et
3460 585 3677 655 quidam
3708 588 3869 642 homo

596 678 837 731 dividunt
869 676 1006 729 inter
1051 688 1111 731 se
1151 688 1334 728 verum
1367 672 1697 743 falsumque,
1729 681 1790 728 ut
1818 673 1862 727 si
1892 673 2011 743 quis
2039 673 2180 729 dicat
2276 673 2455 743 justus
2479 682 2583 739 est,
2615 675 2666 727 in
2700 674 2783 727 his
2803 677 2946 729 enim
2973 666 3295 732 universalis
3324 676 3701 733 determinatio
3731 677 3871 733 tolli-

597 769 757 820 homo
801 766 952 837 bipes
997 774 1109 832 est,
1150 780 1275 821 vera
1326 772 1429 831 est,
1482 765 1644 820 homo
1700 765 1851 836 bipes
1900 779 2007 820 non
2059 774 2171 834 est,
2280 772 2400 827 tur,
2430 765 2524 818 sed
2564 764 2632 818 de
2676 763 2759 818 his
2790 765 2946 821 alias.
2978 767 3045 822 Et
3074 767 3324 838 quoniam
3353 766 3555 822 dictum
3586 768 3762 825 estde
3787 768 3869 824 his

594 857 725 912 falsa
774 867 878 922 est,
924 867 981 912 et
1032 857 1159 913 item
1214 857 1376 913 homo
1424 856 1726 929 quadrupes
1755 866 1858 924 est,
1891 856 2023 913 falsa
2066 866 2173 923 est,
2280 871 2401 926 quas
2430 857 2618 911 eodem
2644 858 2835 912 ordine
2860 860 3209 929 participant,
3243 858 3488 915 dicamus
3518 872 3661 915 nunc
3688 861 3756 916 de
3786 860 3870 916 bis

594 949 756 1003 homo
808 949 1112 1019 quadrupes
1166 962 1408 1016 nonest,
1457 964 1582 1004 vera
1634 959 1745 1014 est;
1804 961 1945 1004 verte
1997 959 2174 1004 autem
2279 962 2400 1017 qum
2439 949 2642 1003 ordinis
2685 952 3100 1006 commutatione
3128 950 3468 1020 participant.
3498 951 3702 1006 Harum
3733 966 3867 1021 quo-

592 1039 751 1095 simul
783 1042 1008 1096 inveniri
1041 1051 1287 1111 possunt,
1320 1052 1375 1096 ut
1418 1043 1461 1096 si
1492 1042 1610 1111 quis
1635 1040 1779 1095 dicat
1808 1046 1968 1094 homo
1993 1054 2172 1110 gram-
2279 1055 2387 1109 que
2413 1041 2831 1109 propositionum
2868 1055 2986 1113 qua
3026 1043 3091 1096 ad
3138 1042 3615 1099 commutationem
3660 1043 3869 1099 ordinis

591 1135 816 1189 maticus
862 1143 965 1198 est,
1014 1134 1199 1201 siquis
1249 1132 1351 1187 hoc
1399 1131 1546 1187 dicat
1598 1132 1665 1186 de
1712 1131 1940 1196 Donato,
1990 1146 2174 1187 verum
2285 1134 2607 1203 participant
2638 1135 2833 1205 duplex
2862 1136 3053 1191 modus
3083 1144 3184 1191 est.
3221 1135 3312 1191 Est
3345 1136 3489 1191 enim
3528 1151 3625 1205 per
3650 1146 3867 1192 contra.

591 1235 695 1282 εει.
723 1228 853 1283 Ιιειη
878 1226 1040 1282 homo
1079 1225 1455 1295 grammaticus
1483 1237 1592 1279 non
1619 1231 1723 1289 est,
1745 1224 1790 1280 si
1821 1223 1940 1294 quis
1964 1224 2066 1279 hoc
2094 1225 2178 1279 dl-
2280 1224 2608 1294 positionem
2635 1227 2949 1292 conversio,
2979 1234 3035 1280 ut
3074 1226 3120 1281 si
3145 1226 3294 1281 dicas
3312 1269 3325 1293 ,
3360 1228 3537 1281 omnia
3558 1226 3720 1281 homo
3749 1228 3866 1281 ani-

591 1330 678 1374 cat
707 1319 775 1374 de
800 1318 1026 1383 Catone,
1063 1332 1244 1372 verum
1290 1326 1392 1384 est,
1421 1325 1480 1371 ut
1505 1317 1663 1371 simul
1713 1316 1860 1371 falsa:
1886 1318 1994 1372 sint
2039 1332 2176 1372 nun-
2283 1316 2391 1369 mal
2422 1326 2541 1379 εει,
2573 1332 2731 1370 omne
2759 1332 2865 1371 non
2911 1316 3107 1371 animal
3136 1332 3242 1372 non
3281 1318 3442 1372 homo
3484 1327 3591 1381 est;
3639 1316 3864 1387 simplex

590 1426 749 1481 quam
775 1411 1123 1479 reperiemus.
1150 1409 1283 1464 Iiinc
1303 1424 1515 1479 quoque
1547 1409 1843 1464 ostenditur
1872 1408 2175 1464 iudeﬁnitas
2280 1408 2567 1462 conversio
2594 1417 2696 1475 est,
2729 1416 2787 1463 ut
2805 1410 2849 1463 si
2885 1409 3063 1476 dicas,
3113 1410 3287 1465 omnis
3332 1409 3495 1463 homo
3544 1409 3746 1464 risibile
3767 1449 3782 1472 .
3812 1420 3868 1466 ει

497 1512 502 1517 ’
593 1516 713 1558 cum
764 1501 1177 1572 particularibus
1232 1500 1423 1569 aequali
1472 1515 1591 1556 esse
1634 1500 1891 1570 potentia.
1931 1500 2176 1570 Amplius
2281 1498 2598 1565 convertas,
2622 1515 2782 1555 omne
2810 1500 3011 1555 risibile
3042 1500 3245 1554 homo:
3276 1499 3369 1555 sed
3396 1500 3449 1554 in
3478 1500 3582 1554 illis
3610 1499 3869 1555 termino-

591 1595 730 1664 quod
761 1595 958 1649 dictum
989 1602 1094 1657 εει,
1126 1593 1574 1662 contrajacentes,
1607 1592 1659 1647 id
1693 1600 1775 1647 est
1814 1592 2173 1647 universalem
2281 1603 2402 1643 rum
2432 1598 2634 1644 tantum
2667 1592 3013 1645 commutatio
3038 1591 3449 1647 conversionem
3481 1591 3640 1657 facit,
3676 1593 3729 1645 in
3756 1593 3873 1662 qui-

588 1686 959 1741 afﬁrmativam
988 1697 1041 1741 ct
1076 1686 1450 1754 particularem
1483 1686 1804 1756 uegativam,
1827 1695 1877 1739 et
1901 1685 2031 1740 item
2059 1687 2173 1741 uni-
2282 1680 2385 1734 bus
2434 1697 2605 1751 neque
2639 1683 2986 1750 prmtlicatum
3017 1683 3299 1752 subjecto,
3348 1698 3523 1751 neque
3571 1682 3871 1751 subjectum

589 1779 848 1832 versalem
868 1779 1165 1847 negativam
1183 1786 1236 1833 et
1258 1778 1631 1847 particularem
1655 1778 2056 1844 afﬁrmativam,
2078 1794 2176 1833 ne-

2284 1772 2575 1839 prmdicato
2602 1775 2857 1828 abundat.
2916 1774 2970 1828 In
3004 1774 3106 1829 hac
3151 1774 3297 1829 enim
3348 1774 3712 1842 propositione
3751 1790 3871 1845 qua

588 1885 690 1941 que
713 1885 867 1926 veras
892 1870 1051 1925 simul
1082 1885 1205 1925 esse
1232 1884 1406 1940 neque
1436 1870 1618 1936 falsas,
1648 1871 1741 1924 sed
1771 1870 1910 1924 inter
1936 1884 1995 1926 se
2029 1870 2172 1925 divi-
2205 1856 2256 1920 Β
2282 1864 2431 1930 dicit,
2458 1868 2636 1923 omnis
2668 1871 2830 1923 homo
2859 1870 3085 1936 risibile,
3118 1869 3281 1924 homo
3309 1869 3635 1936 subjectum,
3669 1868 3872 1924 risibile

587 1960 717 2018 dere
742 1977 927 2016 verum
960 1961 1254 2031 falsumque
1282 2002 1294 2015 .
1332 1962 1433 2015 hoc
1475 1959 1615 2015 idem
1642 1958 1814 2015 evenit
1840 1960 1894 2014 in
1926 1959 2176 2015 indeﬁni-
2283 1958 2652 2026 praedicatum.
2708 1975 2914 2029 aequam
2960 1961 3067 2015 vim
3116 1961 3337 2028 habent,
3368 1970 3422 2016 et
3470 1963 3590 2017 ideo
3628 1963 3866 2018 converti

587 2059 675 2113 tis.
706 2054 839 2112 Nam
871 2056 1188 2111 universalis
1228 2054 1546 2111 alﬁrmativa
1594 2062 1650 2109 et
1692 2053 1969 2108 indeﬁnita
2014 2068 2179 2121 nega-
2285 2060 2459 2117 potest
2486 2060 2541 2105 ut
2571 2052 2641 2106 sit
2669 2051 2875 2106 risibile
2900 2054 3197 2120 subjectum
3222 2060 3276 2107 et
3305 2052 3469 2107 homo
3499 2050 3866 2119 praedicatum,

586 2154 695 2208 tiva
718 2198 731 2221 ,
780 2153 864 2209 vel
896 2151 1215 2208 universalis
1260 2152 1507 2220 negativa
1538 2158 1594 2204 et
1624 2148 1897 2203 indeﬁnita
1937 2148 2176 2203 amrma-
2282 2152 2335 2196 et
2365 2142 2574 2198 dicatur
2604 2157 2760 2198 omne
2793 2143 2998 2198 risibile
3024 2144 3203 2196 homo.
3240 2145 3296 2197 In
3338 2143 3533 2212 quibus
3578 2158 3705 2197 vero
3735 2158 3871 2200 unus

588 2246 716 2312 tiva,
764 2260 940 2314 neque
970 2260 1111 2299 vera:
1157 2243 1313 2299 simul
1362 2256 1482 2297 esse
1535 2249 1778 2311 possunt,
1810 2254 1984 2308 neque
2009 2240 2169 2295 simul
2283 2235 2542 2288 terminus
2585 2234 2694 2290 alio
2738 2235 3122 2300 abundaverit,
3156 2236 3391 2290 converti
3438 2234 3731 2303 propositio
3758 2248 3867 2287 uon

587 2337 755 2392 falsae.
792 2338 1107 2393 Dividuntur
1135 2344 1313 2391 autent
1352 2335 1493 2388 inter
1519 2348 1578 2389 se
1612 2348 1797 2387 verum
1829 2331 2127 2397 falsumque
2158 2349 2170 2383 :
2283 2337 2478 2394 potest.
2510 2326 2642 2381 Nam
2672 2328 2717 2382 si
2746 2327 2916 2393 dicas,
2960 2329 3137 2383 omnis
3166 2327 3328 2383 homo
3368 2327 3561 2383 animal
3591 2337 3702 2396 est,
3738 2342 3865 2385 vera

586 2443 707 2483 nam
740 2430 783 2483 si
817 2429 1040 2493 dixeris,
1078 2426 1252 2481 omnis
1282 2424 1444 2479 homo
1489 2424 1644 2493 bipes
1682 2431 1784 2487 est,
1829 2436 1953 2477 vera
1984 2431 2088 2483 est,
2120 2431 2175 2477 et
2280 2428 2395 2483 est;
2425 2434 2532 2474 non
2567 2430 2741 2475 tamen
2772 2428 2949 2490 potest
2980 2420 3098 2475 ﬁeri
3125 2428 3180 2474 ut
3221 2434 3479 2476 conversa
3522 2419 3637 2475 hate
3666 2434 3861 2489 propo-

585 2518 631 2573 εἰ
658 2517 802 2573 dicas
826 2517 986 2571 homo
1009 2517 1160 2585 bipes
1182 2532 1286 2572 non
1319 2525 1423 2581 εει,
1453 2515 1584 2570 falsa
1615 2522 1717 2570 εει.
1742 2516 1872 2570 Item
1901 2515 1944 2569 si
1975 2513 2177 2568 dixeris
2281 2504 2407 2564 sitio
2436 2511 2680 2566 terminis
2708 2512 3048 2566 commutatis
3078 2526 3204 2567 vera
3234 2514 3305 2566 sit
3338 2530 3349 2563 :
3386 2511 3575 2566 falsum
3609 2520 3694 2566 est
3719 2510 3862 2566 enim

586 2610 751 2666 homo
800 2609 1100 2677 quadrupes
1148 2618 1250 2671 est,
1297 2607 1432 2661 falsa
1478 2614 1580 2671 cst,
1632 2607 1680 2660 si
1726 2605 1944 2670 dixeris,
1998 2604 2174 2659 nullus
2280 2603 2482 2667 dicere,
2514 2617 2674 2658 omne
2703 2602 2900 2658 animal
2934 2604 3096 2657 homo
3122 2612 3226 2659 est.
3258 2601 3364 2661 Sed
3394 2602 3496 2659 hoc
3524 2617 3622 2659 cur
3649 2601 3867 2658 evenit?

584 2698 747 2756 homo
764 2699 1068 2769 quadrupes
1089 2704 1192 2767 est,
1219 2712 1341 2753 vera
1372 2706 1484 2752 est:
1508 2696 1648 2751 unde
1680 2696 1803 2750 hinc
1828 2708 2042 2766 quoque
2062 2695 2176 2750 col-
2278 2693 2402 2764 quia
2434 2693 2651 2749 homine
2680 2695 2877 2749 animal
2921 2695 3177 2751 abundat.
3226 2694 3323 2751 Illa
3373 2710 3506 2752 vero
3549 2696 3863 2762 conversio,

589 2791 754 2861 ligere
780 2791 905 2845 licet
927 2804 1115 2845 omnes
1140 2788 1445 2844 indeﬁnitas
1478 2796 1744 2859 potestate
1772 2795 1829 2842 et
1857 2788 1908 2841 vi
1938 2788 2174 2857 aequales
2285 2801 2407 2853 quae
2440 2801 2535 2854 per
2559 2786 3069 2856 contrapositiouem
3100 2787 3161 2843 ﬁt
3200 2789 3300 2845 hoc
3329 2789 3492 2845 modo
3521 2790 3580 2844 ﬁt
3613 2806 3625 2843 :
3659 2801 3868 2859 quoties

583 2896 706 2938 esse
734 2880 1172 2953 particularibus.
1202 2880 1340 2935 Sunt
1365 2879 1526 2935 etiam
1558 2878 1802 2948 quaedam
1838 2878 2171 2947 propositio-
2281 2877 2337 2929 in
2386 2876 2708 2931 alﬁrmaliva
2750 2878 3049 2946 subjectum
3094 2877 3275 2945 fuerit,
3320 2879 3459 2936 idem
3512 2876 3771 2935 mutatum
3814 2892 3866 2936 et

587 2989 683 3030 nes
707 2989 825 3044 quae
854 2973 1097 3028 dividunt
1128 2972 1342 3043 quidem
1383 2981 1439 3027 et
1470 2973 1603 3041 ipsa:
1634 2984 1820 3026 verum
1851 2979 1906 3025 et
1953 2970 2167 3036 falsum,
2280 2964 2484 3021 factum
2534 2969 2880 3037 praedicatum
2925 2970 2992 3025 ad
3023 2971 3322 3040 negativam
3366 2970 3682 3045 particuIam
3715 2972 3863 3041 poni-

584 3075 645 3120 ut
677 3064 817 3119 Deus
856 3064 1118 3129 fulminat,
1164 3062 1303 3117 Deus
1342 3077 1448 3117 non
1477 3061 1744 3116 fulminat.
1774 3060 1877 3117 Sed
1909 3061 2026 3116 istas
2046 3069 2172 3114 tunc
2283 3068 2390 3124 tur,
2418 3067 2478 3113 ut
2502 3070 2589 3115 est
2620 3048 2796 3117 omnis
2829 3066 2987 3118 homo
3012 3064 3207 3120 animal
3235 3071 3341 3120 est.
3368 3064 3467 3119 ilic
3493 3064 3657 3120 homo
3690 3064 3865 3135 subje-a

583 3155 828 3211 dividunt
849 3158 987 3210 inter
1014 3170 1072 3210 se
1092 3169 1277 3211 verum
1299 3162 1357 3209 et
1378 3154 1591 3217 falsum,
1617 3167 1738 3208 cum
1766 3152 1904 3208 idem
1936 3161 2169 3219 tempus,
2280 3158 2426 3202 etum
2457 3160 2540 3203 est
2578 3161 2630 3206 et
2668 3152 2737 3207 ad
2763 3153 2861 3208 hoc
2892 3154 3088 3209 animal
3120 3154 3459 3222 praedicatur.
3486 3157 3544 3210 Si
3587 3172 3715 3212 vero
3740 3158 3859 3225 quis

586 3248 726 3303 idem
757 3248 1087 3318 subjectum,
1120 3247 1259 3302 idem
1292 3245 1635 3315 praedicatum
1665 3245 1755 3299 sit.
1788 3243 1940 3308 Quod
1987 3252 2164 3299 autem
2194 3229 2245 3296 ϐ
2280 3252 2380 3303 per
2402 3243 2913 3312 contrapositionem
2942 3254 3237 3311 convertat,
3257 3257 3311 3302 et
3340 3245 3501 3304 faciat
3525 3249 3721 3304 animal
3740 3248 3868 3303 sub-

585 3340 705 3396 dico
738 3341 843 3395 tale
874 3350 975 3408 est,
1027 3341 1073 3394 si
1102 3340 1435 3409 requivocum
1486 3337 1789 3409 subjectum
1843 3336 2023 3405 fuerit,
2059 3352 2165 3392 non
2274 3331 2475 3399 jectum
2520 3334 2793 3390 hominem
2855 3336 3198 3405 pradicatum
3223 3376 3239 3399 ,
3266 3345 3322 3392 et
3349 3338 3415 3393 ad
3447 3338 3712 3395 hominem
3743 3352 3864 3407 par-

582 3430 825 3485 dividunt
878 3446 1061 3484 verum
1118 3438 1173 3484 et
1232 3430 1446 3486 falsum.
1502 3431 1560 3486 Si
1613 3432 1734 3501 quis
1786 3431 1930 3484 enim
1989 3430 2166 3496 dicat,

2164 3476 2166 3486 ν
2280 3422 2496 3505 ticulam
2527 3428 2827 3493 negativam
2860 3435 3057 3494 ponat,
3101 3425 3203 3481 hoc
3233 3427 3394 3482 modo
3431 3426 3592 3485 faciet
3638 3444 3650 3479 ε
3699 3440 3858 3483 omne

582 3523 714 3577 Cato
766 3536 825 3576 se
874 3521 1041 3577 Uticae
1085 3522 1305 3588 occidit,
1357 3532 1414 3578 et
1460 3522 1875 3591 respondeatur,
1929 3520 2060 3576 Cato
2110 3536 2171 3575 se
2278 3529 2386 3569 non
2414 3516 2748 3571 animinon
2780 3517 2941 3572 homo
2985 3526 3107 3583 est,
3155 3526 3211 3574 et
3250 3518 3349 3572 erit
3395 3518 3494 3573 ista
3539 3516 3858 3583 conversio.

583 3612 751 3668 Utica:
776 3627 884 3667 non
913 3612 1141 3681 occidit,
1172 3623 1414 3685 utrasque
1439 3628 1581 3667 verae
1622 3620 1766 3667 sunt.
1795 3611 1927 3665 Nam
1955 3620 2011 3665 et
2035 3611 2170 3667 Cato

2167 3639 2170 3653 .
2278 3607 2455 3660 omnis
2483 3607 2643 3660 homo
2667 3607 2864 3661 animal
2885 3616 2990 3673 est,
3020 3624 3182 3663 omne
3212 3623 3316 3663 non
3339 3608 3539 3690 animal
3563 3622 3672 3665 non
3700 3607 3861 3667 homo

585 3706 757 3761 Minor
780 3722 840 3762 se
868 3707 1130 3777 peremit,
1164 3717 1217 3763 et
1247 3708 1378 3762 Cato
1417 3707 1708 3762 Censorius
1738 3722 1797 3762 se
1850 3706 2014 3762 Utica:
2062 3722 2169 3761 non

2159 3726 2169 3761 ι
2279 3705 2385 3761 εει;
2416 3698 2510 3751 sed
2541 3697 2609 3751 de
2639 3698 2725 3753 his
2755 3699 3021 3767 posterius
3049 3700 3405 3764 tractabimus,
3435 3716 3576 3756 nunc
3613 3701 3681 3757 ad
3722 3703 3853 3757 sim-

583 3795 799 3852 occidit.
828 3797 932 3853 Sed
956 3798 1057 3853 hoc
1083 3798 1284 3853 idcirco
1311 3798 1520 3863 evenit,
1556 3797 1696 3868 quod
1726 3797 1943 3852 Catonis
1975 3812 2169 3854 nomen

2165 3822 2169 3853 π
2278 3788 2445 3857 plices
2472 3800 2828 3847 revertamur.
2858 3791 2991 3846 Cum
3036 3793 3144 3847 sint
3176 3794 3332 3862 igitur
3356 3804 3577 3861 quatuor
3612 3794 3859 3866 proposi-

582 3889 855 3959 aequivoce
889 3891 1105 3957 dicitur,
1137 3890 1333 3945 dicitur
1364 3889 1506 3945 enim
1541 3898 1593 3944 et
1619 3888 1787 3957 Major
1812 3888 1944 3943 Cato
1968 3888 2174 3946 Censo-

2167 3920 2174 3931 .
2282 3885 2458 3937 tiones
2485 3899 2707 3954 quarum
2740 3884 2859 3939 dum
2889 3884 3223 3941 universales
3253 3895 3398 3953 sunt,
3439 3886 3495 3943 id
3519 3896 3606 3943 est
3632 3886 3861 3943 afﬁrma-

583 3981 717 4046 rius,
746 3992 797 4038 et
829 3982 1003 4039 Minor
1028 3983 1313 4039 Uticensis.
1338 3982 1469 4038 Item
1498 3983 1541 4039 si
1587 3983 1858 4053 atquivoca
1907 3982 2066 4038 fuerit
2115 3984 2172 4040 in

2168 4012 2172 4039 ι
2283 3975 2387 4028 tivu
2420 3984 2472 4028 et
2497 3975 2767 4045 negativa,
2798 3974 2919 4031 duas
2964 3992 3092 4032 vero
3137 3979 3507 4047 particulares,
3538 3979 3591 4034 id
3619 3989 3703 4035 est
3723 3979 3862 4035 affiro

581 4071 945 4140 propositione
987 4074 1329 4143 praedicatio,
1363 4089 1545 4130 verum
1600 4075 1740 4129 inter
1782 4088 1842 4129 se
1887 4074 2174 4131 afﬁrmatio

2168 4098 2174 4125 .
2282 4067 2477 4120 mativa
2526 4076 2582 4123 et
2638 4068 2877 4137 negativa
2906 4109 2921 4133 ,
2980 4069 3316 4138 particularis
3386 4070 3703 4126 aftirmativa
3729 4116 3744 4139 ,
3811 4079 3862 4128 et

581 4165 899 4233 negatioque
940 4181 1045 4219 non
1076 4166 1342 4221 dividunt.
1374 4167 1428 4221 Si
1469 4167 1591 4237 quis
1633 4169 1777 4221 cnim
1809 4167 1886 4221 sic
1916 4165 2086 4231 dicat,
2117 4168 2171 4220 in

2164 4185 2171 4220 ι
2282 4155 2600 4211 universalis
2643 4160 2883 4227 negativa
2929 4162 3270 4216 commutatis
3318 4162 3561 4219 terminis
3598 4162 3696 4216 sibi
3745 4164 3858 4231 ipsa

582 4266 737 4311 nocte
768 4254 947 4318 lucet,
992 4264 1046 4309 et
1086 4256 1507 4321 reSpondeatur,
1540 4257 1591 4309 in
1644 4265 1802 4310 nocte
1848 4270 1950 4308 non
1998 4255 2167 4320 lucet,
2279 4249 2627 4304 convertitur.
2659 4248 3057 4308 Convertuntur
3076 4263 3253 4309 autem
3288 4254 3393 4309 illa:
3421 4246 3502 4324 (ut
3523 4253 3721 4309 dictum
3749 4256 3856 4323 εει)

581 4348 693 4404 ﬁeri
724 4356 899 4417 potest
928 4356 983 4401 ut
1030 4356 1267 4415 utrmque
1294 4361 1437 4401 verae
1477 4346 1601 4399 sint.
1638 4346 1769 4399 Nam
1814 4345 1866 4398 in
1898 4354 2058 4399 nocte
2086 4345 2165 4397 lu.
2218 4348 2223 4351 ‘
2281 4338 2524 4406 quaties,
2555 4343 2899 4397 commutatis
2933 4343 3207 4409 terminis,
3238 4346 3319 4399 vel
3350 4344 3499 4400 simul
3524 4360 3666 4400 verre
3700 4352 3855 4408 sunt,

580 4454 736 4495 cerno
770 4439 950 4494 lucere
974 4446 1169 4507 potest,
1203 4446 1255 4491 et
1300 4437 1380 4489 sol
1434 4437 1616 4490 lucere
1663 4452 1765 4490 non
1812 4444 2024 4505 potest;
2067 4435 2173 4490 hoc
2281 4428 2367 4483 vel
2412 4429 2569 4483 simul
2617 4430 2787 4487 falsae.
2831 4433 2959 4488 Nam
3008 4434 3055 4489 si
3101 4436 3220 4505 quis
3249 4435 3424 4501 dicat,
3453 4436 3668 4506 quidam
3701 4435 3861 4491 homo

576 4530 703 4586 ideo
726 4531 903 4586 evenit
932 4532 1053 4600 quia
1091 4530 1268 4585 lucere
1307 4528 1586 4599 aequivocc
1625 4538 1678 4584 et
1724 4528 1789 4583 ad
1822 4528 2054 4583 lucerna:
2084 4528 2171 4581 lu-
2278 4520 2476 4574 animal
2506 4530 2612 4589 est,
2642 4538 2768 4578 veru
2811 4534 2914 4580 εει.
2946 4524 3239 4583 Conversio
3269 4542 3398 4583 vero
3439 4528 3556 4597 ejus
3595 4526 3861 4598 quoddam

580 4638 702 4676 meu
748 4630 802 4676 et
853 4622 918 4675 ad
964 4621 1093 4676 solis
1130 4619 1343 4675 dicitur.
1380 4620 1622 4689 Amplius
1653 4619 1701 4674 si
1738 4619 1880 4674 aliud
1920 4628 1975 4675 et
2023 4618 2171 4674 aliud
2196 4602 2252 4668 Ῑ)
2276 4612 2473 4666 animal
2502 4612 2661 4668 homo
2685 4622 2786 4681 est,
2812 4631 2937 4670 vera
2977 4628 3080 4671 εει.
3124 4616 3255 4674 Item
3284 4618 3499 4689 quidam
3532 4622 3695 4673 homo
3728 4619 3859 4690 lapis

576 4712 629 4764 in
660 4711 913 4778 subjectis
944 4719 997 4766 et
1040 4710 1345 4779 prmdicitis
1374 4722 1582 4780 tempus
1624 4713 1819 4778 fuerit,
1856 4726 2041 4766 verum
2071 4712 2168 4767 fal-
2278 4715 2383 4771 est,
2410 4708 2538 4762 falsa
2566 4716 2671 4772 est,
2697 4708 3146 4779 quemadmodum
3176 4721 3230 4766 et
3256 4711 3373 4781 ejus
3402 4712 3683 4767 conversio
3699 4753 3721 4780 ,η
3740 4712 3857 4782 qui-

576 4814 803 4869 sumque
838 4802 979 4855 inter
1005 4816 1065 4856 se
1099 4802 1386 4859 afﬁrmatio
1417 4802 1734 4873 negatioque
1762 4818 1869 4858 non
1896 4804 2161 4859 dividunt.

2276 4798 2399 4852 dam
2434 4785 2571 4867 lapis
2598 4800 2760 4855 homo
2791 4811 2892 4865 cst,
2927 4816 3047 4857 nam
3078 4812 3132 4857 et
3161 4803 3261 4857 ista
3292 4803 3420 4858 falsa
3447 4812 3549 4858 est.
3584 4804 3677 4859 Est
3704 4787 3856 4873 igitur

576 4894 705 4948 Nam
737 4895 780 4949 si
810 4898 929 4965 quis
960 4895 1131 4960 dicat,
1163 4895 1414 4950 Socrates
1445 4899 1713 4963 ambulat,
1746 4907 1795 4951 et
1828 4898 2162 4966 respondea-
2277 4890 2611 4958 particularis
2639 4891 2948 4946 aiﬁrmativa
2981 4909 3098 4963 qum
3125 4894 3463 4950 commutatis
3491 4896 3734 4950 terminis
3763 4896 3857 4950 sibi

577 4995 682 5049 tur,
704 4984 957 5039 Socrates
1007 4998 1110 5036 non
1156 4984 1395 5038 ambulat
1417 5024 1431 5046 ,
1461 4994 1688 5053 possunt
1732 4994 1974 5054 utraeque
2019 5002 2163 5042 verm
2272 4981 2388 5050 ipsa
2409 4984 2753 5038 convertitur.
2781 4983 2924 5039 Idem
2953 4999 3082 5040 vero
3112 4986 3310 5055 patitur
3342 4986 3658 5043 universalis
3693 5001 3858 5058 nega-

575 5088 713 5141 esse,
749 5084 925 5144 potest
949 5072 1092 5126 enim
1126 5072 1242 5125 ﬁeri
1278 5082 1333 5125 ut
1357 5073 1609 5127 Socrates
1633 5072 1740 5126 alio
1772 5082 2011 5143 tempore
2040 5090 2161 5129 am-
2277 5072 2372 5126 tio.
2405 5072 2462 5126 Si
2486 5072 2605 5141 quis
2633 5076 2774 5128 enim
2805 5075 2969 5145 dicat,
3013 5078 3193 5133 nullus
3220 5078 3382 5133 homo
3411 5077 3546 5148 lapis
3593 5085 3704 5145 est,
3737 5090 3857 5131 vera

576 5165 754 5228 bulet,
786 5165 891 5219 alio
917 5173 1157 5231 tempore
1198 5176 1303 5216 non
1354 5163 1622 5228 ambulet;
1656 5164 1751 5219 sed
1794 5173 1885 5218 aut
1932 5173 2038 5221 stet
2070 5176 2164 5222 aut
2274 5171 2379 5229 est,
2407 5174 2460 5219 et
2488 5169 2922 5232 poteStcomerti
2956 5169 3135 5225 nullus
3165 5170 3301 5240 lapis
3331 5169 3492 5226 homo
3520 5178 3624 5237 est,
3658 5185 3778 5225 nam
3806 5179 3857 5225 et

575 5256 790 5325 sedeat,
822 5268 913 5312 aut
934 5254 1211 5327 quodlibet
1248 5254 1386 5309 aliud
1420 5256 1509 5312 :in
1542 5257 1736 5312 talibus
1764 5272 1892 5328 ergo
1919 5262 2164 5330 proposi—
2274 5255 2378 5310 ista
2409 5270 2534 5309 vera
2563 5267 2662 5311 est.
2691 5258 2821 5313 Item
2846 5261 3022 5316 nullus
3055 5262 3219 5317 homo
3246 5267 3429 5320 rhetor
3456 5272 3562 5331 est,
3592 5262 3723 5317 falsa
3754 5272 3855 5330 est,

577 5350 814 5405 tionibus
843 5350 1027 5421 quales
1052 5359 1196 5416 sunt,
1231 5349 1477 5405 Socrates
1498 5350 1750 5414 ambulat,
1774 5351 2025 5408 Socrates
2055 5368 2162 5411 non
2274 5362 2328 5406 et
2351 5351 2467 5422 ejus
2493 5355 2775 5409 conversio
2799 5397 2815 5423 ,
2844 5357 3019 5412 nullus
3048 5358 3232 5415 rhetor
3256 5359 3416 5414 homo
3445 5366 3528 5413 est
3548 5401 3563 5425 ,
3595 5359 3725 5413 falsa
3756 5369 3855 5412 εει.

574 5440 839 5503 ambulat,
886 5439 992 5494 illae
1043 5442 1184 5495 inter
1227 5453 1286 5495 se
1332 5454 1518 5495 verum
1570 5440 1870 5511 falsumque
1917 5443 2166 5502 dividunt
2274 5445 2335 5505 In
2381 5455 2608 5516 quatuor
2652 5448 2809 5517 igitur
2856 5448 2940 5504 his
2989 5451 3443 5522 propositionibus
3492 5451 3611 5506 duas
3659 5460 3858 5504 tantum

550 5522 694 5602 'quae
737 5531 802 5585 ad
846 5530 989 5586 idem
1019 5531 1346 5601 subjectum,
1383 5530 1449 5585 ad
1496 5531 1636 5588 idem
1675 5533 2053 5603 praedicatum,
2093 5536 2162 5592 ad
2274 5539 2700 5609 contrajacentcs
2745 5539 2846 5595 sibi
2898 5542 3027 5607 ipsa:
3061 5552 3469 5610 convertuntur,
3505 5543 3555 5597 id
3586 5552 3668 5597 est
3701 5540 3858 5611 parti-

578 5623 717 5677 idem
743 5633 975 5692 tempus,
1009 5624 1279 5709 dicuntur.
1300 5622 1439 5680 Sunt
1463 5625 1625 5679 etiam
1653 5624 1779 5680 alias
1799 5641 1919 5697 quae
1944 5639 2159 5683 eontra-
2272 5630 2475 5685 cularis
2504 5630 2787 5685 afﬁrmatio
2838 5640 2893 5687 et
2932 5634 3249 5692 universalis
3294 5636 3527 5707 negatio.
3573 5635 3706 5688 Alia:
3736 5647 3858 5687 vero

576 5712 821 5799 (lictoriae
843 5726 1135 5779 vocantur,
1165 5730 1285 5783 qua:
1323 5724 1447 5770 sunt
1478 5717 1799 5786 huiusmodi,
1832 5722 2044 5788 quoties
2072 5722 2158 5775 af-
2273 5720 2395 5777 duae
2424 5719 2525 5776 sibi
2552 5721 2681 5791 ipsis
2705 5738 2810 5779 non
2838 5737 3248 5784 convertuntur.
3279 5728 3412 5785 Nam
3442 5743 3617 5799 neque
3649 5728 3857 5782 univt-r-

578 5798 939 5858 Mutationem
982 5803 1338 5859 univemIein
1386 5806 1524 5860 tollit
1549 5808 1763 5875 negatio
1789 5810 2157 5885 particular-is,
2247 5811 2409 5892 _aalia
2437 5811 2753 5886 afﬁrmatio,
2782 5831 2954 5887 neque
2998 5820 3338 5889 particularia
3379 5820 3591 5894 negatio
3621 5816 3728 5875 sibi
3748 5818 3857 5889 ipsa

2193 5908 2249 5937 Qv-
