4290 6272
1485 388 1575 443 ns:
1615 384 2038 444 SYLLOGISIO
2073 386 2509 444 CATEGOBICO
2572 341 2579 345 ’

3524 386 3628 442 806

368 500 711 558 convertitur.
730 497 920 570 Siquis
934 499 1078 555 enim
1090 498 1438 563 dicat,omuis
1457 499 1829 554 hoinoanimal
1847 510 1949 565 est,
1976 506 2033 568 Α
2056 501 2112 555 1η
2140 499 2232 569 liis
2260 514 2388 570 ergo
2418 500 2548 554 solae
2576 503 2811 556 converti
2845 512 3086 572 possunt.
3118 503 3174 557 In
3203 501 3321 557 aliis
3343 512 3473 558 vero
3494 517 3625 558 con-

368 611 491 651 vera
517 606 620 651 est.
645 596 702 650 Si
734 594 854 663 quis
883 608 1008 647 vero
1029 601 1335 659 convertat,
1372 607 1533 646 omne
1562 590 1754 645 animal
1788 591 1948 646 homo

367 698 465 750 cst,
484 687 671 741 falsum
685 694 786 740 εει.
802 685 917 740 Non
940 686 1101 756 igitur
1116 685 1212 739 sibi
1237 686 1335 753 ipsi
1349 685 1581 738 converti
1601 694 1794 753 potest.
1816 698 1947 751 quo-

366 781 506 832 niam
531 792 787 832 conversa
821 777 1011 845 prioris
1056 778 1330 830 veritatem
1377 790 1479 829 non
1522 776 1733 845 recipit.
1765 774 1946 845 Neque

367 887 493 923 vero
524 868 855 937 particularis
880 868 1089 935 negatio
1118 866 1220 921 sibi
1243 866 1339 934 ipsi
1362 867 1715 921 convertitur.
1740 866 1869 920 Nam
1897 865 1943 919 si

363 965 485 1032 quis
514 962 676 1027 dicat,
704 959 918 1029 quidam
951 961 1111 1011 iiomo
1139 956 1516 1026 grammaticus
1545 972 1650 1011 non
1684 967 1786 1021 est,
1813 971 1941 1012 vera

363 1066 478 1116 ist;
522 1052 569 1106 si
612 1064 741 1104 vero
779 1059 1075 1117 convertat,
1126 1048 1338 1117 quidam
1378 1048 1759 1118 grammaticus
1780 1050 1944 1101 homo

364 1158 468 1196 u-on
497 1152 608 1204 est,
631 1142 760 1196 falsa
790 1149 874 1195 est
903 1157 915 1193 :
950 1141 1126 1194 omnis
1171 1140 1313 1194 enim
1358 1139 1736 1207 grammaticus
1782 1138 1945 1193 homo

363 1243 465 1287 εει.
493 1232 857 1301 ltepeteudum
887 1240 971 1286 est
1011 1232 1169 1299 igitur
1198 1245 1226 1283 a
1269 1233 1444 1300 capite
1470 1230 1610 1299 quod
1653 1245 1772 1283 cum
1813 1244 1944 1299 qua—

364 1333 483 1379 tuor
505 1325 897 1393 propositiones
921 1324 1050 1385 sint,
1077 1322 1368 1375 afﬁrmatio
1412 1321 1724 1375 universalis
1741 1360 1755 1384 ,
1785 1336 1945 1389 nega-

363 1416 439 1469 tio
464 1415 807 1475 universalis,
839 1414 1125 1466 affirmatio
1150 1412 1506 1480 particularis,
1541 1410 1748 1479 negatio
1776 1412 1942 1479 parti-

363 1507 583 1571 cularis,
616 1505 953 1577 parieularis
974 1504 1280 1569 afﬁrmatio,
1309 1514 1362 1557 et
1393 1503 1706 1557 universalis
1735 1503 1946 1571 negatio

364 1612 485 1667 qua:
506 1602 933 1661 contraxi-entes
960 1605 1113 1658 sunt,
1143 1595 1242 1649 sibi
1282 1593 1411 1663 ipsis
1437 1609 1621 1649 convei
1638 1596 1673 1647 ti
1700 1602 1940 1660 possunt.

366 1689 697 1746 Universalis
732 1702 861 1741 vero
906 1688 1190 1743 afﬁrmatio
1230 1696 1283 1741 et
1322 1688 1655 1755 particularis
1696 1687 1941 1753 negatio,

369 1795 485 1850 qua:
508 1780 637 1849 ipsa:
665 1778 1092 1845 contrajacentes
1116 1785 1261 1841 sunt,
1292 1790 1562 1846 nunquam
1596 1783 1816 1844 possunt
1842 1776 1946 1829 sibi

2051 590 2185 646 verti
2208 606 2313 645 non
2337 599 2579 660 possunt.
2609 586 2778 662 Atque
2817 594 2937 648 ideo
2965 595 3335 650 universaliter
3362 610 3468 650 non
3499 613 3627 651 rou-

2048 688 2360 745 vertuntur;
2392 689 2635 735 remanet
2674 696 2801 751 ergo
2837 690 2894 736 ut
2930 683 2980 736 in
3012 683 3131 738 aliis
3162 686 3318 761 rebus
3357 686 3627 753 omnibus,

2049 780 2107 824 ut
2128 772 2371 840 superius
2401 772 2601 827 dictum
2624 783 2704 827 est
2724 814 2738 837 ,
2766 788 2873 828 non
2914 786 3311 831 convertantur.
3355 780 3466 835 lloc
3501 796 3630 836 vero

2050 862 2476 932 perspiciendum
2517 873 2620 929 est,
2673 864 2814 934 quo’d
2841 850 3174 933 particularis
3200 868 3485 926 affirmatio
3510 890 3630 943 qua:

2047 949 2148 1003 sibi
2174 950 2269 1019 ipsi
2292 951 2652 1016 convertitur,
2679 949 2963 1007 universali
2991 953 3353 1021 aifirmationi,
3385 974 3502 1029 qua:
3525 960 3628 1017 sibi

2048 1054 2156 1093 non
2192 1040 2563 1108 convertitur,
2613 1056 2708 1106 per
2751 1043 2997 1097 accidens
3044 1047 3283 1098 converti
3328 1058 3521 1115 potest.
3567 1052 3629 1106 Et

2047 1127 2174 1182 item
2204 1128 2577 1198 contrajacens
2614 1131 2897 1186 universali
2926 1132 3264 1188 allirmationi
3294 1138 3629 1204 particuiaris
3678 1206 3679 1209 η

2047 1223 2260 1292 negatio
2280 1264 2292 1285 ,
2331 1238 2450 1291 qua:
2472 1223 2571 1277 sibi
2607 1224 2704 1293 ipsi
2746 1240 2850 1278 non
2880 1227 3232 1292 convertitur,
3264 1231 3502 1283 Converti
3534 1245 3624 1299 po-

2049 1321 2155 1367 test
2177 1327 2273 1382 per
2302 1312 2549 1367 aciidens
2581 1315 2848 1383 negationi
2875 1317 3159 1371 universali
3187 1361 3202 1385 ,
3236 1333 3355 1387 quae
3387 1318 3486 1373 sibi
3528 1322 3628 1387 ipsi

2047 1406 2397 1459 convertitur.
2431 1406 2534 1461 Sed
2578 1409 2847 1475 quomodo
2893 1408 3226 1476 particularis
3266 1410 3549 1465 affirmatio
3576 1419 3630 1467 ct

2050 1498 2368 1552 universalis
2410 1500 2620 1568 negatio
2660 1500 2763 1554 sibi
2812 1501 2942 1567 ipsis
2978 1511 3356 1557 convertantur
3390 1504 3628 1560 ostendi~

2048 1604 2190 1643 mus.
2236 1589 2391 1643 Nunc
2457 1606 2582 1644 vero
2638 1592 2908 1660 quomodo
2964 1593 3296 1661 particularis
3346 1584 3628 1653 afﬁrmatio

2051 1681 2338 1735 universali
2384 1681 2728 1736 affirmationi
2766 1698 2861 1750 per
2900 1684 3149 1740 accidens
3174 1727 3187 1749 ,
3236 1687 3317 1741 vel
3360 1691 3626 1757 quomodo

2050 1772 2386 1840 particularis
2407 1774 2621 1843 negatio
2647 1775 2930 1828 universali
2961 1777 3227 1844 negationi
3262 1794 3356 1846 per
3376 1780 3625 1836 accidens

367 1872 500 1943 ipsis
545 1872 804 1928 converti.
854 1870 964 1926 Nec
1012 1871 1113 1925 boc
1152 1886 1248 1925 nos
1290 1873 1468 1926 turbet
1509 1870 1650 1940 quod
1699 1870 1944 1939 quaedam
1974 1868 2027 1931 Β
2052 1874 2453 1929 convertantur,
2486 1866 2961 1921 demonstrandum
2984 1879 3088 1921 est.
3121 1868 3330 1925 Dictum
3358 1881 3439 1927 est
3465 1887 3628 1942 supe-

368 1966 747 2027 alfirmationes
809 1962 1139 2018 universales
1189 1972 1241 2016 et
1293 1963 1533 2033 quazdam
1587 1963 1943 2032 particulares

371 2057 679 2125 negationes
700 2056 938 2111 converti
965 2062 1204 2122 possunt.
1234 2055 1413 2110 Putest
1448 2056 1589 2109 enim
1620 2056 1726 2109 diri
1769 2056 1946 2109 omnis

373 2147 534 2203 homo
555 2146 773 2203 risibilis
800 2156 902 2213 est,
926 2159 1082 2200 omne
1104 2145 1302 2200 risibile
1322 2145 1480 2200 liomo
1500 2156 1600 2207 est,
1627 2156 1680 2200 et
1705 2156 1942 2215 utraeque

374 2253 510 2295 verte
531 2249 675 2295 sunt.
707 2240 772 2296 Et
795 2241 919 2296 item
946 2240 1121 2294 omnis
1149 2241 1307 2294 homo
1352 2240 1626 2296 binoibilis
1669 2252 1781 2309 est,
1815 2242 1942 2295 falsa

372 2342 471 2394 εει,
495 2340 545 2385 ει
574 2347 730 2387 omne
758 2330 1020 2387 liinnibile
1051 2332 1208 2385 homo
1232 2342 1335 2399 εει,
1358 2342 1412 2386 ει
1436 2330 1551 2386 haec
1580 2348 1792 2401 quoque
1812 2332 1945 2387 falsa

373 2431 472 2478 est.
507 2422 634 2479 item
660 2425 715 2478 in
741 2423 1049 2492 partiCulari
1079 2424 1381 2491 negatione,
1404 2424 1618 2494 quidam
1646 2420 1807 2478 homo
1838 2440 1943 2479 non

373 2522 454 2579 est
480 2513 609 2582 lapis
629 2552 645 2579 ,
673 2529 796 2571 vera
820 2524 903 2569 est
927 2559 939 2581 ,
975 2527 1027 2569 et
1056 2515 1269 2584 quidam
1300 2515 1431 2585 lapis
1479 2530 1586 2569 non
1620 2526 1705 2570 est
1746 2515 1908 2569 homo
1928 2556 1941 2576 .

373 2617 499 2659 vera
522 2614 623 2659 est.
658 2604 788 2660 item
817 2606 1032 2675 quidam
1064 2609 1227 2661 homo
1257 2623 1363 2661 non
1406 2615 1489 2661 est
1535 2607 1766 2674 risibile,
1812 2606 1947 2660 falsa

372 2704 474 2760 est,
504 2694 768 2764 quoddam
794 2696 1001 2755 risibile
1026 2696 1188 2751 homo
1216 2713 1321 2751 non
1350 2706 1461 2763 est,
1498 2708 1552 2751 et
1592 2698 1704 2751 hoc
1730 2712 1948 2765 quoque

372 2783 505 2843 falsa
526 2794 629 2842 est.
652 2784 791 2854 Ergo
820 2786 1063 2841 videntur
1090 2801 1249 2861 posse
1274 2787 1601 2842 universales
1624 2786 1944 2841 afﬁrmatio-

372 2890 469 2930 nes
492 2884 544 2930 et
604 2878 949 2945 particulares
978 2879 1289 2947 negationes
1325 2878 1600 2945 converti,
1630 2886 1685 2933 et
1719 2893 1944 2933 conver-

374 2975 555 3023 tuntur
591 2968 839 3038 quidem,
888 2970 983 3024 sed
1026 2984 1129 3024 nou
1178 2969 1571 3025 universaliter.
1614 2969 1950 3025 Generaliter

372 3070 551 3115 autem
595 3059 716 3115 dico
768 3062 1157 3130 propositiones
1206 3075 1363 3131 posse
1412 3062 1687 3126 converti,
1738 3061 1949 3127 quoties

374 3150 764 3214 universaliter,
804 3151 858 3207 id
890 3162 971 3207 est
1010 3151 1066 3207 in
1109 3153 1356 3208 omnibus
1397 3162 1802 3209 convertuntur.
1832 3153 1951 3207 Ista

2046 1958 2159 2010 rius
2186 1956 2328 2025 quod
2352 1957 2397 2010 si
2431 1970 2556 2011 vera
2587 1966 2671 2011 est
2703 1958 3020 2013 universalis
3045 1960 3355 2028 afﬁrmatio,
3390 1978 3513 2019 vera
3548 1976 3630 2021 est

2048 2050 2212 2128 etiam
2237 2050 2572 2117 particularis
2589 2091 2603 2113 ,
2627 2058 2683 2105 et
2710 2061 3026 2119 sequeretur
3056 2055 3387 2121 particularis
3417 2058 3628 2112 univer-

2045 2139 2237 2196 salem.
2263 2139 2395 2194 Nam
2425 2141 2469 2193 si
2494 2154 2617 2195 vera
2643 2149 2729 2195 est
2769 2141 2943 2196 omnis
2973 2142 3133 2198 homo
3155 2144 3353 2200 animal
3375 2149 3475 2213 e’st,
3502 2161 3625 2203 vera

2046 2244 2127 2288 est
2160 2235 2321 2288 etiam
2344 2233 2556 2303 quidam
2581 2233 2744 2290 homo
2765 2236 2960 2290 animal
2982 2246 3076 2291 εει.
3106 2239 3161 2293 Si
3184 2241 3325 2295 enim
3355 2242 3552 2309 omnis,
3576 2244 3635 2296 ει

2047 2328 2288 2396 quidam;
2319 2328 2412 2382 sed
2446 2328 2778 2397 particularis
2798 2329 3081 2386 amrmatio
3106 2332 3200 2387 sibi
3227 2334 3322 2403 ipsi
3353 2337 3625 2391 converti-

2049 2427 2157 2481 tur,
2188 2421 2519 2475 convertitur
2541 2422 2703 2474 etiam
2726 2421 3010 2475 universali
3042 2424 3398 2480 alﬁrmationi.
3430 2427 3560 2482 Nam
3585 2428 3630 2482 si

2050 2511 2227 2563 omnis
2247 2513 2407 2564 homo
2443 2512 2635 2565 animal
2659 2519 2774 2580 est,
2800 2523 2852 2567 et
2873 2514 3088 2582 quidam
3118 2517 3279 2571 bomo
3305 2519 3501 2573 animal
3526 2530 3627 2575 est.

2050 2599 2157 2655 Sed
2188 2600 2284 2654 ista
2308 2603 2405 2655 sibi
2442 2602 2769 2657 convertitur
2793 2603 2892 2658 hoc
2923 2604 3112 2673 modo,
3141 2609 3185 2661 si
3216 2608 3393 2675 dicas,
3418 2612 3630 2679 quidam

2053 2691 2216 2745 homo
2231 2692 2427 2747 animal
2446 2703 2546 2747 est.
2564 2692 2744 2748 Potest
2762 2694 2920 2764 igitur
2934 2698 3172 2753 converti
3186 2699 3254 2753 ad
3274 2702 3449 2756 omnis
3472 2682 3655 2758 homo.

2052 2781 2247 2834 animal
2284 2791 2365 2836 εει
2394 2784 2750 2839 universalem
2773 2788 3182 2844 afflrmationem
3206 2792 3537 2859 particularis
3557 2795 3633 2848 af-

2053 2872 2303 2939 firmatio,
2333 2888 2450 2941 quae
2469 2884 2551 2929 est
2570 2877 2782 2945 quidam
2808 2877 2969 2931 liomo
2988 2880 3183 2933 animal
3205 2891 3307 2947 est,
3330 2892 3382 2935 et
3408 2897 3634 2937 conver-

2054 2966 2207 3032 titur,
2236 2975 2293 3019 ιιι
2320 2967 2363 3020 si
2386 2965 2533 3020 dicas
2554 2965 2817 3036 quoddam
2848 2971 3043 3023 animal
3074 2972 3233 3024 homo
3260 2981 3361 3037 est;
3391 2985 3629 3043 utrmque

2055 3053 2199 3108 enim
2230 3070 2370 3109 verte
2418 3065 2572 3119 sunt,
2618 3066 2670 3111 et
2698 3072 2817 3126 quae
2844 3058 2991 3128 dicit,
3024 3060 3198 3114 omnis
3232 3060 3391 3117 bomo
3436 3066 3628 3119 animal

2055 3156 2161 3212 est,
2188 3158 2242 3202 et
2268 3163 2387 3217 qua:
2412 3148 2540 3203 dicit
2562 3145 2827 3218 quoddam
2858 3155 3053 3208 animal
3081 3155 3239 3210 homo
3266 3168 3346 3214 est
3371 3176 3385 3213 :
3417 3174 3511 3227 per
3534 3175 3627 3215 ac-

375 3250 556 3307 autem
596 3242 648 3295 in
691 3241 895 3297 duabus
925 3243 1056 3298 solis
1084 3243 1410 3299 materiebus
1439 3243 1678 3299 converti
1707 3252 1947 3312 possunt.
1975 3230 2023 3293 C
2054 3235 2243 3291 cidens
2271 3245 2450 3291 autem
2479 3240 2716 3294 converti
2757 3241 2950 3297 dicitur
2985 3246 3312 3313 particularis
3349 3248 3630 3307 affirmatio

374 3330 434 3386 Si
459 3332 578 3402 quis
600 3332 740 3386 enim
797 3335 1066 3402 proprium
1106 3333 1388 3403 cujuslibet
1431 3334 1629 3405 speciei
1672 3335 1738 3390 ad
1778 3336 1950 3404 ipsam

376 3422 609 3497 speciem
636 3422 790 3492 cujus
811 3434 893 3479 est
921 3426 1189 3494 pr0prium
1219 3424 1364 3479 velut
1388 3424 1454 3480 ad
1485 3424 1784 3493 subjectum
1810 3441 1950 3496 prai-

376 3513 550 3582 dicet,
575 3524 749 3587 potest
769 3527 1104 3573 convertere.
1133 3516 1265 3573 Nam
1295 3518 1417 3587 quia
1445 3518 1647 3574 risibile
1676 3520 1948 3587 preprium

376 3617 458 3661 est
483 3603 725 3674 homini,
754 3609 798 3662 si
831 3608 1092 3678 praedices
1138 3609 1372 3672 risibile,
1407 3618 1461 3662 et
1502 3609 1753 3678 subjicias
1782 3609 1955 3665 homi-

378 3713 536 3765 nem,
566 3708 624 3755 ut
650 3708 731 3755 est
759 3702 934 3757 omnis
954 3701 1125 3763 homo
1167 3700 1373 3757 risibile
1410 3710 1522 3768 est,
1559 3711 1714 3770 potes
1760 3702 1952 3757 iterum

379 3790 646 3859 subjicere
676 3790 876 3845 risibile
912 3801 967 3846 et
996 3791 1266 3847 hominem
1292 3791 1619 3861 pmdicare,
1649 3802 1704 3847 ut
1733 3792 1779 3846 si
1806 3792 1957 3847 dicas

380 3895 540 3937 omne
578 3882 782 3937 risibile
826 3891 909 3936 est
954 3881 1133 3936 homo.
1178 3883 1233 3937 In
1278 3882 1387 3937 illis
1434 3896 1560 3937 vero
1604 3884 1762 3937 simul
1810 3882 1954 3943 falsae

384 3981 515 4041 sunt
536 3972 865 4041 generalium
893 3972 1303 4037 affirmationum
1327 3976 1728 4041 conversiones,
1757 3975 1809 4028 in
1838 3974 1953 4043 qui-

386 4062 486 4115 lius
509 4062 562 4116 id
590 4062 730 4133 quod
763 4064 1077 4132 praedicatur
1110 4066 1175 4121 ad
1204 4067 1500 4136 subjectum
1532 4068 1679 4121 nullo
1717 4076 1958 4135 tempore

385 4167 512 4208 vere
541 4151 644 4207 dici
676 4161 883 4222 potest,
917 4165 974 4211 ut
1001 4157 1046 4210 si
1071 4156 1187 4225 quis
1212 4157 1388 4224 dicat,
1419 4157 1595 4211 omnis
1626 4156 1785 4209 homo
1821 4156 1957 4222 lapis

383 4253 495 4308 est,
542 4243 671 4299 falsa
720 4256 821 4300 est.
866 4245 933 4301 Et
980 4249 1199 4311 iterum,
1245 4248 1421 4304 omnis
1465 4246 1601 4316 lapis
1648 4248 1809 4303 homo
1850 4257 1956 4310 εει,

384 4337 514 4391 falsa
541 4346 626 4394 cst
661 4337 803 4404 haec,
856 4341 1105 4410 quoniam
1136 4342 1285 4397 nullo
1313 4352 1553 4411 tempore
1582 4355 1755 4409 neque
1797 4341 1959 4394 bomo

386 4424 520 4493 lapis
562 4436 679 4494 est,
724 4442 894 4499 neque
936 4430 1070 4502 lapis
1115 4432 1274 4488 homo
1317 4448 1443 4488 vere
1474 4432 1864 4501 prtcdicabitur.
1900 4432 1959 4485 In

387 4517 787 4583 particulai-ibus
809 4522 1067 4590 negativis
1081 4529 1403 4578 contrarium
1427 4535 1529 4587 est;
1554 4539 1673 4576 nam
1703 4530 1794 4577 aut
1810 4521 1959 4576 falsa:

2056 3326 2346 3381 universali
2390 3324 2753 3394 affirmationi,
2794 3332 2917 3400 quia
2965 3334 3297 3402 particularis
3344 3338 3633 3395 affirmatio

2055 3415 2161 3473 sibi
2182 3416 2281 3486 ipsi
2310 3417 2674 3487 principaliter
2702 3425 3052 3491 convenitur,
3094 3429 3329 3483 secundo
3360 3444 3489 3485 vero
3510 3430 3627 3487 loco

2057 3509 2351 3563 universali
2380 3509 2721 3565 alfirmationi
2762 3516 3110 3571 convertitur.
3142 3517 3328 3574 Restat
3376 3519 3535 3588 igitur
3573 3531 3630 3577 ut

2058 3599 2163 3652 lioc
2190 3608 2580 3665 monstremus,
2615 3602 2881 3670 quomodo
2920 3605 3253 3673 particularis
3276 3613 3492 3679 negatio
3516 3626 3635 3681 quae

2058 3690 2161 3746 sibi
2218 3706 2322 3747 non
2369 3691 2698 3748 convertitur
2739 3696 3025 3752 universali
3072 3699 3333 3769 negationi
3376 3717 3493 3771 quae
3531 3703 3633 3758 sibi

2060 3782 2390 3838 convertitur
2444 3799 2538 3851 per
2577 3785 2827 3841 accidens
2853 3799 3213 3860 convertatur,
3254 3801 3307 3847 et
3335 3792 3421 3848 hic
3447 3794 3634 3850 eadem

2060 3874 2199 3928 ratio
2221 3885 2321 3928 est.
2371 3874 2503 3928 Nam
2533 3877 2784 3942 quoniam
2834 3879 3149 3935 universalis
3176 3886 3386 3951 negatio
3426 3886 3471 3940 si
3510 3902 3633 3943 vera

2062 3971 2167 4026 est,
2192 3977 2320 4017 vera
2360 3974 2439 4016 est
2462 3963 2623 4017 etiam
2655 3966 3005 4033 particularis,
3040 3969 3358 4025 universalis
3388 3989 3512 4029 vero
3541 3991 3636 4031 ne-

2061 4054 2205 4120 gatio
2229 4052 2331 4107 sibi
2352 4053 2465 4121 ipsa
2487 4052 2832 4120 convertitur,
2856 4064 3028 4122 potest
3055 4058 3337 4112 universali
3365 4063 3634 4131 negationi

2062 4157 2337 4198 conversae
2376 4143 2711 4213 particularis
2765 4149 3005 4202 converti
3047 4149 3271 4217 negatio.
3322 4152 3434 4221 Age
3488 4156 3630 4208 enim

2066 4236 2422 4291 universalem
2472 4236 2825 4306 negationem,
2859 4237 2909 4291 id
2950 4247 3032 4294 est
3062 4240 3238 4295 nullus
3268 4242 3427 4297 homo
3457 4244 3636 4300 hinni-

2066 4331 2188 4386 bilis
2212 4342 2312 4396 εει,
2341 4339 2735 4399 convertamus,
2773 4342 2830 4387 ut
2864 4335 2933 4388 sit
2958 4334 3161 4389 nullum
3189 4335 3447 4392 liinnibile
3475 4337 3634 4394 homo

2067 4432 2171 4477 est.
2196 4422 2303 4480 Sed
2334 4425 2489 4479 istam
2507 4422 2948 4494 propositionem,
2981 4425 3031 4479 id
3063 4438 3139 4480 est
3173 4427 3530 4485 universalem
3549 4445 3638 4485 ne-

2066 4517 2296 4584 gativam
2318 4534 2435 4586 qua:
2462 4524 2563 4583 est,
2595 4519 2771 4572 nullus
2799 4520 2959 4573 homo
2980 4519 3256 4574 binoibilis
3278 4532 3379 4586 est,
3402 4523 3639 4592 sequitur

384 4618 538 4671 sunt,
561 4623 677 4663 cum
711 4611 981 4681 proprium
1012 4613 1313 4681 subjecmm
1344 4624 1426 4668 εει
1456 4622 1547 4667 aut
1582 4612 1955 4682 pradicattun,
1986 4596 2047 4659 Β
2072 4610 2403 4680 particularis
2448 4613 2657 4678 negatio
2693 4626 2815 4680 quae
2854 4620 2955 4674 est,
2988 4611 3200 4679 quidam
3230 4614 3392 4669 homo
3424 4633 3527 4671 non
3558 4628 3641 4672 cst

386 4707 441 4751 ut
468 4700 511 4753 si
553 4702 675 4769 quis
698 4700 867 4769 dicat,
907 4704 1120 4775 quidam
1151 4704 1311 4760 bomo
1347 4704 1546 4759 risibile
1570 4719 1674 4759 non
1704 4714 1785 4758 est
1807 4746 1822 4768 ,
1856 4703 1957 4757 I'al-

316 4779 325 4788 ’
384 4805 503 4844 sum
550 4802 649 4879 est.
696 4794 825 4849 item
880 4796 1149 4865 quoddam
1182 4797 1257 4851 ris
1278 4794 1383 4850 bile
1426 4796 1588 4851 homo
1624 4810 1728 4850 non
1762 4806 1873 4857 εει.
1905 4805 1962 4849 ει

385 4882 499 4938 haec
524 4899 736 4957 quoque
766 4888 897 4944 falsa
926 4902 1025 4944 est.
1065 4889 1127 4945 in
1158 4889 1262 4944 illis
1292 4902 1434 4944 vera:
1472 4896 1629 4953 sunt,
1658 4887 1870 4955 quando
1904 4886 1958 4941 id

384 4975 526 5044 quod
551 4976 869 5034 affirmando
896 4980 1042 5035 nullo
1072 4988 1311 5052 tempore
1334 4993 1460 5035 vere
1480 4977 1756 5049 praedicari
1784 4987 1961 5046 potest

384 5066 452 5121 ad
481 5068 777 5139 subjectum
808 5071 1130 5141 praedicant,
1156 5058 1214 5128 ut
1242 5073 1290 5130 si
1338 5072 1513 5139 dicas,
1550 5071 1765 5143 quidam
1794 5070 1958 5127 homo

384 5154 518 5224 lapis
545 5173 649 5214 non
673 5171 783 5225 est,
826 5176 954 5219 vera
993 5172 1096 5218 est.
1142 5164 1336 5221 Iterum
1363 5164 1576 5234 quidam
1617 5163 1751 5233 lapis
1796 5164 1957 5217 homo

383 5261 489 5303 nou
512 5261 613 5319 est,
645 5265 768 5315 vera
798 5262 902 5308 est.
927 5254 1066 5325 Ergo
1089 5254 1417 5313 universales
1441 5256 1823 5312 affirmationes
1845 5264 1954 5310 tum
1990 5304 1991 5309 η

382 5337 483 5394 sibi
509 5352 894 5403 convertuntur
924 5355 979 5399 ut
1009 5360 1152 5421 vera:
1178 5345 1287 5400 sint
1316 5360 1440 5401 cum
1492 5347 1769 5417 proprium
1821 5362 1955 5414 pra-

382 5430 581 5497 dicant,
614 5444 724 5490 tum
756 5437 859 5491 sibi
887 5442 1278 5507 convertuntur,
1303 5447 1360 5493 ut
1389 5439 1536 5495 falce
1561 5441 1670 5494 sint
1722 5454 1845 5494 cum
1903 5439 1959 5495 id

382 5519 525 5587 quod
565 5522 710 5576 nullo
759 5532 998 5595 tempore
1043 5526 1109 5580 ad
1152 5528 1447 5594 subjectum
1478 5543 1605 5585 vere
1631 5528 1734 5584 dici
1765 5530 1964 5598 poterit

387 5607 729 5674 pricdicatur.
781 5611 910 5677 item
959 5615 1012 5668 in
1052 5618 1459 5687 particularibus
1508 5621 1799 5688 uegativis,
1849 5630 1961 5677 tum

383 5696 529 5750 fa‘ls:e
552 5708 695 5765 sunt,
720 5715 839 5756 cum
866 5706 1137 5775 proprium
1167 5707 1487 5778 praedicant,
1514 5720 1621 5763 tum
1656 5726 1817 5778 verte,
1838 5728 1959 5768 cum

386 5784 437 5843 id
468 5789 607 5860 quod
642 5790 791 5850 nullo
835 5803 1079 5865 tempore
1110 5811 1235 5855 vere
1278 5796 1385 5859 dici
1424 5800 1618 5871 peterit
1644 5798 1957 5872 pradicant.

2071 4700 2365 4755 hiunibilis.
2392 4702 2657 4754 Caiiverte
2688 4702 2845 4770 igitur
2864 4704 3216 4759 universalem
3244 4721 3361 4775 qua:
3391 4718 3492 4774 est,
3522 4709 3641 4762 nul-

2073 4796 2155 4848 lus
2173 4792 2331 4847 homo
2358 4791 2630 4847 binoibilis
2646 4802 2749 4857 est,
2772 4801 2827 4847 ct
2854 4793 2956 4859 fac,
2979 4795 3179 4849 nullum
3203 4795 3463 4854 liiunibile
3482 4798 3641 4855 homo

2069 4894 2172 4949 est,
2205 4894 2458 4937 converte
2488 4885 2610 4937 huic
2628 4885 3003 4953 particularem
3025 4886 3366 4957 negationem
3394 4904 3515 4958 quae
3538 4900 3639 4952 est,

2070 4975 2284 5042 quidam
2333 4974 2490 5029 homo
2520 4988 2624 5028 non
2670 4982 2753 5028 est
2790 4973 3086 5040 binoibilis,
3129 4985 3185 5031 et
3226 4976 3330 5041 fac,
3378 4978 3642 5048 quoddam

2072 5066 2329 5121 liinnibile
2360 5081 2463 5120 non
2493 5075 2575 5122 est
2604 5066 2782 5132 homo,
2815 5077 3053 5138 utraeque
3078 5084 3217 5124 verae
3248 5078 3391 5123 sunt.
3428 5070 3561 5124 Nam
3590 5081 3643 5126 et

2072 5161 2275 5214 nullum
2305 5159 2562 5216 binnibi'e
2594 5161 2751 5216 homo
2776 5169 2875 5227 est,
2908 5177 3029 5233 qua
3054 5171 3136 5218 est
3166 5164 3481 5217 universalis
3510 5178 3643 5218 con-

2070 5251 2248 5307 versio
2275 5253 2590 5322 negationis,
2614 5268 2736 5307 vera
2766 5262 2865 5317 est,
2893 5253 3225 5323 etquoddam
3254 5253 3509 5309 hinnibile
3537 5270 3643 5309 non

2069 5350 2155 5397 est
2186 5340 2364 5403 homo.
2396 5358 2514 5412 qua:
2542 5343 2821 5398 conversio
2854 5344 3187 5412 particularis
3216 5346 3512 5414 negationis
3538 5356 3639 5400 est.

2066 5433 2178 5489 Cur
2211 5444 2388 5491 autem
2429 5450 2522 5503 per
2564 5435 2813 5490 accidens
2850 5436 3089 5491 converti
3127 5436 3369 5504 dicatur,
3400 5438 3643 5505 superius

2068 5528 2269 5583 dictum
2294 5536 2394 5583 est.
2424 5527 2614 5596 Liquet
2642 5541 2768 5596 ergo
2795 5526 2914 5580 talis
2939 5541 3035 5595 per
3052 5528 3303 5582 accidens
3324 5528 3638 5584 conversio:

2068 5618 2211 5687 quod
2240 5618 2401 5686 igitur
2430 5618 2589 5671 habet
2633 5616 2946 5671 universalis
2981 5616 3289 5684 afﬁrmatio,
3337 5617 3441 5673 hoc
3484 5618 3645 5674 habet

2069 5714 2229 5768 etiam
2246 5709 2616 5779 contrajacens
2633 5710 2965 5777 particularis
2987 5711 3218 5782 negatio,
3239 5721 3480 5781 utraeque
3498 5714 3640 5767 enim

2065 5802 2170 5860 sibi
2216 5804 2452 5858 comerti
2509 5819 2612 5857 uou
2646 5813 2899 5872 possunt;
2923 5804 3067 5875 quod
3104 5812 3281 5864 autem
3322 5801 3484 5863 habet
3525 5802 3641 5860 unl-
