4290 6272
613 352 711 411 ειη

1836 343 1946 403 AN.
1990 346 2196 404 MANL.
2236 343 2391 417 sev.
2434 345 2654 403 nos'ru

3771 347 3877 403 808

612 471 831 529 "malis
884 466 1121 537 ηθεθιίο,
1151 462 1251 518 hoc
1293 460 1454 517 habet
1504 469 1559 517 et
1604 461 1652 515 ei
1693 461 2064 531 contrajacens
2108 462 2186 515 ιιι-
2218 467 2271 526 Α
2296 465 2378 518 nis
2403 462 2563 517 homo
2589 459 2783 515 animal
2810 465 2913 524 est,
2937 459 3216 515 conversio
3242 475 3340 529 per
3360 461 3870 531 contrapositionem

611 561 836 619 lirutatio
893 554 1264 628 particularis,
1312 562 1549 623 utraeque
1607 553 1748 608 enim
1782 552 1884 607 sibi
1931 554 2181 608 converti

610 662 848 726 possimt.
876 650 1081 705 Junctce
1110 663 1238 719 ergo
1275 661 1394 718 quae
1435 645 1537 702 sibi
1566 648 1806 701 converti
1838 657 2100 715 possunt,
2132 656 2188 703 et

608 762 725 813 quae
760 743 859 798 sibi
907 740 1147 796 converti
1174 755 1277 793 non
1311 747 1553 807 possunt,
1583 746 1637 791 ut
1666 752 1783 809 qua:
1811 737 1913 791 sibi
1939 737 2187 792 converti

606 845 781 908 potest
805 834 1058 905 jungatur
1085 832 1134 886 ei
1164 845 1281 899 qua:
1322 828 1424 883 sibi
1464 826 1707 883 converti
1738 841 1843 881 non
1884 835 2093 896 potest,
2135 835 2192 881 et

606 943 724 1000 quae
755 926 855 983 sibi
896 923 1139 979 converti
1190 935 1296 976 non
1338 929 1515 990 potest
1550 918 1805 988 jungatur
1834 917 1883 971 ei
1922 932 2041 986 qua:
2086 916 2188 971 sibi

607 1017 843 1075 converti
882 1023 1077 1087 potest,
1118 1012 1320 1067 faciunt
1365 1025 1461 1080 per
1501 1008 1751 1064 accidens
1800 1007 2187 1062 conversiones

607 1130 723 1186 qua:
770 1110 1015 1184 superius
1057 1107 1433 1163 demonstrata:
1480 1113 1622 1157 sunt.
1666 1102 1853 1155 Restat
1901 1108 1956 1153 ut
1991 1099 2059 1153 de
2100 1098 2182 1154 his

608 1201 1046 1262 conversionibus
1096 1198 1334 1252 dicamus
1364 1210 1481 1263 qua:
1520 1208 1618 1263 per
1664 1190 2176 1261 contrapositionem

607 1299 764 1362 ﬁunt,
795 1306 848 1351 et
873 1295 1313 1363 primumcarum
1344 1287 1414 1339 sit
1438 1284 1714 1354 dispositio
1739 1284 1792 1337 in
1819 1281 2201 1351 descriptione

608 1391 862 1460 subjecta,
886 1383 1147 1457 generalis
1169 1382 1310 1437 enim
1338 1377 1704 1434 alﬁrmationis
1739 1393 1857 1449 qua:
1889 1378 2037 1445 dicit,
2067 1392 2181 1433 om-

1170 1500 1352 1556 Omnis
1375 1498 1534 1552 homo
1562 1497 1754 1551 animal
1785 1506 1867 1550 est

1172 1590 1357 1645 Nullus
1381 1589 1541 1644 homo
1572 1588 1766 1642 animal
1798 1597 1880 1642 est

1164 1680 1388 1748 Quidam
1412 1679 1571 1733 homo
1600 1678 1793 1732 animal
1825 1687 1905 1731 est
1986 1704 1997 1719 ι

1162 1773 1384 1841 Quidam
1413 1773 1572 1826 homo
1601 1770 1798 1825 animal
1822 1784 1926 1823 non
1954 1777 2038 1824 est

2296 566 2378 611 est
2405 572 2525 626 qua:
2550 555 2698 619 dicit,
2730 570 2889 609 omne
2917 570 3020 608 non
3049 554 3246 608 animal
3278 569 3383 609 non
3416 554 3579 609 homo
3601 563 3703 610 εει.
3734 548 3870 610 Ιιειιὶ

2297 646 2559 717 generalis
2601 646 2897 715 negationis
2928 660 3045 713 qua:
3073 645 3235 712 dicit,
3277 646 3452 701 nullus
3486 645 3647 701 homo
3676 646 3872 704 animal

2299 746 2410 804 est,
2434 736 2709 791 conversio
2739 751 2833 805 per
2859 735 3374 805 contrapositionem
3401 747 3504 801 εει,
3535 736 3733 790 nullum
3764 752 3870 793 non

2297 829 2490 883 animal
2517 844 2619 882 non
2650 827 2808 881 homo
2842 835 2943 882 est.
2974 827 3103 882 ltem
3131 828 3464 896 particularis
3504 828 3871 884 affirmationis

2297 937 2415 991 qua:
2444 921 2595 983 dicit.
2623 921 2839 990 quidam
2882 920 3042 975 homo
3087 922 3282 975 animal
3315 929 3428 987 εει,
3469 927 3746 976 conversio
3774 937 3870 990 per

2295 1012 2803 1080 contrapositionem
2826 1022 2910 1066 est
2928 1027 3048 1081 qum
3078 1012 3228 1080 dicit,
3256 1013 3520 1082 quoddam
3550 1014 3654 1067 non
3672 1012 3868 1067 animal

2292 1119 2398 1159 non
2423 1104 2582 1158 homo
2604 1113 2708 1158 est.
2734 1105 2861 1158 item
2895 1104 3229 1173 particularis
3257 1105 3554 1174 negationis
3575 1121 3694 1175 qua:
3714 1106 3863 1173 dicit,

2292 1196 2506 1265 quidam
2536 1195 2694 1251 homo
2717 1196 2912 1250 animal
2942 1212 3049 1251 non
3076 1208 3157 1252 est
3175 1238 3188 1263 ,
3211 1196 3486 1252 conversio
3513 1212 3607 1265 per
3645 1207 3863 1250 contra-

2290 1288 2611 1357 positioncm
2641 1296 2721 1342 est
2750 1304 2868 1357 qua:
2892 1288 3053 1353 dicit,
3086 1288 3348 1358 quoddam
3378 1303 3480 1342 non
3528 1287 3724 1341 animal
3752 1303 3858 1341 non

2290 1378 2453 1434 homo
2476 1389 2578 1445 est,
2609 1380 2749 1449 quod
2773 1379 3108 1435 demonstrat
3133 1380 3369 1450 subjecta
3397 1379 3713 1449 descriptio:

2265 1495 2437 1550 Omne
2466 1509 2569 1549 non
2601 1495 2794 1549 animal
2825 1511 2929 1551 non
2962 1495 3120 1551 homo
3148 1504 3233 1550 est

2269 1585 2484 1641 Nullum
2512 1603 2616 1641 non
2646 1588 2841 1645 animal
2872 1603 2975 1641 non
3002 1588 3163 1641 homo
3188 1597 3273 1642 est

2269 1676 2549 1742 Quoddam
2579 1693 2684 1732 non
2714 1678 2909 1732 animal
2943 1694 3048 1733 non
3082 1679 3241 1733 homo
3271 1688 3357 1734 est

2272 1769 2550 1835 Quoddam
2579 1784 2683 1825 non
2711 1771 2905 1825 animal
2930 1786 3031 1825 non
3061 1775 3218 1825 homo
3243 1786 3348 1826 non
3376 1780 3457 1824 cst

607 1878 698 1938 His
720 1890 849 1947 ergo
876 1874 945 1928 ita
975 1869 1184 1941 positis,
1208 1866 1472 1938 quomodo
1498 1863 1698 1918 dictum
1727 1873 1812 1917 est
1838 1862 2087 1931 superius
2126 1862 2178 1914 in
2216 1862 2266 1924 B
2294 1870 2379 1914 est
2398 1859 2615 1915 dubium
2647 1861 2774 1929 quin
2804 1860 3136 1930 particularis
3178 1860 3389 1929 negatio
3418 1870 3583 1928 possit
3614 1877 3708 1931 per
3736 1878 3857 1920 con-

608 1964 836 2036 simplici
866 1960 1212 2017 terminorum
1240 1956 1621 2017 conversione,
1654 1953 1796 2022 quod
1844 1951 2182 2017 particularis

607 2056 890 2114 afﬁrmatio
928 2062 980 2107 et
1014 2049 1278 2119 generalis
1321 2047 1530 2116 negatio
1578 2045 1678 2099 sibi
1733 2045 1863 2113 ipsis
1903 2053 2183 2123 converte:-

607 2158 825 2213 rentur,
884 2140 1147 2214 generalis
1203 2153 1329 2193 vero
1382 2135 1668 2198 afﬁrmatio
1738 2145 1791 2189 et
1850 2133 2184 2203 particularis

607 2237 816 2310 negatio
842 2235 945 2291 sibi
968 2234 1096 2304 ipsis
1115 2247 1217 2286 non
1240 2237 1705 2293 converterentur,
1732 2224 1818 2280 hic
1844 2224 1899 2279 in
1925 2240 2021 2294 per
2047 2239 2180 2280 con-

607 2326 1009 2399 trapositionem
1035 2320 1477 2379 conversionibus
1508 2325 1693 2371 contra
1722 2326 1825 2371 est.
1853 2314 1985 2369 Nam
2012 2330 2177 2383 gene-

605 2423 732 2479 ralis
762 2418 1047 2475 amrmatio
1084 2431 1177 2486 per
1208 2410 1715 2481 contrapositionem
1755 2406 1855 2463 sibi
1906 2408 2022 2478 ipsa
2054 2422 2183 2461 con-

608 2512 859 2577 vertitur,
889 2518 944 2565 et
970 2505 1310 2576 particularis
1334 2502 1545 2573 negatio
1574 2501 1674 2554 sibi
1704 2501 1805 2567 ipsi
1832 2498 2179 2554 convertitur.

606 2602 881 2661 Generalis
910 2613 1039 2654 vero
1067 2596 1279 2667 negatio
1308 2602 1362 2649 et
1392 2593 1728 2662 particularis
1755 2589 2043 2645 alﬂrmaiio
2087 2605 2182 2658 per

607 2689 1111 2761 contrapositionem
1166 2686 1265 2740 sibi
1316 2699 1421 2738 non
1458 2691 1859 2739 convertuntur.
1907 2679 2061 2747 Quod
2113 2680 2183 2733 ita

606 2800 728 2844 esse
757 2783 843 2840 his
871 2779 1131 2849 exemplis
1159 2775 1524 2848 probabimus.
1554 2774 1613 2829 Si
1642 2774 1789 2829 enim
1829 2788 1956 2828 vera
1982 2772 2054 2827 sit
2103 2771 2187 2825 al-

607 2875 840 2933 ﬂrmatio
855 2868 1123 2945 generalis
1142 2884 1261 2940 qua:
1280 2866 1440 2935 dicit,
1464 2866 1638 2920 omnis
1670 2862 1831 2918 homo
1859 2860 2056 2917 animal
2079 2869 2182 2926 εει,

607 2981 731 3023 vera
769 2965 874 3021 erit
920 2961 1037 3032 ejus
1065 2974 1162 3032 per
1205 2957 1720 3028 contrapositionem
1750 2953 2034 3009 conversio
2066 2968 2187 3022 qua:

606 3060 770 3127 dicit,
801 3058 972 3113 Omne
1004 3068 1109 3110 non
1139 3053 1337 3109 animal
1371 3067 1479 3106 non
1526 3051 1687 3105 homo
1714 3057 1816 3103 est.
1864 3046 2014 3115 Quod
2042 3046 2185 3100 enim

607 3148 804 3208 animal
830 3162 938 3202 non
968 3143 1149 3209 fuerit,
1185 3144 1237 3198 id
1270 3143 1427 3197 homo
1456 3155 1561 3196 non
1587 3140 1709 3195 erit.
1744 3138 1811 3192 Et
1840 3137 1887 3191 si
1918 3135 2045 3190 falsa
2073 3136 2187 3189 lue-

2290 1954 2688 2021 trapositionem
2748 1954 2848 2007 sibi
2912 1954 3025 2021 ipsa
3092 1954 3347 2007 converti.
3403 1952 3557 2007 Nunc
3610 1956 3858 2023 quoniam

2289 2057 2559 2103 ostensum
2583 2048 2883 2117 generalem
2907 2046 3272 2100 afﬁrmalivam
3300 2054 3352 2100 et
3374 2048 3749 2114 particularem
3771 2063 3861 2103 ne-

2287 2140 2518 2210 gativam
2549 2155 2645 2209 per
2672 2138 3176 2208 contrapositionem
3225 2138 3324 2192 sibi
3373 2152 3533 2208 posse
3578 2139 3861 2207 converti,

2289 2230 2635 2286 ostendamus
2682 2229 2988 2300 generalem
3040 2229 3343 2298 negativam
3390 2237 3445 2283 ct
3492 2231 3861 2298 particulaan

2287 2321 2654 2377 alﬁrmativam
2701 2337 2795 2391 per
2845 2321 3351 2389 contrapositionem
3402 2320 3503 2375 sibi
3547 2336 3651 2377 non
3702 2336 3858 2392 posse

2293 2415 2555 2469 converti.
2613 2414 2680 2467 Ει
2731 2413 2877 2481 prius
2934 2412 3001 2467 de
3053 2412 3293 2482 generali
3347 2414 3627 2484 negatione
3678 2413 3857 2469 dicen-

2288 2505 2412 2559 dum
2458 2513 2560 2559 est.
2610 2504 2741 2558 Nam
2784 2504 2830 2558 si
2868 2504 3136 2572 generalis
3168 2505 3379 2574 negatio
3429 2520 3552 2559 vera
3602 2516 3703 2573 εει,
3750 2521 3857 2561 non

2290 2609 2513 2651 necesse
2556 2596 2659 2650 erit
2703 2610 2796 2664 per
2843 2595 3354 2663 contrapositionem
3402 2597 3503 2650 sibi
3551 2611 3859 2653 conversam

2292 2702 2470 2742 veram
2520 2702 2659 2742 esse.
2699 2688 2804 2742 Sed
2854 2688 2899 2741 si
2951 2687 3082 2741 falsa
3138 2687 3296 2742 fuerit
3344 2696 3399 2743 et
3443 2702 3536 2756 per
3586 2699 3859 2760 contrapo-

2293 2780 2543 2835 sitioiiem
2596 2779 2697 2834 sibi
2742 2793 3051 2834 conversam
3101 2778 3288 2835 falsam
3335 2795 3454 2836 esse
3502 2772 3722 2837 necesse
3758 2790 3860 2839 est.

2292 2872 2425 2927 Nam
2457 2874 2502 2928 si
2536 2872 2668 2927 falsa
2692 2880 2775 2927 εει
2796 2886 2917 2941 qua:
2956 2873 3105 2942 dicit,
3138 2874 3310 2927 nullus
3341 2872 3501 2928 homo
3526 2875 3720 2929 animal
3749 2883 3859 2939 est,

2292 2963 2422 3018 l'alsa
2448 2963 2551 3018 erit
2588 2964 2812 3018 fortasse
2840 2962 2955 3031 ejus
2984 2978 3079 3032 per
3106 2965 3616 3032 contrapositionem
3644 2977 3859 3020 convca.

2298 3056 2411 3118 sio,
2440 3068 2561 3123 qua:
2605 3053 2762 3119 dicit,
2792 3054 2993 3108 nullum
3025 3068 3131 3107 non
3173 3054 3373 3108 animal
3396 3069 3525 3131 ‘non
3570 3054 3727 3110 homo
3763 3064 3854 3111 est.

2294 3147 2524 3218 Equale
2552 3156 2636 3202 est
2656 3148 2795 3202 enim
2826 3162 2887 3201 ac
2915 3147 2958 3201 si
3005 3146 3167 3210 dicat,
3198 3148 3340 3201 nulla
3387 3163 3474 3202 res
3516 3156 3597 3202 est
3621 3162 3738 3216 quas
3764 3161 3859 3206 not”.

607 3242 678 3298 rit
701 3238 965 3310 generalis
986 3235 1269 3291 allirmatio
1290 3248 1408 3303 quas
1428 3232 1589 3298 dicit,
1616 3244 1776 3286 omne
1796 3227 1994 3284 animal
2023 3229 2184 3283 homo
2212 3232 2260 3295 ο
2293 3254 2301 3293 ι

2168 3241 2184 3281 ³
2212 3232 2260 3295 C
2293 3238 2364 3293 sit
2391 3237 2584 3292 animal
2608 3245 2663 3291 et
2686 3238 2753 3291 sit
2783 3251 2887 3290 non
2938 3236 3121 3300 homo,
3145 3236 3286 3304 quod
3310 3246 3393 3291 est
3435 3237 3609 3291 omnis
3638 3250 3724 3292 res
3750 3251 3862 3307 qua!

605 3343 723 3400 est,
757 3332 888 3387 falsa
913 3332 1015 3386 erit
1054 3330 1211 3384 etiam
1240 3328 1356 3398 ejus
1386 3341 1480 3396 per
1514 3322 2021 3392 coutrapositionem
2053 3334 2183 3375 con-

609 3426 783 3480 versio
807 3438 928 3493 qua:
952 3423 1112 3487 dicit,
1156 3421 1329 3475 omnis
1377 3434 1484 3472 non
1509 3418 1669 3471 homo
1696 3432 1800 3470 non
1841 3414 2037 3468 animal
2062 3424 2181 3478 est,

609 3521 787 3585 potest
817 3512 960 3567 enim
990 3511 1103 3565 ﬁeri
1130 3517 1187 3562 ut
1222 3507 1362 3577 quod
1392 3506 1552 3561 homo
1580 3521 1687 3559 non
1716 3513 1819 3572 est,
1850 3502 2045 3557 animal
2091 3502 2181 3556 sit.

610 3604 703 3660 llla
733 3601 877 3659 enim
906 3608 1064 3669 negat
1096 3612 1217 3653 esse
1255 3597 1449 3650 animal
1477 3596 1616 3664 quod
1646 3594 1806 3649 homo
1848 3607 1952 3648 non
2003 3592 2182 3647 luerit.

611 3692 760 3761 Quod
790 3693 833 3746 si
859 3706 982 3745 cum
1007 3703 1132 3744 vera
1162 3697 1246 3743 est
1269 3686 1535 3756 generalis
1575 3685 1916 3749 allirmativa,
1950 3700 2077 3739 vera
2104 3694 2188 3739 est

611 3781 729 3855 ejus
758 3794 852 3850 per
879 3779 1387 3849 contrapositionem
1416 3778 1717 3843 conversio,
1751 3786 1805 3832 et
1833 3777 1878 3832 si
1909 3790 2031 3830 cum
2056 3776 2185 3831 falsa

612 3880 694 3926 est
717 3870 981 3940 generalis
1007 3868 1314 3933 altlrmatio,
1345 3868 1475 3923 falsa
1508 3876 1592 3922 est
1633 3868 1749 3938 ejus
1784 3884 1877 3937 per
1904 3875 2188 3936 contrapo-

610 3962 861 4018 sitionem
912 3959 1215 4023 conversio,
1248 3974 1356 4014 non
1391 3967 1474 4014 est
1500 3957 1716 4014 dubium
1748 3960 1877 4028 quin
1925 3959 2188 4028 generalis

611 4055 894 4111 allirmatio
924 4053 1091 4124 possit
1119 4052 1222 4107 sibi
1253 4053 1365 4121 ipsa
1392 4052 1650 4107 converti.
1678 4052 1803 4107 Item
1834 4068 1976 4107 nunc
2006 4060 2190 4106 osten-

610 4147 841 4204 dendum
856 4157 945 4211 εει
968 4145 1201 4217 quomod
1225 4168 1236 4195 ι
1260 4145 1592 4215 particularis
1614 4147 1822 4217 negatio
1842 4146 1939 4200 sibi
1968 4147 2069 4215 ipsi
2098 4162 2192 4215 per

610 4240 1119 4310 eontrapositionem
1150 4239 1497 4293 convertitur.
1528 4238 1661 4294 Nam
1711 4240 1752 4293 si
1794 4241 1924 4295 falsa
1950 4249 2032 4295 est
2072 4255 2194 4305 quae

611 4333 764 4399 dicit,
802 4331 1016 4401 quidam
1048 4332 1205 4384 homo
1247 4330 1441 4383 animal
1472 4345 1577 4385 non
1607 4340 1723 4393 est,
1753 4331 1883 4384 falsa
1930 4332 2048 4398 ejus
2089 4331 2194 4383 crit

611 4425 769 4479 etiam
822 4420 1472 4492 percontrapositionem
1518 4422 1806 4476 conversio
1856 4437 1975 4491 qua:
2023 4420 2190 4483 dicit,

612 4514 877 4584 quoddam
906 4529 1009 4569 non
1038 4512 1233 4568 animal
1264 4525 1369 4567 non
1399 4511 1559 4566 homo
1584 4521 1687 4566 est.
1722 4513 1832 4568 lloc
1862 4513 2007 4567 enim
2038 4512 2189 4567 vide-

2290 3333 2519 3386 animam
2551 3346 2655 3385 non
2693 3330 2851 3384 habet
2883 3330 3045 3384 homo
3064 3339 3164 3394 est,
3190 3329 3331 3399 quod
3354 3339 3536 3399 aperte
3558 3330 3742 3385 falsum
3763 3338 3859 3383 est.

2292 3422 2422 3477 ltem
2456 3422 2502 3475 si
2543 3435 2667 3477 vera
2698 3421 2855 3475 fuerit
2885 3420 3152 3490 generalis
3201 3423 3429 3491 negatio,
3462 3422 3587 3477 falsa
3616 3426 3718 3477 erit
3746 3424 3860 3491 eius

2292 3528 2387 3582 per
2410 3511 2919 3581 contrapositionem
2949 3515 3249 3568 conversio.
3277 3513 3404 3568 Nam
3427 3513 3471 3567 si
3500 3529 3620 3568 vera
3644 3524 3862 3583 estquae
3914 3558 3925 3567 .

2292 3603 2443 3669 dicit,
2477 3602 2656 3656 nullus
2687 3601 2847 3657 horno
2872 3612 2953 3657 est
2980 3602 3137 3672 lapis,
3171 3601 3296 3656 falsa
3335 3601 3435 3656 erit
3457 3602 3572 3671 ejus
3602 3617 3699 3672 per
3728 3616 3862 3657 con-

2293 3696 2694 3765 trapositionem
2725 3695 3006 3749 conversio
3036 3710 3151 3763 qua:
3179 3694 3323 3760 dicit,
3374 3693 3548 3749 nullus
3581 3710 3684 3749 non
3717 3694 3856 3764 lapis

2294 3804 2399 3844 non
2432 3788 2591 3842 homo
2608 3797 2711 3842 est.
2738 3786 2967 3856 Aiquale
2990 3786 3072 3842 est
3097 3789 3238 3843 enim
3265 3802 3327 3841 ac
3352 3787 3395 3841 si
3421 3786 3584 3852 dicat,
3615 3787 3756 3841 nulla
3780 3802 3867 3843 res

2293 3890 2376 3935 est
2405 3893 2523 3948 quae
2570 3891 2692 3933 cum
2722 3893 2828 3933 non
2860 3879 2927 3932 sit
2974 3879 3107 3947 lapis
3138 3894 3243 3932 non
3276 3880 3433 3932 homo
3476 3879 3578 3944 sit,
3611 3880 3750 3948 quod
3783 3887 3865 3934 est

2295 3973 2467 4028 omnis
2490 3987 2577 4027 res
2590 3986 2920 4042 quaecunque
2949 3971 3084 4040 lapis
3110 3987 3216 4025 non
3236 3972 3398 4025 fuerit
3418 3971 3579 4025 homo
3602 3980 3703 4038 est,
3726 3971 3867 4040 quod

2295 4066 2483 4119 falsum
2527 4074 2627 4119 est.
2676 4062 3085 4118 Innumerabilia
3117 4063 3261 4117 enim
3312 4063 3585 4127 invenies,
3614 4078 3733 4132 qua:
3763 4078 3867 4119 non

2293 4165 2418 4209 sunt
2439 4148 2659 4225 lapides,
2689 4166 2743 4212 et
2766 4171 2867 4210 non
2897 4155 3138 4209 homines
3163 4170 3269 4209 non
3290 4166 3439 4221 sunt;
3468 4171 3594 4223 ergo
3613 4156 3862 4223 quoniam

2295 4249 2341 4300 si
2364 4250 2627 4317 generalis
2650 4248 2862 4316 negatio
2884 4246 3013 4299 falsa
3036 4248 3212 4312 fuerit,
3229 4246 3357 4300 falsa
3381 4256 3465 4302 εει
3485 4246 3597 4314 ejus
3624 4259 3715 4314 per
3740 4260 3861 4299 con-

2298 4339 2698 4406 trapositicnem
2727 4339 3027 4403 conversio,
3062 4340 3145 4394 vel
3191 4340 3239 4394 si
3280 4340 3466 4395 eadem
3496 4352 3617 4394 vera
3662 4336 3863 4405 fuerit,

2299 4430 2429 4483 falsa
2459 4431 2558 4483 erit
2586 4431 2701 4499 ejus
2747 4445 2840 4498 per
2868 4432 3377 4499 contrapositionem
3432 4430 3731 4497 conversio,
3762 4445 3865 4486 not;

2270 4531 2381 4577 ~est
2408 4522 2624 4577 dubium
2663 4523 2967 4591 generalem
3020 4526 3357 4592 negationem
3411 4524 3512 4578 sibi
3559 4539 3663 4578 non
3714 4537 3866 4592 posse

613 4616 699 4663 tur
728 4608 841 4662 hac
871 4606 1164 4677 prapositio
1193 4605 1391 4670 dicere,
1426 4619 1489 4659 ac
1516 4604 1785 4675 sidiceret
1816 4603 2057 4674 quaedam
2103 4616 2189 4659 res
2218 4608 2307 4670 D4

2170 4616 2189 4658 5
2218 4608 2272 4670 D
2295 4616 2555 4681 converti,
2571 4616 2709 4684 quod
2731 4615 2872 4669 enim
2902 4616 2951 4667 in
2976 4616 3153 4684 aliquo
3182 4617 3331 4679 fallit,
3352 4616 3677 4686 generaliter
3693 4617 3864 4685 colligi

612 4715 730 4771 quas
761 4700 956 4754 animal
982 4712 1089 4753 non
1129 4708 1211 4751 εει
1241 4697 1400 4752 homo
1430 4704 1540 4765 est,
1572 4698 1663 4766 qui
1690 4696 1831 4751 enim
1883 4696 2031 4763 dicit,
2084 4705 2193 4751 nan

614 4789 775 4844 homo
802 4804 905 4845 non
936 4797 1037 4852 est,
1066 4788 1336 4843 hominem
1365 4801 1485 4853 esse
1511 4786 1776 4855 signiﬁcat
1820 4787 1963 4858 quod
1991 4790 2193 4844 animal

614 4898 718 4938 non
741 4884 829 4937 sit.
856 4880 967 4937 Hoc
983 4895 1109 4937 vero
1130 4891 1310 4949 aperte
1331 4879 1523 4934 falsum
1544 4888 1647 4945 est,
1670 4881 1845 4936 omnis
1866 4882 2007 4935 enim
2032 4882 2192 4935 homo
2214 4908 2217 4913 ~

613 4975 807 5030 animal
834 4981 935 5038 est,
965 4982 1019 5028 et
1054 4973 1100 5028 si
1128 4988 1247 5028 vera
1276 4972 1438 5028 fuerit
1462 4974 1800 5043 particularis
1830 4973 2040 5042 negatio
2067 4988 2193 5043 quas

613 5065 776 5132 dicit,
807 5063 1072 5135 quoddam
1098 5062 1309 5119 animal
1349 5062 1509 5117 homo
1540 5078 1646 5117 non
1676 5072 1791 5127 est,
1836 5079 1959 5117 vera
2007 5063 2111 5117 erit
2138 5069 2197 5116 et

613 5154 730 5225 ejus
756 5170 851 5224 per
894 5152 1398 5223 contrapositionem
1428 5151 1710 5207 conversio
1736 5168 1853 5221 qua:
1894 5151 2048 5217 dicit,
2075 5154 2193 5222 qui-

613 5249 735 5304 dam
763 5263 869 5303 non
892 5249 1051 5302 homo
1072 5262 1178 5302 non
1207 5246 1404 5300 animal
1427 5259 1530 5298 non
1550 5253 1651 5299 est.
1682 5243 1913 5313 Equale
1935 5252 2019 5301 est
2045 5246 2187 5302 enim

616 5352 679 5393 ac
707 5338 751 5393 si
795 5337 1025 5403 diceret,
1058 5350 1143 5391 res
1171 5350 1290 5405 quas
1344 5335 1502 5389 homo
1529 5350 1633 5390 non
1683 5346 1765 5390 est
1807 5350 1913 5392 non
1959 5346 2046 5393 est
2083 5354 2190 5393 non

614 5428 830 5495 animal,
853 5426 945 5482 sed
971 5436 1051 5482 est
1071 5427 1284 5491 animal,
1311 5436 1367 5481 ut
1387 5440 1557 5496 equus
1578 5436 1631 5482 et
1651 5427 1746 5483 bos
1769 5428 1927 5484 homo
1954 5446 2057 5486 non
2081 5442 2185 5500 est,

614 5529 669 5575 ει
697 5536 799 5574 non
826 5528 909 5575 est
936 5535 1038 5573 nou
1066 5517 1282 5572 animal.
1318 5517 1459 5588 Ergo
1493 5519 1538 5572 si
1574 5533 1693 5574 cum
1719 5522 2057 5589 particularis
2087 5540 2186 5578 ne—

613 5612 758 5680 gatio
785 5610 911 5664 falsa
943 5617 1054 5675 est,
1082 5609 1209 5664 falsa
1239 5618 1321 5663 est
1365 5610 1527 5664 etiam
1568 5610 1686 5681 ejus
1714 5627 1808 5681 per
1841 5614 2192 5683 compositio-

619 5717 741 5757 nem
763 5708 1062 5771 conversio,
1078 5714 1132 5760 et
1152 5706 1194 5760 si
1216 5720 1334 5760 cum
1358 5703 1691 5772 particularis
1708 5709 1919 5775 negatio
1941 5721 2063 5762 vera
2084 5717 2188 5774 est,

619 5804 744 5847 vera
771 5804 851 5851 est
894 5794 1011 5862 ejus
1047 5811 1141 5863 per
1169 5796 1678 5865 contrapositionem
1724 5799 2029 5869 conversio,
2074 5815 2179 5857 non

2304 4725 2407 4763 non
2434 4719 2625 4779 potest.
2650 4710 2831 4766 Restat
2852 4711 3010 4781 igitur
3027 4723 3080 4767 ut
3104 4713 3152 4767 id
3181 4714 3318 4782 quod
3346 4716 3603 4783 reliquum
3623 4725 3703 4769 est
3725 4729 3867 4768 mon-
3958 4751 3968 4762 .

2304 4809 2537 4856 stremus
2558 4841 2572 4867 ,
2617 4802 2988 4871 particularcm
3033 4804 3437 4859 alﬁrmationem
3471 4821 3565 4875 per
3595 4817 3869 4875 contrapo‘

2299 4889 2549 4946 sitionem
2595 4894 2693 4947 sibi
2737 4908 2841 4948 non
2874 4909 3032 4963 posse
3060 4896 3323 4952 converti.
3367 4896 3499 4951 Cum
3531 4897 3674 4952 enim
3717 4897 3869 4954 fuerit

2301 4984 2637 5050 particularis
2665 4984 2951 5040 allirmatio
2973 5002 3120 5052 vera,
3151 5003 3273 5042 vera
3300 4988 3402 5042 erit
3439 4987 3555 5057 ejus
3588 4989 3746 5043 etiam
3781 5004 3871 5058 per

2303 5076 2808 5145 contrapositionem
2856 5080 3153 5135 conversio.
3204 5080 3334 5134 Nam
3382 5081 3427 5135 si
3471 5095 3600 5135 vera
3641 5089 3725 5136 est
3755 5094 3872 5150 qum

2300 5165 2459 5235 dicit,
2506 5168 2719 5236 quidam
2772 5169 2931 5224 homo
2959 5170 3155 5226 animal
3185 5181 3295 5236 εει,
3345 5185 3469 5226 vera
3516 5183 3598 5227 est
3631 5172 3748 5241 ejus
3779 5187 3873 5239 per

2298 5256 2805 5326 contrapositionem
2855 5263 3167 5329 conversio,
3212 5261 3475 5332 quoddam
3522 5277 3627 5317 non
3674 5263 3873 5317 animal

2298 5364 2406 5404 non
2435 5347 2597 5404 homo
2621 5358 2722 5405 est.
2750 5348 2974 5421 Equale
3003 5362 3083 5406 est
3113 5352 3256 5407 enim
3288 5367 3350 5406 ac
3376 5352 3421 5405 si
3452 5352 3595 5406 dicat
3623 5352 3868 5422 quaedam

2296 5455 2386 5496 res
2406 5457 2525 5511 qua:
2547 5442 2778 5497 animam
2806 5459 2911 5498 non
2944 5443 3100 5498 liabet
3128 5446 3288 5499 homo
3337 5459 3442 5499 non
3476 5454 3580 5513 est,
3613 5445 3753 5514 quod
3785 5460 3871 5499 ve-

2298 5548 2414 5587 rum
2458 5542 2559 5589 est.
2592 5534 2748 5603 Lapis
2775 5536 2915 5590 enim
2947 5536 3178 5591 animam
3215 5552 3321 5591 non
3373 5536 3555 5600 habet,
3601 5547 3655 5591 et
3692 5546 3871 5591 tamen

2298 5622 2457 5679 homo
2485 5641 2589 5679 non
2621 5632 2725 5680 εει.
2770 5624 2897 5679 ltem
2948 5627 2992 5679 si
3037 5625 3373 5694 particularis
3419 5626 3708 5680 afﬁrmatio
3756 5642 3873 5692 quas

2298 5714 2448 5781 dicit,
2480 5716 2693 5785 quidam
2718 5717 2851 5785 lapis
2883 5717 3042 5771 homo
3069 5726 3172 5780 est,
3198 5718 3328 5773 falsa
3358 5728 3460 5785 est,
3488 5732 3610 5772 vera
3637 5719 3871 5785 eritejus

2300 5818 2396 5875 per
2434 5808 2940 5876 contrapositionem
2984 5810 3263 5867 conversio
3299 5824 3421 5881 quae
3448 5810 3613 5876 dicit,
3656 5808 3869 5879 quidam
