4290 6272
397 378 497 435 809

1527 367 1611 422 DE
1645 366 2081 425 SYLLOCISMO'
2104 366 2551 423 CATEGORICU.

3496 364 3506 373 ’
3540 370 3644 423 κιο

394 507 503 546 non
545 490 708 544 homo
736 501 840 543 non
871 486 1004 556 lapis
1030 492 1135 540 est.
1163 483 1391 554 Equale
1426 491 1510 537 est
1535 482 1679 536 enim
1723 498 1786 537 ac
1815 484 1859 538 si
1888 485 1968 537 di—
1996 491 2043 549 Α
2074 481 2439 552 Repetendum
2464 492 2547 535 est
2576 477 2736 550 igitur
2765 497 2794 535 a
2823 482 3187 550 superioribus
3234 490 3287 536 et
3314 482 3642 538 conﬁrman-

392 590 571 645 ceret,
601 588 845 649 questam
890 592 977 633 res
1003 590 1124 646 qua:
1152 575 1314 629 homo
1342 588 1447 627 non
1492 572 1655 627 fuerit
1694 570 1828 640 lapis
1863 588 1968 626 non

394 678 508 738 est,
535 667 680 737 quod
706 681 891 722 verum
922 674 1022 721 est.
1055 665 1233 733 Equus
1258 662 1399 717 enim
1432 662 1590 715 homo
1621 676 1725 714 non
1769 672 1849 713 est
1868 703 1880 722 .
1917 670 1971 715 et

397 764 579 813 tamen
610 756 747 825 lapis
773 770 877 809 non
905 763 1007 810 est.
1035 754 1173 823 Ergo
1198 753 1243 807 si
1270 767 1393 807 cum
1424 754 1477 806 in
1508 749 1822 820 quibusdam
1852 765 1971 817 par-

400 846 643 902 ticularis
673 846 955 901 afﬁrmatio
999 858 1123 899 vera
1165 844 1354 911 fuerit,
1387 859 1514 899 vera
1563 844 1665 898 erit
1710 843 1827 912 ejus
1879 859 1972 912 per

400 940 909 1009 contrapositionetn
935 938 1236 1002 conversio,
1263 947 1317 992 et
1342 938 1388 992 si
1414 952 1534 992 cum
1574 938 1625 991 in
1653 937 1970 1007 quibusdam

399 1031 532 1085 falsa
563 1029 716 1084 fuerit
741 1028 1074 1098 particularis
1104 1025 1411 1094 afﬁrmatio,
1443 1042 1569 1082 vera
1598 1028 1702 1081 erit
1730 1027 1848 1097 ejus
1881 1040 1974 1095 per

401 1119 909 1187 contrapositionem
938 1118 1240 1181 conversio,
1274 1132 1379 1173 non
1400 1125 1483 1172 est
1505 1117 1721 1171 dubium
1746 1117 1974 1187 particu-

401 1208 542 1263 lares
588 1208 971 1262 affirmationes
1022 1222 1118 1276 per
1167 1206 1672 1274 contrapositionem
1716 1205 1819 1260 sibi
1870 1220 1974 1259 non

398 1311 559 1366 posse
579 1296 838 1352 converti.
867 1295 1144 1351 Generalis
1163 1295 1305 1349 enim
1330 1296 1539 1365 negatio
1560 1304 1613 1349 et
1638 1295 1977 1362 partienlaris

400 1387 717 1453 afﬁrmatio,
750 1400 871 1454 quae
916 1384 1345 1453 contrajacentes
1374 1393 1530 1448 sunt,
1560 1383 1612 1437 in
1644 1398 1736 1451 per
1764 1391 1978 1437 contra-

404 1477 721 1544 positioncm
741 1473 1188 1529 conversionibus
1215 1474 1482 1527 contraria
1516 1474 1809 1541 patiuntur.
1845 1473 1978 1526 Nam

400 1566 457 1621 in
486 1564 820 1633 generalibus
850 1562 1114 1632 negativis
1133 1562 1244 1616 sive
1266 1561 1821 1639 generales‘negativze
1839 1576 1979 1615 vera:

406 1655 604 1709 fuerint
632 1655 747 1708 sive
798 1653 963 1719 falsae,
997 1667 1092 1722 per
1119 1651 1633 1721 eontrapositionem
1672 1651 1977 1706 conversio-

406 1761 509 1801 nes
531 1758 742 1813 semper
769 1743 917 1797 falsae
943 1750 1101 1809 sunt;
1124 1744 1177 1797 in
1202 1743 1607 1812 particularibus
1631 1752 1807 1797 autem
1838 1741 1983 1794 afﬁr-

2074 574 2199 628 dum
2227 572 2366 641 quod
2388 570 2442 625 in
2473 570 2804 639 simplicibus
2827 572 3175 626 terminorum
3201 570 3641 628 conversionibus

2075 665 2409 733 particularls
2461 662 2743 717 affirmatio
2771 673 2825 717 et
2852 664 3113 731 generalis
3142 664 3355 734 negatio
3384 664 3486 719 sibi
3518 680 3649 721 con-

2076 754 2210 808 verti
2237 762 2478 822 possunt.
2506 752 2798 807 Generales
2822 768 2950 807 vero
2976 752 3256 810 affirmatio
3278 762 3331 810 et
3361 756 3649 825 particula-

2075 842 2165 920 ris.
2201 843 2414 912 negatio
2460 841 2559 896 sibi
2592 844 2829 896 converti
2876 856 2981 896 non
3010 851 3250 910 possunt.
3297 844 3355 897 In
3393 845 3478 900 his
3524 862 3648 901 vero

2078 932 2518 988 Conversionibus
2544 945 2663 1001 qua:
2692 946 2785 1000 per
2805 934 3309 1001 contrapositionem
3337 935 3491 1003 ﬁunt,
3520 951 3651 991 con-

2080 1030 2161 1075 tra
2183 1031 2289 1087 est;
2311 1038 2433 1076 nam
2462 1023 2732 1093 generalis
2754 1022 3040 1076 affirmatio
3064 1034 3118 1078 et
3135 1024 3465 1091 particularis
3493 1043 3652 1096 nega-

2083 1115 2155 1166 tio
2188 1130 2282 1181 per
2306 1116 2815 1183 contrapositionem
2848 1114 2947 1169 sibi
2979 1116 3108 1183 ipsis
3134 1116 3375 1171 converti
3406 1128 3648 1185 possunt,

2078 1203 2346 1271 generalis
2375 1218 2501 1257 vero
2529 1204 2762 1273 negatio,
2791 1212 2847 1257 et
2877 1204 3212 1272 particularis
3245 1205 3526 1262 affirmatio
3558 1224 3654 1278 per

2080 1294 2587 1362 contrapositiunem
2615 1294 2715 1349 sibi
2748 1295 2876 1363 ipsis
2915 1300 3150 1350 converti
3180 1312 3285 1351 non
3316 1307 3564 1367 possunt,
3597 1310 3653 1355 et

2076 1384 2350 1453 generalis
2378 1384 2588 1451 negatio
2610 1393 2663 1438 et
2691 1385 3024 1451 particularis
3049 1386 3337 1442 afﬁrmatio
3376 1404 3496 1459 quae
3530 1401 3655 1445 sunt

2082 1475 2511 1543 contrajacentes
2554 1476 2605 1528 in
2635 1476 2743 1528 veri
2790 1474 3014 1542 falsique
3044 1477 3294 1532 distantia
3328 1480 3407 1547 (ut
3436 1480 3656 1534 demon-

2084 1570 2309 1616 stratum
2333 1562 2460 1631 est),
2489 1563 2590 1616 sibi
2632 1563 2763 1629 ipsis
2797 1565 3021 1618 invicem
3052 1568 3317 1640 contraria
3365 1570 3652 1636 patiuntur.

2087 1653 2208 1707 llwc
2259 1654 2326 1707 de
2374 1654 2809 1721 Categoricowm
2862 1654 3302 1723 Syllogismorum
3343 1659 3657 1728 categoricis

2086 1741 2538 1811 propositionibus
2578 1742 2717 1796 dicta
2766 1741 3053 1798 sufficiant.
3086 1745 3141 1798 Si
3180 1761 3280 1813 qua
3325 1763 3451 1800 vero
3490 1749 3545 1801 in
3576 1748 3658 1802 bis

406 1836 649 1899 mativis,
676 1835 789 1889 sive
817 1834 1151 1903 particularis
1178 1834 1462 1888 afﬁrmatio
1508 1849 1630 1887 vera
1662 1833 1820 1887 fuerit
1869 1833 1981 1886 sive
2014 1845 2060 1902 Β
2090 1832 2439 1900 ρτωιθτωίςεα
2473 1839 2614 1895 sunt,
2649 1832 2700 1885 in
2734 1832 3158 1888 Perihermenias
3188 1836 3489 1893 Aristotelis
3508 1852 3657 1894 com-

406 1926 561 1989 falsa,
593 1924 707 1993 ejus
737 1938 830 1993 per
858 1923 1365 1992 contrapositioiiem
1407 1922 1687 1975 conversio
1724 1938 1844 1974 vera
1877 1934 1978 1975 est.

2090 1921 2354 1975 meutario
2376 1919 2685 1989 diligentius
2706 1922 3060 1991 subtiliusque
3089 1932 3309 1979 tractata
3337 1936 3477 1981 sunt.

3414 2072 3644 2087 ρος-ην...-

1476 2167 1851 2265 LIBER
1913 2162 2613 2266 SECUNDUS.

1800 2338 2147 2346 rm

484 2438 784 2509 Superioris
830 2436 995 2493 series
1039 2437 1323 2492 voluminis
1356 2438 1495 2506 quod
1541 2438 1606 2492 ad
1638 2438 1980 2508 C.itegor2co-

413 2547 534 2588 rum
558 2530 994 2601 Syllogismoi-um
1020 2527 1410 2597 praposiiones
1428 2528 1684 2583 attinebat
1704 2530 1979 2598 explicuit.

418 2618 567 2673 Nunc
595 2626 798 2680 autem,
832 2624 1084 2684 quantum
1118 2614 1526 2670 introductionis
1556 2616 1753 2685 patitur
1779 2626 1979 2685 tempe-

418 2714 738 2771 ramentum,
779 2705 847 2759 de
895 2705 1007 2772 ipsa
1053 2702 1484 2773 Catvgoricorum
1546 2703 1983 2775 Syllogismorum

420 2798 627 2855 ratione
661 2796 1002 2860 tractabitur;
1034 2806 1087 2849 et
1115 2794 1365 2862 quoniam
1382 2794 1617 2849 omnium
1657 2795 1981 2863 composito-

422 2903 537 2944 rum
567 2884 834 2940 firmitudo
880 2885 961 2939 vel
1010 2884 1193 2939 vitium
1217 2925 1231 2950 ,
1264 2892 1353 2938 aut
1382 2882 1437 2937 in
1464 2882 1545 2936 his
1574 2882 1805 2939 maxime
1835 2897 1987 2951 repe-

423 2981 558 3035 ritur
586 2994 651 3034 ex
680 2977 871 3047 quibus
915 2984 997 3031 est
1033 2974 1418 3057 compositum:
1462 2983 1553 3029 aut
1604 2988 1767 3041 penes
1794 2974 1987 3029 bonam

420 3069 683 3127 malamve
750 3066 1188 3135 compositionem
1232 3064 1347 3135 ejus
1399 3064 1514 3118 laus
1567 3063 1989 3134 vituperatioque

2091 2440 2317 2495 inveniri
2349 2439 2547 2516 aliquid
2588 2441 2812 2509 subjecti
2867 2444 2930 2496 ad
2958 2443 3098 2512 quod
3132 2444 3260 2500 illud
3296 2448 3433 2515 quod
3462 2453 3657 2518 praedi-

2092 2538 2243 2583 catur
2270 2529 2371 2584 diei
2403 2546 2509 2585 non
2547 2532 2735 2600 pOSs-it.
2769 2530 3004 2602 Namque
3040 2534 3167 2588 nihil
3199 2534 3428 2591 hominis
3456 2539 3663 2596 inveni-

2092 2626 2178 2672 tur
2201 2618 2266 2673 ad
2287 2620 2427 2689 quod
2460 2619 2653 2674 animal
2684 2621 2784 2676 dici
2819 2635 2922 2677 non
2951 2624 3139 2691 possit.
3175 2625 3227 2678 In
3257 2634 3369 2683 toto
3398 2644 3527 2684 vero
3554 2646 3661 2685 non

2092 2724 2231 2778 esse,
2278 2711 2360 2765 vel
2391 2711 2459 2766 de
2507 2712 2652 2766 nullo
2701 2709 2977 2781 praedicari
3026 2715 3239 2787 dicitur,
3284 2720 3488 2788 quoties
3531 2723 3660 2776 nihil

2091 2799 2315 2868 subjecti
2346 2802 2543 2868 poterit
2582 2803 2807 2857 inveniri
2857 2804 2922 2857 ad
2960 2806 3101 2873 quod
3136 2806 3260 2861 illud
3293 2811 3432 2877 quod
3471 2815 3662 2879 praedi-

2092 2896 2245 2943 catur
2274 2889 2379 2943 dici
2423 2890 2611 2958 possit.
2642 2890 2781 2946 Nihil
2826 2892 2967 2945 enim
3007 2892 3199 2960 lapidis
3231 2895 3467 2951 inveniri
3485 2909 3660 2967 potest

2091 2978 2158 3034 de
2184 2995 2289 3049 quo
2315 2981 2482 3050 possit
2507 2981 2701 3035 animal
2723 2980 3026 3051 praedicari.
3059 2983 3186 3037 Illud
3212 2998 3343 3039 sane
3366 2988 3657 3043 notandum

2092 3076 2194 3133 est,
2223 3069 2365 3138 quod
2394 3084 2513 3124 esse
2543 3071 2594 3123 in
2614 3077 2729 3125 toto
2761 3086 2913 3125 versa
2942 3073 3055 3125 vice
3094 3074 3311 3128 dicitur.
3343 3075 3472 3129 Nam
3495 3078 3537 3130 si
3560 3079 3662 3131 ali-

426 3168 635 3251 tenetur
661 3174 674 3210 :
700 3169 927 3224 namque
953 3153 1147 3209 domus
1174 3153 1320 3238 si.sit
1353 3151 1863 3251 fortibus-lapidibus
1890 3152 1983 3251 tle-
2017 3188 2063 3251 ϐ
2096 3157 2220 3227 quid
2260 3157 2327 3211 de
2367 3160 2509 3211 omni
2556 3158 2733 3227 aliquo
2764 3158 3101 3227 praedicatur,
3136 3162 3262 3215 illttd
3294 3164 3359 3217 de
3390 3180 3494 3232 quo
3525 3164 3659 3221 illud

427 3247 697 3301 bilibusve
725 3252 1049 3309 constructa,
1094 3246 1206 3313 ipsa
1238 3257 1450 3312 quoque
1472 3251 1559 3298 est
1584 3243 1736 3298 fortis
1761 3254 1850 3296 aut
1891 3243 1990 3297 de-

422 3337 583 3402 bilis;
617 3351 774 3406 porro
809 3343 984 3389 autem
1025 3333 1070 3388 si
1098 3332 1316 3387 attiﬁcis
1344 3333 1783 3402 campositionem
1815 3348 1992 3403 arqua-

423 3429 583 3486 bilent
612 3429 967 3496 solertemque
989 3425 1146 3480 fuerit
1173 3432 1349 3490 nacta,
1386 3424 1496 3495 ipsa
1519 3438 1729 3494 quoque
1750 3434 1992 3479 constru-

423 3522 552 3586 ctio,
582 3518 771 3574 merito
794 3516 1100 3571 stabilitatis
1136 3515 1239 3570 erit
1268 3514 1531 3569 laudabile
1558 3513 1988 3579 fundamentum;

423 3612 471 3666 si
494 3626 618 3666 vero
648 3609 951 3665 insolertior
972 3606 1289 3678 compositio
1313 3607 1423 3675 ﬁat,
1446 3614 1552 3661 tota
1576 3622 1786 3677 quoque
1808 3623 1994 3676 quam-

425 3703 504 3756 vis
534 3718 595 3755 ex
641 3702 791 3756 Ionis
836 3699 1078 3754 ordinata
1120 3698 1408 3767 lapidibus,
1453 3697 1596 3751 nulla
1642 3712 1763 3756 sese
1803 3712 1995 3767 gerens

426 3795 623 3851 fabrica
650 3792 940 3848 stabilitate
967 3791 1206 3857 nutabit;
1231 3805 1327 3844 nos
1346 3805 1557 3858 quoque
1583 3788 1720 3843 hanc
1749 3790 1992 3844 eamdem

425 3887 709 3956 imaginem
740 3890 925 3948 secuti,
957 3884 1102 3953 prius
1133 3883 1201 3938 de
1243 3881 1328 3936 bis
1358 3881 1553 3951 quibus
1580 3882 1695 3951 ipse
1737 3882 1991 3951 syllogis-

430 3993 549 4031 mus
595 3984 832 4039 constat,
882 3973 938 4030 id
982 3984 1064 4028 est
1111 3973 1574 4043 propositionibus}
1620 3974 1991 4042 explicuimus.

431 4067 581 4121 Nunc
612 4081 736 4121 vero
764 4066 830 4119 de
858 4067 972 4135 ipsa
1002 4066 1141 4120 inter
1189 4079 1246 4119 se
1292 4063 1721 4134 syllogismorum
1769 4063 1991 4130 conjun-

427 4159 604 4213 ctione
655 4156 1145 4224 cmnpositioneque
1174 4154 1531 4209 tractabimus.
1574 4152 1705 4207 Illud
1729 4166 1857 4205 vero
1884 4166 1996 4206 mev-

428 4251 648 4303 minissc
694 4246 933 4311 debebis,
975 4245 1370 4301 introducendis
1414 4243 1499 4297 hic
1548 4258 1634 4297 me
1680 4242 1996 4310 przesutisse

426 4338 703 4401 doct-nilis,
732 4351 832 4389 non
865 4335 1205 4392 introductis.
1239 4335 1304 4391 Et
1334 4336 1479 4405 prius
1512 4334 1632 4403 quid
1676 4334 1744 4387 sit
1792 4346 1912 4387 esse
1944 4332 1995 4385 in

427 4430 571 4481 onmi
601 4428 680 4481 vel
709 4442 811 4480 non
839 4441 982 4492 esse,
1015 4425 1193 4495 paucis
1237 4425 1541 4479 ostendam.
1597 4424 1652 4479 Si
1703 4440 1805 4494 qua
1851 4424 1995 4478 enim

430 4535 517 4574 res
547 4518 762 4573 afterius
801 4519 1012 4587 generis
1048 4517 1225 4583 fuerit,
1266 4531 1478 4572 omnem
1510 4516 1647 4571 intra
1678 4530 1737 4570 se
1760 4516 1993 4584 speciem
2022 4544 2075 4604 Β

424 4610 757 4675 continebit,
796 4620 848 4663 et
902 4610 951 4662 i.i
986 4620 1097 4663 toto
1142 4608 1347 4678 species
1388 4622 1585 4675 genere
1626 4607 1713 4659 illa
1751 4622 1870 4661 esse
1913 4606 1996 4660 di-

428 4711 597 4756 cetur.
642 4699 724 4755 Sit
764 4701 901 4755 enim
951 4713 1118 4769 genus
1155 4698 1371 4761 animal,
1419 4697 1580 4749 homo
1622 4712 1744 4750 vero
1770 4698 1999 4764 species.

432 4792 600 4844 Ilomo
629 4805 720 4859 erg
743 4810 754 4837 ι
781 4790 1030 4859 quoniam
1063 4788 1237 4841 minus
1267 4795 1348 4841 est
1382 4802 1537 4855 quam
1566 4786 1781 4850 animal,
1809 4788 1860 4839 in
1886 4798 1998 4839 toto

430 4884 639 4936 animali
673 4896 792 4935 esse
819 4880 1043 4935 dicetur.
1090 4878 1276 4933 Omnis
1303 4879 1446 4933 enim
1478 4879 1640 4934 homo
1666 4878 1862 4931 animal
1894 4889 1995 4931 est.

430 4976 483 5028 Si
514 4974 630 5040 quis
659 4988 785 5041 ergo
826 4974 903 5027 sic
931 4972 1071 5026 dicat
1114 4973 1344 5042 aliquam
1374 4988 1486 5026 rem
1520 4970 1587 5025 de
1632 4971 1777 5025 onni
1804 4971 1904 5024 alia
1942 4988 1999 5027 re

431 5064 729 5132 praedicari,
774 5077 1035 5117 conversa
1085 5063 1201 5117 vice
1252 5062 1380 5116 nihil
1431 5066 1671 5117 interest.
1706 5060 1837 5116 Nam
1864 5064 2003 5115 sicut

431 5158 482 5206 in
516 5164 624 5207 toto
653 5153 866 5206 animali
916 5154 1078 5205 homo
1106 5162 1205 5219 est,
1238 5153 1317 5207 sic
1343 5154 1504 5206 etiam
1534 5151 1728 5205 animal
1760 5151 1827 5206 de
1856 5151 2003 5205 omni

432 5246 643 5298 homine
665 5243 1006 5312 prtedicatur.
1034 5243 1089 5296 lu
1117 5252 1226 5296 toto
1248 5257 1373 5297 vero
1401 5258 1504 5295 non
1528 5258 1646 5296 esse
1668 5251 1770 5305 est,
1794 5246 2004 5310 quoties

431 5336 530 5388 alia
550 5351 636 5389 res
652 5336 719 5388 ab
739 5335 841 5387 alia
870 5349 927 5387 re
958 5332 1105 5386 omni
1126 5332 1390 5400 disjuncta
1408 5342 1517 5385 est:
1545 5332 1665 5385 utsi
1693 5333 1861 5398 dicas,
1889 5332 2005 5386 ani-

430 5426 535 5477 mal
566 5425 619 5477 in
652 5424 798 5476 nullo
836 5422 1012 5491 lapide
1054 5431 1172 5486 est,
1206 5422 1408 5475 nullum
1451 5420 1592 5475 enim
1625 5420 1824 5474 animal
1866 5421 2005 5489 lapis

430 5522 546 5575 est;
576 5520 630 5564 et
660 5511 705 5563 si
737 5511 907 5575 dicas,
938 5511 1135 5563 animal
1164 5511 1230 5563 de
1275 5511 1422 5563 nullo
1445 5510 1620 5577 lapide
1663 5511 2001 5577 praedicatur.

432 5600 499 5652 de
531 5596 674 5650 nullo
702 5597 845 5650 enim
878 5598 1053 5664 lapide
1091 5598 1287 5651 animal
1313 5598 1525 5668 dicitur.
1558 5596 1858 5655 Difﬁnimus
1881 5615 2009 5668 ergo

434 5696 487 5743 in
519 5697 633 5743 toto
660 5700 799 5751 esse,
837 5687 921 5739 vel
951 5688 1001 5739 in
1052 5697 1165 5743 toto
1198 5704 1298 5744 non
1328 5665 1447 5742 esse
1485 5688 1561 5740 sic
1590 5706 1599 5738 :
1636 5688 1687 5741 in
1719 5698 1827 5742 toto
1866 5704 2007 5754 csse,

435 5784 515 5837 vel
545 5780 610 5833 de
654 5780 797 5832 omni
844 5779 1122 5843 [medicari
1170 5780 1383 5849 dicitur,
1430 5781 1646 5849 quoties
1687 5796 1789 5837 non
1838 5792 2012 5851 potest

673 5875 947 5935 Ρηιιυι.
999 5870 1220 5931 LXIV.

2095 3247 2419 3316 prtedicatur
2441 3248 2492 3299 in
2522 3255 2632 3299 toto
2662 3246 2752 3300 illo
2781 3261 2897 3302 esse
2919 3247 3112 3303 dicitur
3143 3251 3281 3318 quod
3318 3254 3659 3325 praedicatur,

2094 3347 2153 3393 ut
2198 3338 2396 3393 animal
2442 3338 2509 3392 de
2551 3338 2699 3392 omni
2751 3338 2966 3393 homine
2996 3340 3211 3393 dicitur.
3242 3342 3414 3397 Ποιηο
3448 3360 3577 3401 vero
3606 3349 3661 3402 in

2093 3434 2205 3483 toto
2243 3437 2346 3493 est,
2392 3427 2443 3481 id
2485 3438 2566 3481 est
2594 3428 2736 3481 velut
2761 3428 3001 3497 quaedam
3038 3444 3159 3497 pars
3188 3431 3324 3486 intra
3353 3440 3520 3489 totum
3551 3437 3666 3491 ani-

2094 3518 2202 3573 mal
2230 3520 2377 3573 latet.
2412 3519 2476 3573 Et
2517 3519 2560 3572 si
2591 3518 2714 3588 quid
2746 3519 2798 3572 in
2825 3519 2935 3573 alio
2975 3520 3121 3574 omni
3153 3520 3333 3590 fuerit,
3364 3522 3417 3577 in
3456 3540 3522 3580 eo
3552 3536 3663 3582 toto

2093 3626 2181 3666 res
2225 3612 2311 3665 illa
2340 3611 2408 3666 de
2454 3626 2557 3680 qua
2608 3612 2854 3681 superius
2892 3611 3170 3667 dicebatur
3215 3628 3334 3669 esse
3362 3614 3573 3683 dicitur,
3608 3628 3666 3672 ut

2095 3703 2233 3757 idem
2258 3703 2453 3757 animal
2477 3717 2595 3757 cum
2629 3704 2679 3757 in
2712 3705 2855 3757 omni
2890 3705 2959 3758 sit
2983 3705 3220 3771 homine,
3253 3715 3306 3761 et
3335 3707 3403 3762 de
3426 3723 3490 3763 eo
3515 3712 3663 3764 omni

2095 3793 2435 3861 prmtlicetur,
2469 3791 2629 3846 homo
2660 3793 2710 3845 in
2745 3800 2854 3847 toto
2886 3801 2967 3847 est
3004 3795 3241 3849 animali.
3275 3795 3368 3850 [iis
3407 3796 3567 3867 igitur
3595 3800 3665 3853 ita

2095 3884 2304 3952 positis,
2336 3887 2759 3951 quotiescunque
2801 3884 2873 3936 ita
2903 3884 3150 3949 dicimus,
3208 3896 3264 3939 ut
3314 3888 3516 3945 litteras
3565 3908 3662 3960 pro

2097 3971 2338 4025 terminis
2367 3970 2733 4038 disponamus,
2777 3983 2873 4038 pro
2902 3969 3160 4024 brevitate
3206 3974 3305 4027 hoc
3336 3986 3387 4028 et
3414 3993 3666 4046 compen.

2096 4057 2185 4111 dio
2225 4056 2467 4125 facimus,
2499 4056 2548 4109 id
2580 4057 2718 4125 quod
2764 4070 2856 4123 per
2878 4056 3081 4111 litteras
3121 4059 3490 4117 demonstrare
3519 4068 3668 4119 volu—

2098 4161 2216 4203 mus
2266 4146 2635 4201 uuiversaliter
2687 4145 3136 4200 demonstrantes.
3181 4146 3310 4201 Nam
3357 4150 3585 4207 fortasse
3614 4156 3664 4208 in

2099 4236 2342 4313 terminis
2381 4236 2644 4305 aliquibus
2689 4234 2886 4289 falsum
2934 4236 3282 4305 ingerendum
3315 4254 3533 4296 necesse
3574 4246 3666 4303 sit.

2100 4327 2156 4383 In
2186 4328 2382 4383 litteris
2410 4340 2539 4381 vero
2589 4341 2859 4396 nunquam
2911 4325 3164 4392 fallimur,
3192 4331 3441 4398 quoniam
3475 4336 3536 4387 ad
3567 4334 3667 4389 hoc

2100 4420 2298 4472 utimur
2337 4417 2523 4472 litteris
2552 4418 2702 4486 quasi
2736 4417 2989 4472 terminos
3018 4433 3357 4486 poneremus.
3387 4423 3439 4477 In
3466 4425 3663 4480 litteris

2102 4524 2229 4563 vero
2259 4510 2409 4578 ipsis,
2446 4509 2547 4563 nisi
2581 4510 2929 4564 terminorum
2952 4511 3257 4578 conjunctio
3288 4528 3382 4581 per
3414 4530 3471 4570 se
3518 4518 3665 4573 firma

2102 4600 2389 4667 valensque
2446 4598 2625 4662 fuerit,
2686 4600 2789 4651 ulla
2832 4614 3005 4668 Ilt‘QIIC
3054 4604 3282 4666 veritas,
3339 4586 3666 4675 neque'm-

2102 4691 2230 4743 sitas
2256 4690 2571 4757 reperietur.
2615 4690 2835 4753 Qu0ties
2861 4690 3023 4758 igitur
3072 4693 3212 4745 aliud
3260 4695 3326 4750 de
3376 4699 3481 4751 alio
3523 4703 3668 4754 omni

2102 4782 2378 4850 prtedieari
2406 4781 2650 4835 volumus
2695 4782 3004 4845 ostendere,
3038 4787 3113 4836 sic
3146 4786 3409 4850 ponimus.
3442 4789 3523 4844 Sit
3564 4792 3669 4860 pri-

2103 4890 2219 4928 mus
2258 4872 2514 4927 terminus
2543 4890 2605 4938 a,
2659 4873 2921 4929 secundus
2975 4874 3036 4938 ὁ,
3083 4884 3132 4927 et
3191 4877 3507 4942 prmdicctur
3534 4898 3566 4933 a
3605 4882 3671 4937 de

2102 4966 2245 5020 omni
2276 4966 2325 5018 b.
2359 4966 2467 5020 lloc
2495 4977 2671 5019 autem
2715 4965 2782 5018 ita
2815 4966 3044 5034 accipito
3078 4975 3326 5035 tauquam
3357 4971 3401 5022 si
3434 4975 3677 5038 posueri-

2111 5075 2227 5113 mus
2258 5077 2287 5111 a
2316 5059 2534 5125 animal,
2569 5059 2595 5110 ιι
2642 5057 2935 5112 hominem.
2988 5058 3187 5113 Eodem
3220 5060 3379 5113 modo
3408 5071 3462 5114 et
3487 5062 3554 5117 de
3588 5080 3676 5118 ne-

2111 5151 2317 5219 gativis.
2351 5149 2484 5201 Nam
2531 5149 2575 5202 si
2602 5148 2862 5210 dicamus,
2891 5164 2921 5199 a
2963 5147 3029 5202 de
3076 5148 3219 5201 nullo
3267 5148 3296 5200 b
3337 5150 3679 5217 praedicatur,

2111 5241 2215 5294 title
2240 5249 2320 5293 est
2349 5254 2411 5293 ac
2452 5240 2493 5293 si
2521 5239 2781 5303 dicamus,
2813 5256 2863 5305 a,
2911 5238 3049 5306 quod
3076 5247 3158 5292 est
3186 5238 3402 5301 animal,
3436 5239 3501 5294 de
3531 5242 3681 5297 nullo

2113 5327 2287 5397 lapide
2309 5327 2647 5395 prmdicatur,
2678 5327 2816 5395 quod
2839 5336 2919 5380 est
2948 5326 2997 5391 b,
3028 5332 3083 5379 et
3112 5325 3213 5378 alia
3240 5342 3571 5399 quaecunque
3598 5333 3677 5387 eis

2116 5419 2310 5473 fuerint
2356 5418 2671 5472 consimilia.
2722 5419 2907 5471 Omnis
2956 5426 3131 5471 autem
3164 5418 3502 5490 syllogismus
3552 5426 3681 5478 sim-

2116 5512 2232 5578 plex
2264 5518 2301 5562 ῑι
2319 5509 2435 5563 ibus
2460 5510 2701 5563 terminis
2720 5508 3117 5562 demenstratur
3138 5518 3298 5579 atque
3319 5514 3677 5569 concluditur.

2111 5602 2217 5658 Sed
2248 5603 2395 5671 prius
2420 5600 2650 5669 ipsorum
2679 5599 3105 5669 syllogismorum
3126 5600 3320 5669 ﬁguras
3337 5606 3677 5672 aspiciamus,

2115 5703 2234 5761 post
2254 5708 2379 5745 vero
2400 5690 2468 5744 de
2491 5691 2663 5743 modis
2685 5688 3066 5759 ordinibusque
3092 5705 3276 5746 eorum
3308 5694 3673 5749 tractabimus.

2114 5785 2304 5837 Tribus
2332 5781 2495 5848 igitur
2524 5779 2766 5835 terminis
2797 5779 2864 5832 ita
2900 5781 3111 5848 positis,
3151 5793 3205 5835 ut
3231 5798 3393 5853 prope
3424 5799 3481 5839 se
3508 5796 3553 5839 cl
3583 5788 3683 5840 stili

3083 5867 3161 5934 26
