4290 6272
682 346 780 400 8H

1909 354 2019 406 AN.
2063 353 2266 406 MANL.
2309 353 2455 406 SEV.
2503 353 2722 406 BUETH

3812 363 3915 416 812

683 461 916 515 connexi
946 461 1070 527 sint,
1107 470 1216 518 tres
1252 479 1356 519 non
1387 467 1520 521 ultra
1559 468 1669 521 ﬁeri
1712 464 2108 527 complexiones
2156 479 2244 517 ne-
2273 466 2321 521 Α
2353 471 2486 531 quod
2538 464 2741 519 videtur
2775 466 3090 519 universalis
3140 467 3428 531 afﬁrmalio
3468 485 3748 531 conversa-
3779 474 3909 528 Nam

679 563 921 607 cesseest
944 551 1214 608 hocmodo
1245 573 1254 608 :
1286 555 1353 610 sit
1380 559 1514 610 eiiim
1536 574 1588 622 a,
1618 557 1682 609 sit
1707 555 1752 619 Ι),
1785 555 1852 608 εἰι
1881 570 1905 606 c
1931 569 1944 616 ;
1975 565 2059 606 aut
2090 555 2228 606 enim

677 646 800 701 ade
839 645 866 697 b
909 645 1304 714 prtcdicabitur,
1346 657 1399 700 et
1437 647 1464 698 ὸ
1492 646 1556 698 de
1582 663 1635 708 ε,
1667 655 1756 698 aut
1785 656 1928 698 certe
1955 662 1985 696 a
2025 655 2077 698 et
2105 645 2170 698 de
2201 646 2227 695 ὁ

679 737 1049 806 praedicabit-ur
1088 747 1141 793 et
1168 739 1232 792 de
1259 755 1312 803 c,
1359 738 1438 790 vel
1478 737 1663 790 iisdem
1703 737 1831 804 ipsis
1859 753 1890 788 a
1919 748 1972 791 et
1998 738 2024 789 ὁ
2065 755 2092 790 c
2123 749 2227 792 ter-

675 830 850 884 minus
880 829 1142 884 videbitur
1169 841 1286 880 esse
1319 825 1606 893 subjectus.
1638 811 1720 880 Sit
1749 826 1890 882 enim
1938 845 1970 879 a
2008 828 2226 891 bonum,

674 919 746 974 sit
771 920 1038 988 bjustum,
1065 916 1135 971 sit
1162 932 1189 967 c
1218 914 1404 977 virtus,
1448 923 1538 967 aut
1567 915 1708 969 enim
1735 933 1794 981 a,
1840 916 1890 969 id
1922 927 2004 972 est
2034 917 2226 971 bonum

674 1012 774 1066 erit
799 1012 854 1064 in
880 1008 1019 1061 omni
1043 1007 1089 1069 Ι),
1123 1005 1172 1057 id
1203 1004 1476 1071 estjusto,
1507 1013 1560 1058 et
1586 1005 1814 1070 dicetur,
1843 1021 2000 1060 omne
2026 1006 2226 1075 justum

672 1105 865 1158 bonum
910 1107 1012 1162 est,
1051 1105 1104 1149 et
1132 1096 1255 1149 item
1283 1097 1310 1147 b
1336 1095 1539 1164 juStum
1571 1097 1621 1150 in
1668 1097 1812 1150 omni
1840 1113 1885 1161 c,
1920 1095 1969 1149 id
2002 1106 2085 1150 est
2125 1097 2230 1149 vir-

673 1202 800 1254 tute,
847 1199 902 1242 et
949 1189 1172 1255 dicetur,
1221 1189 1397 1241 omnis
1444 1189 1609 1242 virtus
1649 1187 1791 1255 justa
1837 1197 1940 1241 est.
1977 1188 2042 1241 Et
2072 1196 2230 1241 erunt

669 1279 966 1350 hujusmodi
1011 1281 1400 1349 propositiones
1430 1297 1441 1331 ε
1475 1293 1636 1333 omne
1660 1279 1863 1347 justum
1893 1279 2090 1333 bonum
2127 1289 2224 1342 est,

572 1431 580 1443 ,
666 1383 717 1428 ει
745 1371 917 1424 omnis
947 1370 1112 1425 virtus
1139 1370 1278 1438 justa
1307 1379 1406 1437 est,
1437 1379 1527 1422 aut
1554 1386 1606 1432 a,
1639 1370 1690 1423 id
1719 1379 1800 1424 cst
1832 1371 2048 1434 bonum,
2080 1370 2150 1429 de
2177 1372 2224 1430 b,

664 1462 805 1533 quod
843 1462 1044 1531 justum
1083 1471 1183 1525 est,
1210 1472 1261 1516 et
1290 1463 1356 1515 de
1388 1478 1436 1523 c,
1477 1460 1616 1529 quod
1649 1461 1814 1513 virtus
1841 1467 1941 1525 est,
1978 1461 2228 1528 prtcdica-

652 1556 835 1619 bitur,
867 1563 924 1608 ut
961 1555 1028 1608 sit
1052 1568 1210 1607 omne
1238 1554 1434 1620 justum
1479 1553 1674 1605 bonum
1721 1560 1826 1614 est,
1858 1552 2035 1606 omnis
2063 1553 2228 1605 virtus

665 1648 801 1702 bona
828 1654 908 1700 est
933 1682 948 1710 ,
976 1654 1062 1697 aut
1109 1653 1254 1696 certe
1302 1658 1332 1692 a
1382 1642 1600 1704 bonum,
1635 1640 1662 1692 ὁ
1698 1641 1870 1709 justo,
1903 1650 1958 1694 et
1987 1642 2224 1694 cvirtuti

663 1736 975 1805 subjacebit,
1027 1743 1084 1787 ut
1123 1732 1349 1796 dicatur,
1382 1745 1540 1785 omne
1577 1730 1772 1784 bonum
1799 1730 2001 1797 justum
2032 1739 2134 1796 est,
2170 1740 2225 1784 et

2328 554 2404 608 .de
2445 554 2545 607 hoc
2571 569 2782 622 quoque
2826 559 3071 622 superius
3110 559 3309 612 dictum
3340 569 3440 622 est.
3470 561 3627 616 Modo
3657 577 3781 618 vero
3812 567 3912 620 hoc

2335 642 2504 694 solum
2550 654 2845 697 monstrare
2889 645 3150 710 volumus,
3197 648 3338 715 quod
3379 665 3499 716 quat
3540 663 3667 704 sunt
3713 653 3763 705 in
3795 661 3907 717 toto

2337 732 2477 798 paria
2517 731 2630 786 sola
2677 742 3073 787 convertantur.
3107 735 3216 789 lloc
3247 745 3426 792 tamen
3458 740 3678 806 prodest
3721 741 3788 796 ad
3815 756 3907 796 os-

2338 822 2627 875 tensionem
2674 821 3106 891 syllogismorum
3153 841 3272 892 quae
3321 826 3463 882 litin
3496 830 3722 895 circulo,
3753 842 3935 899 quam'

2337 910 2387 962 in
2436 909 2728 984 Analyticis
2756 909 3006 964 diximus.
3053 911 3130 965 Ae
3159 913 3226 966 de
3265 914 3433 981 prima
3465 917 3907 987 Syllogismorum

2326 998 2762 1068 .Categoricorum
2794 1000 2958 1075 ﬁgura
3006 1001 3316 1070 expeditum
3346 1012 3447 1058 est.
3489 1006 3738 1062 Secunda
3779 1025 3910 1065 vero

2337 1091 2498 1160 ﬁgura
2523 1101 2605 1146 est
2645 1094 2854 1162 quoties
2877 1111 2908 1146 a
2936 1097 3198 1158 terminus
3235 1097 3303 1150 de
3330 1099 3570 1167 utrisque
3600 1101 3629 1152 ὁ
3657 1111 3712 1156 ει
3740 1119 3766 1154 c
3798 1112 3907 1158 ter-

2336 1180 2489 1233 minis
2519 1183 2834 1249 prasdii-atur
2861 1187 2961 1236 hoc
2989 1184 3148 1237 modo
3176 1202 3188 1234 :
3221 1185 3275 1238 Si
3304 1187 3443 1242 enim
3466 1189 3612 1244 dicas
3641 1206 3674 1242 a
3701 1191 3901 1248 bonum

2327 1271 2398 1334 de
2439 1272 2581 1324 omni
2611 1273 2637 1324 ὁ
2664 1271 2831 1340 justo,
2865 1281 2920 1325 ut
2949 1275 3016 1325 sit
3046 1274 3144 1328 hoc
3185 1276 3350 1336 modo
3390 1280 3702 1346 prupo.~itio,
3737 1296 3899 1336 omne

2328 1361 2530 1427 justum
2573 1361 2771 1417 bonum
2811 1373 2922 1428 est,
2953 1373 3008 1416 et
3037 1363 3158 1416 inde
3184 1382 3214 1417 ε
3242 1365 3436 1423 bonum
3463 1368 3532 1422 de
3556 1370 3702 1425 omni
3732 1387 3759 1423 c
3787 1373 3894 1426 vir-

2337 1459 2464 1513 tute,
2501 1461 2557 1504 ut
2583 1452 2748 1519 dicas,
2792 1453 2966 1507 omnis
2997 1454 3163 1506 virtus
3196 1455 3392 1510 bonum
3434 1466 3544 1524 cst,
3575 1461 3747 1515 solum
3779 1479 3810 1516 α
3834 1463 3902 1520 de

2333 1543 2571 1612 utrisque
2601 1545 2627 1596 b
2656 1554 2708 1597 et
2745 1562 2768 1597 c
2798 1547 3041 1600 terminis
3075 1548 3406 1614 prmdicasti,
3431 1562 3486 1605 et
3529 1553 3634 1608 erit
3663 1554 3780 1610 haec
3817 1573 3904 1610 se-

2330 1634 2500 1688 cunda
2548 1635 2730 1702 ﬁgura.
2772 1636 2972 1690 Medius
3013 1648 3192 1694 autem
3241 1644 3494 1696 terminus
3525 1645 3575 1697 in
3610 1648 3709 1699 hac
3737 1646 3898 1715 ﬁgura

2329 1726 2429 1779 erit
2461 1726 2548 1794 qui
2597 1727 2662 1780 de
2690 1727 2928 1795 utrisque
2974 1729 3312 1796 prtedicatur,
3345 1732 3395 1786 id
3427 1742 3508 1787 est
3548 1750 3610 1786 a..
3635 1735 3899 1790 Extren-i-

662 1843 820 1883 omne
849 1827 1045 1881 bonum
1094 1824 1255 1877 virtu.-
1290 1833 1389 1876 est.
1433 1821 1488 1878 in
1531 1822 1631 1875 hac
1677 1821 1818 1877 enim
1851 1821 2220 1890 complexione
2257 1825 2299 1881 Β
2329 1821 2463 1867 lates
2489 1829 2612 1868 vero
2633 1830 2694 1868 ea
2723 1829 2842 1883 quae
2871 1816 3106 1886 subjecta
3133 1827 3289 1882 sunt,
3321 1821 3370 1876 id
3402 1831 3485 1875 est
3513 1822 3541 1874 ὁ
3572 1831 3698 1877 etc.
3732 1823 3898 1893 Major

662 1921 690 1972 ὁ
716 1927 770 1972 ει
808 1933 834 1969 c
860 1917 926 1971 de
951 1914 1065 1968 solo
1086 1930 1116 1965 a
1142 1915 1366 1967 termino
1396 1910 1780 1978 praedicantur.
1808 1910 1908 1966 Ubi
1952 1926 2078 1966 vero
2105 1927 2134 1962 a
2156 1911 2224 1966 de

661 2011 804 2067 omni
836 2013 864 2063 b
893 2009 1142 2071 termino,
1193 2015 1247 2060 et
1293 2005 1321 2058 ὑ
1373 2006 1496 2059 item
1553 2003 1873 2072 prrcdicatur
1902 2003 1968 2057 de
1998 2004 2141 2058 omni
2173 2021 2220 2058 ε.

660 2098 805 2156 Hanc
837 2098 1052 2169 ﬁguram
1086 2110 1217 2150 voco
1246 2094 1466 2163 primam
1486 2108 1604 2164 qua:
1625 2093 1882 2147 dil’ﬁnitur
1912 2094 2021 2148 sic:
2051 2094 2221 2147 Prima

661 2193 824 2261 ﬁgura
845 2201 926 2246 est
955 2189 1006 2244 in
1036 2205 1139 2258 qua
1170 2188 1214 2242 is
1252 2188 1337 2256 qui
1368 2185 1636 2254 subjectus
1669 2196 1751 2239 est
1792 2185 1858 2238 de
1894 2185 1998 2238 alio
2033 2184 2221 2252 pracdi-

656 2293 824 2337 catur.
858 2281 1179 2351 Namqueb,
1206 2279 1344 2348 quod
1381 2295 1413 2330 a
1439 2279 1666 2332 termino
1693 2277 1990 2346 subjectum
2019 2286 2122 2343 est,
2154 2276 2218 2330 ad

658 2375 831 2428 citem
862 2373 1144 2427 terminum
1173 2370 1508 2439 praedicatur.
1543 2369 1918 2422 Extremitates
1947 2382 2077 2422 vero
2099 2367 2218 2422 dico

659 2465 814 2532 hujus
863 2462 1042 2532 ﬁgurae
1091 2459 1229 2530 quod
1281 2458 1602 2528 praedicatur
1649 2467 1700 2510 et
1749 2457 1887 2526 quod
1919 2457 2215 2525 subjectum

655 2564 755 2616 cst,
791 2553 840 2607 id
867 2562 950 2607 est
989 2568 1020 2604 a
1049 2567 1092 2603 ε.
1127 2549 1364 2618 Namque
1400 2566 1429 2600 a
1461 2547 1778 2616 praedicatur
1798 2547 1871 2602 de
1907 2549 1934 2600 b
1968 2549 2214 2612 termino,

655 2663 680 2697 ε
708 2659 832 2699 vero
855 2643 1112 2698 terminus
1146 2643 1174 2693 b
1215 2639 1442 2694 termino
1489 2638 1748 2704 subjacet.
1780 2637 2006 2692 Medium
2036 2649 2214 2692 autem

655 2734 780 2788 illud
817 2747 950 2786 voco
973 2729 1114 2800 quod
1155 2729 1246 2783 alii
1274 2728 1532 2795 subjacet,
1561 2737 1615 2781 et
1644 2727 1713 2781 de
1739 2728 1845 2781 alio
1879 2727 2212 2795 praedicatur,

655 2822 706 2876 id
732 2831 815 2876 est
858 2822 906 2874 ὸ.
956 2819 1084 2873 Nam
1117 2820 1144 2872 ὁ
1188 2817 1447 2873 terminus
1492 2833 1522 2868 a
1555 2817 1780 2870 termino
1810 2818 2068 2886 subjacct,
2101 2819 2167 2872 de
2189 2834 2215 2870 c

651 2927 780 2966 vero
811 2913 1037 2968 termino
1061 2909 1397 2980 praedicatur.
1429 2909 1593 2977 Major
1620 2923 1746 2962 vero
1768 2908 2076 2963 extremitas
2102 2917 2208 2973 est,

650 3019 769 3072 qua:
797 3006 962 3074 prima
997 3001 1333 3073 przedicatur,
1368 3000 1419 3054 id
1450 3010 1530 3054 est
1565 3017 1614 3053 a.
1647 2999 1884 3069 Namque
1915 2998 2054 3052 idem
2095 3016 2125 3051 τι
2149 2999 2214 3051 de

650 3094 680 3145 ὸ
711 3095 941 3148 termino
981 3092 1316 3162 prtedicatnr.
1367 3089 1538 3143 Minor
1587 3103 1713 3143 vero
1753 3101 1871 3158 quae
1901 3087 2077 3142 medio
2106 3096 2212 3142 ter-

2327 1916 2454 1956 vero
2483 1911 2587 1957 ext:
2603 1903 2793 1957 emitas
2821 1914 2901 1958 est
2927 1906 2994 1960 de
3021 1922 3122 1976 qua
3156 1908 3330 1977 primo
3368 1926 3414 1969 α,
3429 1911 3691 1965 terminus
3719 1915 3896 1982 appel-

2327 1992 2482 2062 latur.
2516 1992 2565 2046 id
2610 2003 2693 2047 est
2721 1996 2748 2046 b
2774 1994 3010 2070 justum;
3041 1997 3122 2050 vel
3152 1997 3194 2050 si
3225 1997 3290 2050 ad
3317 2015 3342 2050 c
3378 2000 3549 2066 primo
3570 2003 3894 2067 praedicabi-

2326 2093 2428 2147 tur,
2462 2102 2487 2136 c
2517 2086 2775 2140 terminus
2817 2088 2983 2154 major
3013 2090 3318 2143 extremitas
3363 2092 3660 2148 invenitur.
3696 2095 3895 2151 Idcirco

2323 2178 2460 2244 quod
2494 2193 2552 2231 ea
2584 2177 2897 2232 extremitas
2935 2179 3001 2234 de
3030 2195 3131 2249 qua
3164 2181 3370 2236 medius
3402 2185 3658 2239 terminus
3717 2189 3893 2255 primo

2324 2277 2658 2344 praedicatur,
2691 2278 2740 2329 in
2783 2279 3124 2332 conclusione
3172 2280 3282 2346 ipsa
3325 2295 3540 2350 quoque
3583 2283 3894 2351 praedicabi-

2322 2375 2424 2426 tur,
2470 2378 2523 2420 ut
2573 2368 2831 2433 posterius
2883 2366 3357 2422 demonstrandum
3405 2380 3506 2423 est.
3545 2372 3714 2427 Minor
3761 2389 3892 2429 vero

2320 2458 2629 2510 extremitas
2675 2457 2805 2521 erit,
2835 2457 2900 2510 ad
2930 2457 3068 2526 quod
3104 2457 3310 2512 medius
3345 2460 3598 2514 terminus
3627 2451 3891 2528 posterius

2320 2545 2716 2614 prmdicabitnr.
2747 2547 2925 2601 Tertia
2955 2563 3080 2600 vero
3112 2548 3278 2616 ﬁgura
3320 2559 3432 2615 est,
3463 2551 3671 2616 quoties
3694 2568 3726 2603 α
3767 2562 3821 2606 ει
3863 2553 3891 2606 b

2322 2638 2531 2692 termini
2561 2637 2628 2692 de
2659 2653 2766 2693 uno
2793 2655 2818 2690 c
2864 2639 3238 2706 prtedicantur.
3269 2638 3324 2693 Si
3369 2641 3488 2709 quis
3525 2641 3664 2696 enim
3701 2645 3889 2711 praedi-

2316 2740 2397 2782 cet
2427 2745 2486 2792 a,
2517 2728 2565 2781 id
2596 2740 2674 2782 est
2706 2729 2898 2782 bonum
2919 2770 2931 2790 ,
2963 2729 3029 2782 de
3067 2747 3113 2795 c,
3150 2730 3201 2783 id
3232 2738 3313 2784 est
3336 2727 3550 2796 virtute,
3592 2742 3648 2786 ut
3687 2737 3756 2788 sit
3789 2737 3886 2790 hu-

2311 2817 2543 2886 iusmodi
2577 2817 2887 2886 propositio,
2927 2811 3098 2872 omnis
3130 2820 3297 2873 virtus
3334 2820 3531 2876 bonum
3562 2827 3674 2888 est;
3706 2824 3829 2878 item
3857 2828 3886 2878 ὁ

2315 2907 2633 2976 prmdicetur
2658 2907 2723 2960 de
2750 2923 2796 2971 ε,
2826 2919 2879 2960 ιιι
2915 2908 3004 2971 sit,
3034 2909 3206 2962 omnis
3235 2910 3403 2963 virtus
3426 2910 3628 2979 justum
3658 2913 3760 2977 est,
3786 2922 3885 2967 t‘er-

2316 2993 2440 3048 tiam
2473 2995 2692 3064 ﬁguraru
2727 2998 2872 3050 facit.
2903 2997 2959 3050 in
2988 2999 3084 3051 hac
3115 3008 3242 3052 vero
3272 2998 3437 3067 ﬁgura
3467 3000 3676 3055 medius
3709 3004 3887 3057 termi-

2315 3099 2414 3138 nus
2438 3085 2537 3138 erit
2567 3087 2653 3155 qui
2683 3088 2918 3154 utrisque
2944 3087 3213 3155 Subiectus
3248 3096 3356 3151 est,
3387 3088 3438 3142 id
3469 3097 3552 3143 est
3576 3107 3621 3143 c.
3650 3089 3884 3160 Namque

651 3183 795 3236 mino
842 3182 1141 3251 subjicitur,
1168 3181 1216 3234 id
1241 3188 1322 3234 est
1351 3195 1402 3242 c,
1435 3193 1666 3248 namque
1691 3194 1715 3230 c
1747 3179 2005 3234 terminus
2033 3177 2210 3232 medio
2240 3187 2285 3250 (ς
2315 3173 2348 3227 d
2370 3195 2378 3206 -
2403 3190 2429 3225 c
2467 3176 2691 3229 termino
2715 3192 2745 3226 a
2771 3187 2818 3229 et
2849 3176 2876 3228 b
2909 3177 3117 3230 termini
3152 3176 3526 3245 praedicantur.
3557 3180 3722 3249 Major
3749 3195 3875 3234 vero

652 3271 904 3336 termino,
936 3271 987 3327 id
1015 3281 1096 3326 εει
1126 3271 1173 3337 b,
1205 3269 1475 3338 subjectus
1504 3277 1623 3332 est;
1655 3267 1740 3324 de.
1765 3283 1831 3322 eo
1868 3269 2006 3322 enim
2037 3268 2066 3320 b
2096 3284 2209 3324 me-

649 3364 768 3417 dius
791 3365 1048 3416 terminus
1088 3361 1298 3414 dicitur.
1335 3361 1500 3428 Major
1539 3373 1665 3414 vero
1709 3359 1965 3413 terminus
1992 3376 2023 3411 a
2049 3374 2210 3414 voca-

651 3461 735 3504 tus
759 3458 842 3504 est
873 3489 886 3512 ,
922 3450 971 3502 id
1002 3456 1083 3501 est
1109 3450 1196 3516 qui
1231 3449 1572 3514 prted'catur,
1606 3449 1858 3515 quoniam
1890 3462 2047 3501 omne
2080 3465 2213 3515 prae-

646 3544 877 3597 dicatum
926 3541 992 3594 ab
1039 3553 1105 3592 eo
1145 3539 1212 3591 de
1247 3553 1351 3606 quo
1382 3539 1697 3606 przedicatur
1727 3538 1896 3605 majus
1928 3548 2028 3591 est.
2066 3538 2130 3592 Et
2157 3539 2210 3592 in

645 3631 990 3688 conclusione
1011 3669 1023 3692 ,
1069 3629 1206 3680 sicut
1235 3627 1286 3679 in
1319 3626 1486 3694 prima
1535 3627 1919 3693 propositione,
1943 3639 2154 3695 semper
2180 3644 2211 3680 a

589 3747 594 3753 υ
646 3722 903 3777 terminus
935 3718 1280 3785 praedicatur,
1315 3733 1346 3769 a
1385 3719 1524 3771 enim
1557 3717 1753 3770 bonum
1797 3717 2118 3786 praedicatur
2143 3719 2210 3774 de

645 3816 674 3868 b
697 3814 865 3883 justo,
893 3822 945 3866 et
974 3809 1188 3876 dicitur,
1221 3823 1378 3862 omne
1416 3808 1615 3877 justum
1641 3807 1836 3860 bonum
1867 3815 1970 3871 est,
2013 3808 2041 3860 ὁ
2084 3823 2213 3863 vero

645 3901 849 3958 medius
891 3901 1148 3966 terminus
1191 3898 1506 3968 praedicatur
1535 3896 1601 3952 de
1631 3911 1678 3960 c,
1711 3906 1764 3949 ιιι
1791 3897 2005 3961 dicitur,
2035 3899 2207 3952 omnis

643 3998 808 4050 virtus
834 3995 975 4065 justa
1005 4001 1105 4048 est.
1154 3992 1231 4046 Ex
1278 3992 1359 4046 his
1390 3990 1550 4060 igitur
1592 3990 1932 4044 concluditur
1963 3991 2014 4044 in
2043 3991 2207 4059 syllo-

642 4090 833 4160 gismo,
874 4085 1046 4141 omnis
1081 4086 1246 4138 virtus
1275 4083 1469 4138 bonum
1495 4092 1599 4149 est,
1629 4091 1682 4137 et
1734 4099 1766 4135 a
1798 4082 1992 4136 bonum
2027 4081 2202 4135 nomi-

642 4179 850 4234 nabitur
879 4177 946 4231 de
987 4192 1012 4227 c
1060 4176 1253 4230 virtute
1276 4215 1289 4238 ,
1328 4185 1486 4242 atque
1517 4173 1638 4227 ideo
1669 4173 1839 4241 major
1868 4189 1899 4225 a
1933 4173 2085 4226 nobis
2117 4187 2208 4226 ex-

641 4269 882 4326 tremitas
936 4267 1246 4335 appellatur.
1298 4265 1351 4318 ld
1407 4279 1533 4319 vero
1569 4265 1877 4319 meminisse
1924 4264 2202 4328 debemus,

638 4361 777 4429 quod
808 4376 870 4414 ea
903 4373 1018 4428 qua:
1051 4357 1193 4423 paria
1219 4365 1342 4407 sunt
1372 4355 1665 4422 retorqueri
1698 4362 1938 4420 possunt,
1977 4363 2030 4407 et
2058 4353 2121 4405 ad
2147 4367 2204 4406 se

638 4453 860 4506 invicem
885 4448 1180 4516 prtedicari,
1209 4455 1262 4500 et
1286 4445 1422 4498 sicut
1460 4444 1511 4497 id
1543 4443 1682 4511 quod
1712 4442 2027 4510 prtedicatur
2055 4441 2106 4494 in
2137 4455 2202 4494 eo

2314 3267 2627 3323 extremitas
2666 3276 2748 3322 est
2782 3284 2898 3336 qua:
2928 3267 3097 3336 primo
3125 3269 3466 3337 praedicatur,
3497 3271 3547 3324 id
3578 3282 3659 3326 εει
3696 3287 3758 3331 a;
3788 3271 3886 3324 mi-

2317 3374 2416 3412 nor
2454 3374 2583 3413 vero
2625 3375 2744 3427 quzc
2774 3371 2983 3428 postea,
3021 3359 3070 3413 id
3103 3369 3183 3414 est
3211 3361 3272 3425 b;
3311 3360 3392 3414 vel
3419 3361 3462 3414 si
3492 3377 3643 3429 quem
3676 3361 3747 3414 lib
3784 3355 3914 3415 erit'

2313 3450 2340 3502 b
2387 3449 2550 3517 prius,
2591 3467 2622 3501 α
2668 3453 2930 3516 posterius
2979 3451 3269 3519 praadicare
3314 3453 3602 3507 secundum
3650 3453 3880 3522 priorem

2312 3538 2769 3606 posterioremqne
2801 3539 3230 3606 prrcdicationem
3251 3581 3264 3605 ,
3311 3543 3482 3610 major
3528 3542 3766 3596 minorve
3792 3558 3885 3597 ex-

2312 3629 2549 3682 tremitas
2581 3627 2902 3693 invenietur,
2936 3639 2987 3681 ‹ι
3018 3630 3100 3683 hic
3129 3641 3341 3699 quoque
3378 3631 3546 3699 major
3571 3633 3886 3686 extremitas

2311 3718 2361 3770 in
2393 3716 2838 3786 conclusionibus,
2874 3718 3010 3773 sicut
3054 3721 3104 3772 in
3137 3720 3501 3788 superioribus
3521 3720 3639 3774 aliis
3663 3719 3873 3790 ﬁguris,

2309 3808 2376 3860 de
2404 3807 2607 3862 minore
2637 3807 2977 3876 praedicatur.
3026 3811 3304 3879 Expeditis
3332 3811 3486 3880 igitur
3515 3810 3684 3866 tribus
3713 3811 3885 3881 syllo-

2309 3899 2595 3968 gismorum
2633 3899 2840 3968 ﬁguris,
2872 3900 3152 3955 ilic'eudum
3198 3912 3280 3957 est
3309 3903 3430 3971 quia
3475 3900 3742 3970 perfectus
3770 3903 3883 3971 syl-

2309 4004 2560 4072 logismus
2590 4010 2672 4058 est
2711 4005 2793 4057 cui
2831 4004 2895 4057 ad
2937 4005 3192 4072 integram
3243 4004 3621 4072 prohatamque
3654 4003 3877 4057 conclu-

2309 4095 2512 4147 sionem
2541 4109 2604 4148 ex
2632 4094 2877 4162 superius
2904 4093 3130 4160 sumptis
3155 4102 3207 4146 et
3237 4093 3523 4161 propositis
3549 4091 3679 4145 nihil
3706 4091 3881 4147 deest.

2311 4187 2413 4243 Sed
2456 4186 2613 4240 modo
2645 4196 2802 4254 atque
2843 4184 3030 4239 ordine
3070 4185 3203 4239 facta
3251 4185 3524 4238 conclusio
3556 4185 3683 4236 nihil
3717 4184 3882 4236 de-ha-

2308 4277 2460 4339 brns,
2503 4291 2596 4344 per
2634 4272 2696 4330 ea
2735 4291 2851 4344 qua:
2898 4286 3051 4328 antea
3095 4276 3370 4344 proposuit
3411 4275 3737 4330 terminatur.
3771 4272 3879 4326 lm-

2306 4364 2568 4432 perl‘ectus
2608 4379 2734 4419 vero
2777 4365 3111 4434 syllogismus
3159 4374 3242 4420 est
3285 4366 3370 4418 cui
3424 4363 3554 4417 nihil
3601 4377 3752 4432 mque
3800 4362 3867 4415 ad

2306 4453 2680 4521 perfectionem
2713 4452 2892 4518 deest,
2925 4461 3292 4507 verumtamen
3327 4454 3379 4506 in
3413 4451 3496 4506 his
3527 4467 3645 4521 quae
3676 4452 3728 4506 in
3761 4465 3877 4518 pro-

635 4541 774 4613 quod
807 4541 1102 4608 subi“!le
1131 4547 1232 4601 εει»
1255 4537 1400 4590 omni
1432 4544 1534 4602 θεῖν
1566 4535 1636 4588 ila
1668 4549 1852 4587 ""‘SHS
1878 4547 2194 4586 cnm'el‘sum
2227 4533 2280 4591 D
2306 4542 2656 4612 positionibus
2685 4553 2894 4610 sumpta
2923 4550 3045 4595 sunt
3075 4543 3251 4610 aliqua
3279 4541 3505 4604 desunt,
3535 4540 3728 4593 cur‘ita
3758 4552 3875 4592 esse

637 4633 776 4703 quod
805 4631 963 4684 fuerit
990 4630 1306 4698 subjectum,
1341 4629 1390 4680 in
1423 4643 1487 4682 eo
1520 4626 1660 4696 quod
1689 4637 1845 4680 antea
1876 4625 2197 4692 prmdicaba-

636 4733 722 4779 tur
747 4723 891 4777 omni
922 4721 1042 4775 erit.
1069 4719 1199 4773 Nam
1227 4722 1268 4771 si
1301 4723 1405 4788 fet
1432 4735 1462 4787 g
1490 4717 1594 4770 duo
1625 4718 1836 4771 termini
1871 4716 1937 4767 ita
1967 4716 2066 4768 sibi
2091 4717 2199 4766 sint

633 4815 879 4882 aequales,
908 4821 963 4864 ut
982 4823 1168 4865 neuter
1184 4818 1370 4863 neutro
1386 4807 1553 4875 major
1571 4807 1632 4861 sit
1646 4850 1659 4871 ,
1681 4821 1800 4860 eum
1821 4804 2198 4873 prmrlicaveris

567 4919 572 4924 ‘
633 4903 739 4970 {de
753 4902 893 4956 enini
919 4917 969 4970 g,
995 4900 1095 4953 erit
1115 4902 1140 4966 f
1159 4901 1415 4951 term'nus
1440 4899 1488 4949 iu
1509 4898 1653 4950 omni
1672 4897 1969 4965 gtermino.
1991 4897 2044 4948 Si
2071 4910 2196 4947 vero

631 5001 909 5047 convertas
950 4996 1003 5042 et
1033 4988 1290 5056 praedices
1320 5004 1349 5054 g
1378 4986 1660 5038 terminum
1685 4987 1750 5038 de
1777 4986 2072 5052 Hermian,
2096 4987 2199 5037 erit

629 5086 819 5138 iterum
835 5099 864 5152 g
880 5078 1198 5135 terminusin
1217 5079 1357 5128 omni
1377 5076 1663 5145 ftermino.
1681 5075 1760 5127 Sit
1776 5076 1917 5127 enim
1935 5075 2193 5142 frisibile,

627 5193 658 5241 g
680 5175 858 5227 homo.
886 5171 1024 5237 Ergo
1041 5169 1083 5221 si
1109 5167 1363 5236 praedices
1380 5169 1407 5234 f
1422 5165 1642 5226 risibile,
1665 5174 1716 5219 et
1732 5183 1763 5236 9
1781 5164 2048 5218 hominem
2064 5166 2191 5218 sub-

623 5265 797 5333 jicias,
813 5267 839 5333 f
857 5261 1054 5316 risibi'e
1077 5260 1124 5311 in
1149 5258 1290 5312 omni
1314 5276 1344 5327 9
1363 5257 1648 5308 invi-nilur.
1669 5257 1854 5309 ()mnis
1871 5257 2010 5309 enim
2033 5257 2190 5309 homo

624 5356 845 5410 risibilis
873 5363 972 5408 est.
1001 5353 1054 5409 Si
1091 5367 1219 5404 vero
1250 5349 1505 5417 pra‘diccs
1536 5368 1564 5418 9
1600 5349 1866 5402 hominem
1908 5348 1971 5402 ad
2004 5351 2032 5418 ί
2073 5350 2188 5402 risi-

625 5447 815 5517 bile,g
859 5445 1018 5498 homo
1067 5445 1117 5498 in
1169 5442 1309 5498 omni
1366 5441 1638 5511 frisibile
1687 5440 1966 5506 reperitur.
2021 5443 2188 5494 Omne

623 5537 764 5589 enim
797 5535 995 5588 risihile
1026 5535 1184 5586 immo
1211 5543 1308 5586 est.
1340 5531 1475 5598 Quid
1500 5541 1674 5586 autem
1704 5531 1914 5585 termini
1947 5533 2069 5592 sint,
2102 5533 2186 5584 vel
2221 5532 2223 5538 1

623 5624 744 5688 quid
787 5625 1110 5692 prmdicatio,
1144 5632 1232 5676 aut
1259 5622 1536 5689 snlijectio,
1574 5622 1735 5690 priori
1765 5623 1830 5676 dc
1862 5623 2184 5690 propositio-

624 5711 777 5764 nibus
824 5714 958 5766 libro
990 5715 1113 5765 satis
1142 5714 1338 5766 dictum
1370 5723 1469 5766 est.
1514 5713 1617 5767 Sed
1661 5729 1726 5766 ne
1776 5715 1911 5766 l‘ortc
1941 5727 2181 5766 erremus

2299 4632 2526 4685 videtur.
2575 4631 2680 4686 Sed
2728 4639 2782 4684 et
2833 4631 2915 4684 lue
2962 4631 3309 4685 dilﬁnitiones
3362 4645 3552 4684 omnes
3607 4629 3876 4697 posterius

2305 4729 2597 4798 liquebunt.
2645 4729 2791 4782 Nunc
2837 4736 3010 4782 autem
3059 4728 3201 4782 unde
3236 4727 3319 4781 hae
3365 4727 3548 4796 ﬁgura:
3590 4733 3877 4778 nascantur

2307 4819 2538 4874 breviter
2567 4819 2935 4885 explicandum
2968 4831 3067 4871 est.
3095 4819 3355 4884 Quoniam
3389 4817 3530 4870 unde
3561 4825 3872 4876 nascuntur,

2303 4908 2354 4959 in
2387 4908 2569 4962 eadem
2603 4910 2790 4961 iterum
2819 4910 3175 4962 resolvuntur.
3208 4908 3312 4963 Sed
3357 4904 3594 4962 secunda
3635 4917 3689 4960 et
3720 4907 3871 4959 tertia

2305 4999 2465 5066 ﬁgura
2520 4993 2584 5049 de
2615 4999 2780 5066 prima
2815 4999 2977 5068 ﬁgura
3020 5001 3161 5052 nasci
3207 5008 3260 5052 et
3291 4996 3564 5066 procreari
3605 4995 3870 5048 videntur.

2300 5085 2382 5139 Sit
2408 5086 2545 5138 enim
2587 5103 2618 5137 a
2666 5088 2922 5141 terminus
2951 5089 3002 5141 in
3035 5090 3177 5141 omni
3203 5089 3230 5141 b
3259 5087 3511 5152 termino,
3544 5085 3694 5139 etde
3724 5080 3869 5153 omni

2296 5188 2360 5226 eo
2391 5174 2726 5240 praedicetur,
2754 5176 2781 5228 b
2807 5191 2934 5229 vero
2973 5179 3236 5240 terminus
3277 5177 3342 5229 de
3385 5177 3528 5229 omni
3560 5190 3590 5226 c
3635 5174 3873 5226 termino

2294 5262 2628 5328 jirmdicatur.
2661 5265 2801 5331 ll:ec,
2829 5276 2886 5320 ut
2931 5267 3127 5321 dictum
3169 5277 3277 5330 est,
3310 5270 3476 5336 prima
3519 5264 3867 5335 syllogismo-

2291 5370 2406 5406 rnm
2442 5355 2600 5423 ﬁgura
2629 5364 2730 5406 est.
2755 5355 2809 5410 Si
2840 5356 2956 5423 quis
2986 5355 3143 5425 igitur
3174 5357 3426 5426 majorem
3469 5357 3862 5408 extremitatem

2297 5446 2811 5515 propositioncmque
2843 5458 3151 5510 convertat,
3201 5457 3255 5499 et
3302 5445 3443 5512 quod
3488 5445 3662 5497 fuerat
3708 5453 3863 5495 antea

2293 5535 2630 5602 prmdicatum
2664 5535 2816 5587 faciat
2846 5549 2964 5588 esse
3003 5535 3332 5604 subjectum,
3365 5533 3660 5587 secundum
3706 5531 3865 5584 faciet

2293 5630 2529 5694 ﬁguram.
2563 5627 2689 5678 Nam
2722 5625 3166 5693 quemadmodum
3196 5645 3225 5678 a
3251 5627 3511 5680 terminus
3543 5624 3863 5692 praedicatur

2288 5724 2351 5770 ue
2379 5721 2404 5770 b
2439 5717 2682 5782 termino,
2716 5719 2782 5769 ita
2817 5717 2842 5768 lt
2868 5717 2933 5769 dc
2961 5733 3005 5768 τ.
3038 5717 3090 5772 Si
3126 5733 3253 5786 ergo
3281 5726 3644 5777 convertatur,
3676 5725 3726 5768 et
3774 5713 3863 5764 ﬁat
