4290 6272
411 367 514 419 8ἶῦ

1529 357 1610 409 Ι)ιέ
1650 358 2073 415 SYHDGISHO
2111 358 2559 412 CATEGOIHCH.

3556 364 3657 415 8H

407 491 464 535 ut
491 482 518 533 b
551 478 809 534 terminus
838 476 903 529 de
941 493 968 526 (ι
999 474 1227 527 termino
1269 473 1607 542 praedicetur,
1641 473 1905 526 invenitur
1950 476 1975 526 ιι
2010 484 2049 538 Α
2083 474 2312 528 secunda
2356 474 2641 525 universali
2692 476 2999 530 afﬁrmativa
3049 478 3320 532 conclusio
3370 477 3657 530 universali

407 573 669 625 terminus
699 571 785 638 qui
814 579 966 622 antea
998 568 1202 622 medius
1231 566 1431 626 fuerat,
1461 575 1507 618 ct
1541 582 1571 616 a
1603 567 1827 619 termino
1856 566 1982 619 sub-

404 664 609 729 j-ctus,
650 660 716 713 de
754 675 779 711 c
825 673 950 711 vero
996 657 1220 709 termino
1266 655 1578 723 prazdicatur
1619 655 1681 707 ad
1731 665 1980 721 utrosque

408 751 666 805 terminos
698 746 1087 816 prmdicativus.
1118 747 1227 813 Age
1275 746 1413 797 enim
1447 744 1693 812 quoniam
1723 761 1753 797 a
1784 744 1977 796 bonum

316 906 323 916 ι
406 844 471 893 de
509 842 535 892 b
571 842 713 902 justo
746 838 1149 907 przedicabatur,
1183 837 1210 888 b
1238 852 1365 890 vero
1394 837 1594 905 justum
1627 836 1692 889 de
1732 854 1758 889 c
1789 838 1981 891 virtute

409 932 820 997 praedicabatur,
854 938 965 981 erat
998 928 1286 995 propositio
1314 945 1325 979 :
1356 942 1514 981 omne
1538 928 1735 995 justum
1787 929 1978 981 bonum

414 1034 526 1087 cst,
567 1023 737 1075 onmis
779 1022 948 1073 virtus
993 1020 1133 1087 justa
1167 1027 1276 1083 est,
1326 1018 1573 1072 manente
1622 1020 1983 1087 Proliositione

414 1130 529 1183 que
574 1123 683 1177 est,
718 1115 892 1166 omnis
926 1113 1090 1165 virtus
1116 1111 1257 1178 justa
1299 1120 1410 1176 est,
1452 1113 1622 1179 prima
1668 1111 1979 1178 propositio,

414 1202 462 1254 id
493 1210 575 1256 est
617 1216 774 1254 omne
815 1200 1016 1268 justum
1063 1199 1258 1251 bonum
1299 1206 1408 1261 est,
1458 1206 1897 1261 contravcrtatur,
1930 1206 1983 1251 et

413 1294 520 1355 liat,
551 1308 707 1346 omne
734 1291 928 1344 bonum
950 1290 1155 1357 justum
1188 1298 1288 1341 est.
1322 1289 1663 1342 Inveniuntur
1683 1289 1841 1357 igitur
1858 1304 1982 1357 pro-

415 1386 705 1453 positiones
733 1386 830 1447 sic,
858 1396 1015 1435 omne
1045 1383 1239 1434 bonum
1264 1382 1463 1450 justum
1488 1390 1589 1445 est,
1615 1382 1787 1434 omnis
1819 1382 1884 1433 νὶι
1903 1390 1985 1434 tus

413 1476 553 1543 justa
576 1485 685 1535 est,
720 1474 1022 1541 etojustnm,
1056 1471 1106 1524 id
1131 1480 1213 1524 est
1246 1477 1271 1523 b
1298 1471 1364 1523 de
1395 1487 1425 1523 α
1454 1479 1556 1543 etc
1586 1470 1821 1523 terminis
1855 1485 1985 1537 prse-

416 1570 698 1625 dicabitur.
728 1568 996 1621 Conversa
1027 1566 1183 1634 igitur
1212 1564 1412 1632 majore
1459 1564 1647 1631 prioris
1692 1564 1867 1631 ﬁgura:
1896 1579 1987 1615 ex-

421 1660 706 1721 tremitate,
742 1656 971 1709 secunda
1008 1654 1433 1722 syllogismorum
1471 1652 1630 1720 ﬁgura
1662 1662 1984 1720 procreatur.

417 1749 597 1804 Tertia
622 1761 745 1801 vero
771 1747 931 1812 ﬁgura
958 1744 1213 1808 nascitur,
1245 1743 1437 1795 minori
1471 1742 1831 1810 propositione
1859 1756 1987 1795 con-

2084 563 2364 632 ncgatione
2392 563 2678 631 colligitur.
2707 565 2760 618 Si
2791 569 2930 620 enim
2971 569 3040 623 sit
3065 586 3094 621 α
3120 571 3312 624 malum
3333 614 3346 634 ,
3376 571 3402 623 b
3436 572 3655 633 bonum,

2083 669 2108 704 c
2135 654 2365 719 justum,
2400 669 2430 705 a
2459 653 2717 707 terminus
2762 654 2827 708 de
2858 657 3003 709 nullo
3030 659 3055 709 b
3089 660 3315 713 termino
3345 658 3659 728 praedicabi-

2084 749 2187 794 tur.
2222 742 2431 795 Nullum
2460 741 2601 795 enim
2634 742 2828 797 bonum
2876 746 3071 799 malum
3102 758 3208 811 est,
3244 750 3269 801 ὁ
3304 764 3430 803 vero
3472 751 3656 803 termi-

2085 844 2184 884 nus
2230 830 2296 883 de
2341 830 2486 883 omni
2530 846 2557 881 c
2588 833 2816 886 termino
2862 834 3266 900 prmdicahitur;
3310 854 3469 893 omne
3513 842 3655 894 enim

2079 921 2280 990 justum
2314 922 2510 975 bonum
2541 933 2642 976 est.
2685 923 2859 989 Quare
2888 926 3175 995 colligitur,
3208 930 3408 983 nullum
3456 933 3654 1000 justum

2086 1014 2281 1066 malum
2312 1022 2423 1077 est,
2452 1025 2505 1067 ut
2534 1023 2615 1068 est
2642 1015 2741 1069 hoc
2771 1016 2965 1070 modo:
2995 1017 3049 1071 Si
3077 1033 3106 1068 a
3136 1020 3391 1072 terminus
3418 1020 3483 1073 de
3514 1022 3657 1073 nullo

2087 1104 2115 1156 b
2146 1104 2374 1157 termino
2413 1104 2753 1172 prardicatur,
2801 1106 2828 1158 b
2874 1121 3002 1160 vero
3048 1106 3306 1161 terminus
3342 1108 3410 1161 de
3442 1111 3585 1161 omni
3630 1127 3657 1162 ε

2088 1193 2241 1247 fuerit
2273 1194 2613 1262 praedealus,
2642 1212 2673 1248 a
2704 1196 2963 1249 terminus
3004 1197 3069 1251 de
3116 1197 3260 1251 nullo
3292 1215 3317 1250 c
3350 1198 3660 1266 praedicabi-

2088 1294 2191 1349 tur,
2220 1294 2274 1339 ut
2303 1295 2412 1349 est,
2446 1287 2649 1341 nullum
2680 1288 2874 1341 bonum
2907 1290 3103 1342 malum
3131 1299 3239 1355 cst,
3269 1305 3428 1344 omne
3451 1291 3653 1359 justum

2086 1374 2281 1428 bonum
2306 1384 2414 1440 est;
2446 1377 2648 1429 nullum
2679 1379 2834 1447 igitur
2861 1378 3059 1446 justum
3093 1381 3286 1433 malum
3312 1391 3413 1434 est.
3446 1381 3658 1435 Tertius

2089 1481 2214 1520 vero
2256 1468 2444 1521 modus
2477 1470 2661 1537 primze
2690 1471 2873 1539 ﬁgurm
2900 1480 3011 1537 est,
3041 1473 3248 1540 quoties
3277 1487 3341 1526 ex
3369 1470 3657 1527 universali

2086 1556 2432 1619 afﬁrmativa,
2476 1566 2528 1611 ct
2575 1560 2878 1625 particu‘ari
2926 1560 3276 1624 aiﬁrmativa,
3328 1562 3659 1629 particularis

2088 1646 2397 1701 afﬁrmativa
2424 1648 2713 1717 colligitur.
2743 1649 2870 1702 Nam
2903 1650 2946 1702 si
2985 1649 3019 1701 ἀ
3052 1650 3217 1704 virtus
3246 1650 3309 1704 de
3356 1652 3498 1704 omni
3531 1652 3579 1717 b,
3611 1652 3658 1705 id

2088 1728 2174 1789 est.
2197 1736 2354 1801 bono,
2402 1740 2740 1805 praedicetur,
2767 1750 2819 1793 et
2862 1742 2887 1792 b
2923 1742 3117 1794 bonum
3158 1740 3223 1794 de
3267 1741 3494 1809 quodam
3536 1758 3581 1803 c,
3612 1743 3661 1794 id

415 1852 586 1892 versa.
634 1836 761 1888 Nam
808 1834 850 1886 si
883 1849 911 1883 a
960 1832 1151 1883 bonum
1200 1828 1517 1898 prmdicatur
1561 1830 1627 1883 de
1660 1832 1686 1882 b
1730 1830 1894 1898 justo,
1931 1840 1985 1882 ut
2022 1830 2061 1886 Β
2090 1828 2357 1896 estjusto,
2388 1828 2543 1883 fuerit
2572 1829 2910 1897 prmdicatum
2960 1831 3369 1899 particulariter,
3402 1833 3503 1886 erit
3531 1848 3663 1902 quo-

415 1926 641 1990 dicatur,
674 1937 831 1977 omne
877 1921 1073 1988 justum
1124 1920 1317 1973 bonum
1372 1929 1489 1984 eSt,
1541 1919 1569 1970 ὁ
1614 1934 1741 1971 vero
1785 1919 1983 1985 justum

422 2016 743 2086 prazdieatur
781 2014 847 2067 de
887 2028 911 2064 c
956 2012 1179 2072 virtute,
1227 2019 1281 2062 ut
1330 2008 1554 2073 dicatur,
1599 2008 1771 2062 omnis
1822 2006 1988 2060 virtus

419 2108 556 2176 iusta
595 2115 709 2170 est,
755 2106 823 2169 si,
876 2104 1052 2170 priore
1092 2099 1453 2167 propositione
1492 2108 1758 2161 manente,
1793 2098 1841 2150 id
1872 2108 1984 2162 est,

418 2213 579 2254 omne
604 2199 801 2263 justum
847 2196 1043 2249 bonum
1092 2199 1200 2255 est,
1233 2191 1463 2244 secunda
1505 2205 1623 2258 quo
1670 2199 1781 2254 est,
1814 2189 1987 2241 omnis

418 2292 585 2343 virtus
629 2290 766 2356 justa
800 2296 910 2347 est,
943 2291 1301 2345 convertatur,
1329 2291 1379 2333 et
1424 2279 1543 2346 ιω,
1586 2294 1745 2332 omne
1785 2279 1985 2346 justum

420 2381 585 2434 virtus
609 2388 712 2443 est,
738 2375 1038 2429 invenietur
1064 2387 1248 2426 omnes
1276 2371 1663 2439 propositiones
1688 2370 1797 2422 sic:
1830 2383 1988 2422 omne

416 2471 616 2541 justum
649 2470 842 2522 boumn
896 2477 1000 2531 est,
1033 2480 1190 2518 omne
1225 2465 1423 2533 j'lallll“
1474 2462 1647 2515 virtus
1687 2471 1797 2527 est,
1838 2469 1891 2515 et
1921 2461 1988 2515 de

424 2562 452 2614 ὁ
476 2562 618 2630 justo
643 2577 668 2612 τι
691 2568 743 2613 et
768 2576 792 2611 c
822 2558 1030 2613 termini
1054 2557 1423 2625 praedicantur,
1452 2562 1501 2606 ct
1530 2554 1585 2606 ﬁt
1608 2564 1672 2607 te:
1691 2554 1776 2607 tim
1809 2552 1988 2622 ﬁgura:

420 2650 703 2707 cmmexio.
750 2648 1035 2703 Conversis
1082 2646 1240 2715 igitur
1287 2645 1471 2713 primis
1514 2643 1848 2711 posterisque
1893 2657 1989 2696 ex-

425 2742 776 2797 tremitatibus
803 2740 984 2809 primm
1015 2737 1214 2806 ﬁgurze,
1254 2737 1406 2789 tertia
1434 2735 1515 2788 vel
1560 2733 1793 2787 secunda
1824 2732 1986 2801 ﬁgura

424 2843 729 2889 nascuntur.
754 2834 817 2886 At
846 2845 972 2885 vero
1010 2842 1337 2897 unoquoque
1378 2828 1563 2879 harum
1606 2825 1764 2878 trium
1798 2825 1991 2891 ﬁgura-

423 2940 539 2979 rum
570 2923 728 2977 habet
770 2922 868 2975 sub
910 2935 968 2974 se
996 2918 1177 2989 plures
1222 2917 1649 2987 syllogismorum
1696 2914 1900 2977 modos,
1936 2924 1989 2967 ut

426 3015 564 3068 modi
595 3013 695 3068 sub
740 3011 918 3081 ﬁguris
965 3011 1034 3063 ita
1077 3010 1185 3062 sint
1224 3014 1282 3061 ut
1325 3015 1448 3061 sunt
1481 3005 1689 3073 species
1734 3004 1833 3058 sub
1878 3004 1991 3057 suis

424 3103 722 3171 generibus.
754 3101 917 3155 liabet
948 3101 1089 3153 cnim
1133 3099 1300 3167 prima
1335 3098 1499 3165 ﬁgura
1529 3097 1627 3150 sub
1667 3110 1746 3161 se,
1780 3096 1988 3148 Aristo—

2091 1932 2191 1986 que
2221 1918 2490 1995 conclusio
2517 1921 2872 1987 particularis,
2910 1922 3009 1975 hoc
3041 1921 3218 1988 modo,
3254 1931 3307 1975 ut
3340 1939 3370 1974 a
3401 1923 3565 1976 virtus
3594 1924 3662 1977 de

2090 2008 2315 2074 quodam
2346 2024 2372 2059 ε
2406 2010 2548 2077 justo
2593 2011 2981 2075 particulariter
3027 2014 3361 2081 przedicetur.
3406 2013 3461 2068 Si
3505 2015 3664 2084 igitur

2090 2096 2252 2150 fuerit
2276 2113 2307 2148 a
2340 2099 2596 2153 terminus
2629 2101 2677 2152 in
2712 2102 2853 2153 omni
2880 2102 2925 2165 ιν,
2961 2113 3012 2155 et
3041 2102 3068 2155 ὁ
3096 2105 3350 2157 terminus
3392 2106 3445 2157 in
3478 2106 3663 2173 aliquo

2091 2204 2117 2238 c
2147 2188 2560 2254 particulariter,
2588 2193 2690 2243 erit
2728 2208 2757 2241 a
2788 2192 3043 2246 terminus
3074 2193 3124 2247 iu
3155 2193 3331 2263 aliquo
3369 2212 3395 2247 c
3426 2196 3663 2264 particu-

2094 2280 2298 2346 lariter,
2326 2290 2380 2334 ut
2402 2284 2469 2337 sit
2497 2302 2509 2334 :

2479 2374 2649 2429 Omne
2676 2375 2871 2430 bonum
2899 2377 3065 2432 virtus
3088 2388 3187 2433 est.

2476 2463 2748 2529 Quoddam
2772 2466 2970 2535 justum
3001 2468 3197 2523 bonum
3222 2479 3323 2525 est.

2477 2555 2753 2621 Quoddam
2784 2558 2945 2627 igitur
2966 2560 3169 2627 justum
3202 2562 3371 2617 virtus
3394 2570 3499 2619 est.

2091 2640 2319 2707 Quartus
2347 2644 2535 2701 modus
2583 2649 2769 2715 primas
2816 2650 2999 2720 ﬁgurae
3045 2662 3127 2706 est
3172 2654 3311 2720 talis,
3360 2655 3569 2723 quoties
3602 2672 3664 2709 ex

2093 2734 2381 2789 universali
2428 2740 2717 2805 negatione
2743 2750 2795 2793 et
2828 2741 3135 2809 particulari
3158 2740 3513 2799 afﬁrmatione
3545 2760 3664 2814 par-

2093 2823 2330 2877 ticularis
2361 2826 2600 2895 negativa
2643 2830 2929 2899 colligitur.
2963 2830 3093 2884 Nam
3138 2833 3182 2885 si
3223 2849 3254 2884 a
3283 2834 3543 2887 terminus
3599 2834 3667 2887 de

2094 2913 2239 2967 nullo
2267 2915 2293 2966 b
2319 2916 2548 2970 termino
2576 2918 2911 2985 praadlcetur,
2940 2919 2967 2971 b
2996 2935 3124 2973 vero
3158 2921 3413 2976 terminus
3438 2922 3506 2976 de
3535 2939 3667 2991 quo-

2092 3002 2214 3056 dam
2263 3019 2290 3055 c
2346 3004 2575 3059 termino
2621 3006 2965 3073 prmdicetur,
3015 3025 3045 3060 a
3101 3010 3360 3063 terminus
3412 3010 3479 3065 de
3530 3027 3669 3080 quo-

2093 3094 2218 3148 dam
2262 3113 2289 3148 ο
2326 3098 2557 3151 termino
2602 3113 2707 3152 non
2765 3100 3164 3168 prmdicabitur,
3216 3101 3354 3170 quod
3407 3112 3670 3157 monstrat

432 3193 539 3247 tele
610 3201 854 3254 auctore,
901 3189 1085 3243 modos
1135 3198 1396 3257 quatuor;
1455 3186 1546 3239 sed
1597 3184 1990 3252 Theophrastus
2020 3189 2062 3249 (Ἰ
2094 3186 2328 3253 subjecta
2371 3187 2678 3257 descrijtio.
2720 3190 2849 3243 Nam
2894 3203 3016 3245 sunt
3061 3192 3366 3261 h-tjusnodi
3417 3194 3664 3263 proposi-

427 3282 512 3337 vel
543 3282 811 3336 Eudemus
837 3294 994 3347 super
1033 3279 1128 3332 bos
1159 3286 1384 3347 quatuor
1436 3276 1668 3343 quinque
1700 3274 1835 3327 alios
1878 3289 1991 3327 mo-

425 3374 525 3429 dos
553 3374 781 3437 addunt,
814 3371 1096 3425 Aristotele
1123 3370 1283 3424 dante
1331 3368 1644 3437 principium
1678 3368 1727 3419 in
1758 3366 1992 3420 secundo

428 3465 660 3536 priorum
692 3462 1087 3532 Analyticorum
1130 3459 1420 3520 volumine,
1450 3458 1588 3526 quod
1622 3458 1809 3511 melius
1852 3466 1993 3524 pest-

428 3556 639 3610 modum
671 3553 1041 3622 explicabitur.
1074 3550 1315 3605 ὃθειιιιὼ
1359 3564 1485 3604 vero
1518 3548 1678 3616 ﬁgura
1712 3544 1869 3599 habet
1894 3547 1992 3599 sub

428 3661 487 3703 se
514 3655 738 3717 quatuor
777 3643 991 3709 modos;
1034 3644 1185 3696 tertia
1215 3656 1370 3707 vero,
1413 3650 1629 3694 auctore
1673 3639 1991 3705 Aristotele,

429 3752 552 3801 sex;
581 3737 780 3791 addunt
816 3737 974 3790 etiam
1004 3734 1089 3787 alii
1122 3749 1305 3799 unum,
1337 3733 1475 3787 sicut
1502 3733 1616 3801 ipse
1645 3731 1988 3801 Porphyrius,

426 3827 729 3897 superiores
771 3825 970 3881 scilicet
1017 3826 1266 3894 sequens.
1300 3823 1365 3877 Et
1410 3823 1663 3892 quoniam
1708 3823 1789 3893 (ut
1836 3836 1996 3889 supe-

427 3920 569 3972 riore
599 3916 735 3970 libro
755 3915 950 3969 dictum
977 3915 1077 3984 est)
1105 3914 1221 3969 alite
1248 3912 1635 3984 propositiones
1659 3912 1995 3966 afﬁrmativaa

429 4013 586 4068 sunt,
608 4004 726 4058 alia:
750 4005 1025 4074 negativai,
1056 4014 1108 4059 et
1134 4019 1316 4059 earum
1348 4004 1464 4057 alia:
1493 4003 1849 4071 universales,
1877 4002 1994 4056 aliae

429 4107 558 4148 vero
586 4092 949 4162 particulares,
980 4094 1267 4147 secundum
1297 4108 1388 4148 eas
1410 4092 1572 4161 ipsas,
1602 4093 1995 4160 propositiones

427 4186 850 4257 syllogismorum
881 4186 1353 4255 conclusionesque
1400 4184 1712 4254 junguntur.
1754 4183 1995 4252 Namque
2040 4197 2045 4201 ·

429 4280 611 4348 prima:
643 4279 819 4347 ﬁgura:
862 4278 1061 4347 primus
1108 4279 1296 4332 modus
1340 4286 1421 4331 est
1466 4278 1554 4345 qui
1604 4277 1664 4331 ﬁt
1692 4292 1759 4332 ex
1790 4276 1996 4331 duabus

428 4370 816 4424 universalibus
845 4368 1193 4434 aﬁirmativis,
1234 4368 1588 4422 universalem
1633 4367 1889 4436 colligens
1919 4365 1998 4420 af-

429 4460 764 4514 ﬁrmativam.
796 4461 847 4515 Si
875 4461 1013 4514 enim
1040 4477 1072 4513 a
1105 4462 1364 4514 terminus
1390 4459 1548 4514 fuerit
1575 4460 1625 4513 in
1656 4461 1799 4517 omni
1832 4459 1859 4510 b
1890 4467 1993 4513 ter—

429 4551 597 4615 mino,
625 4561 675 4605 et
705 4553 746 4607 si
774 4551 801 4603 b
827 4553 1083 4606 terminus
1107 4552 1173 4607 de
1198 4552 1340 4607 omni
1360 4569 1391 4605 c
1420 4552 1647 4606 termino
1679 4552 1832 4606 fuerit
1862 4566 1995 4619 pra:-

428 4641 651 4706 dicatus,
677 4658 708 4694 a
739 4643 997 4697 terminus
1024 4642 1089 4696 de
1115 4643 1260 4696 omni
1284 4658 1312 4695 c
1336 4642 1567 4695 termino
1600 4640 1992 4710 przedicabitur.

426 4729 665 4799 Namque
707 4747 738 4783 a
767 4730 965 4784 bonum
996 4731 1038 4784 si
1081 4732 1399 4801 praedicetur
1425 4731 1491 4785 de
1516 4732 1659 4784 omni
1702 4731 1730 4783 ὁ
1752 4731 1918 4799 justo,
1945 4744 2001 4785 ut

427 4822 517 4887 sit,
551 4835 709 4877 omne
736 4822 933 4891 justum
961 4824 1157 4878 bonum
1186 4832 1297 4888 est,
1326 4823 1353 4876 ὸ
1384 4838 1510 4878 vero
1543 4823 1774 4890 justum,
1808 4822 1850 4875 si
1883 4823 1947 4877 de
1976 4840 2005 4875 ε

428 4911 751 4979 praedicetur
777 4912 989 4977 virtute,
1023 4922 1081 4967 ut
1119 4915 1205 4981 sit,
1230 4916 1405 4969 omnis
1441 4915 1611 4968 virtus
1645 4914 1846 4982 justum
1888 4922 2003 4979 est,

427 5003 731 5054 necessario
770 5002 1105 5058 concluditur
1133 5005 1559 5059 extremitatibus
1587 5004 1651 5057 ad
1683 5019 1739 5058 se
1778 5004 2001 5058 invicem

428 5092 748 5158 prtedieatis,
774 5094 822 5146 id
852 5102 935 5147 est
974 5112 1006 5146 a
1032 5105 1084 5149 et
1115 5112 1163 5161 c,
1196 5106 1250 5149 ιιι
1275 5099 1345 5151 sit
1387 5097 1559 5151 omnis
1601 5096 1766 5151 virtus
1806 5095 2001 5149 bonum

429 5192 527 5235 est.
558 5182 691 5237 Sunt
723 5185 880 5252 igitur
905 5183 1208 5253 hujusmodi
1242 5189 1633 5256 propositiones
1681 5198 1843 5257 atque
1875 5204 2006 5242 con-

428 5272 635 5327 clusio?
660 5275 714 5328 Si
744 5292 775 5325 a
806 5276 857 5326 in
890 5278 1031 5329 omni
1063 5278 1089 5329 b
1116 5278 1301 5343 fuerit,
1328 5289 1379 5333 et
1406 5280 1432 5331 ο
1463 5281 1515 5332 in
1546 5280 1689 5332 omni
1718 5296 1745 5332 ε
1775 5279 1951 5343 fuerit,
1976 5295 2007 5331 (ι

431 5366 686 5417 terminus
732 5365 797 5417 de
827 5367 970 5418 omni
1004 5382 1030 5417 c
1057 5369 1453 5434 praedicabitur,
1499 5368 1550 5420 id
1594 5381 1670 5421 c5!
1693 5410 1710 5437 ,
1739 5383 1899 5421 omne
1926 5369 2006 5435 ju-

427 5466 569 5509 stum
594 5457 795 5527 homth
812 5466 912 5516 cst,
937 5460 1112 5511 omnis
1134 5462 1301 5513 virtus
1321 5462 1459 5527 justa
1483 5468 1597 5523 est;
1626 5468 1681 5513 et
1701 5460 2002 5522 conclusio,

428 5543 606 5595 omnis
636 5526 795 5608 igitur"
822 5543 991 5595 virtus
1022 5546 1216 5598 bonum
1250 5526 1330 5600 est
1350 5587 1363 5610 ,
1392 5556 1443 5600 et
1475 5546 1559 5599 hic
1590 5547 1774 5613 prima:
1824 5548 2004 5613 ligurre

429 5632 636 5703 primus
667 5631 858 5686 modus
880 5642 982 5687 est.
1023 5632 1302 5689 Secundus
1332 5651 1457 5689 vero
1490 5634 1679 5688 modus
1727 5637 1912 5703 prima:
1945 5636 2006 5688 ﬁ-

429 5740 574 5792 gurtc
604 5732 712 5787 est,
761 5723 974 5793 quoties
1022 5740 1083 5777 ex
1136 5741 1165 5793 p
1202 5727 1303 5781 ima
1348 5727 1635 5782 universali
1682 5729 1919 5797 negativa
1952 5739 2005 5784 et

2096 3278 2269 3331 tiones
2298 3296 2309 3329 :

2452 3371 2662 3427 Nullum
2695 3373 2891 3427 bonum
2926 3377 3120 3429 malum
3150 3388 3253 3431 est.

2446 3462 2720 3529 Quoddam
2742 3464 2945 3534 justum
2978 3465 3174 3520 bonum
3213 3476 3316 3523 οτι.

2446 3554 2723 3622 Quoddam
2753 3557 2915 3626 igitur
2940 3557 3142 3627 justum
3170 3559 3368 3614 malum
3401 3575 3504 3615 non
3532 3571 3633 3616 est.

2101 3642 2206 3697 llos
2228 3658 2357 3712 ergo
2382 3654 2545 3714 quatu
2569 3663 2610 3700 ir
2642 3647 2692 3700 in
2725 3648 2889 3714 prima
2924 3648 3088 3718 ﬁgura
3136 3650 3323 3705 modos
3351 3652 3401 3705 in
3435 3653 3676 3724 Analytio

2096 3737 2174 3788 cis
2222 3736 2330 3789 suis
2376 3726 2691 3792 Aristoteles
2745 3739 2939 3806 posuit.
2983 3740 3217 3795 Caeteros
3265 3757 3391 3796 vero
3440 3743 3675 3813 quinque

2098 3826 2283 3880 modos
2325 3827 2726 3895 TheOphrastus
2753 3838 2808 3883 et
2853 3829 3122 3884 Eudemus
3168 3831 3521 3895 addiderunt,
3554 3837 3673 3903 qui-

2100 3919 2197 3971 bus
2224 3916 2573 3988 Porphyrius,
2604 3919 2932 3986 gravissima:
2955 3921 3034 3972 vir
3050 3922 3398 3989 auctoritatis,
3422 3924 3565 3977 visus
3594 3934 3675 3977 est

2098 4008 2454 4072 consensis-e,
2481 4009 2567 4075 qui
2601 4016 2725 4060 sunt.
2753 4007 3075 4076 huj-ismodi.
3111 4008 3240 4059 Nam
3269 4012 3518 4075 quoniam
3553 4028 3675 4077 par-

2102 4096 2334 4150 ticularis
2378 4095 2691 4149 alﬁrmativa
2733 4096 2835 4149 sibi
2881 4095 2980 4164 ipsi
3029 4097 3381 4161 convertitur,
3428 4098 3672 4166 qui‘q‘uis

2099 4187 2393 4244 ostenderit
2432 4188 2484 4241 in
2511 4185 2851 4241 conclusione
2891 4204 2921 4239 ιι
2954 4186 3234 4240 terminum
3266 4185 3333 4241 de
3377 4187 3601 4260 quodam
3644 4206 3673 4241 ε

2099 4280 2329 4333 termino
2356 4277 2741 4347 particulariter
2772 4277 3069 4346 praedicari,
3109 4278 3157 4329 in
3189 4276 3373 4331 eadem
3406 4277 3515 4345 ipsa
3546 4292 3676 4331 con-

2097 4374 2335 4428 clusione
2384 4373 2702 4427 monstravit
2746 4374 2884 4443 quod
2925 4389 2952 4427 c
2980 4372 3235 4427 terminus
3267 4372 3333 4427 de
3381 4388 3412 4425 a
3442 4373 3671 4426 termino

2101 4478 2283 4517 rursus
2311 4463 2697 4533 particulariter
2734 4456 3093 4531 prtedieetur.‘
3118 4461 3248 4514 Nam
3277 4462 3321 4515 si
3353 4461 3456 4515 sibi
3500 4462 3668 4531 parti-

2102 4554 2295 4605 cularis
2329 4552 2617 4620 prapositi»
2666 4552 2717 4604 in
2762 4552 3105 4605 conclusione
3156 4552 3510 4616 convertitur,
3557 4554 3600 4607 si
3641 4572 3672 4606 a

2103 4644 2359 4697 terminus
2400 4643 2452 4694 in
2483 4641 2710 4710 quodam
2739 4659 2765 4693 c
2796 4640 3024 4695 termino
3052 4641 3238 4707 fuerit,
3268 4660 3293 4695 c
3319 4644 3579 4699 terminus
3606 4648 3674 4699 de

2103 4732 2330 4800 quodam
2359 4748 2389 4782 α
2428 4731 2654 4784 termino
2682 4730 3074 4800 praadieabitur.
3120 4731 3247 4785 Item
3285 4733 3523 4802 quisquis
3565 4737 3676 4788 uni-

2105 4819 2358 4873 versalem
2391 4819 2687 4888 negativam
2720 4818 2771 4872 in
2813 4819 3157 4874 conclusione
3204 4822 3538 4888 probaverit,
3575 4839 3671 4877 ne-

2104 4923 2255 4963 cesse
2282 4917 2363 4962 est
2398 4923 2519 4962 eum
2547 4909 2713 4977 ipsius
2741 4924 2949 4979 quoque
2971 4912 3372 4966 conversionem
3402 4914 3451 4965 in
3488 4914 3672 4967 eadem

2107 5000 2454 5054 conclu~ione
2482 5000 2753 5066 probasse.
2782 5000 3107 5056 Universalis
3129 5004 3268 5057 enim
3298 5006 3505 5073 negatio
3536 5019 3678 5057 sem.

2111 5104 2204 5157 per
2239 5089 2338 5143 sibi
2378 5089 2723 5144 convertitur.
2754 5091 2884 5144 Nam
2928 5092 2972 5145 si
3017 5093 3133 5160 quis
3177 5094 3421 5161 probavit
3462 5096 3600 5161 quod
3644 5111 3677 5147 α

2110 5178 2363 5231 terminus
2388 5179 2455 5232 de
2495 5180 2639 5233 nullo
2666 5197 2690 5232 c
2722 5180 2949 5234 termino
2975 5182 3309 5247 praedicetur,
3340 5197 3441 5235 non
3470 5196 3545 5235 ρει
3582 5184 3674 5237 du-

2110 5269 2249 5321 bium
2278 5269 2400 5336 quin
2433 5269 2481 5320 in
2513 5269 2609 5323 hac
2632 5270 2976 5323 conclusione
3004 5269 3128 5321 illud
3153 5286 3365 5339 quoque
3396 5273 3674 5337 probatum

2110 5360 2199 5422 sit,
2239 5360 2378 5427 quod
2406 5377 2431 5412 c
2461 5361 2720 5414 terminus
2748 5360 2814 5413 de
2840 5361 2984 5413 nullo
3012 5379 3043 5413 a
3073 5363 3299 5414 termino
3339 5365 3670 5431 prtedicetur.

2109 5453 2329 5519 Semper
2369 5452 2532 5514 enim,
2583 5461 2639 5505 ut
2681 5452 2879 5504 dictum
2922 5461 3022 5515 cSt,
3075 5452 3391 5506 univerSaIis
3436 5459 3675 5523 negativa

2109 5544 2206 5596 sibi
2252 5544 2351 5611 ipsi
2394 5543 2742 5595 convertitur.
2778 5543 3101 5596 Universalis
3131 5560 3339 5613 quoque
3361 5546 3677 5601 alﬁrmativa

2108 5631 2300 5700 duplici
2335 5630 2676 5684 canclusiune
2705 5631 3035 5693 continetur;
3068 5647 3184 5684 nam
3233 5636 3468 5703 quisquis
3499 5646 3677 5689 osten-

2109 5724 2242 5775 dita
2286 5719 2565 5773 terminum
2606 5721 2671 5775 de
2710 5720 2851 5777 omni
2895 5738 2919 5774 c
2954 5724 3178 5777 termino
3211 5725 3516 5793 prmdicari,
3549 5727 3677 5781 illttd
