4290 6272
664 386 766 439 8ξὸ

1881 387 1967 441 AN
2036 387 2243 443 M\Nl..
2288 388 2436 443 SEV.
2487 388 2708 443 IIOETII

2190 388 2243 442 l..
2288 388 2436 443 εει.
2487 388 2708 443 ΙΞΟΕΤΙΙ
3823 394 3884 448 St

663 513 871 567 quoque
901 493 1130 548 ostendit
1163 493 1301 562 quod
1350 510 1373 545 c
1406 494 1661 547 terminus
1701 493 1766 547 de
1814 496 2040 564 quodam
2074 515 2103 549 a
2136 507 2241 552 ter-
2271 504 2315 557 Α
2349 514 2466 552 ιιειιι
2496 501 2865 567 particularem
2898 500 3100 569 Colligit
3126 500 3525 556 afﬁrmativam.
3556 504 3609 558 Si
3642 504 3783 559 enim
3808 503 3920 558 frte-

664 592 805 642 miuo
834 585 1226 655 particularitcr
1258 585 1587 653 prardicetur.
1625 586 1679 641 Si
1712 589 1828 651 quis
1858 587 1998 639 enim
2046 590 2233 655 proba-

662 680 795 733 verit
822 677 1018 731 animal
1048 675 1115 731 de
1145 677 1290 729 omni
1325 676 1541 731 homine
1578 676 1887 742 przcdicari,
1930 677 1997 730 ita
2029 679 2229 740 dicens.

658 770 831 823 oninis
880 769 1039 822 homo
1084 768 1276 821 animal
1328 778 1442 831 est,
1492 768 1616 821 illud
1662 784 1870 837 quoque
1932 773 2231 825 necessario

658 861 971 914 monstravit
1005 857 1412 927 particulariter,
1438 859 1687 927 quoniam
1719 861 1983 927 quoddam
2031 864 2226 917 animal

656 951 815 1003 homo
846 961 946 1004 est.
986 950 1057 1004 Ita
1088 964 1297 1018 semper
1327 949 1641 1002 universalis
1668 950 1902 1017 negatio,
1935 961 1989 1003 et
2020 951 2227 1005 univer-

652 1043 778 1094 salis
805 1042 1109 1104 afﬁrmatio,
1140 1041 1218 1094 vel
1250 1040 1582 1108 particularis
1605 1039 1922 1093 afﬁrmativa
1948 1041 2229 1109 dupliciter

652 1132 1059 1185 concluduntur.
1114 1130 1243 1183 Alia:
1298 1130 1438 1183 enim
1493 1131 1591 1183 sibi
1647 1131 1774 1197 ipsis
1822 1144 2224 1199 convertuntur,

652 1234 769 1287 qum
812 1218 1142 1287 particularis
1173 1227 1253 1273 est
1298 1217 1703 1286 particuluriter,
1752 1234 1869 1287 quae
1915 1222 2228 1276 universalis

652 1309 1041 1364 universaliter.
1074 1309 1186 1362 Alia
1218 1324 1345 1362 vero
1370 1349 1383 1372 ,
1427 1323 1543 1363 cum
1578 1311 1687 1377 ipsa
1720 1311 2037 1364 universalis
2081 1313 2226 1366 affir-

650 1402 843 1454 mativa
874 1402 975 1466 sit,
1011 1400 1400 1467 particulariter
1430 1401 1529 1453 sibi
1572 1401 1668 1467 ipsi
1714 1404 2064 1457 convertitur.
2100 1404 2228 1457 Par-

650 1492 885 1546 ticularis
916 1499 1092 1543 autem
1124 1492 1333 1559 negatio
1366 1505 1631 1556 nunquam
1678 1492 1776 1544 sibi
1821 1494 1917 1559 ipsi
1960 1496 2225 1547 converti-

646 1593 750 1649 tur,
785 1592 941 1650 atque
982 1580 1100 1635 ideo
1141 1580 1433 1647 simplicem
1484 1581 1533 1634 in
1576 1596 1634 1633 se
1672 1582 1868 1637 retinet
1916 1585 2221 1637 conclusio-

645 1688 787 1728 nem.
823 1672 931 1727 [Ioc
979 1678 1152 1723 autem
1201 1670 1340 1737 quod
1375 1686 1542 1738 nuper
1574 1671 1832 1734 diximus,
1880 1672 1928 1723 iu
1983 1676 2223 1727 St‘ClllttiO

644 1764 879 1832 priorum
898 1761 1292 1832 Analytieorum
1322 1760 1456 1814 libro
1477 1760 1841 1815 abAristotele
1866 1774 2188 1818 monstratur
2205 1806 2219 1828 ,

2336 590 2400 642 rit
2436 606 2468 641 α
2500 590 2757 642 terminus
2790 590 2841 641 in
2888 591 3033 641 (ιιιιιιί
3064 592 3113 656 b,
3150 603 3201 645 et
3235 592 3261 644 b
3294 593 3553 647 terminus
3594 595 3661 648 de
3690 595 3919 662 quodam

2335 693 2361 728 c
2390 678 2617 731 termino
2650 678 2987 745 praedicetur,
3027 688 3203 746 potest
3235 696 3266 732 α
3297 681 3557 735 terminus
3577 680 3645 736 de
3682 684 3915 750 quodam

2334 782 2360 820 c
2385 767 2615 820 termino
2648 767 2946 833 pradicari.
2984 768 3088 822 Sed
3116 769 3366 837 quoniam
3401 770 3740 837 particularis
3772 773 3918 828 afﬁr-

2339 856 2505 910 matio
2527 855 2629 910 sibi
2661 855 2761 925 ipsi
2784 857 3134 922 convertitur,
3169 872 3261 926 per
3282 860 3689 913 conversionem
3714 860 3771 914 ﬁt
3792 876 3920 915 con-

2330 947 2522 1011 clusio,
2570 953 2626 1000 et
2650 945 2848 1000 dicitur
2875 962 2901 999 c
2930 946 3192 1000 terminus
3223 947 3290 1001 de
3320 947 3551 1014 quodam
3603 965 3634 1000 a
3684 953 3920 1004 termino

2331 1038 2631 1107 praedicari,
2661 1047 2716 1091 ut
2743 1038 2810 1091 sit
2837 1038 2914 1091 sic
2948 1056 2962 1089 :
2991 1052 3153 1092 omne
3186 1037 3382 1090 bonum
3412 1037 3582 1091 virtus
3605 1048 3707 1103 est,
3743 1032 3914 1107 quod-

2330 1129 2450 1181 dam
2479 1128 2679 1197 justum
2728 1128 2922 1182 bonum
2963 1135 3067 1181 est.
3120 1128 3309 1181 Posset
3356 1128 3607 1196 equidem
3637 1132 3912 1198 concludi,

2329 1221 2585 1287 quoniam
2632 1218 2900 1285 quoddam
2928 1218 3130 1285 justum
3162 1218 3328 1270 virtus
3357 1226 3457 1283 est,
3496 1218 3591 1273 sed
3622 1219 3744 1288 quia
3781 1236 3907 1287 par-

2334 1312 2575 1364 ticularis
2621 1310 2909 1363 afﬁrmatio
2959 1310 3325 1371 conv-'rtitur,
3382 1308 3609 1361 dicimus
3653 1311 3906 1378 quoniam

2330 1402 2574 1470 quredam
2606 1404 2774 1453 virtus
2810 1401 2951 1468 jtlSLl
2998 1411 3100 1453 est.
3146 1401 3375 1453 Octavus
3404 1400 3592 1453 modus
3622 1402 3806 1469 prima:
3842 1403 3904 1455 ﬁ-

2326 1508 2467 1561 gura:
2498 1503 2598 1553 est,
2630 1492 2841 1560 quoties
2871 1506 2936 1543 ex
2970 1490 3255 1543 universali
3298 1490 3654 1544 afﬁrmatione
3690 1502 3743 1545 et
3784 1496 3907 1545 uni-

2328 1582 2519 1635 versali
2548 1581 2830 1649 negatione
2856 1578 3248 1647 particulariter
3274 1579 3559 1647 coltigitur.
3596 1580 3654 1633 Si
3696 1580 3841 1633 enim
3876 1599 3907 1633 a

2328 1678 2589 1731 terminus
2609 1677 2674 1729 dc
2698 1676 2841 1729 omni
2869 1676 2895 1727 b
2920 1674 3147 1727 termino
3174 1672 3491 1742 [medicatus
3521 1672 3703 1737 fuerit,
3732 1673 3759 1724 ὁ
3783 1689 3910 1728 vero

2327 1772 2586 1826 terminus
2614 1770 2679 1823 de
2713 1769 2858 1821 nullo
2885 1785 2911 1819 c
2954 1770 3183 1822 termino
3217 1767 3555 1837 prmdicetur,
3590 1784 3695 1822 non
3727 1779 3907 1837 posset

641 1856 780 1922 quod
826 1856 1027 1908 sc'licet
1055 1852 1455 1921 Theophrastus
1496 1862 1549 1906 et
1592 1851 1860 1905 Eudemus
1894 1856 2208 1923 ptincipium
2249 1854 2289 1913 Β
2317 1862 2493 1930 eolligi
2544 1860 2706 1928 quoni
2727 1875 2794 1912 um
2828 1876 2857 1911 a
2891 1860 3152 1912 terminus
3179 1859 3246 1912 de
3274 1860 3420 1912 nullo
3449 1876 3475 1911 c
3508 1859 3732 1914 termino
3765 1876 3902 1929 prte-

640 1947 909 2012 capientes
953 1943 1017 1996 ad
1050 1944 1179 1997 alios
1210 1944 1263 1998 in
1296 1942 1462 2012 prima
1496 1944 1661 2012 ﬁgura
1692 1942 2029 2011 syllogismos
2076 1946 2212 2012 adji-

638 2036 855 2091 ciendus
902 2037 1135 2089 animum
1176 2036 1438 2103 adjecerc.
1475 2038 1561 2103 qtti
1603 2046 1726 2089 Sll'tl
1774 2036 2077 2103 hujusmodi
2124 2040 2210 2106 qui

638 2129 766 2182 κατὰ
810 2128 1081 2181 ἀνάκλασιν
1125 2134 1414 2191 vocantur,
1466 2125 1515 2180 id
1558 2134 1637 2180 est
1690 2142 1782 2195 per
1838 2126 2209 2182 refractionem

638 2220 924 2288 quamdam
982 2218 1489 2287 conversionemquc
1546 2220 1948 2287 propositionis.
2012 2220 2073 2275 Et
2128 2231 2210 2275 est

636 2316 849 2382 quintus
879 2314 1064 2369 modus
1094 2329 1156 2365 ex
1198 2312 1403 2367 duabus
1453 2312 1847 2366 universalibus
1897 2312 2208 2367 afﬁrmatio-

635 2409 807 2469 uibus,
829 2407 1235 2475 particularcmc
1253 2404 1477 2473 olligens
1496 2404 1599 2457 afﬁ:
1618 2406 1864 2457 mativam
1891 2405 1987 2458 hoc
2005 2406 2203 2459 modo:

631 2499 685 2554 Si
712 2515 742 2551 a
775 2498 927 2550 fuerit
960 2497 1182 2549 inomni
1222 2496 1269 2559 b,
1302 2505 1354 2547 et
1384 2495 1411 2547 ὁ
1444 2494 1603 2549 fuerit
1646 2495 1697 2548 iu
1748 2495 1892 2549 omni
1944 2511 1990 2559 c,
2024 2505 2205 2564 posset

632 2588 878 2655 equidem
918 2586 1167 2639 concludi
1224 2585 1362 2653 quod
1388 2602 1425 2638 ιι
1457 2586 1716 2639 terminus
1754 2596 1897 2640 esset
1925 2586 1977 2640 in
2005 2588 2147 2640 onmi
2180 2604 2205 2639 c

634 2678 884 2732 termino.
911 2676 1014 2729 Sed
1045 2675 1289 2743 quoniam
1325 2674 1424 2729 ista
1455 2676 1769 2731 universalis
1799 2679 2109 2747 propositio,
2147 2688 2202 2731 ut

627 2770 824 2839 dictum
865 2776 968 2831 est,
1023 2766 1411 2833 particulariter
1449 2768 1798 2830 convertitur,
1846 2771 2202 2835 przelermisso

626 2874 691 2913 eo
721 2856 860 2925 quad
892 2874 920 2908 a
955 2856 1210 2910 terminus
1244 2854 1311 2910 de
1341 2857 1487 2910 omni
1536 2874 1560 2909 c
1594 2859 1820 2911 termino
1863 2860 2198 2926 prmdicatttr,

628 2950 904 3003 conclusio
960 2962 1080 3003 esse
1108 2947 1304 3003 dicitur
1348 2949 1487 3017 quod
1516 2965 1541 3000 c
1584 2950 1837 3003 terminus
1865 2950 1931 3004 de
1972 2952 2198 3020 quodam

623 3057 653 3091 η
678 3040 902 3095 termino
936 3039 1272 3105 praedicatur,
1304 3038 1442 3108 quod
1476 3039 1575 3092 hoc
1620 3040 1864 3106 exemplo
1896 3049 2197 3095 monstrano

622 3134 747 3187 dum
769 3142 865 3187 est.
893 3132 944 3188 Si
973 3131 1114 3186 enim
1141 3130 1247 3186 sint
1277 3132 1667 3200 pr0positlone~
1692 3134 1788 3195 sic,
1813 3152 1970 3188 mune
1998 3135 2196 3201 justum

2324 1951 2678 2005 dicatur.Cur
2700 1960 2875 2003 autem
2902 1965 3007 2002 non
3040 1948 3224 2016 possit,
3260 1949 3310 2001 in
3345 1949 3677 2002 resolutoriis
3699 1951 3899 2002 dictum

2324 2052 2425 2095 est.
2460 2041 2565 2094 Sed
2596 2041 2847 2108 quoniam
2872 2039 3193 2093 universalis
3217 2040 3465 2108 ncgativa
3498 2040 3602 2095 sibi
3631 2040 3742 2109 ipsa
3767 2056 3900 2095 con-

2316 2133 2559 2197 vertitur,
2586 2140 2763 2200 potest
2795 2131 2897 2183 dici
2928 2138 2983 2183 et
3007 2129 3266 2196 converti,
3298 2128 3549 2198 quoniam
3585 2147 3611 2182 c
3643 2132 3900 2185 terminus

2313 2227 2381 2281 de
2424 2226 2570 2279 nullo
2600 2227 2627 2278 b
2668 2225 2900 2279 termino
2931 2223 3271 2291 praedicatur,
3320 2223 3348 2274 b
3376 2237 3505 2276 vero
3535 2224 3797 2279 terminus
3826 2224 3895 2280 de

2312 2317 2542 2385 quodam
2575 2333 2604 2367 a
2642 2314 2870 2368 termino
2912 2313 3125 2375 dicitur,
3160 2313 3415 2381 quoniam
3452 2313 3774 2367 universalis
3812 2316 3895 2367 af-

2316 2405 2575 2457 ﬁrmativa
2610 2403 3002 2470 particulariter
3030 2401 3131 2455 sibi
3171 2402 3285 2469 ipsa
3326 2405 3687 2468 convertitur;
3721 2420 3888 2473 quare

2311 2512 2335 2546 c
2373 2496 2629 2550 terminus
2656 2495 2720 2547 de
2766 2495 2996 2562 quodam
3029 2512 3059 2547 a
3090 2494 3316 2548 termino
3350 2510 3455 2548 non
3488 2496 3884 2564 praedicabitur,

2314 2599 2368 2639 ut
2401 2587 2609 2639 sitsic:
2649 2599 2810 2637 omne
2852 2585 3049 2636 bonum
3074 2584 3277 2651 justum
3323 2592 3427 2643 est.
3459 2585 3662 2638 nullum
3692 2586 3888 2637 malum

2316 2681 2509 2731 bonum
2541 2685 2647 2737 est,
2682 2692 2784 2728 non
2815 2686 2994 2742 posset
3025 2674 3223 2741 colligi,
3257 2674 3504 2741 quoniam
3542 2675 3741 2727 nullum
3774 2690 3886 2727 ma-

2312 2771 2418 2822 lum
2446 2768 2647 2838 justum
2676 2777 2780 2831 est,
2812 2768 2905 2820 sed
2937 2767 3270 2819 convertitur
3301 2769 3377 2820 sic
3409 2784 3418 2817 :

2594 2860 2803 2913 Nullum
2836 2859 3030 2913 honmn
3062 2859 3255 2911 malum
3284 2869 3385 2912 est.

2589 2948 2863 3017 Quoddatu
2900 2946 3102 3016 justum
3136 2948 3331 3001 bonum
3364 2957 3466 3001 est.

2594 3040 2868 3107 Quoddam
2894 3039 3050 3107 igitur
3075 3038 3275 3107 justum
3307 3040 3503 3091 malum
3539 3056 3643 3092 non
3673 3051 3773 3094 est.

2307 3133 2485 3187 N0nus
2528 3131 2716 3185 modus
2760 3133 2941 3198 prima:
2975 3130 3155 3197 figurae
3199 3138 3299 3195 est,
3332 3129 3419 3197 qui
3469 3145 3534 3182 ex
3576 3131 3881 3197 particulari

625 3226 821 3279 bonum
854 3233 964 3285 est.
995 3224 1166 3276 omnis
1212 3222 1377 3276 virtus
1404 3222 1549 3291 justa
1579 3233 1691 3286 est,
1727 3237 1905 3290 posset
1953 3225 2197 3279 concludi
2233 3212 2276 3272 C
2308 3224 2625 3277 afﬁrmativa
2653 3231 2705 3276 et
2731 3220 3025 3275 universali
3059 3220 3299 3288 negativa
3332 3222 3707 3288 particularem
3731 3224 3879 3277 colli-

624 3317 870 3383 equidem
899 3315 1147 3381 quoniam
1178 3316 1352 3368 omnis
1379 3318 1547 3368 virtus
1574 3314 1768 3367 bonum
1797 3326 1900 3367 est.
1932 3315 2037 3368 Sed
2071 3330 2201 3383 quo—

625 3407 763 3458 niam
798 3405 867 3457 ita
901 3403 1193 3471 propositio
1220 3403 1320 3458 sibi
1349 3405 1698 3464 convertitur,
1732 3412 1787 3456 ut
1807 3404 1895 3468 sit,
1932 3404 2198 3472 quoddam

622 3496 820 3547 bonum
851 3491 1019 3544 virtus
1061 3500 1141 3544 est
1186 3492 1597 3559 particulariter,
1652 3491 1987 3559 particularis
2032 3494 2197 3562 syllo-

620 3584 823 3653 gismus
852 3581 1228 3647 conclusioque
1270 3581 1538 3647 colligitur
1577 3596 1639 3633 ex
1681 3579 1885 3633 duabus
1918 3580 2196 3634 uuivt-rsa-

624 3675 757 3726 libus
785 3669 1135 3725 afﬁrmativis.
1178 3670 1303 3738 Ejus
1331 3683 1458 3722 vero
1498 3669 1669 3723 forma
1717 3670 1835 3722 talis
1878 3679 1955 3724 cst
1977 3711 1992 3734 ,
2023 3688 2053 3723 a
2085 3683 2193 3726 ter-

620 3764 796 3817 minus
840 3761 891 3815 in
941 3761 1083 3813 omni
1122 3761 1172 3825 ὁ,
1210 3761 1243 3813 b
1283 3761 1543 3815 terminus
1589 3759 1641 3814 in
1685 3760 1829 3813 omni
1876 3760 1929 3824 ί,
1977 3760 2134 3830 igitur
2171 3779 2197 3814 c

620 3856 877 3909 terminus
906 3854 955 3907 in
986 3868 1090 3923 quo
1112 3854 1212 3907 lam
1242 3872 1294 3919 η,
1324 3866 1375 3906 ut
1409 3864 1489 3908 est
1517 3872 1527 3905 :

905 3949 1074 4003 Omne
1100 3948 1299 4019 justum
1336 3948 1529 4000 bonum
1557 3956 1656 4000 εει.

902 4040 1087 4092 Omnis
1114 4044 1275 4092 vitltts
1298 4038 1439 4106 justa
1465 4050 1565 4091 est.

902 4131 1175 4196 Quoddam
1210 4132 1403 4184 bonum
1429 4128 1607 4198 justus
1631 4138 1732 4184 est.

615 4221 716 4275 Per
744 4220 1147 4274 conversionem
1182 4219 1661 4288 refractionemq-ie
1683 4220 1903 4284 dicitur,
1932 4220 2188 4289 quoniam

614 4314 753 4383 quod
788 4312 1159 4366 universtliter
1197 4310 1549 4379 colligebatur
1581 4326 1920 4370 conversum,
1958 4311 2191 4377 particu-

612 4406 795 4459 lariter
826 4403 1110 4457 collectum
1141 4409 1243 4455 est.
1276 4400 1471 4454 Sextus
1502 4399 1691 4453 modus
1717 4409 1799 4453 est
1828 4403 2013 4464 primze
2052 4399 2187 4467 figu-

616 4510 690 4548 rte
718 4495 805 4561 qui
837 4492 893 4546 ﬁt
922 4507 987 4547 ex
1012 4491 1302 4546 universali
1355 4490 1595 4559 negativa
1628 4499 1681 4543 et
1711 4490 1997 4544 universali
2035 4490 2185 4542 affir-

2303 3316 2380 3385 git
2412 3318 2707 3383 negativam
2753 3328 2847 3381 per
2877 3310 3302 3365 conversionem.
3354 3310 3408 3365 Si
3459 3312 3601 3365 enim
3641 3329 3672 3363 a
3701 3313 3882 3365 terrui-

2307 3421 2406 3460 nus
2432 3408 2498 3458 de
2524 3406 2753 3473 quodam
2784 3405 2813 3455 ὸ
2841 3404 3094 3468 termino,
3120 3403 3149 3453 ὸ
3183 3417 3310 3455 vero
3341 3404 3600 3456 terminus
3629 3403 3695 3455 de
3733 3401 3877 3454 nullo

2303 3512 2329 3549 ε
2358 3497 2585 3547 termino
2615 3492 2953 3561 praedzcctuv',
2999 3508 3102 3545 non
3137 3500 3310 3560 potest
3334 3493 3545 3559 quidem
3599 3491 3703 3544 dici
3746 3504 3876 3558 quo-

2305 3588 2443 3637 ltiattt
2471 3599 2503 3635 a
2532 3581 2793 3637 terminus
2820 3583 2888 3636 de
2918 3583 3147 3651 quodam
3175 3600 3201 3635 ε
3227 3583 3450 3636 termino
3480 3596 3582 3635 non
3617 3582 3875 3649 przedica-

2305 3675 2463 3729 biaur.
2488 3671 2595 3727 Cur
2618 3681 2794 3725 autem
2828 3688 2931 3725 non
2959 3671 3263 3740 possi',hoc
3292 3685 3499 3741 quoque
3526 3670 3579 3723 in
3607 3671 3871 3725 resoluto-

2304 3766 2401 3818 riis
2432 3764 2699 3828 diximus;
2732 3765 2822 3818 sed
2855 3764 3104 3833 quoniam
3146 3763 3459 3817 universalis
3506 3762 3716 3831 negatio
3745 3778 3873 3814 cono

2304 3857 2439 3911 verti
2479 3863 2674 3925 potest,
2721 3856 2929 3911 ditetur
2960 3857 3210 3923 quoniam
3242 3872 3268 3907 c
3292 3857 3548 3909 terminus
3575 3855 3640 3909 de
3670 3854 3815 3908 nullo
3842 3857 3872 3907 b

2305 3947 2532 4001 termino
2557 3945 2895 4015 praedicatur,
2927 3958 2979 3999 et
3008 3948 3035 3998 b
3060 3945 3318 4000 terminus
3341 3945 3409 4001 de
3428 3945 3655 4015 quodam
3677 3961 3707 3997 a
3735 3960 3873 4011 prae-

2304 4037 2543 4101 ditatur;
2577 4054 2602 4089 c
2630 4038 2791 4106 igitur
2821 4037 3078 4092 terminus
3109 4036 3178 4093 de
3220 4036 3452 4107 quodam
3482 4054 3514 4091 a
3544 4053 3649 4091 non
3682 4036 3872 4106 praedis

2299 4131 2526 4195 cabitur,
2560 4130 2705 4183 utsit
2734 4130 2809 4183 sic
2833 4145 2845 4181 :

2580 4222 2852 4286 Quoddam
2884 4220 3077 4273 bonum
3105 4219 3307 4289 justum
3335 4230 3436 4275 est.

2575 4309 2785 4361 Nullum
2818 4309 3016 4362 malum
3048 4310 3243 4363 bonum
3275 4321 3375 4365 est.

2572 4398 2847 4464 Quoddam
2878 4399 3038 4467 igitur
3058 4400 3261 4470 justum
3286 4401 3482 4454 malum
3510 4416 3611 4453 non
3637 4410 3739 4454 est.

2295 4489 2582 4559 Expeditis,
2623 4489 2778 4557 igitur
2822 4504 3010 4544 novem
3037 4492 3220 4559 prima:
3256 4491 3435 4560 ﬁgura:
3480 4490 3654 4545 modis
3682 4489 3747 4544 ad
3778 4503 3869 4543 se-

616 4588 808 4637 mativa
838 4584 1194 4639 universalem
1224 4582 1619 4637 conclusionem
1650 4596 1744 4651 per
1775 4583 2180 4637 convert-i0an
2218 4556 2267 4616 D
2295 4582 2482 4635 cundze
2509 4580 2688 4650 ﬁgurze
2709 4590 2934 4650 quatuor
2961 4582 3149 4636 modos
3172 4583 3467 4638 veniamus.
3501 4582 3631 4637 lllttd
3662 4592 3863 4649 tantum

613 4660 887 4744 colligens.
918 4674 1045 4729 Nam
1072 4675 1114 4728 si
1149 4692 1180 4726 a
1209 4674 1466 4729 terminus
1489 4674 1539 4727 in
1566 4673 1710 4727 nullo
1734 4674 1762 4725 ὁ
1794 4675 1972 4735 fuerit,
2002 4675 2029 4725 ὸ
2057 4689 2182 4728 vero

614 4764 869 4819 terminus
910 4764 960 4818 in
1001 4762 1145 4816 omni
1174 4779 1200 4816 c
1232 4764 1463 4818 termino
1493 4764 1673 4827 fuerit,
1704 4773 1885 4831 po-set
1930 4765 2180 4832 equidem

612 4852 790 4921 colligi
821 4854 1070 4921 quoniam
1125 4871 1155 4905 a
1184 4854 1443 4907 terminus
1481 4853 1532 4905 in
1583 4854 1728 4906 nullo
1757 4870 1782 4905 ε
1814 4856 2044 4907 termino
2075 4867 2178 4918 e5t;

612 4946 981 5012 sedquoniam
1024 4943 1339 4997 universalis
1380 4944 1623 5009 negativa
1664 4945 2009 5006 convertitur,
2051 4946 2185 4999 diei-

616 5032 727 5089 :u'us
759 5034 1005 5102 quoniam
1036 5050 1063 5085 ο
1109 5031 1362 5087 terminus
1392 5032 1439 5084 iri
1487 5033 1631 5083 nullo
1658 5049 1687 5083 a
1728 5033 1958 5086 termino
1989 5046 2089 5097 est,
2125 5046 2181 5089 ut

562 5159 579 5179 .
636 5128 675 5180 it
710 5125 811 5179 hoc
841 5126 1040 5198 modo:

896 5216 1104 5271 Nullum
1135 5217 1330 5271 bonum
1360 5218 1553 5270 malum
1585 5228 1686 5279 est.

891 5308 1061 5361 Omne
1089 5307 1288 5374 justum
1318 5306 1512 5361 bonum
1540 5317 1639 5371 est,
1676 5319 1852 5375 posset
1880 5310 2054 5380 colligi
2090 5328 2104 5367 :

895 5396 1104 5451 Nullum
1132 5398 1327 5466 justum
1372 5398 1565 5450 malum
1592 5409 1697 5461 ist;
1729 5398 1819 5452 sed
1852 5414 1913 5453 ex
1956 5399 2040 5453 his
2080 5417 2174 5471 per

1359 5491 1763 5543 Conversionem
1784 5491 2080 5561 colligimus
2112 5510 2123 5544 :

900 5579 1109 5635 Nullum
1140 5580 1335 5633 malum
1361 5580 1559 5649 justum
1591 5590 1691 5634 est.

611 5674 645 5723 5
665 5670 876 5736 °ptimus
907 5671 1095 5725 modus
1123 5670 1305 5738 ριίιιηε
1336 5671 1516 5739 figura:
1545 5680 1647 5733 est,
1677 5673 1764 5741 qui
1790 5688 1855 5728 ex
1886 5672 2175 5728 universali

609 5759 924 5813 attirmativa
966 5768 1019 5814 et
1054 5761 1361 5828 particulam
1395 5760 1708 5823 aft'trrnativa
1739 5778 1830 5829 per
1861 5763 2170 5819 conversio-

2296 4680 2524 4736 constet,
2570 4670 2708 4740 quod
2748 4671 3195 4737 quemadmodum
3240 4672 3290 4725 iu
3338 4673 3507 4741 prima
3557 4671 3721 4741 ﬁgura
3772 4686 3865 4738 per

2295 4778 2484 4818 novem
2516 4764 2846 4833 supradictus
2891 4764 3078 4818 modos
3116 4774 3171 4818 et
3198 4764 3483 4818 afﬁrmatio
3522 4762 3863 4824 universalis,

2294 4867 2346 4911 et
2374 4856 2582 4925 negatio
2627 4857 2968 4922 universalis,
3012 4865 3065 4909 et
3100 4855 3383 4910 afﬁrmatio
3416 4855 3769 4923 particularis,
3808 4862 3863 4906 et

2293 4948 2501 5016 negatio
2530 4948 2882 5017 particularis,
2918 4948 2972 5001 in
2998 4949 3344 5004 conclusione
3370 4948 3656 5017 colligitur,
3693 4948 3745 5000 in
3775 4960 3861 4999 se-

2290 5041 2464 5095 cunda
2496 5040 2656 5110 ﬁgura
2695 5042 3065 5096 afﬁrmativam
3106 5058 3278 5107 neque
3333 5043 3639 5110 generalem
3688 5054 3863 5109 neque

2289 5131 2657 5199 particularem
2691 5147 2847 5200 posse
2876 5133 3077 5202 colligi,
3110 5134 3201 5187 sed
3224 5142 3437 5185 tantum
3461 5132 3540 5183 vel
3578 5128 3861 5198 particula-

2288 5221 2443 5285 riter,
2475 5222 2561 5274 vel
2608 5223 2981 5278 universaliter
3010 5223 3153 5276 solas
3200 5223 3377 5290 colligi
3431 5221 3729 5289 negativas.
3767 5218 3862 5270 Est

2286 5322 2460 5365 autem
2492 5312 2739 5365 secunda:
2767 5312 2947 5380 ﬁgurae
2978 5313 3179 5381 primus
3202 5311 3391 5367 modus
3421 5310 3531 5374 hic,
3562 5308 3773 5378 quoties
3793 5320 3859 5359 ex

2285 5402 2578 5456 universali
2603 5403 2902 5469 negatione,
2932 5414 2985 5455 et
3014 5401 3297 5457 universali
3324 5398 3704 5460 afﬁrmatione,
3736 5396 3861 5468 upi-

2286 5494 2508 5548 versalis
2549 5497 2792 5561 negativa
2836 5493 3117 5562 colligitur.
3164 5494 3219 5548 Si
3248 5492 3393 5546 enim
3436 5506 3468 5544 a
3501 5489 3763 5543 terminus
3792 5485 3861 5537 de

2284 5586 2431 5640 nullo
2459 5587 2487 5639 ὁ
2520 5585 2748 5639 termino
2772 5594 2826 5639 et
2855 5584 2921 5639 de
2956 5586 3100 5640 omni
3130 5602 3155 5637 c
3183 5584 3411 5639 termino
3456 5580 3793 5650 prdeCetur.
3829 5576 3859 5625 ὸ

2283 5676 2541 5731 terminus
2552 5674 2618 5728 de
2632 5673 2774 5727 nullo
2787 5690 2812 5724 c
2828 5675 3055 5727 termino
3071 5672 3551 5742 prmdicabiturﬁit
3567 5668 3709 5723 enim
3725 5682 3754 5716 α
3769 5664 3859 5715 bo-

2283 5781 2427 5831 num,
2460 5766 2528 5820 sit
2563 5765 2588 5815 ιο
2618 5765 2838 5831 malum,
2864 5763 3126 5833 cjustum.
3150 5766 3203 5816 εἰ
3229 5763 3345 5833 quis
3369 5762 3528 5831 igitur
3564 5761 3641 5813 sic
3674 5756 3857 5809 dicat:
