4290 6272
1496 399 1581 453 DE
1624 392 2044 453 SYLLOGISMO
2083 392 2536 448 CATEGORICO.
3547 379 3649 431 8'28

2013 510 2059 567 Α
2091 508 2317 560 termino
2348 505 2529 570 fuerit,
2561 504 2587 555 b
2612 503 2870 557 terminus
2902 502 2967 556 dc
2989 501 3217 570 quodam
3242 515 3267 553 ε
3297 496 3526 551 termino
3554 509 3658 546 non

2097 593 2490 661 prmdicaltitur.
2542 592 2621 649 Sit
2659 592 2800 646 enim
2838 610 2866 643 α
2909 594 3125 659 bonum,
3179 591 3206 643 b
3253 589 3471 654 malum,
3522 586 3658 654 cju-

2087 694 2247 738 stum.
2281 685 2337 738 Si
2362 685 2481 753 quis
2512 684 2671 751 igitur
2691 683 2768 738 sic
2789 684 2930 738 dicat
2960 703 2971 736 :

2160 774 2370 827 Nullum
2403 772 2598 825 malum
2627 772 2825 826 bonum
2855 784 2953 825 est.

2160 864 2437 931 Quoddam
2453 863 2654 932 justum
2673 864 2870 918 bonum
2884 874 2984 931 est,
3003 863 3283 917 concludat
3305 878 3520 918 necesse
3538 872 3620 917 est
3641 881 3653 915 :

2162 957 2441 1021 Quuddam
2460 956 2661 1023 justum
2684 955 2879 1007 malum
2911 968 3013 1005 non
3044 962 3145 1019 est,

2098 1048 2190 1101 llic
2217 1062 2427 1116 quoque
2455 1046 2796 1116 syllogismus
2829 1060 2923 1113 per
2943 1045 3347 1111 conversionem
3377 1046 3476 1098 hoc
3503 1045 3661 1098 modo

2099 1138 2370 1204 probatur.
2408 1137 2537 1190 Nam
2589 1137 2634 1190 si
2679 1152 2710 1187 α
2760 1134 3017 1189 terminus
3068 1133 3135 1188 de
3184 1135 3327 1188 nullo
3373 1136 3400 1187 b
3438 1135 3664 1188 termino

2099 1228 2437 1295 pra-dicatur,
2470 1236 2524 1278 ct
2553 1226 2581 1277 ὁ
2615 1226 2872 1279 terminus
2899 1224 2966 1280 de
2992 1225 3140 1279 nullo
3168 1241 3199 1277 a
3223 1224 3448 1279 termino
3475 1224 3662 1291 prmdi-

2098 1317 2325 1371 catbitur.
2355 1315 2459 1369 Sed
2501 1334 2531 1367 α
2560 1316 2829 1370 terminus
2859 1316 2925 1369 de
2956 1316 3184 1384 quodam
3216 1332 3242 1368 c
3271 1315 3498 1369 termino
3529 1328 3663 1381 prm-

2096 1407 2321 1461 dicatur.
2374 1406 2525 1460 Redit
2569 1406 2729 1473 igitur
2770 1407 2957 1474 prima:
2988 1406 3167 1476 ﬁgura:
3200 1404 3388 1461 modus
3416 1412 3659 1474 quartus,

2092 1500 2181 1565 qui
2212 1508 2381 1552 estex
2422 1498 2703 1551 universali
2750 1496 3032 1565 negatione
3070 1507 3123 1552 et
3154 1497 3463 1567 particulari
3518 1494 3663 1547 affir-

2096 1588 2351 1653 motione,
2386 1588 2760 1654 particularem
2808 1588 3011 1641 scilicet
3036 1587 3297 1655 colligens
3335 1588 3659 1655 negativani,

424 1710 527 1754 est.
557 1698 611 1753 Si
636 1675 754 1765 quis
776 1694 920 1748 enim
956 1692 1009 1744 in
1041 1689 1143 1742 hoc
1183 1685 1489 1757 syllogismo
1518 1680 1605 1748 qui
1636 1686 1718 1731 est
1744 1692 1775 1727 α
1810 1675 1989 1728 termi-
2099 1687 2157 1732 ut
2197 1679 2248 1732 in
2284 1678 2383 1731 hoc
2408 1692 2619 1746 quoque
2656 1677 2983 1746 syllogismo.
3018 1676 3148 1729 Nam
3180 1676 3267 1729 hic
3292 1690 3502 1744 quoque
3544 1690 3663 1739 par-

436 1784 786 1841 nusinlnullo
811 1782 860 1846 b,
902 1788 956 1834 et
986 1778 1124 1833 idem
1155 1793 1185 1828 a
1212 1776 1469 1828 terminus
1494 1772 1560 1823 de
1587 1764 1988 1833 omnicpraedi-
2100 1771 2371 1823 ιίειιιςιωιη
2416 1768 2717 1837 ηεμιίναηι
2761 1769 2983 1837 (κοιμίζει⁹
3017 1768 3069 1821 id
3106 1776 3189 1822 ρει
3225 1768 3254 1821 ο
3280 1768 3562 1822 germinum
3599 1769 3667 1820 (ιο

425 1887 594 1939 cetur,
618 1884 670 1928 et
697 1888 729 1925 a
757 1872 784 1923 b
811 1866 1229 1939 propositionem
1268 1869 1564 1920 convertat,
1596 1866 1652 1909 ut
1689 1855 1845 1907 faciat
1870 1864 1989 1905 esse
2020 1858 2065 1917 Β
2092 1876 2119 1928 q

1972 1858 2065 1917 3Β
2092 1860 2324 1928 quodam
2368 1875 2393 1912 c
2426 1859 2652 1913 termino
2695 1871 2801 1913 non
2846 1858 3144 1927 praedicari.
3182 1860 3427 1925 Quartus
3477 1858 3666 1911 modus

430 1972 454 2019 ὁ
481 1985 540 2029 a,
572 1978 692 2017 nam
724 1960 899 2017 omnis
929 1956 1246 2012 universalis
1275 1950 1512 2020 negativa
1551 1945 1911 2006 converlilur;
1944 1941 1987 2031 Si
2096 1949 2346 2005 secunda:
2377 1949 2556 2019 ﬁgura:
2587 1958 2689 2013 est,
2715 1949 2807 2018 qui
2831 1964 2893 2003 ex
2919 1949 3212 2002 universali
3243 1949 3595 2002 affirmatione
3618 1957 3671 2001 et

430 2060 551 2124 quis
575 2056 735 2124 igitur
763 2052 905 2107 dicat
932 2048 1182 2118 quoniam
1217 2062 1249 2097 α
1289 2043 1546 2097 terminus
1569 2040 1635 2093 de
1662 2036 1856 2092 nullob
1886 2044 1991 2087 ter-
2100 2041 2406 2111 particulari
2457 2040 2741 2110 negatione
2789 2041 3163 2109 particularem
3216 2039 3419 2108 colligit
3467 2040 3668 2107 negati.

434 2147 579 2199 inino
608 2141 949 2211 praedicator,
980 2150 1030 2191 et
1053 2137 1079 2188 ὁ
1105 2135 1259 2204 igitur
1285 2132 1352 2186 de
1382 2132 1525 2184 nullo
1554 2146 1583 2181 a
1611 2127 1837 2182 termino
1861 2138 1994 2192 prze-
2098 2146 2128 2183 ν

1974 2148 1994 2161 -
2098 2146 2244 2185 vam.
2275 2130 2405 2183 Nam
2433 2130 2477 2183 si
2509 2147 2540 2183 a
2568 2128 2827 2185 terminus
2850 2128 2901 2183 in
2931 2131 3072 2183 omni
3102 2129 3131 2181 b
3160 2129 3387 2183 termino
3416 2128 3505 2190 sit,
3529 2137 3580 2180 ct
3602 2129 3668 2179 de

434 2232 725 2291 dicaliitur,
762 2229 855 2283 sed
885 2246 913 2279 a
946 2225 1202 2279 terminus
1229 2222 1295 2276 de
1325 2221 1469 2274 omni
1495 2235 1520 2270 c
1551 2217 1779 2272 termino
1808 2211 1997 2282 prmdi~
2100 2221 2330 2291 quodam
2378 2236 2405 2272 ε
2434 2220 2665 2275 termino
2704 2234 2810 2274 ηοη
2854 2220 2997 2288 "md
3021 2228 3191 2282 θεων,
3240 2220 3268 2271 ι,
3312 2218 3568 2272 terminus
3604 2217 3672 2269 ,ιο

432 2322 659 2375 rabitur.
686 2318 769 2370 Fit
801 2316 958 2385 igitur
990 2313 1175 2381 prima:
1213 2310 1394 2379 ﬁgura:
1425 2305 1690 2361 secundus
1718 2303 1904 2357 modus
1929 2315 1993 2354 ex
2101 2332 2126 2381 η

1970 2315 1993 2352 ’⁸
2101 2315 2329 2381 quodam
2362 2330 2391 2367 c
2421 2313 2649 2367 termino
2680 2328 2783 2366 non
2809 2311 3199 2379 prtcdicabitur.
3234 2310 3311 2365 Sit
3340 2310 3481 2363 enim
3510 2323 3539 2360 a
3576 2308 3664 2361 bo-

408 410 508 467 81⁵1

694 520 909 577 Nullum
937 520 1132 574 malum
1159 518 1356 570 bonmn
1386 522 1487 568 est.

702 612 871 666 Omne
888 610 1093 677 justum
1119 607 1316 661 bonum
1346 616 1448 668 est,
1481 599 1747 653 concludit
1778 614 1791 649 :

696 704 908 758 Nullum
936 702 1135 770 justum
1163 697 1355 751 malum
1388 703 1488 748 est.

416 801 607 869 Liquet
644 796 802 866 igitur
842 793 1099 860 majorem
1134 787 1529 842 extremitatem
1571 780 1639 835 de
1679 780 1884 833 minore
1931 779 1981 830 in

412 888 760 946 conclusione
802 880 1099 952 praedicari.
1143 877 1247 933 Sed
1290 887 1475 929 omnes
1521 870 1767 926 secunda:
1805 870 1985 937 ﬁgura:

415 976 708 1051 syllogismi
733 972 972 1042 quamvis
1000 968 1107 1023 veri
1139 966 1266 1029 sint,
1297 978 1481 1017 verum
1506 972 1683 1015 tamen
1705 974 1768 1013 ex
1791 956 1983 1025 seipsis

422 1045 525 1122 non
559 1045 831 1136 probatur,
875 1060 968 1115 sed
1007 1074 1071 1112 ex
1113 1056 1297 1126 prima:
1344 1053 1525 1120 ﬁgura:
1554 1048 1726 1103 modis
1756 1045 1981 1113 implen-

422 1172 523 1211 tur.
550 1158 785 1223 Namque
826 1152 869 1207 si
909 1168 939 1202 a
970 1150 1229 1203 terminus
1258 1144 1325 1199 de
1364 1142 1511 1196 nullo
1539 1141 1567 1192 b
1596 1137 1822 1193 termino
1850 1149 1984 1202 prac-

418 1250 651 1311 dicetur,
684 1255 736 1298 et
762 1244 812 1296 in
846 1241 991 1296 omni
1014 1256 1039 1291 c
1068 1237 1295 1292 termino
1315 1236 1403 1295 sit,
1437 1230 1669 1285 nondum
1704 1225 1980 1295 probatum

420 1349 501 1393 est
529 1337 778 1408 quoniam
818 1330 1037 1387 omnino
1070 1328 1098 1379 ὁ
1130 1325 1390 1381 terminus
1424 1322 1492 1375 de
1523 1319 1668 1372 nullo
1695 1333 1721 1367 c
1757 1313 1984 1368 termino

423 1401 760 1500 praedicetur.
794 1421 900 1478 Sed
922 1422 968 1497 si
998 1419 1116 1488 quis
1141 1432 1206 1469 ex
1232 1415 1335 1467 isto
1355 1411 1601 1465 secundae
1622 1407 1799 1475 ﬁgura:
1818 1401 1985 1469 primo

426 1498 584 1576 modo
625 1519 810 1587 prima:
854 1514 1039 1583 figura:
1082 1506 1375 1563 secundum
1418 1502 1631 1556 modum
1678 1498 1850 1559 iaciat,
1896 1508 1987 1559 per

424 1609 831 1683 conversionem
858 1611 999 1658 totus
1018 1600 1355 1670 syllogismus
1375 1591 1749 1656 conclusioque
1771 1586 1986 1654 probata

3100 734 3113 777 ἓ

433 2408 718 2465 universali
766 2406 1009 2473 negativa
1086 2409 1142 2456 et
1202 2398 1490 2455 universali
1534 2395 1843 2449 afﬁrmativa
1886 2390 2002 2445 uni-

436 2502 696 2556 vcrsalem
727 2497 984 2565 colligens
1024 2492 1344 2561 ncgativam,
1395 2498 1452 2544 ut
1487 2491 1556 2543 sit
1596 2485 1889 2541 conclusio.
1930 2484 2002 2537 De

442 2592 584 2644 nullo
612 2590 767 2658 igitur
798 2604 825 2639 c
848 2586 1078 2643 termino
1105 2584 1133 2635 ὑ
1163 2580 1552 2651 ρτωάἱεεὺίιυτ.
1581 2577 1672 2631 His
1700 2576 1854 2645 igitur
1874 2588 2001 2626 eon-

443 2680 775 2735 versionibus
827 2676 1002 2731 omnis
1032 2673 1281 2729 secundae
1323 2681 1377 2725 et
1407 2671 1577 2724 tertiac
1615 2669 1798 2736 ﬁgura:
1836 2664 2001 2733 syllo-

441 2772 639 2837 gismus
684 2766 1060 2834 conclusioque
1100 2760 1368 2830 colligitur
1415 2769 1469 2814 et
1510 2760 1780 2826 probatur.
1827 2755 1998 2820 Atque

442 2860 561 2912 ideo
590 2857 836 2925 quoniam
884 2870 949 2909 ex
1002 2854 1191 2920 seipsis
1238 2866 1341 2904 non
1383 2858 1507 2901 sunt
1550 2845 1754 2915 probati
1802 2843 1901 2896 nisi
1932 2857 1997 2894 ex

441 2948 804 3017 superioribus
850 2944 1289 3009 comprobeutur,
1336 2940 1387 2993 id
1428 2950 1531 3001 εει,
1588 2936 1773 3004 primm
1816 2934 2001 3002 ﬁgura:

442 3042 634 3105 modis,
684 3042 988 3109 quicunque
1016 3039 1067 3090 in
1118 3034 1350 3088 secunda
1383 3032 1466 3086 vel
1512 3031 1665 3084 tertia
1715 3028 1876 3096 ﬁgura
1925 3026 2002 3077 itt-

443 3143 634 3187 vcntus
664 3131 843 3196 fuerit,
878 3127 1218 3197 imperfectus
1252 3133 1465 3177 γυοςιιυι·
1502 3118 1859 3187 syllogismus.
1907 3113 2005 3168 Se-

2106 2420 2252 2465 num,
2284 2402 2552 2470 bjustum.
2582 2418 2607 2453 c
2630 2401 2845 2456 malum.
2879 2400 2933 2454 Si
2960 2400 3077 2468 quis
3093 2399 3251 2469 igitur
3281 2397 3422 2452 dicat
3450 2414 3460 2449 :

2175 2495 2345 2548 Omne
2370 2494 2570 2561 justum
2604 2494 2796 2546 tonum
2826 2500 2928 2547 est.

2175 2582 2451 2648 Quoddatn
2485 2583 2679 2637 malum
2704 2582 2899 2636 bonum
2934 2597 3038 2635 non
3068 2592 3169 2643 est,
3201 2580 3496 2633 concludit:

2178 2672 2454 2739 Quoddam
2488 2674 2647 2741 igitur
2677 2673 2873 2726 malum
2899 2673 3098 2741 justum
3130 2687 3234 2724 non
3265 2680 3364 2725 est.

2109 2764 2233 2817 llaec
2274 2777 2404 2817 vero
2430 2764 2728 2831 complexio
2765 2773 2924 2831 atque
2965 2762 3095 2816 ordo
3129 2760 3551 2829 propositionum
3580 2775 3673 2827 per

2106 2854 2513 2909 conversionem
2546 2868 2649 2906 non
2685 2862 2859 2921 potest
2888 2851 3192 2918 approbari.
3231 2850 3511 2903 Generalis
3534 2848 3675 2901 cnim

2108 2944 2419 2998 afﬁrmativa
2449 2943 2550 2996 sibi
2582 2942 2681 3010 ipsi
2712 2941 2949 2995 converti
2986 2954 3087 2993 non
3114 2948 3306 3009 potest.
3347 2938 3671 2989 Moostratur

2109 3042 2269 3110 igitur
2297 3043 2396 3094 iste
2423 3040 2760 3109 syllogismus
2798 3052 2864 3093 ex
2895 3041 3063 3107 prima
3091 3038 3253 3107 ﬁgura
3289 3052 3391 3090 non
3426 3050 3516 3103 per
3544 3051 3673 3087 con-

2112 3132 2443 3192 versionem,
2497 3130 2592 3184 sed
2632 3145 2725 3197 per
2772 3130 3286 3199 inipossiliilitatem,
3332 3127 3581 3193 quoniam
3635 3126 3677 3177 si

444 3224 651 3278 cundus
687 3237 811 3274 vero
848 3219 1033 3274 modus
1071 3215 1319 3271 secunda:
1361 3214 1541 3283 ﬁgura:
1583 3220 1665 3265 est
1708 3207 1913 3277 quoties
1941 3220 2003 3257 ex
2036 3198 2079 3257 C
2114 3236 2138 3289 μ

2078 3219 2450 3289 ιρετιίευῑπίε
2504 3219 2780 3273 conclusio
2834 3198 3073 3288 negativa
3125 3218 3176 3269 in
3228 3217 3329 3270 hoc
3373 3216 3701 3285 syllogismo'
3770 3245 3772 3247 ι

450 3312 734 3365 universali
766 3310 1079 3364 afﬁrniativa
1106 3318 1159 3362 et
1181 3305 1467 3360 universali
1500 3301 1738 3371 negativa
1764 3312 2004 3353 commu-

450 3403 573 3455 tatis
620 3400 897 3454 ordinibus
936 3397 1327 3452 univcrsalibus
1372 3408 1557 3447 rursus
1599 3390 1839 3460 negativa
1883 3404 2011 3440 cou-

454 3494 704 3548 cluditur.
737 3493 794 3547 Si
819 3494 960 3545 enim
988 3508 1019 3543 a
1052 3489 1309 3544 terminus
1334 3488 1384 3540 in
1420 3487 1562 3539 omni
1594 3485 1620 3535 b
1649 3482 1874 3536 termino
1903 3480 2011 3533 fuc~

452 3586 537 3647 rit,
562 3593 615 3637 et
645 3586 711 3637 de
754 3582 897 3637 nullo
928 3598 954 3633 ε
984 3580 1210 3634 tcrmino
1239 3576 1574 3648 praedicetur,
1604 3576 1629 3627 ὑ
1664 3574 1921 3628 terminus
1947 3571 2014 3624 de

453 3676 600 3729 nullo
628 3693 653 3727 c
685 3674 910 3729 termino
951 3670 1345 3740 prmdicabilur.
1395 3667 1475 3721 Sit
1511 3667 1652 3719 enim
1684 3682 1713 3715 a
1745 3664 1959 3719 bonum,
1988 3661 2014 3712 Ι)

448 3765 668 3833 ju:tum,
692 3781 717 3816 c
742 3764 960 3817 malum.
996 3762 1051 3816 Si
1075 3760 1193 3830 quis
1222 3758 1381 3828 igitur
1409 3758 1486 3811 sic
1516 3756 1655 3809 dicat
1685 3772 1695 3804 :

737 3854 904 3906 Omne
928 3852 1127 3920 justum
1153 3851 1346 3904 bonum
1378 3859 1479 3912 est,

736 3942 943 3996 Nullum
974 3940 1165 3994 malum
1192 3940 1387 3992 bonum
1424 3948 1524 3998 est,
1573 3933 1871 3987 concludit:

744 4031 951 4083 Nullum
984 4031 1139 4099 igitur
1168 4030 1361 4082 malum
1384 4027 1583 4096 justum
1613 4035 1714 4079 est.

464 4122 567 4178 Sed
618 4122 730 4176 lite:
776 4122 1080 4190 complexio
1132 4121 1541 4190 conjunctioque
1596 4113 2016 4185 propositionum

461 4214 732 4283 duplicem
774 4214 1174 4269 conversionem
1227 4213 1405 4265 habet.
1438 4209 1750 4264 Ostenditur
1784 4204 1926 4260 enim
1958 4203 2024 4257 de

466 4306 705 4358 secundo
732 4304 914 4371 prim-.c
942 4302 1121 4371 ﬁgura:
1144 4300 1302 4354 modo
1332 4300 1428 4354 sic.
1463 4298 1593 4353 Nam
1634 4298 1677 4352 si
1707 4314 1737 4349 a
1768 4294 2025 4349 terminus

463 4398 518 4449 in
549 4396 693 4449 omni
717 4395 745 4447 b
776 4396 1003 4449 termino
1032 4403 1135 4460 est,
1168 4393 1306 4448 etde
1338 4392 1485 4445 nullo
1515 4409 1541 4444 ε
1582 4391 1811 4447 termino
1835 4387 2029 4457 prmdi-

461 4494 636 4546 catur,
678 4484 761 4537 hic
785 4483 1101 4537 universalis
1128 4481 1376 4551 negativa
1406 4481 1760 4535 convertitur.
1791 4478 1903 4532 Erit
1928 4477 2025 4547 igi-

466 4586 549 4628 tur
579 4585 637 4628 ut
680 4590 705 4625 c
746 4575 1003 4627 terminus
1045 4574 1111 4627 de
1152 4573 1297 4625 nullo
1330 4588 1362 4623 a
1404 4572 1633 4625 termino
1682 4568 2019 4638 pradicetur.

460 4667 612 4733 Quod
644 4668 688 4719 si
724 4668 793 4719 ita
835 4675 938 4730 cst,
984 4666 1085 4719 erit
1115 4661 1418 4733 hujusmodi
1457 4661 1801 4731 syllogismus
1828 4677 1838 4710 :
1864 4676 1891 4711 c
1916 4666 2021 4711 ter-

461 4760 636 4810 minus
666 4757 733 4811 de
760 4758 905 4811 nullo
934 4773 966 4808 a
995 4756 1220 4811 termino
1251 4754 1586 4823 pra-dicatur.
1615 4770 1645 4804 a
1677 4752 1934 4805 terminus
1972 4752 2023 4803 in

460 4848 606 4902 omni
634 4848 661 4899 ὸ
692 4848 921 4902 termino
950 4856 1054 4913 est,
1079 4864 1105 4899 c
1130 4848 1287 4917 igitur
1317 4845 1575 4898 terminus
1602 4844 1667 4898 de
1695 4844 1840 4896 nullo
1868 4842 1895 4894 b
1920 4851 2023 4896 ter-

460 4939 608 4990 mino
642 4937 1035 5005 prmdicabitur.
1090 4937 1226 4990 Ecce
1280 4950 1381 4990 una
1426 4936 1704 4990 ciinversio
1754 4936 1893 4988 facta
1944 4944 2027 4988 est

460 5029 841 5097 propositionis
879 5028 1159 5097 negativae.
1192 5029 1299 5084 Sed
1343 5029 1593 5097 quoniam
1633 5028 1865 5081 diximus
1892 5042 2024 5080 con-

458 5118 598 5173 cludi
636 5133 739 5171 non
770 5134 797 5169 c
839 5120 890 5171 in
914 5120 1060 5172 nullo
1087 5118 1138 5184 b,
1170 5120 1263 5174 sed
1292 5120 1321 5171 b
1351 5119 1405 5173 in
1438 5119 1584 5172 nullo
1613 5135 1638 5169 c
1662 5117 1911 5181 termino,
1942 5115 2027 5169 hic

460 5208 775 5262 universalis
797 5208 1073 5263 conclusio
1104 5212 1345 5278 negativa
1392 5209 1760 5263 convertitur:
1804 5217 1858 5263 et
1893 5208 2030 5261 sicut

458 5302 770 5354 conclusum
798 5308 882 5355 est
909 5316 935 5353 ο
977 5302 1263 5355 terminum
1296 5301 1363 5353 de
1403 5302 1549 5354 nullo
1579 5301 1607 5352 b
1635 5301 1860 5354 termino
1893 5314 2019 5366 pra:-

457 5391 647 5456 dicari,
690 5392 760 5444 ita
792 5390 1133 5446 concluditur
1176 5393 1242 5444 de
1275 5392 1421 5444 nullo
1465 5408 1490 5443 c
1518 5392 1747 5444 termino
1794 5394 1821 5441 b
1847 5390 2024 5443 termi~

459 5497 585 5534 nom
614 5478 916 5547 prmdicari.
946 5480 1163 5533 Tertius
1214 5478 1403 5531 modus
1431 5480 1676 5532 secundae
1708 5479 1887 5545 ﬁgurae
1922 5488 2024 5543 est,

457 5570 671 5637 quoties
698 5581 762 5620 ex
791 5568 1080 5621 universali
1113 5570 1355 5638 negativa
1381 5578 1434 5621 et
1472 5568 1774 5635 partirulari
1799 5568 2029 5622 afﬁrma-

458 5659 564 5711 tiva
596 5655 932 5724 particularis
960 5659 1201 5723 negativa
1232 5656 1516 5724 colligitur.
1551 5657 1605 5710 Si
1629 5657 1769 5710 enint
1794 5673 1824 5708 a
1852 5661 2029 5711 termi-

460 5766 561 5806 nus
605 5748 671 5803 de
709 5746 861 5802 nullo
889 5749 913 5799 ὑ
944 5748 1172 5802 termino
1204 5750 1538 5818 pricdicctur,
1585 5758 1636 5801 et
1669 5749 1717 5803 in
1749 5750 1975 5819 quodam
2006 5769 2029 5804 ι·

2115 3326 2219 3365 non
2247 3309 2624 3374 concluditur,
2655 3309 2869 3378 aliquod
2906 3308 3290 3363 inconveniens
3322 3306 3682 3374 impossibile-

2113 3416 2218 3468 quc
2263 3400 2545 3468 contingit.
2594 3400 2699 3454 Sed
2746 3401 2859 3454 tunc
2904 3398 3303 3468 impossiliilitas
3342 3413 3433 3464 per
3464 3395 3687 3463 primam

2120 3494 2338 3562 figurant
2391 3491 2868 3546 demonstrabitur.
2922 3491 3049 3543 Dico
3099 3489 3242 3543 enim
3285 3488 3534 3555 quoniam
3572 3485 3615 3537 si
3659 3501 3690 3535 η

2122 3586 2379 3639 terminus
2401 3584 2467 3639 de
2497 3584 2640 3637 omni
2672 3584 2698 3635 b
2724 3583 2953 3637 termino
2980 3580 3318 3651 prmdicetur,
3351 3589 3402 3632 et
3429 3580 3481 3630 in
3513 3578 3692 3639 aliquo

2123 3696 2147 3728 τ
2181 3677 2408 3731 termino
2446 3692 2550 3730 non
2588 3677 2683 3742 sit,
2714 3677 2872 3730 talem
2914 3674 3090 3744 colligi
3128 3673 3547 3732 conclusionem,
3581 3678 3635 3721 ut
3664 3670 3693 3719 ὸ

2126 3767 2383 3819 terminus
2413 3765 2479 3819 de
2518 3766 2695 3834 aliquo
2724 3781 2748 3816 c
2779 3765 3008 3817 termino
3050 3777 3153 3816 non
3192 3760 3528 3830 prmdicetur.
3557 3758 3687 3810 Nam

2123 3858 2166 3911 si
2192 3856 2294 3909 hoc
2323 3856 2508 3909 fa'sum
2539 3864 2638 3918 est,
2672 3854 2792 3907 huic
2833 3853 3204 3920 contrajacens
3241 3850 3537 3921 propositio
3567 3864 3689 3901 vera

2128 3948 2248 4000 erit.
2285 3947 2703 3999 Particularibus
2745 3954 2920 3996 autem
2962 3944 3223 4010 ncgativis
3263 3941 3592 3996 universales
3622 3941 3698 3990 a'-

2128 4036 2404 4088 lirmativze
2434 4034 2856 4101 contrajacentes
2881 4044 3025 4097 sunt,
3070 4039 3125 4084 ut
3170 4031 3222 4083 in
3253 4048 3331 4095 sn,
3353 4034 3530 4084 criore
3562 4030 3696 4080 libro

2124 4125 2426 4177 docuimus.
2467 4124 2522 4176 Si
2556 4123 2714 4190 igitur
2741 4122 2829 4175 hic
2858 4119 3190 4190 particularis
3222 4123 3430 4186 negatio
3476 4134 3579 4171 non
3612 4128 3696 4171 est

2126 4215 2421 4279 conclusio,
2462 4215 2565 4269 erit
2606 4214 2874 4283 generalis
2910 4211 3217 4266 afﬁrmatio.
3258 4212 3337 4267 Sit
3378 4213 3519 4266 enim
3561 4211 3698 4264 aﬂir-

2134 4305 2299 4361 matio
2340 4305 2629 4375 generalis,
2673 4316 2727 4359 et
2769 4304 2796 4357 b
2828 4284 3089 4359 terminus
3130 4304 3198 4360 de
3228 4304 3369 4359 omni
3416 4319 3441 4355 ε
3471 4301 3699 4357 termino

2132 4400 2488 4468 przedicetur;
2522 4398 2614 4453 sed
2646 4414 2677 4450 a
2708 4399 2968 4454 terminus
2995 4397 3062 4452 de
3090 4399 3232 4451 omni
3261 4398 3288 4449 b
3314 4396 3541 4450 termino
3570 4408 3699 4461 prte-

2132 4492 2363 4551 dicatur,
2402 4496 2429 4541 b
2458 4505 2585 4544 vero
2624 4490 2881 4543 terminus
2911 4489 2977 4543 de
3017 4489 3159 4542 omni
3191 4504 3216 4539 c
3248 4487 3475 4540 termino
3504 4483 3696 4554 praedi-

2131 4582 2239 4635 cari
2291 4580 2512 4641 dicitur;
2550 4596 2579 4631 a
2624 4580 2780 4647 igitur
2818 4579 3075 4632 terminus
3123 4578 3191 4631 de
3236 4577 3378 4629 omni
3420 4593 3446 4628 c
3475 4579 3701 4629 termino

2136 4672 2477 4739 praedicatur,
2500 4670 2641 4738 quod
2680 4669 2794 4723 fieri
2826 4665 3158 4736 non'potest.
3190 4668 3261 4721 Ita
3293 4668 3434 4720 enim
3470 4685 3500 4719 η
3524 4684 3549 4718 c
3582 4681 3700 4731 pro.

2133 4763 2458 4832 positionem
2504 4761 2776 4829 posuimus
2822 4763 2989 4826 prius,
3022 4769 3080 4812 ut
3118 4758 3414 4813 diceremus
3457 4776 3487 4810 α
3521 4758 3699 4811 termi-

2133 4869 2257 4907 num
2287 4854 2352 4906 de
2375 4853 2604 4919 quodam
2628 4867 2650 4902 ε
2686 4854 2914 4904 termino
2944 4867 3046 4904 non
3075 4850 3369 4919 prrcdicari.
3404 4851 3515 4903 Hoc
3546 4850 3701 4917 igitur

2132 4951 2408 4997 ostensum
2457 4952 2540 4995 est
2585 4956 2679 5009 per
2721 4943 2949 5009 primum
3001 4941 3218 4995 modum
3264 4942 3443 5006 primm
3493 4940 3696 5008 figurat.

2136 5033 2314 5096 Quare
2344 5032 2395 5083 in
2425 5031 2655 5084 secunda
2682 5031 2843 5098 figura
2883 5030 3055 5084 omnis
3086 5030 3425 5099 syllogismus
3453 5030 3701 5095 imperfe-

2135 5133 2255 5176 ctus
2294 5128 2398 5187 est,
2439 5130 2495 5176 et
2520 5122 2635 5191 ejus
2668 5123 2912 5190 probatio
2942 5130 3031 5175 aut
3070 5137 3163 5190 per
3206 5121 3607 5175 conversionem
3650 5119 3700 5170 in

2138 5215 2362 5280 primam
2394 5214 2621 5283 ﬁguram
2668 5214 2960 5276 reducitur,
3013 5221 3103 5265 aut
3130 5227 3191 5265 ex
3220 5210 3554 5281 Itypmbetiea
3593 5208 3703 5261 dis-

2137 5306 2400 5369 positione
2438 5320 2531 5373 per
2583 5302 3085 5372 impossibilitatem,
3130 5312 3182 5355 et
3223 5302 3442 5369 primam
3475 5301 3697 5367 ﬁguram

2138 5397 2292 5450 aliter
2339 5394 2455 5450 ﬁeri
2504 5410 2610 5449 non
2654 5409 2811 5462 posse
2860 5401 3218 5456 monstratur,
3267 5403 3314 5445 et
3360 5391 3449 5444 alii
3486 5392 3700 5460 quidem

2131 5502 2320 5541 omnes
2349 5502 2441 5553 per
2480 5485 2812 5553 impossibile
2841 5485 3156 5553 probantur,
3190 5484 3328 5550 quod
3371 5484 3530 5553 paulo
3582 5491 3701 5550 post

2133 5575 2609 5630 deinonstrabitur.
2639 5574 2823 5628 Restat
2847 5584 2901 5627 ut
2932 5575 3099 5627 tertia:
3123 5574 3300 5641 ligurze
3334 5574 3515 5628 modos
3542 5583 3702 5639 atque

2132 5667 2350 5720 ordines
2380 5666 2727 5731 explicemus.
2759 5666 2865 5721 Sed
2890 5674 3041 5718 antea
3070 5682 3224 5733 quam
3257 5668 3304 5721 id
3339 5668 3612 5729 faciamus,
3640 5668 3701 5717 il-

2138 5754 2226 5808 Iud
2256 5755 2400 5823 prius
2433 5754 2713 5809 videndum
2737 5764 2836 5821 est,
2864 5757 3001 5825 quod
3043 5758 3092 5809 in
3123 5758 3288 5811 tertiac
3320 5758 3497 5829 ﬁgurx‘
3526 5759 3700 5813 illOdiS
