4290 6272
598 362 699 416 Si!)

1788 366 1895 420 ΔΝ.
1938 363 2140 418 MANL.
2184 360 2331 414 Si'lV.
2378 365 2593 420 UUETII

3743 378 3848 431 820

614 474 866 547 iunqnam
900 476 1171 529 conclusio
1201 474 1469 544 colligitur
1501 477 1841 532 universalis.
1875 478 1977 531 Sed
2008 477 2051 530 si
2087 477 2172 529 vel
2207 478 2249 535 Α
2285 479 2507 531 termino
2541 481 2837 547 praedicari.
2868 487 3041 552 Atque
3063 488 3133 539 ita
3165 489 3496 555 particularis
3525 490 3845 543 afﬁrmativa

599 569 858 636 negativae
890 568 971 619 vel
1006 565 1341 621 afﬁrmativm
1378 567 1577 622 fuerint
1610 568 1971 634 collectiones,
2012 571 2175 636 parti-

599 659 807 711 cnlares
834 672 1046 724 semper
1067 667 1244 725 erunt,
1268 674 1537 730 nunquam
1566 662 1727 715 etiam
1759 661 2055 730 generales.
2083 662 2174 714 Est

599 759 777 802 autem
812 748 982 801 tertiae
1013 746 1193 818 ﬁgura:
1227 752 1429 817 primus
1456 752 1648 806 medus
1673 752 1778 815 hic,
1811 753 1897 819 qui
1934 767 1998 807 ex
2041 753 2174 805 dua-

601 836 697 889 bus
738 837 1132 893 universalibus
1173 838 1618 896 afﬁrmationibus
1656 842 2032 909 particularem
2063 843 2173 896 col-

604 927 718 995 ligit
743 926 1181 983 afﬁrmationem.
1216 929 1345 984 Nam
1370 932 1413 985 si
1450 948 1479 983 a
1509 939 1563 986 et
1595 936 1622 985 b
1651 932 1864 987 termini
1894 932 1960 987 de
1982 934 2121 986 omni
2146 949 2172 985 c

604 1020 837 1074 termino
870 1021 1247 1089 prtedicentur,
1290 1039 1321 1075 a
1363 1024 1619 1079 terminus
1650 1025 1717 1080 de
1756 1027 1981 1093 quodam
2012 1026 2039 1077 b
2069 1034 2174 1079 ter-

607 1112 749 1163 mino
782 1111 1158 1175 praedicabitur
1186 1130 1278 1183 per
1314 1118 1741 1172 conversionem.
1775 1118 1905 1172 Nam
1938 1120 1982 1175 si
2013 1119 2041 1171 b
2069 1131 2174 1172 ter-

604 1203 778 1256 minus
804 1203 871 1257 de
911 1204 1059 1259 omni
1086 1221 1111 1256 ο
1143 1208 1371 1262 termino
1399 1209 1736 1274 praedicatur,
1767 1196 1835 1264 et.
1856 1210 2174 1265 universalis

602 1293 889 1347 afﬁrmatio
912 1297 1310 1358 particulariter
1337 1299 1435 1353 sibi
1468 1300 1821 1362 convertitur,
1861 1316 1889 1352 c
1916 1300 2172 1354 terminus

605 1384 672 1438 de
694 1385 919 1450 quodam
946 1386 973 1437 ὁ
1003 1387 1232 1441 termino
1262 1389 1601 1456 praedicatur.
1621 1390 1774 1456 Quod
1802 1390 1847 1443 si
1882 1390 1950 1443 ita
1983 1398 2084 1455 est,
2118 1390 2174 1441 ﬁt

605 1476 791 1528 tertius
816 1475 998 1543 prima:
1028 1478 1208 1545 ﬁgura:
1244 1478 1454 1546 modus,
1484 1480 1573 1549 qui
1601 1489 1773 1534 est-ex
1798 1480 2081 1534 universali
2121 1489 2175 1532 et

602 1564 911 1631 particulari
960 1566 1296 1631 afﬁrtnativa,
1347 1577 1401 1623 et
1446 1569 1646 1639 colligit
1698 1588 1729 1623 a
1772 1570 2056 1625 terminum
2107 1570 2174 1622 de

602 1657 829 1721 quodam
868 1657 895 1709 b
946 1658 1176 1711 termino
1204 1659 1506 1726 praedicari.
1548 1658 1631 1714 Sit
1656 1659 1800 1714 enim
1838 1658 2109 1726 ajustum,
2146 1660 2174 1711 b

605 1750 790 1812 virtus,
824 1767 851 1803 ε
880 1752 1099 1805 bonum.
1125 1753 1180 1806 Si
1207 1754 1325 1823 quis
1354 1754 1497 1807 enim
1522 1754 1600 1808 sic
1627 1753 1773 1808 dicat
1808 1770 1820 1804 :

894 1841 1061 1897 Omne
1095 1836 1297 1917 bonum
1318 1843 1521 1913 justum
1550 1852 1654 1898 est.

885 1932 1054 1985 Omne
1081 1932 1275 1987 bonum
1306 1935 1473 1987 virtus
1509 1944 1619 1996 est,
1654 1934 1711 1987 ﬁt
1739 1933 2011 1987 conclusio
2046 1949 2057 1982 :

891 2021 1143 2085 Quaedam
1168 2022 1331 2076 virtus
1354 2021 1497 2090 justa
1525 2032 1625 2076 est.

605 2109 807 2163 Mutant
852 2110 941 2163 alii
990 2113 1267 2177 terminos,
1317 2122 1371 2167 et
1425 2114 1610 2167 volunt
1656 2112 1830 2167 facere
1883 2111 2173 2167 secundum

608 2200 843 2266 modum,
867 2211 921 2255 ut
950 2203 1071 2255 sita
1094 2204 1283 2267 νὶιίιμ,
1316 2204 1342 2255 b
1361 2202 1583 2270 justum,
1615 2220 1641 2256 ε
1668 2204 1887 2267 bonum,
1924 2212 1982 2256 ut
2007 2203 2078 2257 sit
2101 2214 2177 2255 ta-

554 2318 555 2321 η
609 2292 671 2345 iis
701 2292 1041 2361 syllogismus
1073 2312 1085 2346 :

887 2384 1056 2437 Omne
1087 2384 1283 2438 bonum
1315 2387 1478 2438 virtus
1507 2395 1607 2449 est,

889 2479 1057 2529 Omne
1088 2478 1284 2530 b0num
1313 2478 1514 2545 justum
1545 2485 1645 2539 est,
1678 2485 1730 2529 et
1760 2474 2108 2528 concludatur
2141 2491 2152 2524 :

888 2566 1161 2632 Quoddam
1185 2566 1386 2633 justum
1428 2568 1596 2620 virtus
1626 2576 1724 2619 est.

607 2652 709 2706 Sed
744 2652 884 2706 hunc
914 2654 1231 2709 Aristoteles
1267 2670 1295 2708 a
1318 2656 1593 2723 superiore
1627 2670 1729 2709 non
1761 2653 1970 2715 dividit,
1998 2662 2050 2705 et
2082 2651 2177 2703 hos

606 2741 741 2794 duos
764 2755 927 2795 unum
948 2740 1175 2795 modum
1210 2751 1379 2809 putat,
1406 2752 1460 2796 et
1488 2744 1687 2797 idcirco
1716 2757 1814 2795 nos
1840 2751 2043 2809 septem
2074 2748 2178 2793 ter-

610 2836 692 2886 tirc
726 2832 909 2902 ﬁgura:
931 2848 1052 2888 esse
1081 2832 1322 2887 diximus
1364 2834 1550 2888 modos
1577 2834 1915 2897 dubitantes;
1945 2832 2037 2886 sed
2067 2846 2178 2884 ma-

607 2925 687 2988 gis
714 2923 1030 2978 Aristoteles
1057 2925 1360 2992 sequendus
1401 2931 1501 2984 est,
1535 2930 1693 2992 atque
1723 2920 1845 2975 ideo
1871 2921 2030 2974 alium
2064 2934 2177 2973 mo-

604 3016 728 3067 dum
768 3015 1005 3069 dicamus
1043 3029 1162 3070 esse
1204 3017 1293 3085 qui
1326 3017 1489 3084 possit
1536 3016 1739 3084 integre
1781 3014 1948 3069 videri
1988 3027 2176 3067 secun-

604 3105 722 3158 dus.
753 3104 1030 3161 Secundus
1060 3120 1185 3160 vero
1214 3106 1405 3159 modus
1436 3107 1607 3161 tertiae
1638 3107 1816 3175 ﬁgurae
1844 3114 1945 3175 est,
1968 3105 2178 3173 qucties

2273 572 2625 633 convertitur,
2656 584 2709 625 et
2731 590 2760 623 α
2786 576 3044 630 terminus
3070 577 3138 631 de
3166 579 3391 643 quodam
3416 581 3443 631 ὁ
3464 580 3688 634 ἐΓΙΙΙῘΙΙΟ
3714 596 3847 648 prte-

2274 659 2562 727 dicabitur,
2596 672 2861 732 eruntque
2882 664 3124 733 duplices
3149 669 3556 729 conversiones.
3586 685 3686 723 una
3727 685 3845 738 pro-

2274 750 2574 816 positionis,
2617 753 2718 805 alia
2768 755 3152 809 conclusionis.
3205 756 3286 811 Sit
3327 757 3469 810 enim
3509 756 3786 825 ajustum,
3819 759 3846 810 b

2272 841 2457 904 virtus,
2490 859 2516 894 ε
2544 842 2761 897 bonum.
2792 844 2846 899 Si
2876 845 2993 913 quis
3026 845 3181 913 igitur
3203 848 3280 900 sic
3302 847 3443 901 dicat
3470 865 3482 898 :

2342 931 2614 997 Quoddam
2646 934 2839 987 bonum
2869 935 3070 1002 justum
3103 944 3205 990 est.

2342 1022 2511 1075 Omne
2539 1023 2732 1076 bOIlunl
2766 1024 2930 1076 virtus
2959 1036 3073 1090 est,
3106 1024 3385 1079 concludat
3426 1040 3650 1081 necesse
3679 1037 3761 1081 est
3792 1044 3806 1079 :

2343 1111 2595 1178 Qurdam
2622 1112 2790 1166 virtus
2813 1114 2952 1181 justa
2991 1122 3094 1167 est.
3322 1168 3337 1189 ν

2274 1201 2505 1267 Quartus
2550 1203 2737 1256 modus
2767 1208 2936 1256 tertia:
2970 1204 3150 1273 ﬁgurtn
3187 1214 3269 1259 est
3299 1207 3502 1272 qunties
3528 1222 3591 1261 ex
3622 1208 3842 1262 univer-

2276 1292 2373 1345 snli
2394 1292 2747 1347 afﬁrmatione
2768 1302 2823 1346 et
2845 1293 3148 1362 particulari
3176 1294 3530 1350 afﬁrmatione
3557 1295 3843 1350 afﬁrmatio

2277 1382 2614 1449 ιιει-ιίιυῒειτὶε
2643 1383 2930 1451 colligitur.
2979 1383 3107 1436 Nam
3136 1383 3183 1437 si
3209 1400 3240 1436 α
3269 1386 3525 1439 terminus
3550 1384 3618 1439 de
3643 1386 3791 1439 omni
3818 1402 3846 1439 ο

2278 1472 2506 1524 termino
2532 1471 2873 1539 pradicetur,
2922 1473 2951 1524 b
2992 1488 3118 1527 vero
3168 1476 3423 1529 terminus
3464 1475 3516 1528 in
3557 1475 3785 1542 quodam
3819 1493 3849 1529 ο

2280 1561 2506 1614 termino
2534 1560 2640 1629 sit,
2672 1560 3007 1615 COﬂi‘lUdilUl‘
3038 1578 3068 1627 ᾳ
3112 1565 3396 1616 terminum
3436 1563 3504 1618 de
3542 1564 3768 1631 quodam
3818 1567 3847 1618 ὁ

2280 1651 2507 1703 termino
2537 1650 2814 1718 prmdicari
2844 1664 2939 1717 per
2966 1649 3393 1706 conversionem.
3422 1650 3478 1705 Si
3514 1652 3656 1706 enim
3685 1653 3713 1705 b
3739 1664 3844 1708 ter-

2279 1741 2368 1791 im.-
2396 1753 2456 1793 us
2486 1740 2552 1795 de
2579 1740 2807 1809 quodam
2840 1757 2867 1794 c
2899 1741 3127 1796 termino
3156 1741 3495 1809 praedicetur,
3527 1751 3580 1798 et
3608 1759 3634 1794 c
3670 1746 3846 1798 termi-

2208 1837 2251 1895 Β
2281 1846 2378 1883 nus
2408 1830 2472 1884 de
2502 1831 2732 1898 quodam
2765 1832 2792 1884 b
2824 1831 3053 1885 termino
3082 1831 3419 1899 przedicatur,
3452 1833 3698 1901 quoniam
3726 1847 3846 1900 par-

2282 1921 2518 1975 ticularis
2574 1922 2885 1976 afﬁrmativa
2949 1922 3047 1977 sibi
3114 1923 3212 1991 ipsi
3269 1924 3627 1985 convertitur,
3684 1934 3735 1978 et
3786 1925 3843 1978 ﬁt

2278 2015 2615 2084 syllogismus
2658 2017 2712 2068 in
2745 2016 2929 2083 prima:
2958 2014 3137 2083 ﬁgura:
3165 2015 3323 2068 tertio
3356 2018 3543 2079 modo,
3573 2015 3659 2083 qui
3690 2017 3747 2068 ﬁt
3773 2030 3841 2069 ex

2282 2107 2567 2160 universali
2592 2106 2907 2160 afﬁrmativa
2937 2116 2987 2159 et
3018 2104 3321 2173 particulari
3351 2105 3663 2161 atﬁruativa
3683 2143 3699 2169 ,
3731 2120 3848 2174 per-

2281 2195 2556 2248 ticularem
2591 2195 2847 2261 colligens
2879 2194 3283 2261 afﬁrmatis-am,
3316 2205 3373 2247 ut
3401 2195 3465 2247 sit
3488 2194 3847 2270 syllogismus

2283 2284 2381 2336 hoc
2430 2284 2584 2335 modo
2634 2300 2644 2332 :
2689 2299 2719 2333 a
2762 2282 3018 2335 terminus
3060 2283 3110 2334 in
3152 2281 3295 2334 omni
3325 2297 3378 2347 c,
3424 2290 3478 2334 et
3520 2296 3548 2333 ο
3592 2281 3847 2335 terminus

2282 2376 2331 2425 in
2381 2374 2608 2441 quodam
2654 2374 2701 2425 b.
2742 2372 2901 2441 Igitur
2939 2373 2968 2424 ὁ
3009 2372 3267 2426 terminus
3297 2372 3346 2425 in
3380 2372 3605 2441 quodam
3638 2374 3686 2425 Ι).
3708 2372 3787 2426 Sit
3812 2391 3844 2426 a

2282 2464 2473 2526 virtus,
2506 2464 2534 2516 b
2557 2463 2787 2531 justum,
2820 2479 2846 2515 c
2876 2464 3095 2518 bonum.
3130 2465 3184 2519 Si
3206 2464 3331 2532 quis
3355 2463 3508 2531 igitur
3541 2464 3619 2518 sic
3644 2463 3788 2519 dicat
3824 2482 3838 2517 :

2351 2552 2517 2607 Omne
2548 2552 2743 2606 bonum
2769 2553 2934 2605 virtus
2964 2559 3067 2617 est,

2351 2641 2622 2708 Quoddam
2656 2642 2849 2695 bonum
2878 2643 3073 2705 justum
3107 2650 3185 2695 cst
3207 2682 3220 2705 ,
3255 2640 3537 2696 concludet
3564 2642 3845 2710 quoniam:

2352 2730 2625 2797 Quoddam
2651 2730 2850 2797 justum
2886 2730 3050 2782 virtus
3077 2742 3178 2784 εει.

2281 2822 2510 2888 Quintus
2552 2820 2739 2875 modus
2768 2821 2934 2873 ιρι·ξίω
2964 2819 3144 2888 ﬁgurae
3173 2832 3247 2874 est
3282 2821 3491 2888 quoties
3520 2836 3585 2874 ex
3625 2820 3849 2888 particu-

2283 2914 2379 2966 lari
2415 2914 2701 2987 negatione
2731 2920 2784 2964 et
2813 2910 3097 2964 universali
3131 2908 3487 2963 afﬁrmatione
3520 2910 3849 2978 particularis

2281 3004 2551 3072 Colligitur
2579 3003 2839 3068 negativa.
2875 3001 2977 3055 Sed
3006 3001 3091 3053 lt'c
3120 3000 3307 3053 modus
3334 3014 3427 3068 per
3450 3001 3847 3054 conversionem

2281 3112 2377 3166 pro
2417 3096 2492 3148 ari
2537 3110 2639 3147 non
2685 3102 2875 3160 poteSI,
2909 3092 3000 3144 sed
3035 3106 3126 3159 per
3167 3093 3309 3159 impo
3340 3091 3672 3155 sibilitatem,
3715 3090 3849 3144 sicut

603 3214 668 3250 ex
712 3200 1000 3255 universali
1047 3201 1328 3269 negatione
1382 3211 1436 3255 et
1485 3202 1770 3256 universali
1818 3200 2175 3255 afﬁrmatione
2204 3192 2297 3251 Ο(

2154 3192 2249 3255 ες
2280 3196 2499 3258 quartus
2552 3184 2797 3241 secunde
2850 3186 3028 3252 ﬁgura:
3079 3184 3332 3252 probatus
3394 3192 3478 3240 est
3528 3183 3739 3238 modus.
3793 3182 3848 3239 Si

604 3292 813 3357 negatio
837 3292 1103 3361 colligitur
1128 3293 1483 3360 particularis.
1520 3293 1574 3348 Si
1604 3294 1742 3347 enim
1768 3312 1797 3345 ιι
1831 3294 2087 3347 terminus
2109 3295 2173 3347 de

604 3382 749 3434 nuilo
779 3402 802 3433 ε
832 3386 1078 3445 termino,
1110 3387 1137 3436 b
1172 3387 1430 3439 terminus
1458 3401 1583 3440 vero
1613 3386 1680 3439 de
1709 3385 1853 3438 omni
1895 3402 1920 3435 c
1948 3387 2175 3439 termino

604 3472 940 3537 praedicetur,
991 3490 1022 3525 a
1061 3478 1319 3528 terminus
1350 3477 1416 3529 de
1456 3476 1684 3543 quodam
1731 3474 1759 3526 Ι)
1796 3475 2025 3528 termino
2069 3490 2173 3529 non

606 3563 1003 3629 praedicabitur.
1035 3565 1164 3617 Nam
1202 3566 1244 3618 si
1276 3582 1304 3615 α
1340 3566 1595 3618 terminus
1626 3567 1690 3618 de
1718 3566 1865 3619 nullo
1893 3581 1919 3617 c
1948 3564 2177 3618 termino

606 3656 944 3720 przedivatur,
969 3656 997 3707 b
1023 3668 1149 3709 vero
1175 3655 1241 3709 de
1270 3656 1414 3709 omni
1443 3672 1491 3719 ο,
1541 3664 1595 3709 et
1620 3672 1647 3708 ο
1679 3655 1936 3709 terminus
1960 3654 2025 3708 de
2052 3669 2180 3724 quo~

604 3747 723 3796 nam
751 3747 777 3795 b
802 3745 958 3797 termi
986 3759 1033 3798 .o
1063 3744 1454 3812 praedicabitur.
1484 3745 1884 3799 Particulariter
1906 3745 2047 3797 enim
2073 3743 2176 3797 sibi

609 3836 923 3890 universalis
963 3835 1281 3890 alﬁrmatira
1325 3837 1669 3890 convertitur.
1706 3835 2054 3890 Concluditur
2080 3835 2177 3903 igi-

608 3940 689 3979 tur
717 3926 766 3980 in
799 3937 984 3996 quarto
1032 3926 1220 3996 primas
1270 3927 1451 3996 ﬁgura:
1496 3928 1675 3993 modo,
1719 3945 1749 3980 a
1796 3927 2082 3982 terminum
2110 3927 2178 3981 de

606 4019 832 4080 quodam
856 4019 883 4070 b
914 4018 1142 4074 termino
1168 4033 1273 4073 non
1300 4019 1594 4086 prazdicari.
1626 4018 1705 4075 Sit
1730 4020 1871 4073 enim
1895 4035 1925 4070 a
1956 4019 2151 4071 malum

608 4108 634 4159 ll
657 4109 877 4176 justum,
912 4128 937 4162 c
967 4110 1185 4164 bonum.
1218 4110 1270 4164 Si
1300 4112 1417 4179 quis
1442 4112 1518 4165 sic
1548 4110 1726 4165 dicat:

747 4200 953 4254 Nullum
986 4201 1181 4255 bonum
1209 4204 1404 4255 malum
1434 4210 1535 4261 est.

748 4290 917 4343 Omne
942 4290 1135 4342 bonum
1160 4290 1361 4357 justum
1381 4300 1480 4354 est,
1511 4291 1792 4344 concludat
1821 4305 2037 4345 necesse
2060 4301 2140 4344 est
2165 4308 2177 4343 :

748 4379 1026 4446 Quoddam
1060 4381 1218 4448 igitur
1245 4379 1446 4447 justum
1479 4383 1672 4434 malum
1708 4396 1813 4432 non
1845 4390 1946 4433 cst.

610 4469 687 4522 Ex
717 4484 820 4537 quo
862 4469 1309 4524 considerandum
1356 4478 1439 4523 est
1479 4469 1735 4537 majorem
1788 4470 2179 4525 extremitatem

2280 3280 2419 3333 enim
2445 3295 2474 3329 a
2501 3278 2757 3331 terminus
2789 3274 2854 3327 de
2882 3273 3109 3343 quodam
3146 3291 3173 3326 ο
3203 3274 3435 3327 termino
3466 3289 3567 3327 non
3598 3273 3847 3341 pradice-

2282 3379 2387 3433 tur,
2420 3368 2447 3420 b
2474 3383 2603 3421 vero
2633 3366 2891 3420 terminus
2919 3366 2985 3417 de
3015 3366 3156 3417 omni
3188 3380 3213 3416 ο
3245 3366 3472 3419 termino
3513 3364 3846 3432 prtedicetur,

2279 3477 2309 3511 α
2337 3458 2593 3511 terminus
2623 3455 2690 3508 de
2715 3454 2943 3523 quodam
2985 3455 3013 3506 b
3045 3454 3273 3508 termino
3300 3470 3400 3507 non
3434 3452 3837 3521 prmdicabitur;

2280 3564 2400 3603 nam
2427 3548 2471 3601 si
2500 3562 2604 3601 non
2636 3548 2704 3600 ita
2736 3557 2849 3615 est,
2879 3547 2982 3601 erit
3010 3547 3134 3600 illud
3164 3561 3343 3599 verum
3364 3586 3376 3607 ,
3406 3561 3435 3595 α
3467 3545 3749 3599 terminum
3779 3542 3848 3596 de

2277 3636 2422 3691 omni
2453 3637 2480 3689 b
2508 3635 2734 3691 termino
2762 3635 3037 3703 prmdicari
3059 3652 3074 3699 ;
3099 3634 3192 3687 sed
3220 3634 3245 3685 ὁ
3278 3642 3343 3686 tet
3360 3633 3532 3686 minus
3555 3632 3621 3684 de
3649 3630 3794 3685 omni
3820 3643 3848 3682 ο

2282 3732 2509 3782 termino
2538 3728 2877 3798 praedicatur,
2910 3743 2942 3779 a
2968 3726 3126 3794 igitur
3151 3726 3403 3779 terminus
3433 3724 3498 3777 de
3525 3722 3671 3777 omni
3697 3739 3722 3772 c
3744 3730 3846 3776 ter-

2284 3837 2313 3870 n
2339 3820 2425 3872 iuo
2456 3817 2845 3887 prmdicaliitur,
2875 3817 3013 3883 quid
3045 3815 3156 3869 ﬁeri
3181 3829 3286 3867 non
3313 3822 3502 3882 potest.
3528 3813 3678 3865 Prius
3703 3812 3844 3865 enim

2282 3908 2350 3960 ita
2386 3906 2586 3973 positus
2616 3915 2697 3959 ρει
2741 3922 2771 3958 α
2814 3905 3105 3967 terminus,
3139 3914 3193 3956 ut
3221 3903 3288 3957 de
3316 3902 3539 3972 quodam
3572 3918 3596 3954 c
3628 3901 3849 3955 termino

2284 4013 2387 4050 non
2434 3995 2826 4064 pradicaretur.
2876 3993 3027 4059 Quod
3074 3995 3117 4046 si
3167 3993 3430 4060 generalis
3470 3991 3556 4044 alﬁ
3593 3993 3753 4045 matio
3798 3991 3851 4044 in

2285 4085 2625 4141 conclusione
2667 4085 2961 4155 syllogismi
2994 4098 3097 4136 non
3122 4092 3228 4147 est,
3265 4092 3317 4134 ut
3357 4081 3428 4134 sit
3454 4098 3485 4132 a
3515 4081 3772 4134 terminus
3800 4079 3851 4133 in

2285 4179 2429 4231 omni
2458 4178 2485 4231 b
2513 4177 2739 4231 termino
2762 4214 2777 4240 ,
2820 4174 2923 4228 erit
2964 4173 3085 4226 huic
3126 4171 3495 4239 contrajacens
3525 4168 3851 4237 particularis

2285 4270 2526 4337 negatio,
2572 4277 2628 4320 ut
2668 4283 2698 4318 a
2744 4266 3000 4318 terminus
3038 4263 3105 4318 de
3144 4262 3374 4331 quodam
3420 4260 3447 4313 b
3493 4260 3715 4314 termino
3744 4271 3849 4311 non

2286 4359 2623 4428 praedicetur.
2669 4358 2748 4410 Sit
2778 4355 2920 4410 enim
2951 4372 2983 4407 ιι
3016 4376 3042 4406 n
3068 4357 3241 4419 alunt,
3272 4353 3298 4407 ὁ
3322 4354 3556 4423 justum,
3584 4369 3608 4403 c
3634 4351 3848 4406 bonum.

2257 4452 2340 4506 'Si
2372 4450 2488 4520 quis
2520 4449 2676 4517 igitur
2704 4448 2782 4502 sic
2808 4446 2949 4500 dicat
2981 4464 2993 4498 :

610 4561 663 4613 in
695 4562 1043 4615 conclusione
1070 4561 1365 4628 praedicari.
1397 4561 1609 4615 Tertius
1645 4560 1833 4615 modus
1863 4562 2029 4616 tertia)
2053 4562 2171 4631 ﬁgu-
2211 4548 2259 4605 Ῐ)
2356 4550 2631 4618 Qthddam
2666 4550 2858 4603 bonum
2890 4546 3085 4600 malum
3116 4560 3222 4598 ιιοῐι
3246 4553 3356 4605 οδι.

612 4667 684 4705 ra:
714 4661 814 4711 est.
851 4653 1059 4719 quoties
1091 4668 1153 4707 ex
1190 4653 1502 4721 particulari
1541 4664 1590 4707 et
1630 4653 1919 4707 universali
1951 4652 2185 4707 afﬁrma-

614 4744 722 4796 tiva
766 4743 1102 4810 particularis
1148 4742 1433 4797 afﬁrmatio
1474 4742 1828 4797 concluditur.
1874 4742 1930 4798 Si
1972 4744 2112 4797 enim
2154 4760 2185 4795 α

613 4833 873 4885 terminus
904 4832 969 4886 de
991 4848 1057 4901 qu
1082 4833 1219 4886 1dam
1247 4849 1293 4897 c,
1323 4841 1377 4887 et
1406 4833 1433 4901 b
1463 4834 1721 4889 terminus
1748 4833 1815 4887 de
1856 4832 2003 4887 omni
2034 4850 2060 4886 c
2091 4842 2190 4887 ter-

613 4921 760 4974 miuo
806 4921 1149 4989 praedicetur,
1192 4920 1532 4977 concluditur
1562 4934 1591 4975 a
1622 4924 1905 4977 terminum
1948 4924 2016 4978 de
2056 4939 2189 4992 quo-

613 5019 732 5066 dam
782 5013 810 5064 b
854 5012 1081 5065 termino
1113 5012 1391 5079 praedicari
1439 5027 1535 5079 per
1562 5012 1831 5080 duplicem
1877 5014 2185 5067 conversio-

616 5119 757 5158 nem.
791 5103 1052 5169 Quoniam
1079 5103 1219 5155 enim
1253 5102 1280 5153 ιι
1319 5102 1579 5155 terminus
1608 5100 1675 5155 de
1716 5101 1861 5154 omni
1905 5117 1931 5152 c
1958 5102 2188 5155 termino

617 5196 956 5263 praedicatur,
987 5204 1039 5249 et
1069 5211 1101 5246 a
1125 5195 1381 5248 terminus
1403 5192 1468 5246 de
1495 5191 1633 5261 quod
1676 5208 1725 5244 in
1758 5208 1784 5243 c
1813 5194 2040 5246 termino
2059 5207 2192 5260 prte-

616 5291 844 5350 dicatur,
878 5299 931 5344 et
976 5286 1309 5358 particularis
1355 5286 1673 5339 aiﬁrmativa
1705 5299 1919 5352 semper
1957 5285 2057 5339 sibi
2088 5285 2189 5353 ipsi

618 5382 969 5445 convertitur,
1017 5398 1043 5433 c
1076 5381 1333 5436 terminus
1373 5381 1439 5434 de
1470 5378 1697 5448 quodam
1729 5394 1760 5429 α
1790 5378 2017 5432 termino
2046 5393 2185 5446 prae-

618 5474 901 5527 dicabitur.
934 5472 1067 5527 Sunt
1098 5472 1259 5540 igitur
1289 5469 1681 5540 pr0positioncs
1719 5468 1802 5523 sic
1832 5485 1844 5520 :
1875 5469 1903 5522 ὁ
1930 5468 2188 5522 terminus

621 5564 687 5615 de
736 5563 879 5615 omni
909 5580 935 5613 c
978 5562 1227 5628 termino,
1268 5578 1294 5613 c
1323 5575 1454 5617 vero
1486 5560 1743 5613 terminus
1792 5559 1857 5612 de
1899 5558 2126 5627 quodam
2157 5572 2187 5608 a

623 5652 850 5705 tet-mino
880 5652 1233 5721 praedicatur;
1274 5650 1415 5719 quod
1465 5650 1510 5703 si
1563 5650 1631 5701 ita
1677 5658 1780 5714 est,
1826 5648 2093 5716 colligitur
2134 5646 2185 5699 in

626 5738 808 5804 primm
840 5742 1017 5809 ﬁgura:
1050 5740 1205 5795 modo
1238 5740 1396 5793 tertio
1436 5739 1463 5791 ὁ
1498 5739 1779 5793 terminum
1809 5737 1875 5793 de
1904 5735 2127 5806 quodam
2158 5752 2188 5788 a

2360 4645 2531 4699 Omne
2562 4644 2755 4695 bonum
2784 4640 2985 4708 justum
3013 4646 3126 4701 est,
3158 4634 3444 4690 concludat
3474 4643 3695 4685 necesse
3729 4636 3809 4683 est
3840 4642 3855 4680 :

2361 4732 2636 4800 Quoddam
2666 4730 2823 4799 igitur
2848 4729 3045 4796 justum
3076 4725 3269 4779 malum
3304 4738 3409 4777 non
3437 4732 3540 4776 est.

2292 4834 2485 4887 Sextus
2516 4830 2702 4884 modus
2733 4830 2904 4882 tertia:
2935 4827 3115 4895 ligurtn
3140 4833 3219 4878 est
3245 4822 3455 4890 quoties
3480 4835 3545 4873 ex
3574 4815 3860 4871 universali

2293 4924 2533 4991 negativa
2562 4932 2614 4973 et
2662 4918 2964 4988 particulari
2990 4915 3303 4967 alﬁrmativa
3334 4900 3669 4979 particularis
3698 4922 3861 4974 nega-

2295 5014 2367 5066 tio
2397 5013 2664 5079 colligitur
2695 5024 2788 5078 per
2829 5007 3255 5062 conversionem.
3285 5002 3491 5056 Namsi
3532 5017 3565 5053 a
3605 5008 3636 5052 ι.
3661 4999 3865 5052 rminus

2293 5106 2347 5159 in
2376 5104 2519 5158 nullo
2542 5119 2569 5154 c
2592 5102 2819 5156 termino
2843 5101 2946 5162 sit,
2978 5100 3006 5151 b
3037 5111 3163 5151 vero
3195 5093 3454 5149 .erminus
3482 5092 3549 5145 de
3588 5090 3815 5159 quodam
3840 5104 3867 5141 c

2294 5195 2522 5250 termino
2550 5192 2889 5261 praedicetur,
2914 5191 2974 5243 ﬁt
2998 5186 3271 5243 conclusio
3289 5202 3321 5236 a
3344 5183 3627 5237 terminum
3649 5181 3715 5233 de
3737 5195 3868 5246 quo-

2293 5286 2414 5339 dam
2446 5284 2473 5335 b
2505 5282 2734 5337 termino
2763 5296 2866 5335 non
2898 5277 3197 5347 praedicari.
3227 5275 3355 5328 Nam
3384 5272 3428 5326 si
3455 5288 3486 5324 a
3516 5268 3774 5324 terminus
3799 5267 3869 5319 de

2294 5376 2442 5429 nullo
2468 5391 2495 5427 c
2526 5373 2753 5427 termino
2782 5370 3121 5440 praedicatur,
3148 5368 3175 5420 b
3208 5380 3338 5420 vero
3363 5363 3619 5417 terminus
3645 5361 3711 5414 de
3738 5374 3867 5428 quo-

2293 5466 2414 5519 dam
2442 5481 2468 5516 ε
2496 5463 2725 5517 termino
2753 5460 3089 5529 praedicatur,
3120 5468 3175 5513 et
3201 5473 3228 5510 c
3260 5454 3521 5509 terminus
3545 5450 3613 5504 de
3637 5448 3866 5518 quodam

2295 5556 2322 5607 b
2353 5557 2577 5609 termino
2627 5552 3018 5621 pra-dicabitur,
3047 5548 3295 5617 quoniam
3340 5542 3676 5613 particularis
3715 5540 3865 5593 afﬁr-

2296 5646 2487 5698 mativa
2518 5653 2693 5713 potest
2735 5640 2993 5696 COHVCI‘ii.
3026 5640 3108 5693 Fit
3140 5639 3296 5706 igitur
3342 5637 3464 5689 talis
3494 5633 3863 5703 syllogismus,

2297 5746 2350 5790 ut
2383 5752 2411 5787 a
2444 5736 2702 5789 terminus
2729 5732 2795 5789 de
2826 5733 2973 5787 nullo
3004 5749 3029 5785 c
3061 5730 3285 5786 termino
3332 5726 3667 5797 pradicelttt‘,
3703 5738 3729 5773 c
3762 5730 3864 5775 lcr-
