4290 6272
444 355 538 407 821
1531 358 1616 411 DE
1655 357 2082 415 SVLLOGISMO
2121 364 2571 419 C.\'l'EGORlCO.
3590 371 3693 425 822

442 476 619 529 minus
643 473 711 527 de
735 473 962 541 qundam
992 474 1020 525 b
1051 474 1275 526 termino
1303 474 1636 541 praedicetur,
1682 484 1735 528 et
1771 491 1803 525 α
1832 476 2010 529 ternii-
2043 485 2086 539 Α
2118 491 2265 532 cessa
2311 489 2463 542 sunt,
2498 492 2555 534 ut
2602 484 2652 534 in
2682 484 3041 549 superioribus
3071 469 3327 538 omnibus
3360 485 3689 555 syllogismis

444 578 544 614 nus
568 562 636 615 de
662 561 889 631 quodam
924 562 951 613 b
983 562 1212 614 termino
1235 577 1337 614 non
1370 562 1708 629 przndicetur.
1739 562 1877 617 Sita
1905 580 2012 617 ma-
2119 584 2252 635 quos
2297 570 2348 621 in
2390 570 2548 622 trium
2603 572 2885 639 ﬁgurarum
2932 575 3101 629 modis
3139 585 3192 629 et
3233 574 3690 631 demonstratione

444 653 586 719 lum,
621 655 648 704 ὑ
670 652 903 720 justum,
936 667 962 703 c
990 652 1209 704 bonum.
1238 652 1293 706 Si
1320 653 1440 719 quis
1465 652 1622 723 igitur
1651 652 1792 707 dicat
1823 673 1835 704 :
2120 660 2411 721 posuimus.
2444 660 2603 713 Tales
2631 676 2761 715 vero
2808 661 3101 731 syllogismi
3146 665 3329 733 quales
3375 682 3515 721 nunc
3559 667 3689 721 dicti

727 740 936 794 Nullum
967 742 1163 794 bonum
1194 742 1387 794 malum
1414 750 1519 808 est,

730 828 1002 893 Quoddam
1033 828 1229 882 bonum
1253 830 1452 897 justum
1478 831 1901 893 est,concludit:

739 917 1013 983 Quoddam
1039 917 1241 986 justum
1273 918 1469 973 malum
1498 934 1603 974 non
1629 930 1731 974 est.

449 1030 539 1083 llis
584 1030 741 1098 igitur
782 1029 1074 1096 expeditis,
1105 1028 1229 1097 quid
1262 1030 1373 1096 ipse
1398 1031 1739 1099 syllogismus
1770 1031 1838 1084 sit
1878 1031 2016 1085 ditii-

446 1120 693 1174 niendum
739 1128 837 1173 est.
890 1118 1153 1173 Dilﬁnitur
1194 1130 1369 1173 autem
1399 1120 1479 1172 sic
1506 1137 1519 1170 :
1550 1120 1890 1189 syllogismus
1930 1130 2013 1174 est

444 1208 615 1262 oratio
658 1208 709 1260 in
756 1222 856 1275 qua
898 1207 1089 1274 positis
1136 1208 1451 1275 quibusdam
1500 1217 1658 1277 atque
1703 1211 2010 1273 concessis,

444 1299 584 1353 aliud
612 1297 861 1367 quiddam
891 1312 1050 1366 quam
1075 1298 1180 1351 sint
1206 1313 1269 1352 ea
1306 1314 1424 1366 quae
1450 1298 1622 1366 posita
1662 1308 1716 1353 et
1753 1313 2011 1353 concessa
2032 1306 2064 1321 ·’

445 1400 588 1454 sunt,
645 1388 952 1442 necessario
993 1388 1252 1454 contingi:
1300 1403 1392 1452 ιει
1437 1387 1548 1455 ipsa
1594 1402 1713 1455 qua:
1760 1402 2013 1442 concessa

445 1487 587 1533 sunt.
619 1478 924 1532 Orationem
965 1477 1194 1530 diximus
1221 1491 1343 1532 esse
1398 1478 1765 1547 syllogismum
1810 1478 2010 1532 idcirco

446 1570 694 1637 quoniam
716 1569 885 1622 omnis
904 1566 1147 1621 dilliuitio
1162 1584 1189 1620 a
1208 1568 1438 1636 generali
1463 1570 1705 1632 trahitur,
1742 1583 1908 1636 genus
1927 1584 2015 1621 au-

449 1671 553 1714 tem
577 1658 862 1728 syllogismi
894 1665 974 1710 est
1002 1657 1191 1709 oratio.
1225 1657 1372 1722 Quod
1398 1667 1571 1709 autem
1601 1656 1820 1724 dictum,
1839 1658 1887 1709 in
1910 1673 2011 1725 qua

449 1752 629 1819 positis
642 1749 951 1818 quibusdam
980 1757 1033 1801 et
1060 1750 1360 1812 concessis,
1389 1748 1457 1801 ita
1486 1748 1882 1817 intelligendum
1904 1758 2009 1815 εει,

2117 760 2239 803 sunt
2270 750 2573 817 perridiculi
2604 762 2727 804 sunt
2748 792 2761 815 ,
2789 754 2929 820 quod
2969 754 3019 807 id
3046 756 3185 822 quod
3216 768 3342 810 ante
3371 772 3686 813 concessum

2116 850 2198 893 est
2228 840 2379 907 quasi
2408 841 2623 893 dubium
2664 842 2915 909 quiddam
2946 843 2997 895 in
3025 842 3365 899 conclusione
3394 847 3683 916 colligitur.

2118 930 2246 982 Nam
2278 932 2416 997 quod
2443 932 2670 998 positum
2694 944 2795 996 εει,
2829 933 3132 986 necessario
3151 934 3477 1003 contingere,
3500 936 3566 991 ad
3584 937 3686 992 hoc

2117 1020 2367 1084 pertinet,
2393 1022 2643 1087 quoniam
2696 1020 3001 1089 frequenter
3047 1020 3111 1074 ad
3159 1022 3516 1079 inductionem
3546 1041 3685 1081 vera:

2115 1110 2354 1177 qumdant
2388 1110 2783 1178 propositiones
2812 1122 2936 1165 sunt
2967 1126 3189 1181 quarum
3235 1114 3506 1167 conclusio
3538 1117 3685 1171 nullo

2074 1238 2079 1241 ι
2118 1200 2275 1253 modo
2322 1215 2448 1254 vera
2495 1210 2604 1266 est,
2640 1213 2698 1255 ut
2743 1202 2788 1256 si
2818 1203 2937 1271 quis
2968 1202 3042 1257 sic
3083 1203 3223 1257 dicat
3254 1220 3267 1255 :
3300 1202 3398 1269 Qui
3430 1205 3684 1259 musicam

2115 1292 2263 1342 novit
2304 1290 2536 1344 musicus
2566 1302 2642 1345 εει
2666 1332 2679 1353 ,
2712 1301 2764 1346 ει
2791 1292 3142 1359 concedatur;
3183 1302 3235 1346 et
3264 1295 3353 1362 qui
3383 1293 3683 1348 arithmeti-

2115 1394 2229 1432 cam
2270 1381 2635 1436 arithmeticos
2690 1393 2796 1445 est,
2830 1394 2883 1436 et
2944 1384 3031 1452 qui
3079 1384 3396 1439 medicinam
3447 1385 3683 1439 medicus

2113 1481 2222 1536 εει,
2244 1480 2301 1525 ει
2333 1474 2419 1541 qui
2454 1474 2646 1527 boonm
2691 1475 2860 1528 bonus
2886 1484 2986 1528 est.
3017 1473 3148 1527 Cum
3176 1474 3332 1543 igitur
3363 1476 3476 1530 haec
3502 1476 3681 1530 omnia

2113 1579 2363 1620 concessa
2395 1575 2539 1632 sunt,
2570 1568 2728 1629 dicat,
2760 1574 2812 1620 et
2837 1567 2923 1635 qui
2955 1567 3179 1630 malum,
3211 1567 3381 1620 malus
3401 1578 3505 1635 εει,
3539 1569 3678 1636 quod

2113 1656 2263 1723 quasi
2311 1656 2671 1724 superioribus
2714 1656 2886 1709 simile
2936 1657 3165 1721 videtur,
3211 1658 3303 1711 sed
3336 1660 3479 1711 omni
3522 1658 3679 1711 modo

2116 1746 2304 1799 falsum
2334 1756 2450 1799 est:
2476 1746 2599 1800 boni
2621 1749 2761 1801 enini
2786 1748 3027 1802 homines
3051 1763 3154 1801 non
3178 1748 3327 1801 aliter
3348 1757 3555 1810 cavent,
3582 1748 3679 1801 nisi

444 1842 591 1909 quasi
612 1840 690 1893 sic
712 1839 907 1892 dictum
930 1849 1095 1900 esset,
1120 1838 1409 1893 secundum
1434 1854 1589 1907 quam
1616 1839 1794 1907 positis
1812 1849 1863 1893 et
1880 1854 2006 1893 con-
2034 1841 2081 1900 B
2110 1835 2245 1889 mala
2276 1837 2541 1890 noverint.
2576 1839 2747 1905 Atque
2782 1837 2901 1890 ideo
2938 1847 3155 1905 propter
3187 1850 3279 1892 eas
3310 1838 3677 1892 conclusiones

442 1933 641 1997 cessis;
663 1941 719 1985 ut
740 1931 876 1984 enim
900 1930 1235 1998 syllogismus
1260 1931 1367 1995 ﬁat,
1396 1941 1518 1986 ante
1547 1931 1740 1999 aliquid
1764 1949 1792 1985 a
1815 1946 2009 2001 propo-

444 2031 601 2076 nente
623 2023 688 2075 di.
710 2023 831 2088 itur,
853 2020 991 2089 quod
1015 2021 1233 2075 audiens
1255 2022 1529 2087 concedat;
1554 2024 1691 2091 quod
1713 2023 1757 2076 si
1781 2024 1868 2078 ille
1888 2039 2008 2078 con-

443 2114 682 2177 ccs:erit,
698 2127 813 2166 εοιιι
829 2111 958 2164 ludit
970 2120 1021 2165 et
1034 2111 1231 2177 perﬁcit
1248 2112 1608 2181 syllogismum
1628 2151 1645 2177 ,
1660 2113 1870 2177 idcirco,
1885 2116 2008 2183 quia
2038 2152 2041 2155 -

442 2202 614 2255 dubiae
637 2215 721 2255 res
742 2216 833 2269 per
854 2202 1090 2269 quaedam
1114 2215 1362 2255 concessa
1389 2212 1441 2256 et
1464 2204 1678 2271 probata
1708 2216 2005 2259 monstran-

442 2302 544 2353 tnr,
562 2292 865 2345 conceditur
882 2303 1052 2345 autem
1073 2293 1345 2361 aequaliter
1356 2302 1408 2346 et
1426 2294 1703 2349 altirmatio
1722 2305 1775 2349 et
1795 2299 2005 2365 negatio

438 2398 580 2436 vera.
611 2380 812 2436 Ctetera
843 2398 967 2435 vero
992 2382 1041 2435 in
1074 2384 1357 2453 syllogismi
1388 2385 1699 2439 dilﬁnitione
1730 2387 1851 2439 talia
1878 2394 2004 2438 sunt

439 2486 555 2539 qua:
584 2487 685 2525 non
714 2471 912 2540 integre
936 2471 1220 2540 dispositos
1246 2474 1581 2541 syllogismos
1612 2490 1641 2526 a
1669 2474 2006 2543 syllogismo—

438 2577 554 2614 rum
571 2562 881 2615 dil’linitione
898 2576 1139 2615 Vcrorum
1162 2564 1475 2617 discernant.
1498 2564 1626 2617 Nam
1646 2566 1781 2633 quod
1804 2566 2001 2621 dictum

436 2662 555 2717 est,
584 2654 633 2707 in
661 2668 759 2722 qua
786 2654 970 2722 positis
995 2656 1326 2723 quibusdam,
1357 2668 1682 2725 sumptorum
1711 2658 1915 2713 scilicet
1940 2669 1995 2714 ει

436 2744 852 2812 propositionum
882 2746 1162 2799 multitudo
1196 2757 1535 2801 monstratur.
1571 2749 1705 2803 Sunt
1731 2751 1873 2802 enim
1905 2752 1996 2818 qui

438 2843 688 2901 putantur
716 2848 835 2888 esse
866 2833 1169 2902 hujusmodi
1202 2836 1521 2905 syllogismi,
1554 2838 1605 2890 in
1646 2839 1838 2906 quibus
1883 2851 2000 2894 tan-

434 2933 545 2976 tum
594 2938 695 2976 una
736 2924 1027 2991 rropOsitio
1057 2933 1139 2978 εει
1169 2934 1223 2979 ει
1256 2941 1354 2979 una
1388 2927 1680 2979 conclusio.
1711 2927 1892 2993 Qualis
1918 2940 2002 2984 est

437 3014 551 3078 hic,
582 3014 727 3067 vides
748 3054 761 3079 ,
794 3014 925 3067 vivis
956 3014 1145 3082 igitur;
1194 3014 1350 3068 homo
1378 3030 1466 3081 es,
1500 3016 1689 3069 animal
1722 3017 1876 3084 igitur
1902 3034 1959 3073 es
1982 3062 1995 3086 ,

438 3114 491 3157 ει
515 3104 615 3157 alia
661 3103 959 3171 hnjusmodi
983 3146 997 3171 ,
1030 3120 1161 3174 quos
1204 3107 1409 3161 scilicet
1438 3118 1643 3163 veteres
1673 3108 1722 3161 in
1754 3109 1998 3184 syllogis-

2114 1944 2231 1998 qute
2257 1940 2378 1983 sunt
2408 1946 2500 1997 per
2528 1946 2620 1984 eas
2643 1931 3029 1999 propositiones
3052 1945 3170 2000 qua:
3200 1945 3293 1999 per
3322 1928 3679 1984 inductionem

2113 2020 2379 2087 dicuntur,
2409 2020 2643 2073 additum
2671 2030 2753 2075 est
2772 2022 3138 2075 conclusiones
3168 2022 3219 2075 in
3243 2021 3563 2092 syllogismis
3586 2034 3679 2075 ne-

2114 2112 2374 2166 cessarias
2394 2112 2723 2180 contingere,
2747 2113 2796 2165 id
2824 2122 2989 2167 estex
3013 2113 3328 2166 necessitate
3346 2111 3677 2179 contingere.

2116 2202 2210 2257 Est
2254 2204 2413 2257 etiam
2460 2204 2562 2255 alia
2604 2204 2905 2272 expositio,
2950 2204 3041 2258 sed
3068 2204 3119 2257 in
3165 2202 3452 2271 Analyticis
3483 2201 3680 2255 uostris

2110 2294 2219 2362 jam
2250 2295 2390 2348 dicta
2418 2304 2517 2349 εει.
2552 2295 2680 2348 lllud
2725 2309 2852 2349 vero
2880 2295 3017 2362 quod
3048 2294 3259 2348 dictum
3285 2303 3397 2357 εει,
3443 2308 3536 2360 per
3565 2291 3678 2360 ipsa

2110 2398 2227 2452 quae
2255 2385 2425 2452 posita
2451 2394 2603 2451 sunt,
2638 2387 2736 2438 hoc
2765 2394 2980 2453 propter
3006 2398 3097 2439 eos
3140 2384 3337 2437 dictum
3368 2392 3451 2438 est
3476 2382 3563 2451 qui
3596 2391 3674 2433 ta-

2108 2474 2187 2528 les
2216 2474 2412 2529 faciunt
2440 2476 2797 2545 syllogismos,
2828 2477 2881 2529 in
2912 2475 3099 2544 quibus
3130 2486 3220 2529 aut
3249 2476 3423 2528 minus
3452 2472 3675 2542 aliquid,

2108 2577 2197 2620 aut
2227 2567 2342 2635 plus
2365 2607 2379 2632 ,
2410 2576 2500 2621 aut
2527 2567 2670 2621 aliud
2697 2567 3022 2636 propositum
3049 2575 3127 2620 est
3155 2580 3310 2634 quam
3336 2563 3557 2633 proponi
3588 2564 3679 2617 dc-

2108 2660 2313 2715 buerat.
2354 2660 2511 2713 Fiunt
2558 2663 2700 2714 enim
2753 2658 3052 2729 hujusmodi
3099 2657 3417 2728 syll0gismi.
3459 2655 3515 2710 Si
3560 2656 3678 2724 quis

2109 2751 2249 2806 enim
2280 2753 2346 2805 ita
2376 2750 2515 2805 dicat
2542 2770 2556 2805 :
2584 2752 2829 2807 Socrates
2859 2750 3016 2805 homo
3043 2759 3142 2815 εει,
3174 2750 3348 2804 omnis
3379 2749 3536 2801 homo
3564 2739 3679 2800 ani-

2111 2844 2338 2906 malest,
2382 2852 2437 2898 et
2462 2845 2775 2906 concludat,
2810 2844 3058 2898 Socrates
3083 2842 3242 2911 igitur
3270 2842 3531 2895 animatus
3562 2848 3673 2901 est,

2106 2934 2281 2987 minus
2329 2936 2625 3002 proposuit,
2659 2934 2797 3004 quod
2839 2948 2942 2987 non
2973 2932 3103 2987 dixit
3135 2946 3292 2984 omne
3324 2928 3511 2983 animal
3554 2941 3674 2981 esse

2104 3025 2416 3078 animatum.
2450 3024 2599 3077 Nunc
2629 3024 2673 3077 si
2706 3024 2782 3078 sic
2814 3026 3204 3092 proposuisset,
3238 3030 3383 3075 recte
3421 3018 3668 3071 Socrates

2104 3112 2394 3167 animatum
2442 3127 2561 3167 eSse
2606 3112 2965 3177 concluderet,
3002 3112 3071 3165 ita
3100 3108 3344 3178 [dicendo
3378 3125 3389 3160 :
3426 3107 3672 3162 Socrates

437 3195 538 3247 mis
569 3208 670 3247 non
693 3205 1039 3261 acceperunt,
1064 3195 1399 3264 syllogismus
1422 3198 1561 3250 enim
1593 3204 1672 3250 est
1700 3197 1993 3267 aliquorum
2026 3186 2071 3249 (ἶ
2105 3204 2266 3260 homo
2296 3216 2375 3260 est
2400 3247 2411 3269 ,
2445 3207 2619 3259 omiiis
2649 3205 2809 3258 homo
2836 3203 3029 3257 animal
3059 3210 3173 3264 est,
3206 3210 3259 3255 et
3288 3215 3445 3253 omne
3475 3198 3668 3251 animal

434 3283 696 3337 collectio.
733 3284 798 3337 At
826 3298 951 3337 vero
980 3285 1220 3338 collectio
1250 3302 1352 3339 non
1377 3286 1478 3339 nisi
1502 3287 1845 3355 plurimorum
1876 3301 1990 3353 est,

432 3384 486 3426 ει
513 3373 806 3442 quicunque
856 3390 1008 3427 unam
1059 3377 1231 3443 posuit
1272 3379 1717 3448 propulsitioncm,
1750 3381 1837 3435 ille
1886 3397 1991 3434 non

432 3464 650 3532 colligit.
704 3463 912 3517 Nullum
975 3466 1131 3531 igitur
1188 3465 1343 3520 faciet
1396 3467 1779 3537 syllogismum.
1830 3471 1994 3525 Debet

433 3554 571 3606 enim
596 3554 961 3623 syllogismus,
989 3566 1044 3607 ut
1075 3557 1475 3624 augustissimus
1507 3560 1608 3625 sit,
1640 3560 1843 3614 duabus
1873 3578 1994 3629 pro-

432 3641 777 3709 positionibus
823 3645 1176 3711 comprobari.
1232 3646 1379 3712 Quod
1434 3658 1607 3702 aulcui
1659 3650 1855 3703 dictum
1887 3662 1989 3715 est,

432 3730 571 3782 aliud
625 3732 875 3799 quiddam
929 3735 1230 3788 necessario
1283 3738 1497 3790 evenire
1546 3756 1699 3807 quam
1744 3744 1845 3795 sint
1878 3742 1989 3811 ipsa

431 3837 549 3887 quae
577 3838 824 3876 contcssa
854 3835 1009 3888 sunt,
1040 3827 1285 3892 quoniam
1313 3828 1616 3896 frequenter
1648 3832 1774 3885 tales
1805 3834 1870 3885 ab
1898 3836 1991 3887 a‘i-

432 3910 620 3976 quibus
650 3910 779 3964 ﬁunt
827 3914 1140 3981 syllogismi,
1189 3926 1241 3969 ut
1287 3932 1347 3969 ca
1408 3936 1523 3985 qua:
1576 3934 1985 3990 proposuerunt,

434 3999 546 4064 ipsa
574 4002 729 4053 etiam
756 4001 806 4054 in
835 4004 1172 4059 conclusione
1201 4008 1551 4077 concludant,
1580 4019 1632 4063 ut
1662 4023 1741 4065 est
1772 4013 1856 4066 hic
1886 4030 1901 4067 :
1935 4014 1990 4067 Si

439 4089 597 4144 homo
626 4106 683 4143 es
704 4133 716 4155 ,
748 4094 903 4146 homo
926 4110 1013 4157 es;
1048 4095 1204 4149 homo
1231 4108 1405 4152 autem
1428 4116 1485 4153 es
1506 4141 1520 4165 ,
1554 4101 1710 4155 homo
1734 4105 1891 4172 igitur
1911 4120 1989 4160 es.

429 4178 568 4232 idem
593 4181 732 4233 cnim
757 4185 1014 4238 conclusit
1042 4189 1176 4255 quod
1207 4197 1327 4243 ante
1351 4194 1821 4265 pro;msnit.Atque
1848 4197 1990 4261 ideo,

427 4269 491 4320 ad
551 4271 766 4324 istorum
824 4272 1231 4344 discretionem,
1282 4280 1423 4335 aliud
1478 4283 1728 4351 quiddam
1780 4285 1991 4339 contiu-

427 4375 550 4428 gere
598 4362 792 4418 debere
855 4366 1052 4421 dictum
1098 4380 1177 4423 est
1230 4386 1387 4439 quam
1433 4376 1540 4428 sint
1590 4392 1648 4430 ea
1698 4392 1814 4446 qum
1867 4391 1992 4430 con-

2098 3295 2388 3349 animatum
2431 3305 2542 3359 est,
2594 3296 2782 3349 Socrat
2816 3310 2842 3349 ε
2891 3294 3049 3364 igitur
3091 3292 3353 3345 animatus
3399 3298 3502 3344 est.
3545 3288 3670 3340 Plus

2096 3392 2272 3437 autem
2306 3384 2605 3452 prooonerc
2632 3385 2731 3437 hoc
2757 3394 2873 3451 εει,
2907 3392 2962 3437 ut
3009 3383 3053 3436 si
3080 3382 3198 3450 quis
3225 3383 3302 3435 sic
3325 3379 3467 3433 dicat
3501 3397 3511 3429 :
3544 3378 3673 3431 Om-

2097 3474 2179 3527 nis
2229 3473 2387 3527 homo
2427 3473 2621 3528 animal
2666 3483 2782 3539 est,
2817 3488 2975 3528 omne
3005 3470 3201 3526 animal
3231 3470 3519 3524 animatum
3552 3475 3664 3528 est.

2096 3564 2189 3618 sed
2222 3574 2277 3619 et
2307 3566 2386 3620 sol
2433 3566 2481 3619 in
2515 3566 2696 3619 Ariete
2723 3574 2836 3630 est,
2869 3564 3045 3619 omnis
3085 3563 3243 3631 igitur
3272 3560 3432 3614 homo
3460 3558 3661 3611 anima-

2096 3669 2183 3713 tus
2202 3667 2319 3723 est;
2349 3660 2431 3712 hie
2460 3674 2587 3713 vero
2612 3658 2937 3728 superﬂuum
2959 3666 3039 3712 cst
3058 3654 3195 3725 quod
3220 3653 3386 3709 solem
3408 3650 3461 3703 in
3485 3647 3664 3702 Arietc

2097 3764 2213 3803 esse
2244 3751 2579 3819 interposuit.
2617 3751 2772 3805 Aliud
2797 3763 2971 3804 autem
3002 3762 3159 3817 quam
3188 3757 3407 3799 necesse
3448 3748 3530 3794 est
3557 3738 3670 3822 qui-

2098 3838 2219 3891 dam
2250 3851 2553 3907 proponunt
2577 3842 2674 3894 Ιλοε
2701 3840 2879 3903 modo,
2906 3846 2962 3891 ut
2982 3838 3025 3891 si
3048 3838 3165 3905 quis
3186 3836 3263 3889 sic
3286 3835 3426 3888 dicat
3458 3850 3473 3886 ι
3504 3831 3673 3885 Οιηιιε

2099 3926 2256 3978 homo
2288 3929 2479 3981 animal
2530 3937 2643 3991 est,
2692 3928 2859 3980 virtus
2906 3934 3082 3978 autem
3132 3924 3330 3999 bonum
3358 3931 3469 3986 est,
3498 3921 3671 3973 omnis

2097 4020 2255 4086 igitur
2288 4020 2447 4071 homo
2480 4021 2770 4071 animatutn
2801 4026 2898 4070 εει.
2932 4015 3079 4068 Νιιῖιίι
3130 4015 3287 4081 igitur
3330 4013 3515 4064 harum
3546 4024 3670 4078 pro-

2099 4108 2419 4175 positionum
2451 4107 2515 4159 ad
2547 4121 2657 4159 rem
2691 4106 2919 4173 pertinet
2959 4102 3095 4171 quod
3128 4099 3449 4155 concludere
3485 4098 3670 4166 cupie-

2102 4196 2207 4249 bat.
2242 4194 2496 4263 Expedita
2540 4194 2695 4263 igitur
2725 4191 3016 4264 syllogismi
3041 4188 3377 4252 dilllnitioue,
3426 4185 3492 4238 ad
3523 4186 3667 4251 prio.

2099 4304 2215 4341 rum
2249 4286 2524 4341 modorum
2567 4296 2807 4339 naturam
2839 4281 3321 4349 resolutionemque
3353 4275 3628 4330 veniamus
3650 4310 3667 4337 ,

2097 4387 2151 4431 et
2178 4377 2324 4445 prius
2351 4392 2537 4431 omnes
2578 4378 2629 4430 in
2662 4376 2901 4431 ordinem
2932 4374 3303 4443 disponantur.

1765 4489 1949 4543 Prinne
1980 4490 2157 4557 ﬁgura!
2185 4490 2339 4541 modi.

780 4568 984 4625 Primus
1271 4576 1438 4630 Omne
1466 4578 1663 4645 justum
1697 4581 1890 4633 bonum
1920 4590 2023 4634 est.
2051 4578 2235 4632 Omnis
2262 4579 2431 4631 virtus
2455 4578 2591 4644 justa
2625 4588 2726 4629 est.

1270 4668 1453 4722 Omnis
1482 4672 1636 4737 igitur
1670 4672 1833 4725 virtus
1862 4671 1998 4724 bona
2030 4680 2130 4725 est.

771 4746 1045 4805 Secundus
1272 4755 1487 4810 Nullum
1522 4760 1713 4812 bonum
1748 4760 1941 4812 malum
1972 4768 2071 4813 est.
2105 4758 2273 4813 Omne
2300 4760 2499 4827 justum
2534 4760 2731 4813 bonum
2758 4767 2858 4812 est.

1272 4846 1480 4899 Nullum
1510 4847 1665 4916 igitur
1686 4848 1885 4917 justum
1918 4849 2113 4901 malum
2152 4858 2257 4904 est.

766 4925 974 4980 Tertius
1271 4935 1438 4988 Omne
1469 4935 1660 4989 bonum
1691 4937 1853 4989 virtus
1879 4946 1980 4990 est.
2012 4937 2287 5003 Quoddam
2312 4937 2510 5005 justum
2542 4937 2735 4989 bonum
2767 4947 2867 4992 cst.

458 5062 471 5086 ι
854 5028 859 5033 ⁴
1131 5072 1137 5078 .
1268 5027 1541 5094 Quoddam
1572 5028 1727 5098 igitur
1752 5029 1948 5097 justum
1980 5029 2147 5081 virtus
2175 5037 2276 5082 est.

764 5110 991 5173 Qunrtus
1264 5118 1469 5172 Nullum
1504 5120 1697 5173 hounm
1729 5119 1923 5172 malum
1955 5126 2065 5172 εει.¹
2089 5118 2361 5184 Quoddaiu
2391 5118 2590 5184 justum
2621 5117 2817 5170 bonum
2849 5123 2955 5170 est.

1268 5207 1539 5271 Qnoddam
1574 5209 1729 5275 igitur
1757 5208 1956 5275 justum
1992 5208 2185 5259 malum
2222 5221 2323 5258 non
2357 5215 2457 5259 est.

762 5286 985 5351 Quintus
1264 5296 1432 5347 Omne
1459 5296 1657 5363 justum
1691 5299 1885 5348 bonum
1915 5306 2015 5349 εει.
2048 5294 2233 5349 Omnis
2261 5295 2427 5347 virtus
2455 5295 2596 5362 justa
2628 5303 2727 5347 est.

1265 5382 1536 5446 Quoddaiu
1569 5385 1723 5452 igitur
1749 5384 1941 5437 bonum
1970 5386 2139 5439 virtus
2168 5395 2266 5438 est.

758 5463 961 5517 Sextus
1257 5468 1465 5523 Nullum
1495 5472 1687 5525 bonum
1718 5472 1911 5524 malum
1941 5481 2041 5527 est.
2071 5472 2239 5528 Omne
2266 5474 2465 5542 justum
2498 5475 2690 5528 bonum
2716 5486 2815 5527 est.

1256 5559 1464 5613 Nullum
1498 5561 1655 5628 igitur
1678 5567 1871 5616 malum
1900 5564 2099 5629 justum
2133 5578 2233 5621 est.

769 5641 1039 5709 Septimus
1081 5662 1087 5666 ’
1253 5651 1421 5704 Omne
1452 5653 1641 5705 bonum
1674 5652 1839 5705 virtus
1866 5667 1966 5711 εει.
2008 5659 2279 5725 Quoddam
2308 5657 2506 5723 justum
2544 5657 2737 5710 bonum
2777 5669 2875 5712 εει.

1256 5740 1504 5806 ριιωάῆιη
1535 5742 1690 5811 igitur
1714 5744 1876 5799 virtus
1906 5747 2045 5814 justa
2077 5760 2179 5804 est.
