4290 6272
618 382 719 438 823

1851 359 2203 447 .iNfMtNL.
2247 393 2393 448 sev.
2441 389 2661 449 nomn

3763 380 3971 449 δεξί’

974 496 1205 551 Octavus
1455 496 1624 553 Omne
1647 498 1842 555 bonum
1876 502 2078 570 justum
2109 513 2212 559 est.
2262 505 2471 559 Nullum
2504 508 2699 559 malum
2723 507 2917 562 bonum
2949 515 3050 563 cst.

976 648 980 657 ,
1455 588 1727 653 Quoddam
1761 592 1916 660 igitur
1937 592 2135 660 justum
2158 595 2353 648 malum
2386 610 2490 649 non
2521 605 2621 649 est.

972 676 1152 730 Nonus
1448 678 1722 743 Quoddam
1750 679 1946 734 bonum
1972 682 2172 749 justum
2196 692 2296 737 εει.
2327 683 2537 737 Nullum
2557 685 2749 736 ma'um
2776 684 2969 738 bonum
2997 694 3097 739 est.

1452 768 1730 834 Quoddam
1761 770 1918 838 igitur
1934 771 2130 838 justum
2159 772 2356 826 malum
2390 787 2493 825 non
2521 783 2622 825 est.

1879 860 2129 914 Secundae
2154 862 2333 932 ﬁgura:
2364 863 2519 915 modi.

979 947 1189 1003 Primus
1474 948 1682 1003 Nullum
1711 950 1904 1003 malum
1928 950 2123 1005 bonum
2153 962 2255 1006 εει.
2295 953 2465 1007 Omne
2482 954 2685 1022 justum
2708 954 2903 1010 bonum
2923 960 3028 1008 est.

1469 1038 1684 1093 Nullum
1716 1040 1874 1109 igitur
1900 1042 2101 1108 justum
2130 1041 2330 1095 malum
2352 1053 2456 1097 εει.
2844 1054 2853 1061 ’

974 1126 1255 1182 Secundus
1470 1127 1853 1196 Omnejustum
1878 1130 2078 1184 bonum
2104 1139 2204 1184 est.
2240 1130 2448 1185 Nullum
2478 1134 2676 1187 malum
2708 1133 2903 1187 bonum
2930 1140 3031 1188 est.

1468 1218 1678 1273 Nullum
1698 1220 1858 1288 igitur
1888 1220 2084 1273 malum
2113 1221 2312 1288 justum
2345 1232 2448 1276 est.

976 1309 1188 1364 Tertius
1472 1310 1684 1364 Nullum
1713 1312 1908 1365 malum
1934 1311 2134 1365 bonum
2157 1323 2260 1367 est.
2290 1314 2565 1380 Quoddam
2588 1315 2788 1381 justum
2821 1314 3017 1368 bonum
3049 1321 3149 1368 est.

1471 1402 1746 1467 Quoddam
1773 1402 1929 1471 igitur
1941 1402 2141 1472 justum
2166 1405 2363 1459 malum
2395 1423 2499 1460 non
2526 1416 2630 1460 est.

972 1492 1203 1556 Quartus
1459 1491 1626 1545 Omne
1652 1493 1851 1558 justum
1873 1493 2068 1546 bonum
2093 1502 2193 1548 est.
2243 1494 2521 1561 Quoddam
2556 1496 2753 1550 malum
2784 1496 2977 1551 bonum
3006 1510 3107 1551 non
3138 1504 3241 1553 εει.

1465 1582 1738 1647 Quoddam
1774 1585 1929 1654 igitur
1960 1586 2158 1639 malum
2184 1586 2386 1654 justum
2417 1602 2519 1641 non
2551 1596 2653 1642 εει.

1887 1676 2066 1731 Tertiae
2095 1679 2276 1748 ﬁgurte
2302 1680 2459 1733 modi.

977 1767 1183 1822 Primus
1466 1770 1635 1824 Omne
1664 1769 1857 1823 bonum
1885 1770 2089 1839 justum
2117 1780 2221 1825 est.
2246 1770 2415 1825 Omne
2443 1769 2640 1824 bonum
2668 1770 2837 1826 virtus
2867 1778 2969 1825 εει.

1471 1861 1720 1927 Quaedam
1745 1861 1902 1931 igitur
1930 1863 2096 1915 virtus
2120 1861 2261 1930 justa
2286 1871 2389 1916 est.

981 1952 1255 2008 Secundus

1469 1952 1637 2007 Omne
1660 1952 1855 2007 bonum
1884 1952 2055 2006 virtus
2086 1960 2188 2006 est.
2222 1950 2393 2005 Omne
2422 1951 2620 2004 bonum
2646 1950 2849 2019 justum
2879 1958 2981 2005 εει.

1464 2040 1740 2107 Quoddam
1762 2041 1920 2111 igitur
1939 2042 2139 2109 justum
2164 2043 2332 2095 virtus
2351 2048 2455 2094 est.

976 2131 1186 2186 Tertius
1468 2131 1679 2186 Nullum
1701 2131 1901 2185 bonum
1936 2132 2132 2186 malum
2157 2141 2257 2187 εει.
2288 2131 2457 2187 Omne
2478 2131 2676 2186 bonum
2697 2130 2898 2200 justum
2928 2138 3030 2185 est.

1474 2222 1748 2290 Quoddam
1781 2225 1936 2293 igitur
1961 2224 2164 2293 justum
2188 2225 2385 2279 malum
2414 2239 2519 2277 non
2551 2230 2655 2278 est.

976 2317 1203 2381 Quartus
1471 2318 1747 2385 Quoddam
1778 2320 1975 2375 bonum
2002 2319 2205 2388 justum
2235 2327 2339 2373 est.
2372 2320 2543 2373 Omne
2574 2319 2768 2373 bonum
2807 2317 2975 2372 virtus
3004 2325 3111 2372 εει.

1479 2409 1731 2486 Quadam
1755 2410 1912 2481 igitur
1940 2412 2110 2465 virtus
2126 2410 2267 2479 justa
2289 2419 2387 2465 est.

978 2501 1202 2567 Quintus
1476 2503 1646 2559 Omne
1678 2505 1873 2559 bonum
1905 2506 2076 2559 virtus
2098 2511 2198 2561 est.
2231 2504 2506 2572 Quoddam
2532 2507 2726 2560 bonum
2755 2505 2957 2574 justum
2986 2512 3088 2559 εει.

1482 2596 1755 2659 Quoddam
1788 2596 1946 2663 igitur
1968 2595 2169 2665 justum
2200 2597 2367 2651 virtus
2393 2608 2497 2653 est.

988 2680 1181 2733 Sextus
1476 2683 1753 2749 Quoddam
1788 2685 1984 2739 bonum
2018 2684 2213 2739 malum
2239 2699 2344 2738 non
2376 2694 2479 2739 εει.
2513 2685 2682 2741 Omne
2713 2687 2908 2742 bonum
2932 2685 3133 2756 justum
3164 2695 3267 2741 est.
3326 2754 3329 2755 ν

1474 2774 1751 2840 Quoddam
1782 2777 1939 2846 igitur
1966 2777 2168 2847 justum
2199 2777 2395 2831 malum
2425 2793 2529 2832 non
2557 2787 2657 2833 εει.

991 2859 1260 2927 Septimus

1472 2862 1685 2918 Nullum
1710 2866 1906 2920 bonum
1935 2867 2134 2921 malum
2164 2876 2266 2921 est.
2296 2864 2572 2933 Quoddam
2595 2868 2793 2924 bonum
2820 2862 3021 2940 justum
3043 2877 3145 2925 εει.

1474 2952 1750 3019 Quoddam
1780 2955 2159 3024 igiturjustum
2186 2955 2383 3010 malum
2414 2972 2520 3011 non
2553 2967 2654 3013 εει.

634 3064 697 3122 Hi
720 3075 842 3123 sunt
872 3064 1031 3135 igitur
1061 3081 1248 3123 omnes
1274 3068 1431 3123 trium
1462 3070 1748 3140 ﬁgurarum
1779 3069 1921 3124 modi
1970 3085 2198 3139 quorum
2227 3074 2275 3131 Α
2306 3069 2518 3136 bantur,
2577 3087 2807 3141 namque
2836 3072 2890 3127 in
2938 3072 3083 3139 ipsos
3140 3069 3477 3125 resolvuntur
3510 3088 3523 3125 :
3565 3079 3621 3124 ut
3654 3085 3749 3125 eos
3781 3086 3872 3140 per

633 3161 821 3236 primae
850 3158 1030 3228 figura)
1056 3168 1284 3229 quatuor
1335 3160 1518 3227 prima:
1566 3161 2070 3217 indemonstrabiles
2110 3177 2205 3216 no~

633 3250 906 3303 minantur
934 3257 989 3304 et
1018 3249 1242 3313 directi,
1271 3249 1322 3303 id
1353 3259 1433 3305 est
1487 3251 1602 3306 sine
1643 3249 1818 3319 aliqua
1855 3250 2203 3305 conversione

634 3340 943 3404 monstrati;
970 3340 1471 3395 indcmonstrabiles
1499 3348 1673 3396 autem
1705 3343 1953 3409 quoniam
1976 3357 2079 3395 non
2109 3356 2204 3408 per

634 3430 767 3482 alios
796 3429 1249 3497 demonstrantur,
1301 3440 1353 3485 et
1385 3430 1601 3498 perfecti
1633 3430 1901 3494 dicuntur,
1952 3432 2200 3499 quoniam

637 3530 733 3583 per
750 3517 957 3584 seipsos
996 3518 1432 3586 comprobantur.
1486 3518 1553 3571 Et
1581 3519 1733 3586 primi
1762 3519 2028 3587 "quoniam
2062 3519 2203 3585 posi-

635 3607 781 3660 tione
810 3610 863 3660 et
906 3615 1089 3660 natura
1134 3606 1288 3675 primi
1316 3616 1435 3660 sunt
1464 3647 1477 3671 ,
1515 3616 1570 3662 et
1603 3608 1653 3662 in
1694 3623 1785 3663 eos
1811 3622 1999 3662 omnes
2028 3608 2202 3662 cmteri

635 3698 997 3754 resolvuntur.
1023 3698 1104 3754 Illi
1126 3714 1337 3768 quoque
1366 3700 1601 3769 quinque
1632 3700 1818 3768 prima:
1850 3700 2031 3769 figura:
2063 3700 2204 3753 modi

634 3788 927 3856 imperfecti
956 3798 1008 3844 et
1030 3804 1126 3858 per
1153 3790 1561 3844 conversionem
1584 3799 1726 3845 sunt.
1786 3789 2046 3845 Secunda:
2076 3804 2203 3843 vero

634 3877 837 3945 ﬁgurae,
872 3879 951 3934 vel
986 3882 1186 3947 tertiae,
1235 3894 1424 3935 omnes
1455 3881 1746 3950 imperfecti
1774 3889 1917 3946 sunt,
1949 3879 2200 3950 quoniam

632 3978 729 4033 per
759 3969 960 4036 primos
1015 3971 1199 4039 primae
1248 3969 1428 4039 ﬁgura:
1469 3960 1656 4024 modos
1698 3976 1925 4040 quatuor
1957 3976 2203 4039 compro-

1198 4104 1366 4156 Omue
1391 4102 1594 4171 justum
1623 4102 1817 4156 bonum
1848 4110 1930 4157 est
2069 4098 2257 4155 eadem

1197 4191 1380 4244 Omnis
1410 4192 1579 4245 virtus
1605 4190 1745 4259 justa
1774 4197 1858 4244 est
2072 4187 2257 4243 eadem

1191 4281 1375 4334 Omnis
1404 4281 1571 4334 virtus
1598 4280 1733 4334 bona
1760 4287 1841 4333 est
2079 4293 2231 4335 versa

2307 3164 2709 3219 conversionem
2738 3164 3096 3227 resolvamus,
3155 3171 3211 3217 et
3240 3177 3334 3231 per
3365 3162 3872 3232 impossibilitatem,

2308 3263 2363 3307 ut
2395 3253 2500 3307 duo
2528 3254 2603 3307 illi
2645 3254 2888 3323 superius
2915 3252 3261 3307 demonStrati
3292 3260 3436 3317 sunt,
3477 3253 3879 3308 consideremus

2309 3346 2469 3413 igitur
2494 3360 2677 3399 eorum
2708 3344 2987 3413 principia,
3021 3344 3270 3413 quoniam
3320 3343 3459 3397 unde
3494 3354 3781 3397 nascuntur
3826 3346 3875 3397 in

2308 3434 2535 3501 idipsum
2578 3434 2933 3487 resolvuntur.
2977 3433 3204 3500 Quintus
3250 3434 3409 3501 igitur
3457 3433 3637 3502 prima:
3694 3434 3877 3500 figura;

2308 3523 2495 3576 modus
2534 3523 2599 3576 de
2630 3522 2815 3591 primm
2844 3523 3014 3591 primo
3042 3522 3220 3592 ﬁgurae
3254 3521 3411 3576 modo
3433 3533 3761 3591 procreatur.
3795 3524 3878 3575 Bi-

2308 3616 2388 3669 uis
2416 3617 2555 3669 enim
2587 3613 3040 3683 propositionibus
3071 3613 3332 3683 prioribus
3360 3612 3717 3677 manentibus,
3753 3627 3784 3666 c
3808 3629 3879 3666 tn-

2305 3707 2474 3760 clusio
2506 3707 2659 3775 primi
2694 3706 2833 3761 modi
2880 3707 3270 3776 particulariter
3322 3720 3576 3760 conversa
3634 3706 3876 3773 quintum

2310 3795 2473 3851 efﬁcit
2504 3797 2899 3867 syllogismum,
2923 3797 3063 3867 quod
3112 3797 3163 3851 in
3200 3796 3436 3866 subjecta
3460 3794 3758 3850 declaratur
3785 3795 3877 3848 de-

2310 3888 2507 3956 scripti:
2530 3903 2597 3944 ne
2624 3905 2636 3939 :

2399 4098 2569 4154 Omne
2586 4098 2787 4168 justum
2812 4099 3008 4153 bonum
3038 4106 3140 4153 εει.

2403 4188 2589 4243 Omnis
2618 4187 2785 4242 virtus
2801 4187 2940 4256 justa
2957 4195 3060 4243 est.

2403 4280 2679 4345 Quoddam
2704 4280 2903 4336 bonum
2936 4280 3103 4334 virtus
3130 4287 3229 4334 est.

629 4415 829 4473 Sextus
860 4433 984 4472 vero
1010 4419 1196 4486 primm
1226 4419 1407 4486 ﬁgurae
1436 4416 1623 4470 modus
1644 4417 1710 4470 de
1730 4414 1965 4469 secundo
2013 4414 2196 4483 primm
2226 4417 2274 4477 Β
2304 4415 2402 4470 sali
2433 4414 2777 4470 conclusione
2825 4413 3194 4469 universaliter
3231 4424 3483 4466 conversa
3508 4451 3522 4475 ,
3562 4421 3745 4466 sextus
3783 4427 3876 4467 na-

629 4507 812 4575 flgurae
841 4508 997 4563 modo
1024 4509 1165 4577 capit
1187 4505 1521 4577 principium.
1548 4505 1880 4560 Manentibus
1904 4504 2045 4559 enim
2068 4504 2199 4560 dua-

627 4595 728 4652 bus
751 4599 1016 4666 prieribus
1052 4598 1505 4669 propositionibus
1554 4595 1772 4651 secundi
1803 4595 1968 4661 modi,
1994 4595 2199 4651 univer-

1188 4708 1400 4763 Nullum
1433 4708 1631 4763 bonum
1661 4706 1860 4761 malum
1886 4714 1967 4762 est
2061 4705 2246 4761 eadem

2061 4792 2247 4850 eadem

1195 4797 1365 4852 Omne
1386 4796 1588 4866 justum
1615 4796 1808 4851 bonum
1838 4804 1920 4850 est

1190 4884 1403 4938 Nullum
1421 4884 1623 4952 justum
1652 4884 1849 4938 malum
1874 4891 1959 4938 est
2054 4896 2205 4937 versa

624 5014 896 5083 Septimus
922 5013 1109 5067 modus
1136 5012 1321 5080 prima:
1358 5011 1537 5079 ﬁgurae
1568 5010 1636 5063 de
1665 5010 1821 5063 tertio
1845 5010 2029 5076 prima:
2059 5008 2190 5077 ﬁgu-

626 5122 701 5161 rre
733 5105 972 5160 nascitur
1017 5101 1197 5155 modo.
1244 5099 1579 5153 Manentibus
1611 5099 1752 5152 enim
1778 5097 1916 5177 binis
1947 5096 2195 5165 preposi-

1198 5194 1367 5249 Omne
1397 5192 1593 5245 bonurn
1618 5195 1784 5245 virtus
1809 5195 1893 5244 est

2060 5186 2244 5241 eadem

1193 5286 1470 5354 Quoddam
1482 5285 1682 5355 justum
1702 5286 1897 5338 bonum
1909 5293 1992 5338 est
2043 5282 2230 5337 cadem

2306 4508 2472 4563 scitur
2494 4505 2858 4577 syllogismus,
2897 4512 2954 4558 ut
2984 4502 3222 4573 subjecta
3251 4500 3410 4557 docet
3448 4500 3769 4571 descriptio:

2395 4699 2605 4755 Nullum
2633 4698 2827 4752 bonum
2862 4696 3058 4751 malum
3080 4703 3183 4752 est.

2392 4789 2565 4845 Omne
2582 4791 2781 4857 justum
2814 4788 3009 4842 bonum
3041 4795 3143 4844 est.

2387 4879 2602 4934 Nullum
2634 4878 2830 4933 malum
2856 4877 3056 4947 justum
3082 4885 3182 4933 est.

2298 5008 2536 5063 tionibus
2566 5008 2853 5076 prioribus,
2878 5008 3181 5077 particulari
3220 5007 3538 5064 afﬁrmativa
3583 5009 3634 5063 in
3665 5009 3880 5063 conclu-

2306 5096 2456 5151 sione
2488 5110 2768 5163 conversa,
2815 5099 3029 5167 septimi
3060 5098 3205 5155 modi
3225 5099 3511 5155 collocatio
3543 5110 3875 5170 procreatur.

2390 5188 2560 5244 Omne
2588 5188 2781 5246 bonum
2812 5194 2980 5248 virtus
3007 5202 3109 5248 est.

2376 5283 2650 5351 Quoddam
2671 5286 2874 5354 justum
2905 5286 3099 5340 bonum
3122 5295 3223 5341 εει.

1186 5378 1458 5445 Quoddam
1484 5377 1681 5445 justum
1704 5377 1875 5430 virtus
1897 5382 1981 5431 est
2054 5374 2281 5430 vertitur
2375 5375 2627 5439 Quaedam
2662 5376 2828 5429 virtus
2854 5376 2993 5445 justa
3018 5384 3120 5430 est.

619 5474 854 5527 Octavus
880 5485 1012 5525 vero
1037 5480 1092 5525 et
1122 5485 1292 5524 nonus
1325 5468 1507 5538 prima:
1537 5468 1714 5538 figurae
1742 5466 1932 5522 modus
1964 5467 2015 5521 in
2037 5480 2196 5537 quar—

632 5564 742 5609 tum
769 5554 957 5625 prima:
1008 5561 1189 5631 figura
1230 5560 1444 5615 modum
1484 5557 1846 5623 resolvuntur,
1879 5572 1983 5613 non
2028 5556 2189 5611 etiam

619 5650 826 5707 initium
863 5663 1101 5708 sumunt.
1150 5652 1382 5706 Octavus
1422 5650 1704 5705 resolvitur
1731 5650 1782 5702 in
1813 5656 2057 5717 quartum
2087 5647 2186 5699 hoc

619 5742 777 5795 modo
809 5759 821 5793 :
877 5744 1043 5810 prima
1081 5744 1220 5797 enim
1249 5742 1423 5809 quarti
1457 5742 1510 5795 in
1539 5739 1823 5797 secundum
1874 5738 2047 5795 octavi
2076 5736 2191 5790 uni-

2297 5467 2574 5522 versaliter
2600 5481 2884 5533 conversa,
2914 5478 2967 5522 et
2990 5468 3157 5536 prima
3180 5468 3545 5536 propositione
3563 5478 3735 5521 octavn
3768 5482 3880 5520 n~o~

2297 5557 2351 5611 di
2391 5558 2783 5627 particulariter
2811 5559 2861 5612 in
2892 5558 3181 5612 secundum
3208 5559 3382 5626 quarti
3416 5556 3557 5613 modi
3589 5571 3876 5620 conversa,

2298 5649 2488 5703 eadem
2524 5649 2795 5704 conclusio
2822 5647 3119 5718 colligitur,
3174 5648 3224 5705 id
3258 5656 3339 5706 est
3407 5649 3618 5719 negatio
3644 5648 3875 5717 particu-

2293 5739 2437 5793 laris.
