4290 6272
430 345 532 402 825
1541 345 1627 399 DE
1664 344 2091 401 SYLLOGISMO
2129 343 2580 400 CATEGORICO.
3572 339 3672 393 836

1142 458 1348 511 Nullum
1404 456 1598 510 bonum
1647 457 1848 510 malum
1903 465 2014 520 est,
2078 457 2287 525 negatio
2329 455 2660 510 universalis.

1139 545 1413 612 Quoddam
1458 544 1657 612 justum
1713 544 1907 598 bonum
1952 554 2082 610 est,
2139 545 2476 614 particularis
2520 544 2824 598 afﬁrmatio.

1140 637 1517 691 Universaliter
1558 649 1837 701 conversa,
1893 635 2064 690 Omne
2116 636 2312 688 bonum
2361 636 2564 704 justum
2609 644 2713 689 est.

1135 727 1517 781 Universaliter
1559 739 1848 790 conversa,
1898 725 2110 780 Nullum
2171 727 2369 780 malum
2416 727 2610 780 bonum
2659 734 2761 780 εει.

1137 815 1411 881 Quoddam
1461 817 1658 881 justum
1716 816 1910 870 malum
1959 831 2065 870 non
2115 825 2219 881 est,
2284 817 2472 872 eadem
2523 816 2820 883 conclusio,

1130 903 1406 968 Quoddam
1444 902 1644 971 justum
1693 904 1887 958 malum
1934 919 2046 958 non
2091 914 2192 959 est.

435 997 613 1051 Nonus
640 1009 766 1050 vero
795 995 982 1048 modus
1015 996 1064 1047 in
1086 1005 1331 1063 quartum
1349 995 1562 1048 modum
1592 994 1873 1049 resolvitur
1896 995 1996 1061 sic,
2029 997 2080 1055 Α
2107 996 2236 1049 riter
2265 996 2316 1048 in
2343 994 2567 1064 primam
2590 994 2735 1062 noni,
2768 1003 2824 1051 ct
2849 994 3033 1051 eadem
3055 997 3325 1052 conclusio
3350 1013 3467 1054 man
3504 1010 3554 1054 at
3582 1015 3647 1055 nc
3666 1030 3688 1042 ο

433 1087 597 1154 prima
627 1085 802 1155 quarti
853 1085 904 1138 in
937 1083 1223 1138 secundam
1277 1084 1403 1136 noni
1433 1084 1845 1152 protzositionem
1879 1085 1996 1137 uni-
2103 1088 2245 1157 gatio
2276 1087 2633 1156 particularis.

432 1175 706 1230 versaliter
734 1183 1106 1239 convertatur,
1134 1181 1187 1226 et
1225 1173 1457 1227 secunda
1495 1173 1671 1242 quarti
1715 1175 1996 1241 particula-

1126 1264 1339 1318 Nullum
1383 1265 1574 1318 bonum
1619 1264 1812 1319 malum
1865 1275 1986 1330 est,
2041 1263 2362 1321 universalis
2418 1264 2682 1333 negativa.

1135 1355 1410 1421 Quoddam
1460 1357 1662 1421 justum
1719 1355 1913 1409 bonum
1961 1364 2082 1420 εει,
2139 1352 2474 1423 particularis
2531 1353 2866 1408 afﬁrmativa.

1132 1445 1530 1498 Particulariter
1574 1459 1853 1510 conversa,
1932 1444 2206 1510 Quoddam
2252 1444 2447 1498 bonum
2493 1443 2693 1510 justum
2725 1453 2829 1498 εει.

1132 1535 1513 1591 Universaliter
1563 1550 1843 1602 conversa,
1913 1535 2120 1591 Nullum
2161 1538 2352 1590 malum
2382 1536 2577 1590 bonum
2615 1543 2717 1588 est.

1134 1628 1407 1696 Quoddam
1454 1628 1653 1696 justum
1699 1629 1900 1682 malum
1962 1645 2066 1685 non
2119 1640 2248 1696 est,
2301 1629 2488 1685 eadem
2514 1629 2823 1684 conclusio:

1135 1719 1410 1786 Quoddam
1452 1717 1653 1787 justum
1710 1720 1906 1773 malum
1955 1735 2060 1775 non
2119 1729 2221 1776 εει.

433 1817 703 1890 Ιιεεοιιιιίε
727 1815 884 1885 igitur
911 1813 1143 1882 quinque
1173 1811 1358 1880 prima
1381 1812 1562 1881 ﬁgura
1589 1811 1759 1866 modis
1785 1812 1836 1866 in
1865 1826 1999 1879 qua-
2100 1811 2189 1866 da
2213 1811 2393 1879 ﬁgura
2419 1809 2686 1865 secundus
2709 1810 2897 1865 modus
2931 1811 2982 1865 in
3011 1812 3300 1868 secundum
3323 1813 3514 1883 prioris
3543 1816 3672 1883 ligu-

430 1920 552 1963 tuor
578 1905 965 1976 superioribus,
996 1901 1243 1958 secunda
1272 1902 1452 1970 ﬁgura
1473 1910 1698 1970 quatuor
1727 1903 1913 1956 modos
1943 1902 1994 1956 in
2102 1916 2176 1954 ra
2213 1901 2426 1954 modum
2482 1901 2844 1972 resolvuntur,
2877 1910 2930 1956 et
2983 1903 3267 1958 resolvitur
3313 1905 3516 1974 primus
3569 1907 3668 1960 sic.

429 1997 624 2066 prioris
656 1996 838 2064 ﬁgura
877 1993 1063 2046 modos
1089 1999 1315 2061 quatuor
1355 1990 1716 2057 resolvemus,
1766 2006 1992 2060 quorum
2101 1991 2368 2048 Conversa
2394 1992 2536 2046 enim
2565 1992 2737 2060 prima
2763 1993 3056 2047 universali
3090 1995 3370 2063 negatione
3398 1997 3671 2048 universa-

428 2095 539 2138 tres
571 2100 664 2153 per
697 2084 1098 2138 conversionem
1137 2079 1448 2149 probantur.
1488 2079 1720 2146 Quartus
1751 2095 1875 2135 vero
1901 2095 1995 2149 per
2101 2084 2244 2150 liter,
2265 2092 2315 2140 et
2344 2089 2587 2138 manente
2614 2082 2847 2138 secunda
2869 2085 3153 2140 universali
3178 2085 3555 2154 afﬁrmatione,
3579 2101 3669 2139 ea-

429 2175 598 2230 solam
631 2174 1136 2244 impossibilitatem.
1186 2172 1254 2225 At
1283 2185 1409 2226 vero
1453 2170 1667 2240 primus!
1685 2179 1738 2226 et
1797 2186 1992 2226 secun-
2025 2166 2070 2224 B
2097 2176 2217 2229 dem
2249 2175 2522 2229 conclusio
2549 2182 2895 2243 utrorumque
2919 2177 3172 2231 nascitur.

1801 2261 2005 2316 Primus
2033 2265 2288 2320 secunda.

880 2355 1089 2410 Nullum
1119 2354 1316 2408 bonum
1347 2352 1544 2408 malum
1565 2361 1649 2408 est
1872 2367 2135 2408 conversa
2354 2355 2566 2411 Nullum
2591 2356 2784 2409 malum
2809 2355 3004 2410 bonum
3035 2365 3134 2410 est.

879 2447 1047 2502 Omne
1065 2446 1267 2516 justum
1298 2446 1494 2498 bonum
1525 2453 1610 2498 est
1867 2443 2054 2499 eadem
2338 2449 2506 2501 Omne
2524 2446 2724 2516 justum
2757 2447 2952 2500 bonum
2976 2455 3080 2500 est.

880 2540 1088 2594 Nullum
1109 2538 1310 2607 justum
1346 2535 1540 2590 malum
1563 2542 1647 2588 est
1869 2535 2056 2592 eadem
2340 2538 2550 2591 Nullum
2579 2538 2781 2606 justum
2813 2539 3008 2591 malum
3037 2545 3135 2592 est.

425 2628 680 2686 Secunda
705 2627 884 2698 ﬁgura
903 2628 1170 2684 secundus
1198 2626 1385 2681 modus
1417 2626 1468 2679 in
1493 2625 1675 2694 prima
1706 2623 1884 2694 ﬁgura
1907 2639 1994 2680 se-
2079 2695 2081 2698 η
2098 2627 2463 2697 propositione
2487 2671 2502 2695 ,
2544 2637 2596 2682 et
2625 2629 2854 2682 secunda
2889 2630 3054 2697 prima
3084 2637 3355 2692 manente,
3387 2628 3666 2683 universa-
3749 2675 3758 2683 .

424 2720 651 2775 cundum
703 2719 917 2775 modum
969 2718 1252 2773 resolvitur
1300 2717 1416 2770 sic:
1451 2729 1708 2770 conversa
1749 2714 1983 2770 secunda
2095 2718 2219 2772 liter
2244 2718 2300 2771 lit
2325 2732 2580 2772 conversa
2604 2718 2900 2772 conclusio.

881 2831 1089 2885 Nullum
1119 2832 1315 2884 bonum
1347 2828 1542 2882 malum
1565 2835 1647 2882 est
1869 2873 1916 2929 Χ
2089 2836 2179 2882 net
2462 2829 2634 2883 Omne
2657 2829 2857 2897 justum
2883 2829 3076 2883 bonum
3108 2839 3210 2884 εει.

878 2921 1046 2976 Omne
1071 2921 1270 2991 justum
1299 2921 1495 2974 bonum
1527 2929 1607 2974 est
1637 2934 1755 2974 ma-
1870 2919 1916 2929 ’⁵
2089 2935 2344 2974 conversa
2453 2919 2661 2974 Nullum
2690 2921 2883 2974 malum
2916 2922 3110 2974 bonum
3138 2931 3242 2976 est.

879 3011 1088 3067 Nullum
1115 3011 1317 3080 justum
1341 3011 1536 3065 malum
1561 3021 1642 3065 est
1853 3024 2112 3065 conversa
2450 3010 2661 3064 Nullum
2703 3011 2898 3064 malum
2920 3012 3120 3080 justum
3153 3023 3252 3068 est.

423 3103 634 3158 Tertius
663 3118 788 3158 vero
821 3104 1066 3158 secunda
1096 3104 1277 3172 ﬁgura
1308 3102 1526 3167 modus,
1560 3102 1626 3157 de
1655 3109 1846 3171 quarto
1878 3102 1988 3171 pri-
2099 3111 2216 3164 tur,
2250 3102 2569 3156 etsecunda
2599 3103 2990 3169 propositiones
3016 3113 3293 3170 maneant,
3336 3105 3470 3160 idem
3503 3107 3663 3174 syllo-

425 3209 526 3248 ma
557 3192 734 3262 ﬁgura
770 3203 1092 3263 procreatur.
1147 3193 1217 3248 Ut
1244 3194 1386 3248 enim
1423 3192 1742 3246 universalis
1775 3192 1986 3260 negatio
2017 3211 2062 3272 ρ
2097 3194 2250 3263 gismi
2284 3194 2543 3248 terminus
2585 3194 2981 3262 propositioque
3011 3195 3278 3265 colligitur
3301 3199 3400 3250 hoc
3431 3199 3626 3251 modo:

422 3287 474 3340 in
530 3286 753 3354 primam
813 3285 1224 3354 prapositionem
1277 3282 1649 3337 universaliter
1701 3289 1984 3336 converta-

873 3377 1083 3433 Nullum
1107 3377 1300 3430 bonum
1333 3376 1530 3430 malum
1559 3383 1640 3429 est
1851 3385 2111 3427 conversa
2441 3369 2652 3424 Nullum
2673 3371 2868 3425 malum
2901 3372 3097 3426 bonum
3140 3385 3245 3430 εει.

875 3469 1148 3536 Quoddam
1176 3469 1378 3538 justum
1413 3469 1609 3523 bonum
1632 3475 1714 3522 est
1856 3464 2046 3520 similis
2447 3463 2722 3529 Quoddam
2744 3464 2943 3532 justum
2972 3465 3167 3520 bonum
3192 3476 3293 3522 est.

871 3562 1359 3631 Quoddamjustum
1378 3561 1573 3614 malum
1596 3575 1698 3613 non
1723 3568 1805 3613 est
1853 3557 2040 3612 eadem
2446 3553 2721 3619 Quoddam
2745 3556 2947 3626 justum
2980 3559 3176 3612 malum
3203 3575 3306 3612 non
3335 3569 3436 3614 est.

418 3677 646 3742 Quartus
671 3675 859 3729 modus
884 3673 1132 3729 secunda
1175 3673 1350 3742 ﬁgura
1375 3673 1625 3740 quoniam
1647 3672 1755 3740 jam
1785 3668 1977 3739 primo,
2088 3680 2247 3721 omne
2275 3666 2470 3721 bonum
2516 3668 2685 3722 virtus
2735 3681 2836 3723 est.
2889 3670 2962 3723 Ex
3021 3671 3102 3725 liis
3150 3671 3310 3740 igitur
3361 3674 3660 3736 concludat.

418 3781 536 3820 cum
568 3766 740 3820 factus
786 3773 867 3819 est
914 3781 1006 3832 per
1036 3764 1533 3830 conversionem,in
1564 3763 1850 3831 superioris
1875 3761 1979 3830 pri-
2088 3774 2246 3813 omne
2276 3757 2436 3827 igitur
2479 3757 2678 3825 justum
2712 3759 2881 3813 virtus
2923 3771 3024 3815 est.
3069 3762 3171 3816 Sed
3205 3763 3349 3831 prius
3397 3769 3664 3818 concessit

420 3873 520 3910 ma
553 3857 733 3925 ﬁgura
774 3856 984 3908 modum
1035 3856 1326 3924 retorqueri
1369 3869 1475 3908 non
1506 3861 1731 3924 poterat,
1767 3852 1860 3908 sed
1888 3867 1982 3921 per
2090 3850 2285 3918 quarti,
2309 3849 2755 3904 modisecundam
2775 3853 3209 3920 propositionem,
3233 3872 3349 3923 qua
3371 3867 3473 3917 est,
3497 3859 3666 3925 quod-

423 3945 750 4013 impossibile
799 3944 1213 3998 demonstratum
1242 3953 1324 3999 est
1355 3985 1371 4010 ,
1396 3943 1481 3999 hic
1521 3960 1734 4013 quoque
1756 3959 1849 4012 per
1879 3944 1978 3996 im-
2087 3945 2209 3998 dum
2233 3943 2434 4011 justum
2459 3945 2630 3998 virtus
2661 3959 2765 3996 non
2790 3953 2891 3997 εει.
2933 3944 3083 3998 Nunc
3105 3959 3231 3998 vero
3253 3948 3518 4014 concedit,
3548 3963 3661 4002 om-

422 4035 676 4105 possibile
697 4036 765 4089 ad
795 4035 1094 4104 superiores
1118 4035 1385 4090 reducitur
1415 4040 1623 4100 ntodos,
1647 4043 1700 4088 et
1727 4034 1979 4104 quoniam
2090 4049 2156 4084 ne
2184 4033 2382 4100 justum
2417 4032 2584 4085 virtus
2608 4044 2683 4085 est
2708 4072 2725 4097 ,
2749 4032 2879 4084 duas
2909 4031 3010 4083 sibi
3039 4033 3463 4099 contrajacentcs
3507 4035 3662 4087 simul

419 4141 608 4180 omnes
638 4126 882 4180 secunda
924 4129 1101 4195 ﬁgura
1145 4126 1286 4181 modi
1318 4141 1412 4194 per
1466 4124 1797 4192 impossibile
1825 4137 1978 4176 mon-
2087 4120 2436 4175 conclusurus
2458 4128 2579 4187 est,
2634 4120 2774 4189 quod
2819 4120 2931 4173 ﬁeri
2963 4135 3068 4173 non
3117 4129 3310 4188 potest.
3354 4121 3463 4174 lloc
3486 4131 3660 4176 autem

416 4225 694 4282 strantur,
720 4216 918 4270 idcirco
965 4230 1062 4270 nos
1104 4230 1314 4285 quoque
1365 4214 1676 4268 inchoantes
1723 4229 1753 4268 a
1790 4219 1980 4280 quarto
2089 4212 2288 4265 idcirco
2318 4211 2532 4272 evenit,
2564 4209 2683 4280 quia
2715 4209 2988 4263 conclusio
3018 4209 3188 4279 quarti
3217 4209 3358 4264 modi
3412 4210 3462 4263 in
3507 4212 3661 4278 primi

418 4321 603 4361 omnes
633 4321 730 4375 per
754 4306 1079 4374 impossibile
1118 4307 1464 4361 resolvamus.
1498 4305 1626 4358 Nam
1655 4312 1876 4373 quartus
1896 4315 1980 4357 se—
2013 4346 2065 4405 Β
2089 4301 2230 4356 modi
2254 4301 2544 4356 secundam
2574 4302 2993 4371 pI‘Oposilionem
3015 4316 3272 4357 conversa
3296 4313 3406 4366 est;
3448 4303 3588 4369 quod
3616 4303 3660 4355 si

415 4395 602 4448 cunda
633 4396 811 4465 ﬁgura
843 4395 1030 4450 modus
1079 4397 1129 4449 in
1185 4397 1410 4463 primum
1444 4397 1629 4464 prima
1670 4395 1851 4465 ﬁgura
1897 4408 1984 4448 re-
2013 4394 2058 4405 ⁴“’
2088 4395 2318 4450 secunda
2348 4396 2641 4466 propositio
2672 4395 2830 4465 primi
2855 4396 2997 4450 modi
3023 4396 3076 4449 in
3116 4396 3290 4466 quarti
3319 4394 3663 4450 conclusione

414 4485 637 4540 solvitur
666 4501 759 4554 per
807 4486 1061 4555 impossib
1086 4486 1304 4552 litatem,
1354 4487 1540 4540 tertius
1588 4486 1638 4538 in
1667 4483 1980 4549 secundum,
2090 4499 2193 4538 ltOtt
2223 4486 2518 4554 colligitur,
2579 4487 2751 4555 quarti
2780 4484 3084 4550 conclusio,
3136 4487 3186 4540 id
3215 4495 3297 4540 est
3328 4485 3663 4556 particularis

413 4575 679 4631 secundus
712 4577 764 4629 in
793 4577 1032 4642 tertium,
1062 4578 1263 4645 primus
1292 4579 1343 4630 in
1392 4585 1657 4645 quartum,
1710 4575 1848 4644 quod
1881 4575 1983 4629 hoc
2088 4578 2320 4645 negatio,
2355 4579 2711 4647 permanebit.
2773 4578 2878 4632 Sed
2934 4592 3002 4632 ne
3051 4577 3187 4632 forte
3243 4593 3340 4633 nos
3379 4580 3663 4633 conturbet

412 4667 573 4721 modo
621 4669 864 4737 liquebit.
887 4668 942 4723 Si
981 4668 1100 4738 quis
1139 4683 1266 4738 ergo
1306 4668 1439 4721 duas
1477 4669 1607 4722 istas
1645 4667 1977 4722 concesserit
2087 4666 2226 4736 quod
2258 4667 2389 4722 alios
2413 4669 2671 4723 terminos
2713 4669 2764 4723 in
2798 4668 3120 4724 resolvendo
3167 4671 3324 4724 modo
3363 4671 3660 4742 posuimus,

411 4760 803 4827 propositiones
831 4799 845 4824 ,
889 4760 938 4814 id
970 4768 1070 4826 est,
1097 4774 1257 4814 omne
1303 4759 1500 4813 bonum
1551 4757 1720 4811 virtus
1767 4765 1885 4823 est,
1929 4765 1983 4812 et
2087 4775 2242 4828 quam
2285 4761 2532 4829 superius
2574 4760 2628 4814 in
2680 4761 3054 4830 disponendo;
3090 4777 3194 4816 non
3226 4762 3366 4816 enim
3417 4765 3578 4816 modo
3613 4763 3662 4813 in

411 4849 680 4918 quoddam
706 4851 906 4919 justum
929 4853 1099 4906 virtus
1131 4867 1236 4905 non
1279 4858 1392 4915 est,
1424 4863 1642 4904 necesse
1672 4857 1752 4904 est
1774 4863 1984 4919 quoque
2089 4854 2328 4913 terminis
2363 4854 2694 4915 laboramus.
2724 4855 2819 4909 sed
2867 4856 2918 4909 in
2949 4854 3129 4924 ﬁguris
3159 4870 3206 4909 et
3234 4854 3405 4909 modis
3434 4864 3486 4908 et
3507 4868 3663 4906 com-

411 4941 808 4995 conclusionem
851 4942 1118 4997 concedat
1175 4957 1294 5012 qua
1340 4950 1424 4996 est
1456 4985 1472 5010 ,
1521 4941 1784 5012 quoddam
1826 4941 1984 5010 igitur
2089 4945 2426 5014 plexionihus
2463 4946 2836 5001 construendis
2872 4955 3030 5016 atque
3076 4945 3402 5000 resolvcndis
3440 4957 3664 5012 operum

404 5027 604 5096 justum
638 5031 832 5085 bonum
857 5046 962 5086 non
987 5041 1089 5087 est.
1127 5032 1258 5087 Nam
1286 5033 1332 5088 si
1362 5033 1476 5087 hac
1501 5032 1630 5086 falsa
1658 5041 1774 5098 εει,
1805 5032 1907 5087 erit
1932 5031 1982 5087 ei
2087 5037 2476 5091 consumimus.
2509 5037 2707 5091 Eodem
2733 5036 2894 5091 modo
2914 5047 2966 5090 et
3005 5037 3180 5092 cateri
3203 5035 3446 5091 secunda
3476 5034 3658 5103 ﬁgurat

409 5120 784 5190 contrajacens
816 5137 940 5177 vera
965 5139 1084 5193 qua
1104 5134 1184 5178 est
1213 5166 1226 5189 ,
1259 5139 1418 5179 omne
1437 5124 1636 5194 justum
1665 5124 1859 5179 bonum
1879 5132 1980 5190 εει,
2091 5129 2145 5181 in
2177 5129 2375 5198 primos
2405 5138 2631 5200 quatuor
2661 5129 3017 5184 resolvuntur.

405 5209 496 5261 sed
519 5209 662 5264 illam
685 5213 951 5266 concessit
971 5224 1181 5282 quaest
1211 5213 1376 5282 prima
1399 5217 1572 5284 quarti
1605 5215 1769 5286 modi,
1798 5216 1848 5270 id
1876 5222 1982 5280 est,

871 5328 1042 5382 Omne
1069 5330 1263 5382 bonum
1286 5331 1452 5384 virtus
1477 5339 1558 5384 est
2064 5332 2250 5387 eadem
2435 5335 2606 5390 Omne
2637 5335 2830 5389 bonum
2863 5335 3026 5386 virtus
3050 5343 3149 5389 est.

866 5420 1142 5485 Quoddam
1170 5421 1371 5488 justum
1403 5425 1573 5475 virtus
1599 5439 1702 5476 non
1733 5432 1813 5476 est
2416 5426 2802 5494 Omnejustum
2833 5425 3026 5477 bonum
3053 5433 3153 5476 est.

874 5513 1153 5579 Quoddam
1178 5515 1338 5580 igitur
1359 5514 1560 5582 justum
1587 5516 1784 5570 bonum
1807 5533 1908 5571 non
1941 5531 2022 5573 est
2417 5518 2588 5572 Omne
2619 5518 2776 5587 igitur
2801 5518 2999 5585 justum
3030 5516 3196 5568 virtus
3224 5521 3322 5568 est.

404 5621 618 5677 'l'ertius
643 5627 892 5681 secunda
934 5629 1113 5696 ﬁgurat
1158 5631 1345 5686 modus
1367 5631 1602 5686 secundo
1646 5633 1828 5700 prima
1859 5633 1986 5704 ﬁgn-
2096 5632 2609 5689 modiconccsserit.
2660 5629 3030 5697 particularem
3078 5645 3286 5698 quoque
3318 5637 3650 5696 negationem

403 5731 475 5770 rae
520 5714 678 5769 modo
711 5715 787 5769 sic
839 5719 1165 5776 resolvitur:
1201 5723 1246 5777 si
1288 5724 1405 5789 qu’s
1449 5720 1576 5774 duas
1607 5723 1804 5793 primas
1838 5727 1975 5780 tertii
2091 5721 2393 5787 tuncludet,
2421 5737 2537 5793 qua
2567 5730 2668 5790 est,
2695 5720 2956 5790 quoddam
3005 5720 3164 5790 igitur
3204 5722 3401 5792 justum
3454 5719 3649 5773 bonum
