  <div class='ocr_page' id='page_1' title='image "/cluster/home/n/w/nwhite01/storage/ocr_20150623/64/hvd.32044073505265/419.png"; bbox 0 0 4290 6272; ppageno 0'>
   <div class='ocr_carea' id='block_1_1' title="bbox 627 381 725 435">
    <p class='ocr_par' dir='ltr' id='par_1_1' title="bbox 627 381 725 435">
     <span class='ocr_line' id='line_1_1' title="bbox 627 381 725 435; baseline 0 0"><span class='ocrx_word' id='word_1_1' title='bbox 627 381 725 435; x_wconf 66' lang='lat'><strong>8‘27</strong></span> 
     </span>
    </p>
   </div>
   <div class='ocr_carea' id='block_1_2' title="bbox 1856 372 2640 433">
    <p class='ocr_par' dir='ltr' id='par_1_2' title="bbox 1856 372 2640 433">
     <span class='ocr_line' id='line_1_2' title="bbox 1856 372 2640 433; baseline -0.009 0"><span class='ocrx_word' id='word_1_2' title='bbox 1856 378 1952 433; x_wconf 64' lang='lat' dir='ltr'><strong>‘AN</strong></span> <span class='ocrx_word' id='word_1_3' title='bbox 1990 376 2193 432; x_wconf 74' lang='lat' dir='ltr'><strong>MANL.</strong></span> <span class='ocrx_word' id='word_1_4' title='bbox 2235 374 2380 432; x_wconf 83' lang='lat' dir='ltr'><strong>SEV.</strong></span> <span class='ocrx_word' id='word_1_5' title='bbox 2423 372 2640 428; x_wconf 81' lang='lat' dir='ltr'><strong>BOETII</strong></span> 
     </span>
    </p>
   </div>
   <div class='ocr_carea' id='block_1_3' title="bbox 3773 376 3877 429">
    <p class='ocr_par' dir='ltr' id='par_1_3' title="bbox 3773 376 3877 429">
     <span class='ocr_line' id='line_1_3' title="bbox 3773 376 3877 429; baseline -0.01 0"><span class='ocrx_word' id='word_1_6' title='bbox 3773 376 3877 429; x_wconf 76' lang='lat'><strong>823</strong></span> 
     </span>
    </p>
   </div>
   <div class='ocr_carea' id='block_1_4' title="bbox 628 486 3874 559">
    <p class='ocr_par' dir='ltr' id='par_1_4' title="bbox 628 486 3874 559">
     <span class='ocr_line' id='line_1_4' title="bbox 628 486 3874 559; baseline -0.003 -9"><span class='ocrx_word' id='word_1_7' title='bbox 628 511 732 550; x_wconf 91' lang='lat' dir='ltr'><strong>non</strong></span> <span class='ocrx_word' id='word_1_8' title='bbox 763 504 864 551; x_wconf 91' lang='grc' dir='ltr'><em>εει.</em></span> <span class='ocrx_word' id='word_1_9' title='bbox 888 495 1017 549; x_wconf 87' lang='lat' dir='ltr'><strong>Nam</strong></span> <span class='ocrx_word' id='word_1_10' title='bbox 1041 496 1085 550; x_wconf 91' lang='lat' dir='ltr'><strong>si</strong></span> <span class='ocrx_word' id='word_1_11' title='bbox 1114 494 1226 549; x_wconf 81' lang='lat' dir='ltr'><strong>haec</strong></span> <span class='ocrx_word' id='word_1_12' title='bbox 1248 494 1378 548; x_wconf 84' lang='lat' dir='ltr'><strong>falsa</strong></span> <span class='ocrx_word' id='word_1_13' title='bbox 1398 502 1501 559; x_wconf 88' lang='lat' dir='ltr'><strong>est,</strong></span> <span class='ocrx_word' id='word_1_14' title='bbox 1529 507 1654 547; x_wconf 90' lang='lat' dir='ltr'><strong>vera</strong></span> <span class='ocrx_word' id='word_1_15' title='bbox 1675 492 1775 545; x_wconf 88' lang='lat' dir='ltr'><strong>erit</strong></span> <span class='ocrx_word' id='word_1_16' title='bbox 1799 491 2190 559; x_wconf 76' lang='lat' dir='ltr'><strong>contrajacens.</strong></span> <span class='ocrx_word' id='word_1_17' title='bbox 2227 493 2276 549; x_wconf 81' lang='grc' dir='ltr'><strong>Α</strong></span> <span class='ocrx_word' id='word_1_18' title='bbox 2303 504 2442 544; x_wconf 90' lang='lat' dir='ltr'><strong>nunc</strong></span> <span class='ocrx_word' id='word_1_19' title='bbox 2501 502 2630 542; x_wconf 88' lang='lat' dir='ltr'><strong>vero</strong></span> <span class='ocrx_word' id='word_1_20' title='bbox 2682 487 2883 541; x_wconf 87' lang='lat' dir='ltr'><strong>nullum</strong></span> <span class='ocrx_word' id='word_1_21' title='bbox 2937 486 3136 552; x_wconf 82' lang='lat' dir='ltr'><strong>justum</strong></span> <span class='ocrx_word' id='word_1_22' title='bbox 3182 488 3375 542; x_wconf 88' lang='lat' dir='ltr'><strong>malum</strong></span> <span class='ocrx_word' id='word_1_23' title='bbox 3439 495 3556 551; x_wconf 88' lang='grc' dir='ltr'><em>εει,</em></span> <span class='ocrx_word' id='word_1_24' title='bbox 3604 487 3736 540; x_wconf 85' lang='lat' dir='ltr'><strong>duas</strong></span> <span class='ocrx_word' id='word_1_25' title='bbox 3774 487 3874 541; x_wconf 85' lang='lat' dir='ltr'><strong>sibi</strong></span> 
     </span>
    </p>
   </div>
   <div class='ocr_carea' id='block_1_5' title="bbox 627 581 2199 652">
    <p class='ocr_par' dir='ltr' id='par_1_5' title="bbox 627 581 2199 652">
     <span class='ocr_line' id='line_1_5' title="bbox 627 581 2199 652; baseline -0.002 -15"><span class='ocrx_word' id='word_1_26' title='bbox 627 600 744 650; x_wconf 69' lang='lat' dir='ltr'><strong>qua:</strong></span> <span class='ocrx_word' id='word_1_27' title='bbox 773 594 873 649; x_wconf 88' lang='lat' dir='ltr'><strong>est,</strong></span> <span class='ocrx_word' id='word_1_28' title='bbox 898 599 1055 638; x_wconf 88' lang='lat' dir='ltr'><strong>omne</strong></span> <span class='ocrx_word' id='word_1_29' title='bbox 1073 584 1275 652; x_wconf 88' lang='lat' dir='ltr'><strong>justum</strong></span> <span class='ocrx_word' id='word_1_30' title='bbox 1300 584 1492 637; x_wconf 85' lang='lat' dir='ltr'><strong>bonum</strong></span> <span class='ocrx_word' id='word_1_31' title='bbox 1516 592 1615 635; x_wconf 89' lang='lat' dir='ltr'><strong>cst.</strong></span> <span class='ocrx_word' id='word_1_32' title='bbox 1641 581 1743 636; x_wconf 87' lang='lat' dir='ltr'><strong>Sed</strong></span> <span class='ocrx_word' id='word_1_33' title='bbox 1766 583 1925 635; x_wconf 86' lang='lat' dir='ltr'><strong>etiam</strong></span> <span class='ocrx_word' id='word_1_34' title='bbox 1953 582 2040 634; x_wconf 87' lang='lat' dir='ltr'><strong>illa</strong></span> <span class='ocrx_word' id='word_1_35' title='bbox 2069 595 2199 634; x_wconf 81' lang='lat' dir='ltr'><strong>con—</strong></span> 
     </span>
    </p>
   </div>
   <div class='ocr_carea' id='block_1_6' title="bbox 624 666 2196 745">
    <p class='ocr_par' dir='ltr' id='par_1_6' title="bbox 624 666 2196 745">
     <span class='ocr_line' id='line_1_6' title="bbox 624 666 2196 745; baseline -0.004 -15"><span class='ocrx_word' id='word_1_36' title='bbox 624 690 775 730; x_wconf 81' lang='lat' dir='ltr'><strong>cessa</strong></span> <span class='ocrx_word' id='word_1_37' title='bbox 809 686 917 741; x_wconf 91' lang='lat' dir='ltr'><strong>est,</strong></span> <span class='ocrx_word' id='word_1_38' title='bbox 948 692 1066 745; x_wconf 69' lang='lat' dir='ltr'><strong>quae</strong></span> <span class='ocrx_word' id='word_1_39' title='bbox 1097 685 1211 743; x_wconf 87' lang='lat' dir='ltr'><strong>est,</strong></span> <span class='ocrx_word' id='word_1_40' title='bbox 1264 675 1465 729; x_wconf 90' lang='lat' dir='ltr'><strong>nullum</strong></span> <span class='ocrx_word' id='word_1_41' title='bbox 1497 666 1693 727; x_wconf 84' lang='lat' dir='ltr'><strong>bonum</strong></span> <span class='ocrx_word' id='word_1_42' title='bbox 1734 673 1931 726; x_wconf 86' lang='lat' dir='ltr'><strong>malum</strong></span> <span class='ocrx_word' id='word_1_43' title='bbox 1960 681 2063 726; x_wconf 88' lang='lat' dir='ltr'><strong>est.</strong></span> <span class='ocrx_word' id='word_1_44' title='bbox 2121 672 2196 724; x_wconf 78' lang='lat' dir='ltr'><strong>Ex</strong></span> 
     </span>
    </p>
   </div>
   <div class='ocr_carea' id='block_1_7' title="bbox 627 762 2201 836">
    <p class='ocr_par' dir='ltr' id='par_1_7' title="bbox 627 762 2201 836">
     <span class='ocr_line' id='line_1_7' title="bbox 627 762 2201 836; baseline -0.003 -18"><span class='ocrx_word' id='word_1_45' title='bbox 627 767 709 821; x_wconf 88' lang='lat' dir='ltr'><strong>his</strong></span> <span class='ocrx_word' id='word_1_46' title='bbox 742 780 871 835; x_wconf 89' lang='lat' dir='ltr'><strong>ergo</strong></span> <span class='ocrx_word' id='word_1_47' title='bbox 899 767 1193 836; x_wconf 86' lang='lat' dir='ltr'><strong>colligitur,</strong></span> <span class='ocrx_word' id='word_1_48' title='bbox 1226 768 1428 819; x_wconf 92' lang='lat' dir='ltr'><strong>nullum</strong></span> <span class='ocrx_word' id='word_1_49' title='bbox 1459 766 1617 833; x_wconf 89' lang='lat' dir='ltr'><strong>igitur</strong></span> <span class='ocrx_word' id='word_1_50' title='bbox 1642 764 1842 832; x_wconf 80' lang='lat' dir='ltr'><strong>justum</strong></span> <span class='ocrx_word' id='word_1_51' title='bbox 1868 762 2061 815; x_wconf 82' lang='lat' dir='ltr'><strong>malum</strong></span> <span class='ocrx_word' id='word_1_52' title='bbox 2093 771 2201 815; x_wconf 82' lang='lat' dir='ltr'><strong>est.-</strong></span> 
     </span>
    </p>
   </div>
   <div class='ocr_carea' id='block_1_8' title="bbox 624 852 2198 927">
    <p class='ocr_par' dir='ltr' id='par_1_8' title="bbox 624 852 2198 927">
     <span class='ocr_line' id='line_1_8' title="bbox 624 852 2198 927; baseline -0.006 -14"><span class='ocrx_word' id='word_1_53' title='bbox 624 860 728 913; x_wconf 86' lang='lat' dir='ltr'><strong>Sed</strong></span> <span class='ocrx_word' id='word_1_54' title='bbox 761 858 906 927; x_wconf 84' lang='lat' dir='ltr'><strong>prius</strong></span> <span class='ocrx_word' id='word_1_55' title='bbox 936 872 1183 913; x_wconf 78' lang='lat' dir='ltr'><strong>concessa</strong></span> <span class='ocrx_word' id='word_1_56' title='bbox 1213 866 1348 920; x_wconf 89' lang='lat' dir='ltr'><strong>erat,</strong></span> <span class='ocrx_word' id='word_1_57' title='bbox 1371 856 1635 925; x_wconf 84' lang='lat' dir='ltr'><strong>quoddam</strong></span> <span class='ocrx_word' id='word_1_58' title='bbox 1656 854 1855 921; x_wconf 88' lang='lat' dir='ltr'><strong>justum</strong></span> <span class='ocrx_word' id='word_1_59' title='bbox 1878 852 2071 905; x_wconf 89' lang='lat' dir='ltr'><strong>malum</strong></span> <span class='ocrx_word' id='word_1_60' title='bbox 2094 859 2198 916; x_wconf 90' lang='lat' dir='ltr'><strong>est,</strong></span> 
     </span>
    </p>
   </div>
   <div class='ocr_carea' id='block_1_9' title="bbox 1094 946 2009 1015">
    <p class='ocr_par' dir='ltr' id='par_1_9' title="bbox 1094 946 2009 1015">
     <span class='ocr_line' id='line_1_9' title="bbox 1094 946 2009 1015; baseline -0.009 -12"><span class='ocrx_word' id='word_1_61' title='bbox 1094 949 1301 1003; x_wconf 78' lang='lat' dir='ltr'><strong>Nullum</strong></span> <span class='ocrx_word' id='word_1_62' title='bbox 1329 950 1523 1002; x_wconf 90' lang='lat' dir='ltr'><strong>bonum</strong></span> <span class='ocrx_word' id='word_1_63' title='bbox 1552 946 1746 999; x_wconf 89' lang='lat' dir='ltr'><strong>malum</strong></span> <span class='ocrx_word' id='word_1_64' title='bbox 1769 955 1849 998; x_wconf 90' lang='lat' dir='ltr'><strong>est</strong></span> <span class='ocrx_word' id='word_1_65' title='bbox 2008 1012 2009 1015; x_wconf 16' lang='grc' dir='ltr'><strong>η</strong></span> 
     </span>
    </p>
   </div>
   <div class='ocr_carea' id='block_1_10' title="bbox 1087 1036 1918 1108">
    <p class='ocr_par' dir='ltr' id='par_1_10' title="bbox 1087 1036 1918 1108">
     <span class='ocr_line' id='line_1_10' title="bbox 1087 1036 1918 1108; baseline -0.01 -12"><span class='ocrx_word' id='word_1_66' title='bbox 1087 1041 1358 1107; x_wconf 82' lang='lat' dir='ltr'><strong>Quoddam</strong></span> <span class='ocrx_word' id='word_1_67' title='bbox 1376 1039 1577 1108; x_wconf 85' lang='lat' dir='ltr'><strong>justum</strong></span> <span class='ocrx_word' id='word_1_68' title='bbox 1599 1036 1792 1089; x_wconf 87' lang='lat' dir='ltr'><strong>malum</strong></span> <span class='ocrx_word' id='word_1_69' title='bbox 1816 1042 1918 1089; x_wconf 84' lang='lat' dir='ltr'><strong>est-</strong></span> 
     </span>
    </p>
   </div>
   <div class='ocr_carea' id='block_1_11' title="bbox 2272 954 2550 995">
    <p class='ocr_par' dir='ltr' id='par_1_11' title="bbox 2272 954 2550 995">
     <span class='ocr_line' id='line_1_11' title="bbox 2272 954 2550 995; baseline -0.018 0"><span class='ocrx_word' id='word_1_70' title='bbox 2272 954 2550 995; x_wconf 78' lang='lat' dir='ltr'><strong>concessa:</strong></span> 
     </span>
    </p>
   </div>
   <div class='ocr_carea' id='block_1_12' title="bbox 2266 1029 2561 1098">
    <p class='ocr_par' dir='ltr' id='par_1_12' title="bbox 2266 1029 2561 1098">
     <span class='ocr_line' id='line_1_12' title="bbox 2266 1029 2561 1098; baseline -0.007 -14"><span class='ocrx_word' id='word_1_71' title='bbox 2266 1029 2561 1098; x_wconf 88' lang='lat' dir='ltr'><strong>contrajac.</strong></span> 
     </span>
    </p>
   </div>
   <div class='ocr_carea' id='block_1_13' title="bbox 2300 577 3875 647">
    <p class='ocr_par' dir='ltr' id='par_1_13' title="bbox 2300 577 3875 647">
     <span class='ocr_line' id='line_1_13' title="bbox 2300 577 3875 647; baseline -0.002 -15"><span class='ocrx_word' id='word_1_72' title='bbox 2300 579 2747 647; x_wconf 86' lang='lat' dir='ltr'><strong>coutrajaeentes,</strong></span> <span class='ocrx_word' id='word_1_73' title='bbox 2779 591 2881 630; x_wconf 91' lang='lat' dir='ltr'><strong>uno</strong></span> <span class='ocrx_word' id='word_1_74' title='bbox 2906 585 3142 644; x_wconf 89' lang='lat' dir='ltr'><strong>tempore</strong></span> <span class='ocrx_word' id='word_1_75' title='bbox 3166 577 3428 642; x_wconf 87' lang='lat' dir='ltr'><strong>concedit,</strong></span> <span class='ocrx_word' id='word_1_76' title='bbox 3464 578 3603 647; x_wconf 89' lang='lat' dir='ltr'><strong>quod</strong></span> <span class='ocrx_word' id='word_1_77' title='bbox 3633 577 3744 632; x_wconf 89' lang='lat' dir='ltr'><strong>ﬁeri</strong></span> <span class='ocrx_word' id='word_1_78' title='bbox 3772 592 3875 629; x_wconf 89' lang='lat' dir='ltr'><strong>non</strong></span> 
     </span>
    </p>
   </div>
   <div class='ocr_carea' id='block_1_14' title="bbox 2302 664 3880 737">
    <p class='ocr_par' dir='ltr' id='par_1_14' title="bbox 2302 664 3880 737">
     <span class='ocr_line' id='line_1_14' title="bbox 2302 664 3880 737; baseline -0.004 -14"><span class='ocrx_word' id='word_1_79' title='bbox 2302 676 2493 737; x_wconf 80' lang='lat' dir='ltr'><strong>potest.</strong></span> <span class='ocrx_word' id='word_1_80' title='bbox 2545 666 2766 721; x_wconf 84' lang='lat' dir='ltr'><strong>Sublata</strong></span> <span class='ocrx_word' id='word_1_81' title='bbox 2812 665 2968 734; x_wconf 78' lang='lat' dir='ltr'><strong>igitur</strong></span> <span class='ocrx_word' id='word_1_82' title='bbox 3020 665 3303 719; x_wconf 83' lang='lat' dir='ltr'><strong>universali</strong></span> <span class='ocrx_word' id='word_1_83' title='bbox 3366 664 3731 729; x_wconf 79' lang='lat' dir='ltr'><strong>conclusione,</strong></span> <span class='ocrx_word' id='word_1_84' title='bbox 3762 678 3880 732; x_wconf 68' lang='lat' dir='ltr'><strong>qua:</strong></span> 
     </span>
    </p>
   </div>
   <div class='ocr_carea' id='block_1_15' title="bbox 2302 752 3879 824">
    <p class='ocr_par' dir='ltr' id='par_1_15' title="bbox 2302 752 3879 824">
     <span class='ocr_line' id='line_1_15' title="bbox 2302 752 3879 824; baseline -0.006 -12"><span class='ocrx_word' id='word_1_85' title='bbox 2302 768 2412 823; x_wconf 87' lang='lat' dir='ltr'><strong>est,</strong></span> <span class='ocrx_word' id='word_1_86' title='bbox 2444 771 2603 809; x_wconf 90' lang='lat' dir='ltr'><strong>omne</strong></span> <span class='ocrx_word' id='word_1_87' title='bbox 2625 755 2827 824; x_wconf 81' lang='lat' dir='ltr'><strong>justum</strong></span> <span class='ocrx_word' id='word_1_88' title='bbox 2862 755 3055 808; x_wconf 84' lang='lat' dir='ltr'><strong>bonum</strong></span> <span class='ocrx_word' id='word_1_89' title='bbox 3079 762 3185 818; x_wconf 80' lang='lat' dir='ltr'><strong>est,</strong></span> <span class='ocrx_word' id='word_1_90' title='bbox 3216 754 3510 808; x_wconf 90' lang='lat' dir='ltr'><strong>remanebit</strong></span> <span class='ocrx_word' id='word_1_91' title='bbox 3548 752 3879 822; x_wconf 82' lang='lat' dir='ltr'><strong>particularis</strong></span> 
     </span>
    </p>
   </div>
   <div class='ocr_carea' id='block_1_16' title="bbox 2306 844 3835 917">
    <p class='ocr_par' dir='ltr' id='par_1_16' title="bbox 2306 844 3835 917">
     <span class='ocr_line' id='line_1_16' title="bbox 2306 844 3835 917; baseline -0.005 -16"><span class='ocrx_word' id='word_1_92' title='bbox 2306 848 2537 917; x_wconf 82' lang='lat' dir='ltr'><strong>negatio,</strong></span> <span class='ocrx_word' id='word_1_93' title='bbox 2564 861 2680 914; x_wconf 70' lang='lat' dir='ltr'><strong>qua:</strong></span> <span class='ocrx_word' id='word_1_94' title='bbox 2710 852 2821 909; x_wconf 91' lang='grc' dir='ltr'><em>εει,</em></span> <span class='ocrx_word' id='word_1_95' title='bbox 2851 844 3117 912; x_wconf 87' lang='lat' dir='ltr'><strong>quoddam</strong></span> <span class='ocrx_word' id='word_1_96' title='bbox 3138 845 3341 913; x_wconf 86' lang='lat' dir='ltr'><strong>justum</strong></span> <span class='ocrx_word' id='word_1_97' title='bbox 3370 845 3571 897; x_wconf 91' lang='lat' dir='ltr'><strong>bonum</strong></span> <span class='ocrx_word' id='word_1_98' title='bbox 3598 858 3701 897; x_wconf 89' lang='lat' dir='ltr'><strong>non</strong></span> <span class='ocrx_word' id='word_1_99' title='bbox 3729 850 3835 897; x_wconf 91' lang='grc' dir='ltr'><em>εει.</em></span> 
     </span>
    </p>
   </div>
   <div class='ocr_carea' id='block_1_17' title="bbox 2834 934 3629 989">
    <p class='ocr_par' dir='ltr' id='par_1_17' title="bbox 2834 934 3629 989">
     <span class='ocr_line' id='line_1_17' title="bbox 2834 934 3629 989; baseline -0.001 0"><span class='ocrx_word' id='word_1_100' title='bbox 2834 935 3043 989; x_wconf 85' lang='lat' dir='ltr'><strong>Nullum</strong></span> <span class='ocrx_word' id='word_1_101' title='bbox 3071 937 3266 989; x_wconf 82' lang='lat' dir='ltr'><strong>bonum</strong></span> <span class='ocrx_word' id='word_1_102' title='bbox 3298 934 3495 988; x_wconf 82' lang='lat' dir='ltr'><strong>malum</strong></span> <span class='ocrx_word' id='word_1_103' title='bbox 3522 944 3629 988; x_wconf 70' lang='lat' dir='ltr'><strong>est.</strong></span> 
     </span>
    </p>
   </div>
   <div class='ocr_carea' id='block_1_18' title="bbox 2834 1026 3590 1095">
    <p class='ocr_par' dir='ltr' id='par_1_18' title="bbox 2834 1026 3590 1095">
     <span class='ocr_line' id='line_1_18' title="bbox 2834 1026 3590 1095; baseline -0.003 -16"><span class='ocrx_word' id='word_1_104' title='bbox 2834 1026 3005 1081; x_wconf 86' lang='lat' dir='ltr'><strong>Omne</strong></span> <span class='ocrx_word' id='word_1_105' title='bbox 3024 1027 3226 1095; x_wconf 83' lang='lat' dir='ltr'><strong>justum</strong></span> <span class='ocrx_word' id='word_1_106' title='bbox 3257 1026 3360 1081; x_wconf 85' lang='lat' dir='ltr'><strong>bon</strong></span> <span class='ocrx_word' id='word_1_107' title='bbox 3369 1040 3453 1079; x_wconf 89' lang='lat' dir='ltr'><strong>um</strong></span> <span class='ocrx_word' id='word_1_108' title='bbox 3486 1034 3590 1078; x_wconf 86' lang='grc' dir='ltr'><em>εει.</em></span> 
     </span>
    </p>
   </div>
   <div class='ocr_carea' id='block_1_19' title="bbox 1089 1116 3768 1200">
    <p class='ocr_par' dir='ltr' id='par_1_19' title="bbox 1089 1116 3768 1200">
     <span class='ocr_line' id='line_1_19' title="bbox 1089 1116 3768 1200; baseline -0.007 -14"><span class='ocrx_word' id='word_1_109' title='bbox 1089 1132 1362 1200; x_wconf 84' lang='lat' dir='ltr'><strong>Quoddam</strong></span> <span class='ocrx_word' id='word_1_110' title='bbox 1386 1132 1545 1200; x_wconf 87' lang='lat' dir='ltr'><strong>igitur</strong></span> <span class='ocrx_word' id='word_1_111' title='bbox 1560 1130 1758 1198; x_wconf 89' lang='lat' dir='ltr'><strong>justum</strong></span> <span class='ocrx_word' id='word_1_112' title='bbox 1782 1129 1976 1182; x_wconf 88' lang='lat' dir='ltr'><strong>bonum</strong></span> <span class='ocrx_word' id='word_1_113' title='bbox 2001 1140 2106 1181; x_wconf 85' lang='lat' dir='ltr'><strong>non</strong></span> <span class='ocrx_word' id='word_1_114' title='bbox 2124 1135 2226 1195; x_wconf 85' lang='grc' dir='ltr'><em>εει,</em></span> <span class='ocrx_word' id='word_1_115' title='bbox 2260 1133 2488 1194; x_wconf 88' lang='lat' dir='ltr'><strong>permut.</strong></span> <span class='ocrx_word' id='word_1_116' title='bbox 2508 1122 2799 1191; x_wconf 81' lang='lat' dir='ltr'><strong>contrajac.</strong></span> <span class='ocrx_word' id='word_1_117' title='bbox 2825 1121 3033 1176; x_wconf 83' lang='lat' dir='ltr'><strong>Nullum</strong></span> <span class='ocrx_word' id='word_1_118' title='bbox 3053 1132 3182 1187; x_wconf 90' lang='lat' dir='ltr'><strong>ergo</strong></span> <span class='ocrx_word' id='word_1_119' title='bbox 3203 1118 3402 1186; x_wconf 84' lang='lat' dir='ltr'><strong>justum</strong></span> <span class='ocrx_word' id='word_1_120' title='bbox 3432 1116 3629 1169; x_wconf 88' lang='lat' dir='ltr'><strong>malum</strong></span> <span class='ocrx_word' id='word_1_121' title='bbox 3661 1123 3768 1167; x_wconf 87' lang='grc' dir='ltr'><em>εει.</em></span> 
     </span>
    </p>
   </div>
   <div class='ocr_carea' id='block_1_20' title="bbox 631 1217 2205 1290">
    <p class='ocr_par' dir='ltr' id='par_1_20' title="bbox 631 1217 2205 1290">
     <span class='ocr_line' id='line_1_20' title="bbox 631 1217 2205 1290; baseline -0.004 -14"><span class='ocrx_word' id='word_1_122' title='bbox 631 1225 913 1279; x_wconf 81' lang='lat' dir='ltr'><strong>Secundus</strong></span> <span class='ocrx_word' id='word_1_123' title='bbox 972 1223 1220 1278; x_wconf 81' lang='lat' dir='ltr'><strong>secundae</strong></span> <span class='ocrx_word' id='word_1_124' title='bbox 1278 1223 1460 1290; x_wconf 65' lang='lat' dir='ltr'><strong>ﬁgurae</strong></span> <span class='ocrx_word' id='word_1_125' title='bbox 1507 1221 1560 1274; x_wconf 93' lang='lat' dir='ltr'><strong>in</strong></span> <span class='ocrx_word' id='word_1_126' title='bbox 1591 1222 1749 1275; x_wconf 87' lang='lat' dir='ltr'><strong>tertio</strong></span> <span class='ocrx_word' id='word_1_127' title='bbox 1798 1219 1982 1287; x_wconf 65' lang='lat' dir='ltr'><strong>primae</strong></span> <span class='ocrx_word' id='word_1_128' title='bbox 2025 1217 2205 1284; x_wconf 70' lang='lat' dir='ltr'><strong>figurae</strong></span> 
     </span>
    </p>
   </div>
   <div class='ocr_carea' id='block_1_21' title="bbox 630 1308 2205 1381">
    <p class='ocr_par' dir='ltr' id='par_1_21' title="bbox 630 1308 2205 1381">
     <span class='ocr_line' id='line_1_21' title="bbox 630 1308 2205 1381; baseline -0.005 -14"><span class='ocrx_word' id='word_1_129' title='bbox 630 1316 790 1370; x_wconf 92' lang='lat' dir='ltr'><strong>modo</strong></span> <span class='ocrx_word' id='word_1_130' title='bbox 832 1316 909 1369; x_wconf 93' lang='lat' dir='ltr'><strong>sic</strong></span> <span class='ocrx_word' id='word_1_131' title='bbox 955 1314 1273 1368; x_wconf 72' lang='lat' dir='ltr'><strong>resolvitur:</strong></span> <span class='ocrx_word' id='word_1_132' title='bbox 1314 1313 1357 1367; x_wconf 87' lang='lat' dir='ltr'><strong>si</strong></span> <span class='ocrx_word' id='word_1_133' title='bbox 1408 1312 1526 1381; x_wconf 86' lang='lat' dir='ltr'><strong>quis</strong></span> <span class='ocrx_word' id='word_1_134' title='bbox 1563 1311 1696 1364; x_wconf 88' lang='lat' dir='ltr'><strong>duas</strong></span> <span class='ocrx_word' id='word_1_135' title='bbox 1736 1309 1986 1363; x_wconf 79' lang='lat' dir='ltr'><strong>secunda:</strong></span> <span class='ocrx_word' id='word_1_136' title='bbox 2024 1308 2205 1375; x_wconf 73' lang='lat' dir='ltr'><strong>ﬁgura:</strong></span> 
     </span>
    </p>
   </div>
   <div class='ocr_carea' id='block_1_22' title="bbox 629 1399 2227 1472">
    <p class='ocr_par' dir='ltr' id='par_1_22' title="bbox 629 1399 2227 1472">
     <span class='ocr_line' id='line_1_22' title="bbox 629 1399 2227 1472; baseline -0.005 -15"><span class='ocrx_word' id='word_1_137' title='bbox 629 1404 1022 1472; x_wconf 86' lang='lat' dir='ltr'><strong>prepositiones</strong></span> <span class='ocrx_word' id='word_1_138' title='bbox 1047 1403 1395 1465; x_wconf 85' lang='lat' dir='ltr'><strong>concesserit,</strong></span> <span class='ocrx_word' id='word_1_139' title='bbox 1425 1399 1821 1456; x_wconf 86' lang='lat' dir='ltr'><strong>conclusionem</strong></span> <span class='ocrx_word' id='word_1_140' title='bbox 1850 1412 2060 1468; x_wconf 87' lang='lat' dir='ltr'><strong>quoque</strong></span> <span class='ocrx_word' id='word_1_141' title='bbox 2079 1411 2227 1451; x_wconf 31' lang='lat' dir='ltr'><strong>con-v</strong></span> 
     </span>
    </p>
   </div>
   <div class='ocr_carea' id='block_1_23' title="bbox 631 1486 2207 1562">
    <p class='ocr_par' dir='ltr' id='par_1_23' title="bbox 631 1486 2207 1562">
     <span class='ocr_line' id='line_1_23' title="bbox 631 1486 2207 1562; baseline -0.004 -17"><span class='ocrx_word' id='word_1_142' title='bbox 631 1493 791 1556; x_wconf 86' lang='lat' dir='ltr'><strong>cedit,</strong></span> <span class='ocrx_word' id='word_1_143' title='bbox 822 1508 939 1562; x_wconf 60' lang='lat' dir='ltr'><strong>quae</strong></span> <span class='ocrx_word' id='word_1_144' title='bbox 957 1501 1059 1559; x_wconf 90' lang='grc' dir='ltr'><em>εει,</em></span> <span class='ocrx_word' id='word_1_145' title='bbox 1089 1492 1246 1562; x_wconf 88' lang='lat' dir='ltr'><strong>igitur</strong></span> <span class='ocrx_word' id='word_1_146' title='bbox 1274 1493 1471 1559; x_wconf 84' lang='lat' dir='ltr'><strong>justum</strong></span> <span class='ocrx_word' id='word_1_147' title='bbox 1495 1489 1690 1544; x_wconf 90' lang='lat' dir='ltr'><strong>bonum</strong></span> <span class='ocrx_word' id='word_1_148' title='bbox 1720 1497 1821 1542; x_wconf 90' lang='lat' dir='ltr'><strong>est.</strong></span> <span class='ocrx_word' id='word_1_149' title='bbox 1868 1486 1999 1541; x_wconf 89' lang='lat' dir='ltr'><strong>Nam</strong></span> <span class='ocrx_word' id='word_1_150' title='bbox 2022 1487 2068 1541; x_wconf 88' lang='lat' dir='ltr'><strong>si</strong></span> <span class='ocrx_word' id='word_1_151' title='bbox 2090 1486 2207 1539; x_wconf 68' lang='lat' dir='ltr'><strong>htec</strong></span> 
     </span>
    </p>
   </div>
   <div class='ocr_carea' id='block_1_24' title="bbox 631 1575 2208 1649">
    <p class='ocr_par' dir='ltr' id='par_1_24' title="bbox 631 1575 2208 1649">
     <span class='ocr_line' id='line_1_24' title="bbox 631 1575 2208 1649; baseline -0.004 -15"><span class='ocrx_word' id='word_1_152' title='bbox 631 1582 760 1635; x_wconf 82' lang='lat' dir='ltr'><strong>falsa</strong></span> <span class='ocrx_word' id='word_1_153' title='bbox 782 1592 892 1649; x_wconf 89' lang='lat' dir='ltr'><strong>est,</strong></span> <span class='ocrx_word' id='word_1_154' title='bbox 917 1582 1021 1637; x_wconf 89' lang='lat' dir='ltr'><strong>erit</strong></span> <span class='ocrx_word' id='word_1_155' title='bbox 1046 1597 1173 1635; x_wconf 84' lang='lat' dir='ltr'><strong>vera</strong></span> <span class='ocrx_word' id='word_1_156' title='bbox 1202 1581 1572 1649; x_wconf 89' lang='lat' dir='ltr'><strong>contrajaeens</strong></span> <span class='ocrx_word' id='word_1_157' title='bbox 1600 1580 1647 1633; x_wconf 90' lang='lat' dir='ltr'><strong>ei</strong></span> <span class='ocrx_word' id='word_1_158' title='bbox 1691 1575 2031 1647; x_wconf 86' lang='lat' dir='ltr'><strong>particularis</strong></span> <span class='ocrx_word' id='word_1_159' title='bbox 2059 1575 2208 1629; x_wconf 86' lang='lat' dir='ltr'><strong>afﬁr-</strong></span> 
     </span>
    </p>
   </div>
   <div class='ocr_carea' id='block_1_25' title="bbox 631 1667 2203 1743">
    <p class='ocr_par' dir='ltr' id='par_1_25' title="bbox 631 1667 2203 1743">
     <span class='ocr_line' id='line_1_25' title="bbox 631 1667 2203 1743; baseline -0.005 -17"><span class='ocrx_word' id='word_1_160' title='bbox 631 1674 812 1739; x_wconf 85' lang='lat' dir='ltr'><strong>matio,</strong></span> <span class='ocrx_word' id='word_1_161' title='bbox 842 1672 1106 1743; x_wconf 85' lang='lat' dir='ltr'><strong>quoddam</strong></span> <span class='ocrx_word' id='word_1_162' title='bbox 1143 1672 1342 1739; x_wconf 89' lang='lat' dir='ltr'><strong>justum</strong></span> <span class='ocrx_word' id='word_1_163' title='bbox 1394 1671 1590 1725; x_wconf 89' lang='lat' dir='ltr'><strong>bonum</strong></span> <span class='ocrx_word' id='word_1_164' title='bbox 1634 1677 1735 1725; x_wconf 90' lang='lat' dir='ltr'><strong>est.</strong></span> <span class='ocrx_word' id='word_1_165' title='bbox 1778 1668 1884 1725; x_wconf 84' lang='lat' dir='ltr'><strong>Sed</strong></span> <span class='ocrx_word' id='word_1_166' title='bbox 1910 1667 2052 1721; x_wconf 91' lang='lat' dir='ltr'><strong>idem</strong></span> <span class='ocrx_word' id='word_1_167' title='bbox 2076 1680 2203 1721; x_wconf 62' lang='lat' dir='ltr'><strong>cono</strong></span> 
     </span>
    </p>
   </div>
   <div class='ocr_carea' id='block_1_26' title="bbox 1095 1760 1795 1815">
    <p class='ocr_par' dir='ltr' id='par_1_26' title="bbox 1095 1760 1795 1815">
     <span class='ocr_line' id='line_1_26' title="bbox 1095 1760 1795 1815; baseline -0.006 0"><span class='ocrx_word' id='word_1_168' title='bbox 1095 1761 1265 1815; x_wconf 85' lang='lat' dir='ltr'><strong>Omne</strong></span> <span class='ocrx_word' id='word_1_169' title='bbox 1293 1761 1489 1813; x_wconf 88' lang='lat' dir='ltr'><strong>bonum</strong></span> <span class='ocrx_word' id='word_1_170' title='bbox 1519 1760 1686 1812; x_wconf 90' lang='lat' dir='ltr'><strong>virtus</strong></span> <span class='ocrx_word' id='word_1_171' title='bbox 1712 1765 1795 1813; x_wconf 90' lang='lat' dir='ltr'><strong>est</strong></span> 
     </span>
    </p>
   </div>
   <div class='ocr_carea' id='block_1_27' title="bbox 1088 1850 2075 1920">
    <p class='ocr_par' dir='ltr' id='par_1_27' title="bbox 1088 1850 2075 1920">
     <span class='ocr_line' id='line_1_27' title="bbox 1088 1850 2075 1920; baseline -0.005 -15"><span class='ocrx_word' id='word_1_172' title='bbox 1088 1850 1293 1905; x_wconf 80' lang='lat' dir='ltr'><strong>Nullum</strong></span> <span class='ocrx_word' id='word_1_173' title='bbox 1314 1851 1516 1920; x_wconf 89' lang='lat' dir='ltr'><strong>justum</strong></span> <span class='ocrx_word' id='word_1_174' title='bbox 1539 1851 1706 1904; x_wconf 85' lang='lat' dir='ltr'><strong>virtus</strong></span> <span class='ocrx_word' id='word_1_175' title='bbox 1732 1856 1834 1914; x_wconf 90' lang='lat' dir='ltr'><strong>est,</strong></span> <span class='ocrx_word' id='word_1_176' title='bbox 1857 1855 2075 1903; x_wconf 84' lang='lat' dir='ltr'><strong>contra-</strong></span> 
     </span>
    </p>
   </div>
   <div class='ocr_carea' id='block_1_28' title="bbox 1082 1936 2234 2014">
    <p class='ocr_par' dir='ltr' id='par_1_28' title="bbox 1082 1936 2234 2014">
     <span class='ocr_line' id='line_1_28' title="bbox 1082 1936 2234 2014; baseline -0.006 -14"><span class='ocrx_word' id='word_1_177' title='bbox 1082 1946 1293 2000; x_wconf 87' lang='lat' dir='ltr'><strong>Nullum</strong></span> <span class='ocrx_word' id='word_1_178' title='bbox 1313 1946 1511 2014; x_wconf 89' lang='lat' dir='ltr'><strong>justum</strong></span> <span class='ocrx_word' id='word_1_179' title='bbox 1543 1945 1741 1999; x_wconf 86' lang='lat' dir='ltr'><strong>bonum</strong></span> <span class='ocrx_word' id='word_1_180' title='bbox 1773 1952 1886 2008; x_wconf 89' lang='lat' dir='ltr'><strong>est,</strong></span> <span class='ocrx_word' id='word_1_181' title='bbox 1921 1950 2153 2011; x_wconf 83' lang='lat' dir='ltr'><strong>permut.</strong></span> <span class='ocrx_word' id='word_1_182' title='bbox 2219 1936 2234 1952; x_wconf 55' lang='grc' dir='ltr'><strong><em>ί</em></strong></span> 
     </span>
    </p>
   </div>
   <div class='ocr_carea' id='block_1_29' title="bbox 636 2032 2210 2106">
    <p class='ocr_par' dir='ltr' id='par_1_29' title="bbox 636 2032 2210 2106">
     <span class='ocr_line' id='line_1_29' title="bbox 636 2032 2210 2106; baseline -0.008 -11"><span class='ocrx_word' id='word_1_183' title='bbox 636 2038 838 2095; x_wconf 86' lang='lat' dir='ltr'><strong>Primus</strong></span> <span class='ocrx_word' id='word_1_184' title='bbox 863 2039 988 2093; x_wconf 90' lang='lat' dir='ltr'><strong>item</strong></span> <span class='ocrx_word' id='word_1_185' title='bbox 1025 2039 1270 2094; x_wconf 65' lang='lat' dir='ltr'><strong>secundae</strong></span> <span class='ocrx_word' id='word_1_186' title='bbox 1300 2038 1478 2106; x_wconf 77' lang='lat' dir='ltr'><strong>ﬁgurae</strong></span> <span class='ocrx_word' id='word_1_187' title='bbox 1511 2038 1561 2089; x_wconf 92' lang='lat' dir='ltr'><strong>in</strong></span> <span class='ocrx_word' id='word_1_188' title='bbox 1592 2044 1838 2104; x_wconf 87' lang='lat' dir='ltr'><strong>quartum</strong></span> <span class='ocrx_word' id='word_1_189' title='bbox 1868 2034 2050 2102; x_wconf 65' lang='lat' dir='ltr'><strong>prima:</strong></span> <span class='ocrx_word' id='word_1_190' title='bbox 2080 2032 2210 2101; x_wconf 87' lang='lat' dir='ltr'><strong>ﬁgu-</strong></span> 
     </span>
    </p>
   </div>
   <div class='ocr_carea' id='block_1_30' title="bbox 2112 1769 2385 1810">
    <p class='ocr_par' dir='ltr' id='par_1_30' title="bbox 2112 1769 2385 1810">
     <span class='ocr_line' id='line_1_30' title="bbox 2112 1769 2385 1810; baseline -0.004 -1"><span class='ocrx_word' id='word_1_191' title='bbox 2112 1769 2385 1810; x_wconf 68' lang='grc' dir='ltr'><em>εοηεεεειε</em></span> 
     </span>
    </p>
   </div>
   <div class='ocr_carea' id='block_1_31' title="bbox 2313 1208 3879 1281">
    <p class='ocr_par' dir='ltr' id='par_1_31' title="bbox 2313 1208 3879 1281">
     <span class='ocr_line' id='line_1_31' title="bbox 2313 1208 3879 1281; baseline -0.009 -11"><span class='ocrx_word' id='word_1_192' title='bbox 2313 1216 2475 1270; x_wconf 81' lang='lat' dir='ltr'><strong>cessit</strong></span> <span class='ocrx_word' id='word_1_193' title='bbox 2504 1214 2647 1267; x_wconf 85' lang='lat' dir='ltr'><strong>illam</strong></span> <span class='ocrx_word' id='word_1_194' title='bbox 2671 1227 2791 1281; x_wconf 66' lang='lat' dir='ltr'><strong>qua:</strong></span> <span class='ocrx_word' id='word_1_195' title='bbox 2820 1220 2934 1276; x_wconf 87' lang='lat' dir='ltr'><strong>est,</strong></span> <span class='ocrx_word' id='word_1_196' title='bbox 2980 1224 3141 1264; x_wconf 89' lang='lat' dir='ltr'><strong>omne</strong></span> <span class='ocrx_word' id='word_1_197' title='bbox 3184 1209 3379 1263; x_wconf 77' lang='lat' dir='ltr'><strong>bonum</strong></span> <span class='ocrx_word' id='word_1_198' title='bbox 3404 1208 3567 1261; x_wconf 80' lang='lat' dir='ltr'><strong>virtus</strong></span> <span class='ocrx_word' id='word_1_199' title='bbox 3602 1215 3717 1269; x_wconf 84' lang='lat' dir='ltr'><strong>est,</strong></span> <span class='ocrx_word' id='word_1_200' title='bbox 3747 1218 3879 1258; x_wconf 88' lang='lat' dir='ltr'><strong>con-</strong></span> 
     </span>
    </p>
   </div>
   <div class='ocr_carea' id='block_1_32' title="bbox 2309 1292 3872 1367">
    <p class='ocr_par' dir='ltr' id='par_1_32' title="bbox 2309 1292 3872 1367">
     <span class='ocr_line' id='line_1_32' title="bbox 2309 1292 3872 1367; baseline -0.009 -9"><span class='ocrx_word' id='word_1_201' title='bbox 2309 1304 2490 1360; x_wconf 84' lang='lat' dir='ltr'><strong>cludat</strong></span> <span class='ocrx_word' id='word_1_202' title='bbox 2510 1315 2732 1357; x_wconf 87' lang='lat' dir='ltr'><strong>necesse</strong></span> <span class='ocrx_word' id='word_1_203' title='bbox 2759 1308 2860 1363; x_wconf 88' lang='lat' dir='ltr'><strong>est,</strong></span> <span class='ocrx_word' id='word_1_204' title='bbox 2909 1298 3173 1367; x_wconf 83' lang='lat' dir='ltr'><strong>quoddam</strong></span> <span class='ocrx_word' id='word_1_205' title='bbox 3206 1298 3403 1365; x_wconf 78' lang='lat' dir='ltr'><strong>justum</strong></span> <span class='ocrx_word' id='word_1_206' title='bbox 3432 1296 3604 1347; x_wconf 89' lang='lat' dir='ltr'><strong>virtus</strong></span> <span class='ocrx_word' id='word_1_207' title='bbox 3630 1301 3733 1360; x_wconf 88' lang='lat' dir='ltr'><strong>est,</strong></span> <span class='ocrx_word' id='word_1_208' title='bbox 3777 1292 3872 1360; x_wconf 88' lang='lat' dir='ltr'><strong>qui</strong></span> 
     </span>
    </p>
   </div>
   <div class='ocr_carea' id='block_1_33' title="bbox 2308 1381 3882 1463">
    <p class='ocr_par' dir='ltr' id='par_1_33' title="bbox 2308 1381 3882 1463">
     <span class='ocr_line' id='line_1_33' title="bbox 2308 1381 3882 1463; baseline -0.008 -18"><span class='ocrx_word' id='word_1_209' title='bbox 2308 1394 2417 1463; x_wconf 84' lang='lat' dir='ltr'><strong>jam</strong></span> <span class='ocrx_word' id='word_1_210' title='bbox 2449 1401 2573 1444; x_wconf 86' lang='lat' dir='ltr'><strong>ante</strong></span> <span class='ocrx_word' id='word_1_211' title='bbox 2601 1394 2943 1443; x_wconf 79' lang='lat' dir='ltr'><strong>concesserat</strong></span> <span class='ocrx_word' id='word_1_212' title='bbox 2991 1383 3279 1445; x_wconf 87' lang='lat' dir='ltr'><strong>secundam</strong></span> <span class='ocrx_word' id='word_1_213' title='bbox 3319 1381 3538 1437; x_wconf 86' lang='lat' dir='ltr'><strong>secundi</strong></span> <span class='ocrx_word' id='word_1_214' title='bbox 3582 1381 3727 1434; x_wconf 90' lang='lat' dir='ltr'><strong>modi</strong></span> <span class='ocrx_word' id='word_1_215' title='bbox 3759 1394 3882 1446; x_wconf 63' lang='lat' dir='ltr'><strong>qua:</strong></span> 
     </span>
    </p>
   </div>
   <div class='ocr_carea' id='block_1_34' title="bbox 2314 1471 3883 1547">
    <p class='ocr_par' dir='ltr' id='par_1_34' title="bbox 2314 1471 3883 1547">
     <span class='ocr_line' id='line_1_34' title="bbox 2314 1471 3883 1547; baseline -0.011 -9"><span class='ocrx_word' id='word_1_216' title='bbox 2314 1495 2419 1547; x_wconf 86' lang='grc' dir='ltr'><em>εει,</em></span> <span class='ocrx_word' id='word_1_217' title='bbox 2459 1481 2658 1535; x_wconf 88' lang='lat' dir='ltr'><strong>nullum</strong></span> <span class='ocrx_word' id='word_1_218' title='bbox 2706 1480 2904 1547; x_wconf 84' lang='lat' dir='ltr'><strong>justum</strong></span> <span class='ocrx_word' id='word_1_219' title='bbox 2931 1477 3097 1529; x_wconf 78' lang='lat' dir='ltr'><strong>virtus</strong></span> <span class='ocrx_word' id='word_1_220' title='bbox 3127 1483 3239 1539; x_wconf 88' lang='lat' dir='ltr'><strong>est,</strong></span> <span class='ocrx_word' id='word_1_221' title='bbox 3287 1475 3417 1527; x_wconf 90' lang='lat' dir='ltr'><strong>duas</strong></span> <span class='ocrx_word' id='word_1_222' title='bbox 3458 1471 3883 1540; x_wconf 75' lang='lat' dir='ltr'><strong>contrajocentes</strong></span> 
     </span>
    </p>
   </div>
   <div class='ocr_carea' id='block_1_35' title="bbox 2316 1569 3650 1645">
    <p class='ocr_par' dir='ltr' id='par_1_35' title="bbox 2316 1569 3650 1645">
     <span class='ocr_line' id='line_1_35' title="bbox 2316 1569 3650 1645; baseline -0.009 -14"><span class='ocrx_word' id='word_1_223' title='bbox 2316 1593 2421 1631; x_wconf 89' lang='lat' dir='ltr'><strong>uno</strong></span> <span class='ocrx_word' id='word_1_224' title='bbox 2447 1586 2685 1645; x_wconf 86' lang='lat' dir='ltr'><strong>tempore</strong></span> <span class='ocrx_word' id='word_1_225' title='bbox 2715 1571 2981 1640; x_wconf 82' lang='lat' dir='ltr'><strong>concedit,</strong></span> <span class='ocrx_word' id='word_1_226' title='bbox 3006 1570 3146 1639; x_wconf 89' lang='lat' dir='ltr'><strong>quod</strong></span> <span class='ocrx_word' id='word_1_227' title='bbox 3176 1569 3287 1623; x_wconf 89' lang='lat' dir='ltr'><strong>ﬁeri</strong></span> <span class='ocrx_word' id='word_1_228' title='bbox 3322 1582 3425 1621; x_wconf 91' lang='lat' dir='ltr'><strong>non</strong></span> <span class='ocrx_word' id='word_1_229' title='bbox 3455 1574 3650 1636; x_wconf 86' lang='lat' dir='ltr'><strong>potest.</strong></span> 
     </span>
    </p>
   </div>
   <div class='ocr_carea' id='block_1_36' title="bbox 2815 1744 3535 1803">
    <p class='ocr_par' dir='ltr' id='par_1_36' title="bbox 2815 1744 3535 1803">
     <span class='ocr_line' id='line_1_36' title="bbox 2815 1744 3535 1803; baseline -0.013 -1"><span class='ocrx_word' id='word_1_230' title='bbox 2815 1748 2987 1803; x_wconf 86' lang='lat' dir='ltr'><strong>Omne</strong></span> <span class='ocrx_word' id='word_1_231' title='bbox 3019 1746 3217 1800; x_wconf 88' lang='lat' dir='ltr'><strong>bonum</strong></span> <span class='ocrx_word' id='word_1_232' title='bbox 3243 1744 3405 1796; x_wconf 88' lang='lat' dir='ltr'><strong>virtus</strong></span> <span class='ocrx_word' id='word_1_233' title='bbox 3435 1750 3535 1795; x_wconf 90' lang='lat' dir='ltr'><strong>est.</strong></span> 
     </span>
    </p>
   </div>
   <div class='ocr_carea' id='block_1_37' title="bbox 2393 1834 3685 1912">
    <p class='ocr_par' dir='ltr' id='par_1_37' title="bbox 2393 1834 3685 1912">
     <span class='ocr_line' id='line_1_37' title="bbox 2393 1834 3685 1912; baseline -0.012 -12"><span class='ocrx_word' id='word_1_234' title='bbox 2393 1844 2756 1912; x_wconf 86' lang='lat' dir='ltr'><strong>contrajacen.</strong></span> <span class='ocrx_word' id='word_1_235' title='bbox 2812 1838 3089 1906; x_wconf 78' lang='lat' dir='ltr'><strong>Quoddam</strong></span> <span class='ocrx_word' id='word_1_236' title='bbox 3116 1838 3319 1905; x_wconf 66' lang='lat' dir='ltr'><strong>justum</strong></span> <span class='ocrx_word' id='word_1_237' title='bbox 3353 1834 3552 1887; x_wconf 87' lang='lat' dir='ltr'><strong>bonum</strong></span> <span class='ocrx_word' id='word_1_238' title='bbox 3584 1837 3685 1886; x_wconf 85' lang='grc' dir='ltr'><em>εει.</em></span> 
     </span>
    </p>
   </div>
   <div class='ocr_carea' id='block_1_38' title="bbox 2386 1927 3639 2006">
    <p class='ocr_par' dir='ltr' id='par_1_38' title="bbox 2386 1927 3639 2006">
     <span class='ocr_line' id='line_1_38' title="bbox 2386 1927 3639 2006; baseline -0.01 -18"><span class='ocrx_word' id='word_1_239' title='bbox 2386 1937 2562 2006; x_wconf 84' lang='lat' dir='ltr'><strong>jacen.</strong></span> <span class='ocrx_word' id='word_1_240' title='bbox 2804 1929 3083 1997; x_wconf 87' lang='lat' dir='ltr'><strong>Quoddam</strong></span> <span class='ocrx_word' id='word_1_241' title='bbox 3113 1928 3315 1997; x_wconf 83' lang='lat' dir='ltr'><strong>justum</strong></span> <span class='ocrx_word' id='word_1_242' title='bbox 3341 1927 3509 1980; x_wconf 85' lang='lat' dir='ltr'><strong>virtus</strong></span> <span class='ocrx_word' id='word_1_243' title='bbox 3537 1931 3639 1977; x_wconf 90' lang='grc' dir='ltr'><em>εει.</em></span> 
     </span>
    </p>
   </div>
   <div class='ocr_carea' id='block_1_39' title="bbox 2317 2014 3878 2098">
    <p class='ocr_par' dir='ltr' id='par_1_39' title="bbox 2317 2014 3878 2098">
     <span class='ocr_line' id='line_1_39' title="bbox 2317 2014 3878 2098; baseline -0.012 -15"><span class='ocrx_word' id='word_1_244' title='bbox 2317 2031 2476 2098; x_wconf 85' lang='lat' dir='ltr'><strong>igitur</strong></span> <span class='ocrx_word' id='word_1_245' title='bbox 2500 2028 2709 2096; x_wconf 86' lang='lat' dir='ltr'><strong>justum</strong></span> <span class='ocrx_word' id='word_1_246' title='bbox 2746 2014 2944 2077; x_wconf 84' lang='lat' dir='ltr'><strong>malum</strong></span> <span class='ocrx_word' id='word_1_247' title='bbox 2974 2037 3078 2075; x_wconf 87' lang='lat' dir='ltr'><strong>non</strong></span> <span class='ocrx_word' id='word_1_248' title='bbox 3104 2028 3187 2076; x_wconf 90' lang='grc' dir='ltr'><strong>εει</strong></span> <span class='ocrx_word' id='word_1_249' title='bbox 3214 2060 3229 2084; x_wconf 92' lang='grc'><strong>,</strong></span> <span class='ocrx_word' id='word_1_250' title='bbox 3281 2018 3369 2086; x_wconf 88' lang='lat' dir='ltr'><strong>qui</strong></span> <span class='ocrx_word' id='word_1_251' title='bbox 3391 2025 3514 2071; x_wconf 84' lang='lat' dir='ltr'><strong>ante</strong></span> <span class='ocrx_word' id='word_1_252' title='bbox 3544 2020 3878 2070; x_wconf 80' lang='lat' dir='ltr'><strong>concesserat</strong></span> 
     </span>
    </p>
   </div>
   <div class='ocr_carea' id='block_1_40' title="bbox 634 2106 3883 2201">
    <p class='ocr_par' dir='ltr' id='par_1_40' title="bbox 634 2106 3883 2201">
     <span class='ocr_line' id='line_1_40' title="bbox 634 2106 3883 2201; baseline -0.009 -17"><span class='ocrx_word' id='word_1_253' title='bbox 634 2145 710 2184; x_wconf 82' lang='lat' dir='ltr'><strong>rae</strong></span> <span class='ocrx_word' id='word_1_254' title='bbox 736 2131 809 2184; x_wconf 90' lang='lat' dir='ltr'><strong>sic</strong></span> <span class='ocrx_word' id='word_1_255' title='bbox 833 2130 1119 2184; x_wconf 86' lang='lat' dir='ltr'><strong>resolvitur</strong></span> <span class='ocrx_word' id='word_1_256' title='bbox 1144 2148 1155 2181; x_wconf 93' lang='lat'><strong>:</strong></span> <span class='ocrx_word' id='word_1_257' title='bbox 1186 2129 1276 2198; x_wconf 87' lang='lat' dir='ltr'><strong>qui</strong></span> <span class='ocrx_word' id='word_1_258' title='bbox 1300 2126 1542 2182; x_wconf 87' lang='lat' dir='ltr'><strong>concedit</strong></span> <span class='ocrx_word' id='word_1_259' title='bbox 1573 2126 1701 2179; x_wconf 88' lang='lat' dir='ltr'><strong>duas</strong></span> <span class='ocrx_word' id='word_1_260' title='bbox 1734 2126 1889 2193; x_wconf 89' lang='lat' dir='ltr'><strong>primi</strong></span> <span class='ocrx_word' id='word_1_261' title='bbox 1917 2122 2059 2177; x_wconf 88' lang='lat' dir='ltr'><strong>modi</strong></span> <span class='ocrx_word' id='word_1_262' title='bbox 2083 2136 2182 2192; x_wconf 89' lang='lat' dir='ltr'><strong>pro</strong></span> <span class='ocrx_word' id='word_1_263' title='bbox 2239 2144 2285 2201; x_wconf 80' lang='grc' dir='ltr'><strong>Β</strong></span> <span class='ocrx_word' id='word_1_264' title='bbox 2315 2122 2453 2175; x_wconf 87' lang='lat' dir='ltr'><strong>illam</strong></span> <span class='ocrx_word' id='word_1_265' title='bbox 2480 2134 2599 2188; x_wconf 88' lang='lat' dir='ltr'><strong>quae</strong></span> <span class='ocrx_word' id='word_1_266' title='bbox 2626 2126 2727 2181; x_wconf 90' lang='lat' dir='ltr'><strong>est,</strong></span> <span class='ocrx_word' id='word_1_267' title='bbox 2756 2129 2914 2170; x_wconf 89' lang='lat' dir='ltr'><strong>omne</strong></span> <span class='ocrx_word' id='word_1_268' title='bbox 2934 2113 3134 2181; x_wconf 85' lang='lat' dir='ltr'><strong>justum</strong></span> <span class='ocrx_word' id='word_1_269' title='bbox 3154 2110 3349 2165; x_wconf 91' lang='lat' dir='ltr'><strong>malum</strong></span> <span class='ocrx_word' id='word_1_270' title='bbox 3376 2120 3477 2163; x_wconf 85' lang='grc' dir='ltr'><em>εει.</em></span> <span class='ocrx_word' id='word_1_271' title='bbox 3508 2106 3624 2162; x_wconf 89' lang='lat' dir='ltr'><strong>Uuo</strong></span> <span class='ocrx_word' id='word_1_272' title='bbox 3646 2115 3883 2171; x_wconf 84' lang='lat' dir='ltr'><strong>tempore</strong></span> 
     </span>
    </p>
   </div>
   <div class='ocr_carea' id='block_1_41' title="bbox 633 2215 2197 2289">
    <p class='ocr_par' dir='ltr' id='par_1_41' title="bbox 633 2215 2197 2289">
     <span class='ocr_line' id='line_1_41' title="bbox 633 2215 2197 2289; baseline -0.006 -14"><span class='ocrx_word' id='word_1_273' title='bbox 633 2221 953 2289; x_wconf 84' lang='lat' dir='ltr'><strong>positiones,</strong></span> <span class='ocrx_word' id='word_1_274' title='bbox 1004 2220 1264 2275; x_wconf 86' lang='lat' dir='ltr'><strong>concedat</strong></span> <span class='ocrx_word' id='word_1_275' title='bbox 1301 2232 1520 2273; x_wconf 88' lang='lat' dir='ltr'><strong>necesse</strong></span> <span class='ocrx_word' id='word_1_276' title='bbox 1569 2227 1648 2271; x_wconf 91' lang='lat' dir='ltr'><strong>est</strong></span> <span class='ocrx_word' id='word_1_277' title='bbox 1679 2226 1732 2270; x_wconf 93' lang='lat' dir='ltr'><strong>et</strong></span> <span class='ocrx_word' id='word_1_278' title='bbox 1775 2215 2197 2269; x_wconf 90' lang='lat' dir='ltr'><strong>conclusionem.</strong></span> 
     </span>
    </p>
   </div>
   <div class='ocr_carea' id='block_1_42' title="bbox 633 2306 2203 2378">
    <p class='ocr_par' dir='ltr' id='par_1_42' title="bbox 633 2306 2203 2378">
     <span class='ocr_line' id='line_1_42' title="bbox 633 2306 2203 2378; baseline -0.004 -13"><span class='ocrx_word' id='word_1_279' title='bbox 633 2312 763 2365; x_wconf 82' lang='lat' dir='ltr'><strong>Nam</strong></span> <span class='ocrx_word' id='word_1_280' title='bbox 788 2315 830 2367; x_wconf 92' lang='lat' dir='ltr'><strong>si</strong></span> <span class='ocrx_word' id='word_1_281' title='bbox 854 2314 941 2367; x_wconf 87' lang='lat' dir='ltr'><strong>illa</strong></span> <span class='ocrx_word' id='word_1_282' title='bbox 965 2313 1097 2368; x_wconf 75' lang='lat' dir='ltr'><strong>falsa</strong></span> <span class='ocrx_word' id='word_1_283' title='bbox 1128 2322 1244 2377; x_wconf 90' lang='lat' dir='ltr'><strong>est,</strong></span> <span class='ocrx_word' id='word_1_284' title='bbox 1274 2313 1377 2371; x_wconf 89' lang='lat' dir='ltr'><strong>erit</strong></span> <span class='ocrx_word' id='word_1_285' title='bbox 1406 2327 1529 2367; x_wconf 87' lang='lat' dir='ltr'><strong>vera</strong></span> <span class='ocrx_word' id='word_1_286' title='bbox 1560 2310 1930 2378; x_wconf 83' lang='lat' dir='ltr'><strong>contrajacens</strong></span> <span class='ocrx_word' id='word_1_287' title='bbox 1957 2309 2005 2361; x_wconf 92' lang='lat' dir='ltr'><strong>ei</strong></span> <span class='ocrx_word' id='word_1_288' title='bbox 2038 2306 2203 2374; x_wconf 82' lang='lat' dir='ltr'><strong>parti-</strong></span> 
     </span>
    </p>
   </div>
   <div class='ocr_carea' id='block_1_43' title="bbox 632 2399 2201 2471">
    <p class='ocr_par' dir='ltr' id='par_1_43' title="bbox 632 2399 2201 2471">
     <span class='ocr_line' id='line_1_43' title="bbox 632 2399 2201 2471; baseline -0.004 -17"><span class='ocrx_word' id='word_1_289' title='bbox 632 2401 826 2455; x_wconf 82' lang='lat' dir='ltr'><strong>culoris</strong></span> <span class='ocrx_word' id='word_1_290' title='bbox 855 2402 1171 2456; x_wconf 85' lang='lat' dir='ltr'><strong>afﬁrmativa</strong></span> <span class='ocrx_word' id='word_1_291' title='bbox 1196 2419 1316 2471; x_wconf 72' lang='lat' dir='ltr'><strong>qua:</strong></span> <span class='ocrx_word' id='word_1_292' title='bbox 1345 2412 1427 2457; x_wconf 88' lang='lat' dir='ltr'><strong>est</strong></span> <span class='ocrx_word' id='word_1_293' title='bbox 1448 2444 1462 2467; x_wconf 89' lang='lat'><strong>,</strong></span> <span class='ocrx_word' id='word_1_294' title='bbox 1496 2401 1745 2470; x_wconf 77' lang='lat' dir='ltr'><strong>quiddam</strong></span> <span class='ocrx_word' id='word_1_295' title='bbox 1788 2399 1985 2468; x_wconf 89' lang='lat' dir='ltr'><strong>justum</strong></span> <span class='ocrx_word' id='word_1_296' title='bbox 2009 2399 2201 2451; x_wconf 89' lang='lat' dir='ltr'><strong>bonum</strong></span> 
     </span>
    </p>
   </div>
   <div class='ocr_carea' id='block_1_44' title="bbox 634 2487 2203 2558">
    <p class='ocr_par' dir='ltr' id='par_1_44' title="bbox 634 2487 2203 2558">
     <span class='ocr_line' id='line_1_44' title="bbox 634 2487 2203 2558; baseline -0.002 -17"><span class='ocrx_word' id='word_1_297' title='bbox 634 2499 736 2541; x_wconf 89' lang='lat' dir='ltr'><strong>est.</strong></span> <span class='ocrx_word' id='word_1_298' title='bbox 778 2490 881 2543; x_wconf 87' lang='lat' dir='ltr'><strong>Sed</strong></span> <span class='ocrx_word' id='word_1_299' title='bbox 906 2491 1047 2544; x_wconf 89' lang='lat' dir='ltr'><strong>idem</strong></span> <span class='ocrx_word' id='word_1_300' title='bbox 1101 2493 1368 2546; x_wconf 89' lang='lat' dir='ltr'><strong>concessit</strong></span> <span class='ocrx_word' id='word_1_301' title='bbox 1405 2492 1547 2545; x_wconf 82' lang='lat' dir='ltr'><strong>illam</strong></span> <span class='ocrx_word' id='word_1_302' title='bbox 1581 2507 1695 2558; x_wconf 68' lang='lat' dir='ltr'><strong>quac</strong></span> <span class='ocrx_word' id='word_1_303' title='bbox 1722 2498 1834 2553; x_wconf 91' lang='lat' dir='ltr'><strong>est,</strong></span> <span class='ocrx_word' id='word_1_304' title='bbox 1879 2489 2076 2541; x_wconf 90' lang='lat' dir='ltr'><strong>nullum</strong></span> <span class='ocrx_word' id='word_1_305' title='bbox 2107 2487 2203 2539; x_wconf 85' lang='lat' dir='ltr'><strong>bo-</strong></span> 
     </span>
    </p>
   </div>
   <div class='ocr_carea' id='block_1_45' title="bbox 635 2576 2195 2645">
    <p class='ocr_par' dir='ltr' id='par_1_45' title="bbox 635 2576 2195 2645">
     <span class='ocr_line' id='line_1_45' title="bbox 635 2576 2195 2645; baseline -0.002 -15"><span class='ocrx_word' id='word_1_306' title='bbox 635 2594 759 2631; x_wconf 92' lang='lat' dir='ltr'><strong>num</strong></span> <span class='ocrx_word' id='word_1_307' title='bbox 810 2580 1002 2632; x_wconf 90' lang='lat' dir='ltr'><strong>malum</strong></span> <span class='ocrx_word' id='word_1_308' title='bbox 1047 2592 1159 2645; x_wconf 89' lang='grc' dir='ltr'><em>εει,</em></span> <span class='ocrx_word' id='word_1_309' title='bbox 1202 2582 1486 2635; x_wconf 88' lang='lat' dir='ltr'><strong>concludat</strong></span> <span class='ocrx_word' id='word_1_310' title='bbox 1540 2595 1759 2635; x_wconf 86' lang='lat' dir='ltr'><strong>necesse</strong></span> <span class='ocrx_word' id='word_1_311' title='bbox 1787 2588 1885 2643; x_wconf 82' lang='lat' dir='ltr'><strong>est,</strong></span> <span class='ocrx_word' id='word_1_312' title='bbox 1931 2576 2195 2645; x_wconf 86' lang='lat' dir='ltr'><strong>quoddam</strong></span> 
     </span>
    </p>
   </div>
   <div class='ocr_carea' id='block_1_46' title="bbox 1094 2672 1871 2725">
    <p class='ocr_par' dir='ltr' id='par_1_46' title="bbox 1094 2672 1871 2725">
     <span class='ocr_line' id='line_1_46' title="bbox 1094 2672 1871 2725; baseline 0 -2"><span class='ocrx_word' id='word_1_313' title='bbox 1094 2672 1305 2725; x_wconf 84' lang='lat' dir='ltr'><strong>Nullum</strong></span> <span class='ocrx_word' id='word_1_314' title='bbox 1336 2673 1532 2725; x_wconf 89' lang='lat' dir='ltr'><strong>bonum</strong></span> <span class='ocrx_word' id='word_1_315' title='bbox 1559 2673 1756 2725; x_wconf 89' lang='lat' dir='ltr'><strong>malum</strong></span> <span class='ocrx_word' id='word_1_316' title='bbox 1787 2681 1871 2724; x_wconf 89' lang='lat' dir='ltr'><strong>est</strong></span> 
     </span>
    </p>
   </div>
   <div class='ocr_carea' id='block_1_47' title="bbox 1098 2761 2079 2829">
    <p class='ocr_par' dir='ltr' id='par_1_47' title="bbox 1098 2761 2079 2829">
     <span class='ocr_line' id='line_1_47' title="bbox 1098 2761 2079 2829; baseline -0.003 -14"><span class='ocrx_word' id='word_1_317' title='bbox 1098 2763 1267 2815; x_wconf 85' lang='lat' dir='ltr'><strong>Omne</strong></span> <span class='ocrx_word' id='word_1_318' title='bbox 1287 2761 1485 2829; x_wconf 90' lang='lat' dir='ltr'><strong>justum</strong></span> <span class='ocrx_word' id='word_1_319' title='bbox 1516 2762 1711 2815; x_wconf 89' lang='lat' dir='ltr'><strong>malum</strong></span> <span class='ocrx_word' id='word_1_320' title='bbox 1738 2773 1838 2824; x_wconf 90' lang='lat' dir='ltr'><strong>cst,</strong></span> <span class='ocrx_word' id='word_1_321' title='bbox 1871 2768 2079 2821; x_wconf 89' lang='lat' dir='ltr'><strong>contra,</strong></span> 
     </span>
    </p>
   </div>
   <div class='ocr_carea' id='block_1_48' title="bbox 1098 2854 2141 2922">
    <p class='ocr_par' dir='ltr' id='par_1_48' title="bbox 1098 2854 2141 2922">
     <span class='ocr_line' id='line_1_48' title="bbox 1098 2854 2141 2922; baseline -0.005 -15"><span class='ocrx_word' id='word_1_322' title='bbox 1098 2854 1525 2922; x_wconf 86' lang='lat' dir='ltr'><strong>Nullumjustum</strong></span> <span class='ocrx_word' id='word_1_323' title='bbox 1556 2854 1751 2907; x_wconf 90' lang='lat' dir='ltr'><strong>bonum</strong></span> <span class='ocrx_word' id='word_1_324' title='bbox 1784 2862 1886 2915; x_wconf 88' lang='lat' dir='ltr'><strong>est,</strong></span> <span class='ocrx_word' id='word_1_325' title='bbox 1913 2860 2141 2920; x_wconf 90' lang='lat' dir='ltr'><strong>permut.</strong></span> 
     </span>
    </p>
   </div>
   <div class='ocr_carea' id='block_1_49' title="bbox 638 2940 2206 3013">
    <p class='ocr_par' dir='ltr' id='par_1_49' title="bbox 638 2940 2206 3013">
     <span class='ocr_line' id='line_1_49' title="bbox 638 2940 2206 3013; baseline -0.004 -17"><span class='ocrx_word' id='word_1_326' title='bbox 638 2940 889 3010; x_wconf 77' lang='lat' dir='ltr'><strong>Sequitur</strong></span> <span class='ocrx_word' id='word_1_327' title='bbox 917 2950 971 2995; x_wconf 92' lang='lat' dir='ltr'><strong>ut</strong></span> <span class='ocrx_word' id='word_1_328' title='bbox 1005 2944 1174 2998; x_wconf 77' lang='lat' dir='ltr'><strong>tertiae</strong></span> <span class='ocrx_word' id='word_1_329' title='bbox 1202 2944 1385 3013; x_wconf 68' lang='lat' dir='ltr'><strong>ﬁgura:</strong></span> <span class='ocrx_word' id='word_1_330' title='bbox 1422 2943 1606 2998; x_wconf 86' lang='lat' dir='ltr'><strong>modos</strong></span> <span class='ocrx_word' id='word_1_331' title='bbox 1647 2942 1713 2995; x_wconf 89' lang='lat' dir='ltr'><strong>ad</strong></span> <span class='ocrx_word' id='word_1_332' title='bbox 1746 2942 1947 3009; x_wconf 82' lang='lat' dir='ltr'><strong>primos</strong></span> <span class='ocrx_word' id='word_1_333' title='bbox 1976 2948 2206 3010; x_wconf 84' lang='lat' dir='ltr'><strong>quatuor</strong></span> 
     </span>
    </p>
   </div>
   <div class='ocr_carea' id='block_1_50' title="bbox 635 3029 2211 3102">
    <p class='ocr_par' dir='ltr' id='par_1_50' title="bbox 635 3029 2211 3102">
     <span class='ocr_line' id='line_1_50' title="bbox 635 3029 2211 3102; baseline -0.003 -19"><span class='ocrx_word' id='word_1_334' title='bbox 635 3030 983 3095; x_wconf 84' lang='lat' dir='ltr'><strong>reducamus,</strong></span> <span class='ocrx_word' id='word_1_335' title='bbox 1033 3048 1256 3101; x_wconf 87' lang='lat' dir='ltr'><strong>quorum</strong></span> <span class='ocrx_word' id='word_1_336' title='bbox 1298 3033 1531 3102; x_wconf 87' lang='lat' dir='ltr'><strong>quinque</strong></span> <span class='ocrx_word' id='word_1_337' title='bbox 1569 3047 1663 3100; x_wconf 91' lang='lat' dir='ltr'><strong>per</strong></span> <span class='ocrx_word' id='word_1_338' title='bbox 1711 3029 2115 3093; x_wconf 74' lang='lat' dir='ltr'><strong>conrer~ioneni</strong></span> <span class='ocrx_word' id='word_1_339' title='bbox 2158 3034 2211 3079; x_wconf 88' lang='lat' dir='ltr'><strong>et</strong></span> 
     </span>
    </p>
   </div>
   <div class='ocr_carea' id='block_1_51' title="bbox 637 3120 2205 3193">
    <p class='ocr_par' dir='ltr' id='par_1_51' title="bbox 637 3120 2205 3193">
     <span class='ocr_line' id='line_1_51' title="bbox 637 3120 2205 3193; baseline -0.004 -18"><span class='ocrx_word' id='word_1_340' title='bbox 637 3136 735 3190; x_wconf 88' lang='lat' dir='ltr'><strong>per</strong></span> <span class='ocrx_word' id='word_1_341' title='bbox 764 3123 1239 3190; x_wconf 75' lang='lat' dir='ltr'><strong>impossibilitatem</strong></span> <span class='ocrx_word' id='word_1_342' title='bbox 1273 3124 1337 3178; x_wconf 92' lang='lat' dir='ltr'><strong>ad</strong></span> <span class='ocrx_word' id='word_1_343' title='bbox 1366 3124 1565 3193; x_wconf 88' lang='lat' dir='ltr'><strong>primos</strong></span> <span class='ocrx_word' id='word_1_344' title='bbox 1593 3133 1819 3191; x_wconf 90' lang='lat' dir='ltr'><strong>quatuor</strong></span> <span class='ocrx_word' id='word_1_345' title='bbox 1842 3120 2205 3183; x_wconf 87' lang='lat' dir='ltr'><strong>resolvuntur,</strong></span> 
     </span>
    </p>
   </div>
   <div class='ocr_carea' id='block_1_52' title="bbox 638 3208 2214 3285">
    <p class='ocr_par' dir='ltr' id='par_1_52' title="bbox 638 3208 2214 3285">
     <span class='ocr_line' id='line_1_52' title="bbox 638 3208 2214 3285; baseline -0.005 -18"><span class='ocrx_word' id='word_1_346' title='bbox 638 3230 774 3267; x_wconf 92' lang='lat' dir='ltr'><strong>unus</strong></span> <span class='ocrx_word' id='word_1_347' title='bbox 805 3230 930 3271; x_wconf 80' lang='lat' dir='ltr'><strong>vero</strong></span> <span class='ocrx_word' id='word_1_348' title='bbox 957 3218 1120 3281; x_wconf 77' lang='lat' dir='ltr'><strong>solus,</strong></span> <span class='ocrx_word' id='word_1_349' title='bbox 1171 3216 1221 3270; x_wconf 91' lang='lat' dir='ltr'><strong>id</strong></span> <span class='ocrx_word' id='word_1_350' title='bbox 1254 3226 1335 3271; x_wconf 91' lang='lat' dir='ltr'><strong>est</strong></span> <span class='ocrx_word' id='word_1_351' title='bbox 1366 3218 1605 3285; x_wconf 88' lang='lat' dir='ltr'><strong>quintus,</strong></span> <span class='ocrx_word' id='word_1_352' title='bbox 1642 3230 1734 3280; x_wconf 82' lang='lat' dir='ltr'><strong>per</strong></span> <span class='ocrx_word' id='word_1_353' title='bbox 1765 3215 1932 3266; x_wconf 63' lang='lat' dir='ltr'><strong>solam</strong></span> <span class='ocrx_word' id='word_1_354' title='bbox 1965 3208 2214 3277; x_wconf 79' lang='lat' dir='ltr'><strong>impossi-</strong></span> 
     </span>
    </p>
   </div>
   <div class='ocr_carea' id='block_1_53' title="bbox 638 3298 2212 3373">
    <p class='ocr_par' dir='ltr' id='par_1_53' title="bbox 638 3298 2212 3373">
     <span class='ocr_line' id='line_1_53' title="bbox 638 3298 2212 3373; baseline -0.004 -17"><span class='ocrx_word' id='word_1_355' title='bbox 638 3303 895 3357; x_wconf 82' lang='lat' dir='ltr'><strong>bilitatcm</strong></span> <span class='ocrx_word' id='word_1_356' title='bbox 925 3306 974 3358; x_wconf 92' lang='lat' dir='ltr'><strong>in</strong></span> <span class='ocrx_word' id='word_1_357' title='bbox 1010 3308 1183 3373; x_wconf 85' lang='lat' dir='ltr'><strong>priora</strong></span> <span class='ocrx_word' id='word_1_358' title='bbox 1216 3307 1521 3361; x_wconf 87' lang='lat' dir='ltr'><strong>resolvitur.</strong></span> <span class='ocrx_word' id='word_1_359' title='bbox 1576 3305 1786 3357; x_wconf 82' lang='lat' dir='ltr'><strong>Primus</strong></span> <span class='ocrx_word' id='word_1_360' title='bbox 1820 3302 1989 3355; x_wconf 77' lang='lat' dir='ltr'><strong>tertia:</strong></span> <span class='ocrx_word' id='word_1_361' title='bbox 2022 3298 2212 3352; x_wconf 87' lang='lat' dir='ltr'><strong>modus</strong></span> 
     </span>
    </p>
   </div>
   <div class='ocr_carea' id='block_1_54' title="bbox 638 3373 2285 3464">
    <p class='ocr_par' dir='ltr' id='par_1_54' title="bbox 638 3373 2285 3464">
     <span class='ocr_line' id='line_1_54' title="bbox 638 3373 2285 3464; baseline -0.001 -20"><span class='ocrx_word' id='word_1_362' title='bbox 638 3392 819 3460; x_wconf 58' lang='lat' dir='ltr'><strong>ﬁgurae</strong></span> <span class='ocrx_word' id='word_1_363' title='bbox 841 3394 893 3445; x_wconf 86' lang='lat' dir='ltr'><strong>in</strong></span> <span class='ocrx_word' id='word_1_364' title='bbox 925 3396 1135 3448; x_wconf 87' lang='lat' dir='ltr'><strong>tertium</strong></span> <span class='ocrx_word' id='word_1_365' title='bbox 1163 3398 1345 3462; x_wconf 73' lang='lat' dir='ltr'><strong>primm</strong></span> <span class='ocrx_word' id='word_1_366' title='bbox 1373 3399 1549 3464; x_wconf 73' lang='lat' dir='ltr'><strong>figurze</strong></span> <span class='ocrx_word' id='word_1_367' title='bbox 1582 3397 1683 3449; x_wconf 84' lang='lat' dir='ltr'><strong>hoc</strong></span> <span class='ocrx_word' id='word_1_368' title='bbox 1711 3395 1868 3447; x_wconf 90' lang='lat' dir='ltr'><strong>modo</strong></span> <span class='ocrx_word' id='word_1_369' title='bbox 1891 3393 2171 3445; x_wconf 80' lang='lat' dir='ltr'><strong>resolvitur</strong></span> <span class='ocrx_word' id='word_1_370' title='bbox 2196 3409 2206 3442; x_wconf 76' lang='grc' dir='ltr'><strong>ε</strong></span> <span class='ocrx_word' id='word_1_371' title='bbox 2242 3373 2285 3432; x_wconf 79' lang='lat' dir='ltr'>C</span> 
     </span>
    </p>
   </div>
   <div class='ocr_carea' id='block_1_55' title="bbox 1096 3491 2188 3557">
    <p class='ocr_par' dir='ltr' id='par_1_55' title="bbox 1096 3491 2188 3557">
     <span class='ocr_line' id='line_1_55' title="bbox 1096 3491 2188 3557; baseline -0.005 -15"><span class='ocrx_word' id='word_1_372' title='bbox 1096 3491 1263 3544; x_wconf 89' lang='lat' dir='ltr'><strong>Omne</strong></span> <span class='ocrx_word' id='word_1_373' title='bbox 1293 3494 1487 3544; x_wconf 84' lang='lat' dir='ltr'><strong>bonum</strong></span> <span class='ocrx_word' id='word_1_374' title='bbox 1518 3492 1715 3557; x_wconf 83' lang='lat' dir='ltr'><strong>justum</strong></span> <span class='ocrx_word' id='word_1_375' title='bbox 1748 3498 1829 3542; x_wconf 90' lang='lat' dir='ltr'><strong>est</strong></span> <span class='ocrx_word' id='word_1_376' title='bbox 2010 3494 2188 3537; x_wconf 77' lang='lat' dir='ltr'><strong>manet</strong></span> 
     </span>
    </p>
   </div>
   <div class='ocr_carea' id='block_1_56' title="bbox 1096 3578 1845 3642">
    <p class='ocr_par' dir='ltr' id='par_1_56' title="bbox 1096 3578 1845 3642">
     <span class='ocr_line' id='line_1_56' title="bbox 1096 3578 1845 3642; baseline -0.003 -13"><span class='ocrx_word' id='word_1_377' title='bbox 1096 3578 1346 3642; x_wconf 61' lang='lat' dir='ltr'><strong>Quaedam</strong></span> <span class='ocrx_word' id='word_1_378' title='bbox 1375 3579 1541 3631; x_wconf 90' lang='lat' dir='ltr'><strong>virtus</strong></span> <span class='ocrx_word' id='word_1_379' title='bbox 1563 3578 1698 3630; x_wconf 86' lang='lat' dir='ltr'><strong>bona</strong></span> <span class='ocrx_word' id='word_1_380' title='bbox 1728 3584 1811 3629; x_wconf 89' lang='lat' dir='ltr'><strong>est</strong></span> <span class='ocrx_word' id='word_1_381' title='bbox 1842 3626 1845 3627; x_wconf 30' lang='grc' dir='ltr'><em>ν</em></span> 
     </span>
    </p>
   </div>
   <div class='ocr_carea' id='block_1_57' title="bbox 1103 3669 2195 3735">
    <p class='ocr_par' dir='ltr' id='par_1_57' title="bbox 1103 3669 2195 3735">
     <span class='ocr_line' id='line_1_57' title="bbox 1103 3669 2195 3735; baseline -0.003 -15"><span class='ocrx_word' id='word_1_382' title='bbox 1103 3669 1353 3733; x_wconf 72' lang='lat' dir='ltr'><strong>Qumdam</strong></span> <span class='ocrx_word' id='word_1_383' title='bbox 1380 3669 1545 3721; x_wconf 82' lang='lat' dir='ltr'><strong>virtus</strong></span> <span class='ocrx_word' id='word_1_384' title='bbox 1570 3669 1711 3735; x_wconf 83' lang='lat' dir='ltr'><strong>justa</strong></span> <span class='ocrx_word' id='word_1_385' title='bbox 1737 3676 1818 3720; x_wconf 90' lang='lat' dir='ltr'><strong>est</strong></span> <span class='ocrx_word' id='word_1_386' title='bbox 1983 3674 2195 3718; x_wconf 57' lang='lat' dir='ltr'><strong>.manet</strong></span> 
     </span>
    </p>
   </div>
   <div class='ocr_carea' id='block_1_58' title="bbox 640 3754 2206 3828">
    <p class='ocr_par' dir='ltr' id='par_1_58' title="bbox 640 3754 2206 3828">
     <span class='ocr_line' id='line_1_58' title="bbox 640 3754 2206 3828; baseline -0.004 -14"><span class='ocrx_word' id='word_1_387' title='bbox 640 3760 737 3821; x_wconf 80' lang='lat' dir='ltr'><strong>Vel</strong></span> <span class='ocrx_word' id='word_1_388' title='bbox 765 3768 909 3815; x_wconf 85' lang='lat' dir='ltr'><strong>certe</strong></span> <span class='ocrx_word' id='word_1_389' title='bbox 942 3759 1038 3823; x_wconf 88' lang='lat' dir='ltr'><strong>sic,</strong></span> <span class='ocrx_word' id='word_1_390' title='bbox 1066 3759 1185 3828; x_wconf 91' lang='lat' dir='ltr'><strong>quia</strong></span> <span class='ocrx_word' id='word_1_391' title='bbox 1216 3759 1461 3825; x_wconf 87' lang='lat' dir='ltr'><strong>superius</strong></span> <span class='ocrx_word' id='word_1_392' title='bbox 1491 3757 1646 3810; x_wconf 78' lang='lat' dir='ltr'><strong>talem</strong></span> <span class='ocrx_word' id='word_1_393' title='bbox 1678 3756 2040 3826; x_wconf 70' lang='lat' dir='ltr'><strong>syllogismum</strong></span> <span class='ocrx_word' id='word_1_394' title='bbox 2070 3754 2206 3807; x_wconf 80' lang='lat' dir='ltr'><strong>dixi-</strong></span> 
     </span>
    </p>
   </div>
   <div class='ocr_carea' id='block_1_59' title="bbox 642 3845 2207 3917">
    <p class='ocr_par' dir='ltr' id='par_1_59' title="bbox 642 3845 2207 3917">
     <span class='ocr_line' id='line_1_59' title="bbox 642 3845 2207 3917; baseline -0.003 -14"><span class='ocrx_word' id='word_1_395' title='bbox 642 3866 762 3905; x_wconf 87' lang='lat' dir='ltr'><strong>mus</strong></span> <span class='ocrx_word' id='word_1_396' title='bbox 789 3848 1028 3903; x_wconf 89' lang='lat' dir='ltr'><strong>terminis</strong></span> <span class='ocrx_word' id='word_1_397' title='bbox 1042 3848 1405 3915; x_wconf 82' lang='lat' dir='ltr'><strong>commutatis,</strong></span> <span class='ocrx_word' id='word_1_398' title='bbox 1432 3863 1587 3917; x_wconf 89' lang='lat' dir='ltr'><strong>quem</strong></span> <span class='ocrx_word' id='word_1_399' title='bbox 1631 3846 1944 3901; x_wconf 81' lang='lat' dir='ltr'><strong>Aristoteles</strong></span> <span class='ocrx_word' id='word_1_400' title='bbox 1975 3845 2207 3900; x_wconf 88' lang='lat' dir='ltr'><strong>dissimi-</strong></span> 
     </span>
    </p>
   </div>
   <div class='ocr_carea' id='block_1_60' title="bbox 1100 3959 2188 4017">
    <p class='ocr_par' dir='ltr' id='par_1_60' title="bbox 1100 3959 2188 4017">
     <span class='ocr_line' id='line_1_60' title="bbox 1100 3959 2188 4017; baseline -0.004 0"><span class='ocrx_word' id='word_1_401' title='bbox 1100 3963 1268 4017; x_wconf 88' lang='lat' dir='ltr'><strong>Omne</strong></span> <span class='ocrx_word' id='word_1_402' title='bbox 1299 3962 1495 4016; x_wconf 83' lang='lat' dir='ltr'><strong>bonum</strong></span> <span class='ocrx_word' id='word_1_403' title='bbox 1528 3963 1695 4017; x_wconf 83' lang='lat' dir='ltr'><strong>virtus</strong></span> <span class='ocrx_word' id='word_1_404' title='bbox 1725 3971 1806 4016; x_wconf 89' lang='lat' dir='ltr'><strong>est</strong></span> <span class='ocrx_word' id='word_1_405' title='bbox 1984 3959 2188 4014; x_wconf 86' lang='lat' dir='ltr'><strong>similes</strong></span> 
     </span>
    </p>
   </div>
   <div class='ocr_carea' id='block_1_61' title="bbox 1101 4055 2237 4124">
    <p class='ocr_par' dir='ltr' id='par_1_61' title="bbox 1101 4055 2237 4124">
     <span class='ocr_line' id='line_1_61' title="bbox 1101 4055 2237 4124; baseline -0.004 -16"><span class='ocrx_word' id='word_1_406' title='bbox 1101 4055 1376 4121; x_wconf 84' lang='lat' dir='ltr'><strong>Quoddam</strong></span> <span class='ocrx_word' id='word_1_407' title='bbox 1406 4056 1607 4124; x_wconf 85' lang='lat' dir='ltr'><strong>justum</strong></span> <span class='ocrx_word' id='word_1_408' title='bbox 1639 4057 1833 4109; x_wconf 86' lang='lat' dir='ltr'><strong>bonum</strong></span> <span class='ocrx_word' id='word_1_409' title='bbox 1861 4064 1944 4108; x_wconf 90' lang='lat' dir='ltr'><strong>est</strong></span> <span class='ocrx_word' id='word_1_410' title='bbox 1982 4064 2237 4107; x_wconf 86' lang='lat' dir='ltr'><strong>conversa</strong></span> 
     </span>
    </p>
   </div>
   <div class='ocr_carea' id='block_1_62' title="bbox 1100 4149 2155 4217">
    <p class='ocr_par' dir='ltr' id='par_1_62' title="bbox 1100 4149 2155 4217">
     <span class='ocr_line' id='line_1_62' title="bbox 1100 4149 2155 4217; baseline 0 -18"><span class='ocrx_word' id='word_1_411' title='bbox 1100 4149 1374 4212; x_wconf 80' lang='lat' dir='ltr'><strong>Quoddam</strong></span> <span class='ocrx_word' id='word_1_412' title='bbox 1396 4149 1599 4217; x_wconf 90' lang='lat' dir='ltr'><strong>justum</strong></span> <span class='ocrx_word' id='word_1_413' title='bbox 1630 4151 1798 4202; x_wconf 88' lang='lat' dir='ltr'><strong>virtus</strong></span> <span class='ocrx_word' id='word_1_414' title='bbox 1821 4159 1903 4207; x_wconf 86' lang='lat' dir='ltr'><strong>est</strong></span> <span class='ocrx_word' id='word_1_415' title='bbox 1976 4155 2155 4201; x_wconf 85' lang='lat' dir='ltr'><strong>manet</strong></span> 
     </span>
    </p>
   </div>
   <div class='ocr_carea' id='block_1_63' title="bbox 638 4235 2209 4307">
    <p class='ocr_par' dir='ltr' id='par_1_63' title="bbox 638 4235 2209 4307">
     <span class='ocr_line' id='line_1_63' title="bbox 638 4235 2209 4307; baseline 0.001 -20"><span class='ocrx_word' id='word_1_416' title='bbox 638 4235 917 4288; x_wconf 81' lang='lat' dir='ltr'><strong>Secundus</strong></span> <span class='ocrx_word' id='word_1_417' title='bbox 948 4236 1130 4289; x_wconf 77' lang='lat' dir='ltr'><strong>modus</strong></span> <span class='ocrx_word' id='word_1_418' title='bbox 1162 4238 1333 4291; x_wconf 71' lang='lat' dir='ltr'><strong>tertia:</strong></span> <span class='ocrx_word' id='word_1_419' title='bbox 1382 4238 1564 4306; x_wconf 74' lang='lat' dir='ltr'><strong>figura:</strong></span> <span class='ocrx_word' id='word_1_420' title='bbox 1606 4239 1654 4290; x_wconf 91' lang='lat' dir='ltr'><strong>in</strong></span> <span class='ocrx_word' id='word_1_421' title='bbox 1704 4247 1947 4307; x_wconf 88' lang='lat' dir='ltr'><strong>quartum</strong></span> <span class='ocrx_word' id='word_1_422' title='bbox 1995 4238 2209 4291; x_wconf 88' lang='lat' dir='ltr'><strong>modum</strong></span> 
     </span>
    </p>
   </div>
   <div class='ocr_carea' id='block_1_64' title="bbox 641 4326 2208 4399">
    <p class='ocr_par' dir='ltr' id='par_1_64' title="bbox 641 4326 2208 4399">
     <span class='ocr_line' id='line_1_64' title="bbox 641 4326 2208 4399; baseline -0.001 -21"><span class='ocrx_word' id='word_1_423' title='bbox 641 4326 825 4392; x_wconf 64' lang='lat' dir='ltr'><strong>minue</strong></span> <span class='ocrx_word' id='word_1_424' title='bbox 862 4326 1041 4393; x_wconf 67' lang='lat' dir='ltr'><strong>figura:</strong></span> <span class='ocrx_word' id='word_1_425' title='bbox 1092 4326 1191 4378; x_wconf 88' lang='lat' dir='ltr'><strong>hoc</strong></span> <span class='ocrx_word' id='word_1_426' title='bbox 1218 4326 1377 4380; x_wconf 92' lang='lat' dir='ltr'><strong>modo</strong></span> <span class='ocrx_word' id='word_1_427' title='bbox 1413 4328 1721 4379; x_wconf 75' lang='lat' dir='ltr'><strong>resolvitur.</strong></span> <span class='ocrx_word' id='word_1_428' title='bbox 1764 4328 1819 4379; x_wconf 90' lang='lat' dir='ltr'><strong>Si</strong></span> <span class='ocrx_word' id='word_1_429' title='bbox 1846 4328 1987 4379; x_wconf 87' lang='lat' dir='ltr'><strong>enim</strong></span> <span class='ocrx_word' id='word_1_430' title='bbox 2024 4327 2208 4399; x_wconf 74' lang='lat' dir='ltr'><strong>prima:</strong></span> 
     </span>
    </p>
   </div>
   <div class='ocr_carea' id='block_1_65' title="bbox 638 4418 2206 4487">
    <p class='ocr_par' dir='ltr' id='par_1_65' title="bbox 638 4418 2206 4487">
     <span class='ocr_line' id='line_1_65' title="bbox 638 4418 2206 4487; baseline 0 -19"><span class='ocrx_word' id='word_1_431' title='bbox 638 4419 1031 4486; x_wconf 83' lang='lat' dir='ltr'><strong>propositiones</strong></span> <span class='ocrx_word' id='word_1_432' title='bbox 1057 4418 1275 4472; x_wconf 90' lang='lat' dir='ltr'><strong>secundi</strong></span> <span class='ocrx_word' id='word_1_433' title='bbox 1324 4420 1495 4473; x_wconf 67' lang='lat' dir='ltr'><strong>tertia:</strong></span> <span class='ocrx_word' id='word_1_434' title='bbox 1525 4419 1703 4487; x_wconf 69' lang='lat' dir='ltr'><strong>ﬁgura)</strong></span> <span class='ocrx_word' id='word_1_435' title='bbox 1736 4418 1917 4483; x_wconf 88' lang='lat' dir='ltr'><strong>modi,</strong></span> <span class='ocrx_word' id='word_1_436' title='bbox 1958 4424 2011 4471; x_wconf 90' lang='lat' dir='ltr'><strong>et</strong></span> <span class='ocrx_word' id='word_1_437' title='bbox 2034 4418 2206 4485; x_wconf 86' lang='lat' dir='ltr'><strong>quarti</strong></span> 
     </span>
    </p>
   </div>
   <div class='ocr_carea' id='block_1_66' title="bbox 638 4507 2209 4579">
    <p class='ocr_par' dir='ltr' id='par_1_66' title="bbox 638 4507 2209 4579">
     <span class='ocr_line' id='line_1_66' title="bbox 638 4507 2209 4579; baseline -0.002 -17"><span class='ocrx_word' id='word_1_438' title='bbox 638 4510 778 4564; x_wconf 86' lang='lat' dir='ltr'><strong>modi</strong></span> <span class='ocrx_word' id='word_1_439' title='bbox 803 4511 1189 4579; x_wconf 68' lang='lat' dir='ltr'><strong>primrﬁgurae</strong></span> <span class='ocrx_word' id='word_1_440' title='bbox 1218 4519 1486 4576; x_wconf 86' lang='lat' dir='ltr'><strong>maneant,</strong></span> <span class='ocrx_word' id='word_1_441' title='bbox 1547 4510 1721 4579; x_wconf 88' lang='lat' dir='ltr'><strong>quarti</strong></span> <span class='ocrx_word' id='word_1_442' title='bbox 1759 4523 1890 4563; x_wconf 88' lang='lat' dir='ltr'><strong>vero</strong></span> <span class='ocrx_word' id='word_1_443' title='bbox 1936 4507 2077 4561; x_wconf 90' lang='lat' dir='ltr'><strong>modi</strong></span> <span class='ocrx_word' id='word_1_444' title='bbox 2103 4507 2209 4575; x_wconf 78' lang='lat' dir='ltr'><strong>pri-</strong></span> 
     </span>
    </p>
   </div>
   <div class='ocr_carea' id='block_1_67' title="bbox 1102 4626 1873 4681">
    <p class='ocr_par' dir='ltr' id='par_1_67' title="bbox 1102 4626 1873 4681">
     <span class='ocr_line' id='line_1_67' title="bbox 1102 4626 1873 4681; baseline -0.001 -1"><span class='ocrx_word' id='word_1_445' title='bbox 1102 4626 1313 4680; x_wconf 85' lang='lat' dir='ltr'><strong>Nullum</strong></span> <span class='ocrx_word' id='word_1_446' title='bbox 1342 4627 1538 4681; x_wconf 88' lang='lat' dir='ltr'><strong>bonum</strong></span> <span class='ocrx_word' id='word_1_447' title='bbox 1564 4626 1759 4681; x_wconf 90' lang='lat' dir='ltr'><strong>malum</strong></span> <span class='ocrx_word' id='word_1_448' title='bbox 1792 4637 1873 4680; x_wconf 83' lang='lat' dir='ltr'><strong>est</strong></span> 
     </span>
    </p>
   </div>
   <div class='ocr_carea' id='block_1_68' title="bbox 1094 4716 1926 4785">
    <p class='ocr_par' dir='ltr' id='par_1_68' title="bbox 1094 4716 1926 4785">
     <span class='ocr_line' id='line_1_68' title="bbox 1094 4716 1926 4785; baseline 0.005 -19"><span class='ocrx_word' id='word_1_449' title='bbox 1094 4716 1369 4782; x_wconf 85' lang='lat' dir='ltr'><strong>Quoddam</strong></span> <span class='ocrx_word' id='word_1_450' title='bbox 1397 4716 1599 4785; x_wconf 87' lang='lat' dir='ltr'><strong>justum</strong></span> <span class='ocrx_word' id='word_1_451' title='bbox 1625 4716 1821 4771; x_wconf 88' lang='lat' dir='ltr'><strong>bonum</strong></span> <span class='ocrx_word' id='word_1_452' title='bbox 1847 4728 1926 4770; x_wconf 88' lang='lat' dir='ltr'><strong>est</strong></span> 
     </span>
    </p>
   </div>
   <div class='ocr_carea' id='block_1_69' title="bbox 635 4891 2205 4964">
    <p class='ocr_par' dir='ltr' id='par_1_69' title="bbox 635 4891 2205 4964">
     <span class='ocr_line' id='line_1_69' title="bbox 635 4891 2205 4964; baseline 0.002 -20"><span class='ocrx_word' id='word_1_453' title='bbox 635 4891 847 4945; x_wconf 80' lang='grc' dir='ltr'><em>Τειιῑιιε</em></span> <span class='ocrx_word' id='word_1_454' title='bbox 872 4894 1058 4947; x_wconf 84' lang='lat' dir='ltr'><strong>modus</strong></span> <span class='ocrx_word' id='word_1_455' title='bbox 1083 4896 1256 4948; x_wconf 74' lang='lat' dir='ltr'><strong>tertizc</strong></span> <span class='ocrx_word' id='word_1_456' title='bbox 1288 4896 1468 4963; x_wconf 52' lang='lat' dir='ltr'><strong>figurae</strong></span> <span class='ocrx_word' id='word_1_457' title='bbox 1519 4898 1569 4950; x_wconf 89' lang='lat' dir='ltr'><strong>in</strong></span> <span class='ocrx_word' id='word_1_458' title='bbox 1612 4899 1821 4950; x_wconf 82' lang='lat' dir='ltr'><strong>tertium</strong></span> <span class='ocrx_word' id='word_1_459' title='bbox 1853 4896 2069 4950; x_wconf 92' lang='lat' dir='ltr'><strong>modum</strong></span> <span class='ocrx_word' id='word_1_460' title='bbox 2097 4896 2205 4964; x_wconf 57' lang='lat' dir='ltr'><strong>pri.</strong></span> 
     </span>
    </p>
   </div>
   <div class='ocr_carea' id='block_1_70' title="bbox 2220 2662 2422 2717">
    <p class='ocr_par' dir='ltr' id='par_1_70' title="bbox 2220 2662 2422 2717">
     <span class='ocr_line' id='line_1_70' title="bbox 2220 2662 2422 2717; baseline -0.02 0"><span class='ocrx_word' id='word_1_461' title='bbox 2220 2662 2422 2717; x_wconf 82' lang='lat' dir='ltr'><strong>similes</strong></span> 
     </span>
    </p>
   </div>
   <div class='ocr_carea' id='block_1_71' title="bbox 2007 3585 2263 3624">
    <p class='ocr_par' dir='ltr' id='par_1_71' title="bbox 2007 3585 2263 3624">
     <span class='ocr_line' id='line_1_71' title="bbox 2007 3585 2263 3624; baseline -0.004 0"><span class='ocrx_word' id='word_1_462' title='bbox 2007 3585 2263 3624; x_wconf 61' lang='lat' dir='ltr'><strong>CODVCI‘Sil</strong></span> 
     </span>
    </p>
   </div>
   <div class='ocr_carea' id='block_1_72' title="bbox 2115 4634 2293 4681">
    <p class='ocr_par' dir='ltr' id='par_1_72' title="bbox 2115 4634 2293 4681">
     <span class='ocr_line' id='line_1_72' title="bbox 2115 4634 2293 4681; baseline 0 -2"><span class='ocrx_word' id='word_1_463' title='bbox 2115 4634 2293 4681; x_wconf 88' lang='lat' dir='ltr'><strong>manet</strong></span> 
     </span>
    </p>
   </div>
   <div class='ocr_carea' id='block_1_73' title="bbox 2098 4711 2652 4770">
    <p class='ocr_par' dir='ltr' id='par_1_73' title="bbox 2098 4711 2652 4770">
     <span class='ocr_line' id='line_1_73' title="bbox 2098 4711 2652 4770; baseline -0.002 -3"><span class='ocrx_word' id='word_1_464' title='bbox 2098 4729 2251 4770; x_wconf 85' lang='lat' dir='ltr'><strong>versa</strong></span> <span class='ocrx_word' id='word_1_465' title='bbox 2282 4711 2652 4769; x_wconf 89' lang='lat' dir='ltr'><strong>universaliter</strong></span> 
     </span>
    </p>
   </div>
   <div class='ocr_carea' id='block_1_74' title="bbox 1090 4806 2267 4876">
    <p class='ocr_par' dir='ltr' id='par_1_74' title="bbox 1090 4806 2267 4876">
     <span class='ocr_line' id='line_1_74' title="bbox 1090 4806 2267 4876; baseline 0.002 -19"><span class='ocrx_word' id='word_1_466' title='bbox 1090 4806 1364 4871; x_wconf 84' lang='lat' dir='ltr'><strong>Quoddam</strong></span> <span class='ocrx_word' id='word_1_467' title='bbox 1391 4808 1589 4876; x_wconf 86' lang='lat' dir='ltr'><strong>justum</strong></span> <span class='ocrx_word' id='word_1_468' title='bbox 1622 4808 1817 4860; x_wconf 90' lang='lat' dir='ltr'><strong>malum</strong></span> <span class='ocrx_word' id='word_1_469' title='bbox 1848 4820 1951 4860; x_wconf 92' lang='lat' dir='ltr'><strong>non</strong></span> <span class='ocrx_word' id='word_1_470' title='bbox 1980 4816 2061 4860; x_wconf 86' lang='lat' dir='ltr'><strong>est</strong></span> <span class='ocrx_word' id='word_1_471' title='bbox 2090 4814 2267 4859; x_wconf 84' lang='lat' dir='ltr'><strong>manet</strong></span> 
     </span>
    </p>
   </div>
   <div class='ocr_carea' id='block_1_75' title="bbox 2310 2198 3879 2276">
    <p class='ocr_par' dir='ltr' id='par_1_75' title="bbox 2310 2198 3879 2276">
     <span class='ocr_line' id='line_1_75' title="bbox 2310 2198 3879 2276; baseline -0.013 -12"><span class='ocrx_word' id='word_1_472' title='bbox 2310 2212 2444 2265; x_wconf 88' lang='lat' dir='ltr'><strong>duas</strong></span> <span class='ocrx_word' id='word_1_473' title='bbox 2469 2207 2894 2276; x_wconf 80' lang='lat' dir='ltr'><strong>eomrajacentes</strong></span> <span class='ocrx_word' id='word_1_474' title='bbox 2923 2201 3201 2267; x_wconf 87' lang='lat' dir='ltr'><strong>concedit,</strong></span> <span class='ocrx_word' id='word_1_475' title='bbox 3238 2200 3377 2268; x_wconf 91' lang='lat' dir='ltr'><strong>quod</strong></span> <span class='ocrx_word' id='word_1_476' title='bbox 3414 2198 3526 2252; x_wconf 87' lang='lat' dir='ltr'><strong>fieri</strong></span> <span class='ocrx_word' id='word_1_477' title='bbox 3554 2211 3658 2249; x_wconf 86' lang='lat' dir='ltr'><strong>non</strong></span> <span class='ocrx_word' id='word_1_478' title='bbox 3686 2202 3879 2261; x_wconf 86' lang='lat' dir='ltr'><strong>potest.</strong></span> 
     </span>
    </p>
   </div>
   <div class='ocr_carea' id='block_1_76' title="bbox 2307 2284 3881 2366">
    <p class='ocr_par' dir='ltr' id='par_1_76' title="bbox 2307 2284 3881 2366">
     <span class='ocr_line' id='line_1_76' title="bbox 2307 2284 3881 2366; baseline -0.013 -11"><span class='ocrx_word' id='word_1_479' title='bbox 2307 2300 2526 2355; x_wconf 79' lang='lat' dir='ltr'><strong>Sublata</strong></span> <span class='ocrx_word' id='word_1_480' title='bbox 2552 2299 2708 2366; x_wconf 87' lang='lat' dir='ltr'><strong>igitur</strong></span> <span class='ocrx_word' id='word_1_481' title='bbox 2738 2293 3045 2364; x_wconf 83' lang='lat' dir='ltr'><strong>particulari</strong></span> <span class='ocrx_word' id='word_1_482' title='bbox 3065 2290 3413 2345; x_wconf 77' lang='lat' dir='ltr'><strong>affirmatione</strong></span> <span class='ocrx_word' id='word_1_483' title='bbox 3441 2302 3559 2355; x_wconf 61' lang='lat' dir='ltr'><strong>quae</strong></span> <span class='ocrx_word' id='word_1_484' title='bbox 3581 2294 3681 2349; x_wconf 65' lang='grc' dir='ltr'><em>επι,</em></span> <span class='ocrx_word' id='word_1_485' title='bbox 3712 2284 3881 2353; x_wconf 85' lang='lat' dir='ltr'><strong>quod-</strong></span> 
     </span>
    </p>
   </div>
   <div class='ocr_carea' id='block_1_77' title="bbox 2308 2371 3874 2457">
    <p class='ocr_par' dir='ltr' id='par_1_77' title="bbox 2308 2371 3874 2457">
     <span class='ocr_line' id='line_1_77' title="bbox 2308 2371 3874 2457; baseline -0.015 -12"><span class='ocrx_word' id='word_1_486' title='bbox 2308 2393 2427 2445; x_wconf 90' lang='lat' dir='ltr'><strong>dam</strong></span> <span class='ocrx_word' id='word_1_487' title='bbox 2453 2390 2653 2457; x_wconf 91' lang='lat' dir='ltr'><strong>justum</strong></span> <span class='ocrx_word' id='word_1_488' title='bbox 2686 2386 2883 2439; x_wconf 86' lang='lat' dir='ltr'><strong>bonum</strong></span> <span class='ocrx_word' id='word_1_489' title='bbox 2904 2390 3011 2447; x_wconf 80' lang='lat' dir='ltr'><strong>est,</strong></span> <span class='ocrx_word' id='word_1_490' title='bbox 3033 2387 3268 2436; x_wconf 86' lang='lat' dir='ltr'><strong>remanet</strong></span> <span class='ocrx_word' id='word_1_491' title='bbox 3295 2377 3383 2432; x_wconf 87' lang='lat' dir='ltr'><strong>illa</strong></span> <span class='ocrx_word' id='word_1_492' title='bbox 3404 2390 3522 2445; x_wconf 65' lang='lat' dir='ltr'><strong>qua:</strong></span> <span class='ocrx_word' id='word_1_493' title='bbox 3542 2383 3641 2437; x_wconf 88' lang='lat' dir='ltr'><strong>est,</strong></span> <span class='ocrx_word' id='word_1_494' title='bbox 3673 2371 3874 2425; x_wconf 87' lang='lat' dir='ltr'><strong>nullum</strong></span> 
     </span>
    </p>
   </div>
   <div class='ocr_carea' id='block_1_78' title="bbox 2302 2482 2861 2550">
    <p class='ocr_par' dir='ltr' id='par_1_78' title="bbox 2302 2482 2861 2550">
     <span class='ocr_line' id='line_1_78' title="bbox 2302 2482 2861 2550; baseline -0.013 -15"><span class='ocrx_word' id='word_1_495' title='bbox 2302 2482 2501 2550; x_wconf 85' lang='lat' dir='ltr'><strong>justum</strong></span> <span class='ocrx_word' id='word_1_496' title='bbox 2532 2482 2726 2535; x_wconf 83' lang='lat' dir='ltr'><strong>bonum</strong></span> <span class='ocrx_word' id='word_1_497' title='bbox 2759 2485 2861 2531; x_wconf 89' lang='lat' dir='ltr'><strong>est.</strong></span> 
     </span>
    </p>
   </div>
   <div class='ocr_carea' id='block_1_79' title="bbox 2778 2646 3572 2706">
    <p class='ocr_par' dir='ltr' id='par_1_79' title="bbox 2778 2646 3572 2706">
     <span class='ocr_line' id='line_1_79' title="bbox 2778 2646 3572 2706; baseline -0.011 0"><span class='ocrx_word' id='word_1_498' title='bbox 2778 2653 2988 2706; x_wconf 84' lang='lat' dir='ltr'><strong>Nullum</strong></span> <span class='ocrx_word' id='word_1_499' title='bbox 3020 2650 3216 2705; x_wconf 88' lang='lat' dir='ltr'><strong>bonum</strong></span> <span class='ocrx_word' id='word_1_500' title='bbox 3246 2646 3441 2701; x_wconf 85' lang='lat' dir='ltr'><strong>malum</strong></span> <span class='ocrx_word' id='word_1_501' title='bbox 3470 2654 3572 2699; x_wconf 89' lang='lat' dir='ltr'><strong>est.</strong></span> 
     </span>
    </p>
   </div>
   <div class='ocr_carea' id='block_1_80' title="bbox 2383 2738 3628 2816">
    <p class='ocr_par' dir='ltr' id='par_1_80' title="bbox 2383 2738 3628 2816">
     <span class='ocr_line' id='line_1_80' title="bbox 2383 2738 3628 2816; baseline -0.015 -11"><span class='ocrx_word' id='word_1_502' title='bbox 2383 2759 2745 2816; x_wconf 65' lang='lat' dir='ltr'><strong>contraJaCen.</strong></span> <span class='ocrx_word' id='word_1_503' title='bbox 2776 2741 3051 2811; x_wconf 84' lang='lat' dir='ltr'><strong>Quoddam</strong></span> <span class='ocrx_word' id='word_1_504' title='bbox 3077 2742 3275 2809; x_wconf 88' lang='lat' dir='ltr'><strong>justum</strong></span> <span class='ocrx_word' id='word_1_505' title='bbox 3306 2738 3503 2792; x_wconf 86' lang='lat' dir='ltr'><strong>bonum</strong></span> <span class='ocrx_word' id='word_1_506' title='bbox 3528 2745 3628 2788; x_wconf 88' lang='grc' dir='ltr'><em>εει.</em></span> 
     </span>
    </p>
   </div>
   <div class='ocr_carea' id='block_1_81' title="bbox 2379 2816 3833 2911">
    <p class='ocr_par' dir='ltr' id='par_1_81' title="bbox 2379 2816 3833 2911">
     <span class='ocr_line' id='line_1_81' title="bbox 2379 2816 3833 2911; baseline -0.014 -16"><span class='ocrx_word' id='word_1_507' title='bbox 2379 2843 2559 2911; x_wconf 84' lang='lat' dir='ltr'><strong>jacen.</strong></span> <span class='ocrx_word' id='word_1_508' title='bbox 2772 2832 3050 2901; x_wconf 86' lang='lat' dir='ltr'><strong>Quoddam</strong></span> <span class='ocrx_word' id='word_1_509' title='bbox 3069 2832 3228 2900; x_wconf 88' lang='lat' dir='ltr'><strong>igitur</strong></span> <span class='ocrx_word' id='word_1_510' title='bbox 3243 2830 3373 2898; x_wconf 84' lang='lat' dir='ltr'><strong>ju5t.</strong></span> <span class='ocrx_word' id='word_1_511' title='bbox 3394 2825 3593 2880; x_wconf 89' lang='lat' dir='ltr'><strong>malum</strong></span> <span class='ocrx_word' id='word_1_512' title='bbox 3615 2838 3716 2877; x_wconf 85' lang='lat' dir='ltr'><strong>non</strong></span> <span class='ocrx_word' id='word_1_513' title='bbox 3729 2816 3833 2877; x_wconf 63' lang='lat' dir='ltr'><strong>est.</strong></span> 
     </span>
    </p>
   </div>
   <div class='ocr_carea' id='block_1_82' title="bbox 2314 2909 3885 2997">
    <p class='ocr_par' dir='ltr' id='par_1_82' title="bbox 2314 2909 3885 2997">
     <span class='ocr_line' id='line_1_82' title="bbox 2314 2909 3885 2997; baseline -0.015 -13"><span class='ocrx_word' id='word_1_514' title='bbox 2314 2909 2537 2986; x_wconf 54' lang='lat' dir='ltr'><strong>Sit-nim</strong></span> <span class='ocrx_word' id='word_1_515' title='bbox 2562 2924 2740 2997; x_wconf 71' lang='lat' dir='ltr'><strong>{prima</strong></span> <span class='ocrx_word' id='word_1_516' title='bbox 2774 2920 3067 2992; x_wconf 85' lang='lat' dir='ltr'><strong>propositio</strong></span> <span class='ocrx_word' id='word_1_517' title='bbox 3110 2918 3251 2972; x_wconf 87' lang='lat' dir='ltr'><strong>tertii</strong></span> <span class='ocrx_word' id='word_1_518' title='bbox 3298 2915 3442 2969; x_wconf 91' lang='lat' dir='ltr'><strong>modi</strong></span> <span class='ocrx_word' id='word_1_519' title='bbox 3476 2915 3660 2982; x_wconf 67' lang='lat' dir='ltr'><strong>prima:</strong></span> <span class='ocrx_word' id='word_1_520' title='bbox 3703 2909 3885 2977; x_wconf 66' lang='lat' dir='ltr'><strong>ﬁguras</strong></span> 
     </span>
    </p>
   </div>
   <div class='ocr_carea' id='block_1_83' title="bbox 2314 3000 3881 3085">
    <p class='ocr_par' dir='ltr' id='par_1_83' title="bbox 2314 3000 3881 3085">
     <span class='ocr_line' id='line_1_83' title="bbox 2314 3000 3881 3085; baseline -0.019 -10"><span class='ocrx_word' id='word_1_521' title='bbox 2314 3027 2559 3085; x_wconf 79' lang='lat' dir='ltr'><strong>maneat,</strong></span> <span class='ocrx_word' id='word_1_522' title='bbox 2588 3025 2643 3070; x_wconf 88' lang='lat' dir='ltr'><strong>et</strong></span> <span class='ocrx_word' id='word_1_523' title='bbox 2670 3011 2899 3069; x_wconf 85' lang='lat' dir='ltr'><strong>secunda</strong></span> <span class='ocrx_word' id='word_1_524' title='bbox 2926 3008 3220 3080; x_wconf 64' lang='lat' dir='ltr'><strong>protiositio</strong></span> <span class='ocrx_word' id='word_1_525' title='bbox 3245 3004 3580 3075; x_wconf 87' lang='lat' dir='ltr'><strong>particularis</strong></span> <span class='ocrx_word' id='word_1_526' title='bbox 3611 3000 3747 3055; x_wconf 90' lang='lat' dir='ltr'><strong>tertii</strong></span> <span class='ocrx_word' id='word_1_527' title='bbox 3772 3015 3881 3051; x_wconf 79' lang='lat' dir='ltr'><strong>mo—</strong></span> 
     </span>
    </p>
   </div>
   <div class='ocr_carea' id='block_1_84' title="bbox 2315 3092 3882 3179">
    <p class='ocr_par' dir='ltr' id='par_1_84' title="bbox 2315 3092 3882 3179">
     <span class='ocr_line' id='line_1_84' title="bbox 2315 3092 3882 3179; baseline -0.015 -14"><span class='ocrx_word' id='word_1_528' title='bbox 2315 3113 2363 3166; x_wconf 87' lang='lat' dir='ltr'><strong>di</strong></span> <span class='ocrx_word' id='word_1_529' title='bbox 2392 3111 2575 3179; x_wconf 73' lang='lat' dir='ltr'><strong>primre</strong></span> <span class='ocrx_word' id='word_1_530' title='bbox 2603 3107 2786 3175; x_wconf 73' lang='lat' dir='ltr'><strong>ﬁgura:</strong></span> <span class='ocrx_word' id='word_1_531' title='bbox 2822 3101 3201 3157; x_wconf 79' lang='lat' dir='ltr'><strong>universaliter</strong></span> <span class='ocrx_word' id='word_1_532' title='bbox 3230 3106 3601 3159; x_wconf 84' lang='lat' dir='ltr'><strong>convertatur,</strong></span> <span class='ocrx_word' id='word_1_533' title='bbox 3631 3102 3683 3147; x_wconf 90' lang='lat' dir='ltr'><strong>et</strong></span> <span class='ocrx_word' id='word_1_534' title='bbox 3709 3092 3773 3146; x_wconf 85' lang='lat' dir='ltr'><strong>sit</strong></span> <span class='ocrx_word' id='word_1_535' title='bbox 3800 3104 3882 3143; x_wconf 84' lang='lat' dir='ltr'><strong>se-</strong></span> 
     </span>
    </p>
   </div>
   <div class='ocr_carea' id='block_1_85' title="bbox 2316 3181 3879 3267">
    <p class='ocr_par' dir='ltr' id='par_1_85' title="bbox 2316 3181 3879 3267">
     <span class='ocr_line' id='line_1_85' title="bbox 2316 3181 3879 3267; baseline -0.015 -13"><span class='ocrx_word' id='word_1_536' title='bbox 2316 3201 2489 3255; x_wconf 84' lang='lat' dir='ltr'><strong>cunda</strong></span> <span class='ocrx_word' id='word_1_537' title='bbox 2525 3196 2819 3267; x_wconf 88' lang='lat' dir='ltr'><strong>propositio</strong></span> <span class='ocrx_word' id='word_1_538' title='bbox 2845 3192 3003 3262; x_wconf 61' lang='lat' dir='ltr'><strong>primi</strong></span> <span class='ocrx_word' id='word_1_539' title='bbox 3034 3189 3181 3245; x_wconf 87' lang='lat' dir='ltr'><strong>modi</strong></span> <span class='ocrx_word' id='word_1_540' title='bbox 3225 3188 3393 3242; x_wconf 68' lang='lat' dir='ltr'><strong>tertiae</strong></span> <span class='ocrx_word' id='word_1_541' title='bbox 3443 3187 3642 3255; x_wconf 62' lang='lat' dir='ltr'><strong>figura),</strong></span> <span class='ocrx_word' id='word_1_542' title='bbox 3697 3181 3879 3235; x_wconf 72' lang='lat' dir='ltr'><strong>eadem</strong></span> 
     </span>
    </p>
   </div>
   <div class='ocr_carea' id='block_1_86' title="bbox 2317 3274 3792 3355">
    <p class='ocr_par' dir='ltr' id='par_1_86' title="bbox 2317 3274 3792 3355">
     <span class='ocr_line' id='line_1_86' title="bbox 2317 3274 3792 3355; baseline -0.016 -9"><span class='ocrx_word' id='word_1_543' title='bbox 2317 3290 2592 3346; x_wconf 69' lang='lat' dir='ltr'><strong>conclusio</strong></span> <span class='ocrx_word' id='word_1_544' title='bbox 2624 3286 2914 3355; x_wconf 82' lang='lat' dir='ltr'><strong>colligitur,</strong></span> <span class='ocrx_word' id='word_1_545' title='bbox 2948 3282 2999 3338; x_wconf 92' lang='lat' dir='ltr'><strong>id</strong></span> <span class='ocrx_word' id='word_1_546' title='bbox 3031 3292 3109 3336; x_wconf 89' lang='lat' dir='ltr'><strong>est</strong></span> <span class='ocrx_word' id='word_1_547' title='bbox 3135 3280 3415 3334; x_wconf 87' lang='lat' dir='ltr'><strong>afﬁrmatio</strong></span> <span class='ocrx_word' id='word_1_548' title='bbox 3445 3274 3792 3348; x_wconf 66' lang='lat' dir='ltr'><strong>porticularis.</strong></span> 
     </span>
    </p>
   </div>
   <div class='ocr_carea' id='block_1_87' title="bbox 2367 3472 3104 3540">
    <p class='ocr_par' dir='ltr' id='par_1_87' title="bbox 2367 3472 3104 3540">
     <span class='ocr_line' id='line_1_87' title="bbox 2367 3472 3104 3540; baseline -0.018 -7"><span class='ocrx_word' id='word_1_549' title='bbox 2367 3481 2537 3533; x_wconf 90' lang='lat' dir='ltr'><strong>Omne</strong></span> <span class='ocrx_word' id='word_1_550' title='bbox 2558 3477 2755 3529; x_wconf 86' lang='lat' dir='ltr'><strong>bonum</strong></span> <span class='ocrx_word' id='word_1_551' title='bbox 2776 3472 2980 3540; x_wconf 84' lang='lat' dir='ltr'><strong>justum</strong></span> <span class='ocrx_word' id='word_1_552' title='bbox 3006 3477 3104 3523; x_wconf 91' lang='lat' dir='ltr'><strong>est.</strong></span> 
     </span>
    </p>
   </div>
   <div class='ocr_carea' id='block_1_88' title="bbox 2364 3561 3071 3621">
    <p class='ocr_par' dir='ltr' id='par_1_88' title="bbox 2364 3561 3071 3621">
     <span class='ocr_line' id='line_1_88' title="bbox 2364 3561 3071 3621; baseline -0.017 0"><span class='ocrx_word' id='word_1_553' title='bbox 2364 3569 2535 3621; x_wconf 88' lang='lat' dir='ltr'><strong>Omne</strong></span> <span class='ocrx_word' id='word_1_554' title='bbox 2564 3565 2761 3617; x_wconf 85' lang='lat' dir='ltr'><strong>bonum</strong></span> <span class='ocrx_word' id='word_1_555' title='bbox 2785 3561 2951 3613; x_wconf 89' lang='lat' dir='ltr'><strong>virtus</strong></span> <span class='ocrx_word' id='word_1_556' title='bbox 2974 3566 3071 3612; x_wconf 92' lang='lat' dir='ltr'><strong>est.</strong></span> 
     </span>
    </p>
   </div>
   <div class='ocr_carea' id='block_1_89' title="bbox 2373 3644 3113 3727">
    <p class='ocr_par' dir='ltr' id='par_1_89' title="bbox 2373 3644 3113 3727">
     <span class='ocr_line' id='line_1_89' title="bbox 2373 3644 3113 3727; baseline -0.016 -15"><span class='ocrx_word' id='word_1_557' title='bbox 2373 3658 2625 3727; x_wconf 64' lang='lat' dir='ltr'><strong>Quaedam</strong></span> <span class='ocrx_word' id='word_1_558' title='bbox 2654 3644 2820 3708; x_wconf 79' lang='lat' dir='ltr'><strong>virtus</strong></span> <span class='ocrx_word' id='word_1_559' title='bbox 2842 3654 2986 3722; x_wconf 90' lang='lat' dir='ltr'><strong>justa</strong></span> <span class='ocrx_word' id='word_1_560' title='bbox 3017 3659 3113 3703; x_wconf 88' lang='lat' dir='ltr'><strong>cst.</strong></span> 
     </span>
    </p>
   </div>
   <div class='ocr_carea' id='block_1_90' title="bbox 2314 3751 2748 3814">
    <p class='ocr_par' dir='ltr' id='par_1_90' title="bbox 2314 3751 2748 3814">
     <span class='ocr_line' id='line_1_90' title="bbox 2314 3751 2748 3814; baseline -0.021 -10"><span class='ocrx_word' id='word_1_561' title='bbox 2314 3752 2418 3806; x_wconf 87' lang='lat' dir='ltr'><strong>lem</strong></span> <span class='ocrx_word' id='word_1_562' title='bbox 2452 3763 2553 3801; x_wconf 89' lang='lat' dir='ltr'><strong>non</strong></span> <span class='ocrx_word' id='word_1_563' title='bbox 2585 3751 2748 3814; x_wconf 90' lang='lat' dir='ltr'><strong>putat.</strong></span> 
     </span>
    </p>
   </div>
   <div class='ocr_carea' id='block_1_91' title="bbox 2366 3949 3095 4011">
    <p class='ocr_par' dir='ltr' id='par_1_91' title="bbox 2366 3949 3095 4011">
     <span class='ocr_line' id='line_1_91' title="bbox 2366 3949 3095 4011; baseline -0.015 -1"><span class='ocrx_word' id='word_1_564' title='bbox 2366 3956 2535 4011; x_wconf 86' lang='lat' dir='ltr'><strong>Omne</strong></span> <span class='ocrx_word' id='word_1_565' title='bbox 2574 3953 2768 4005; x_wconf 87' lang='lat' dir='ltr'><strong>bonum</strong></span> <span class='ocrx_word' id='word_1_566' title='bbox 2803 3949 2969 4001; x_wconf 90' lang='lat' dir='ltr'><strong>virtus</strong></span> <span class='ocrx_word' id='word_1_567' title='bbox 2996 3955 3095 4002; x_wconf 90' lang='lat' dir='ltr'><strong>est.</strong></span> 
     </span>
    </p>
   </div>
   <div class='ocr_carea' id='block_1_92' title="bbox 2363 4040 3111 4109">
    <p class='ocr_par' dir='ltr' id='par_1_92' title="bbox 2363 4040 3111 4109">
     <span class='ocr_line' id='line_1_92' title="bbox 2363 4040 3111 4109; baseline -0.019 -5"><span class='ocrx_word' id='word_1_568' title='bbox 2363 4050 2531 4106; x_wconf 86' lang='lat' dir='ltr'><strong>Omne</strong></span> <span class='ocrx_word' id='word_1_569' title='bbox 2561 4045 2753 4098; x_wconf 87' lang='lat' dir='ltr'><strong>bonum</strong></span> <span class='ocrx_word' id='word_1_570' title='bbox 2789 4040 2986 4109; x_wconf 63' lang='lat' dir='ltr'><strong>justum</strong></span> <span class='ocrx_word' id='word_1_571' title='bbox 3012 4046 3111 4092; x_wconf 90' lang='lat' dir='ltr'><strong>est.</strong></span> 
     </span>
    </p>
   </div>
   <div class='ocr_carea' id='block_1_93' title="bbox 2368 4131 3193 4208">
    <p class='ocr_par' dir='ltr' id='par_1_93' title="bbox 2368 4131 3193 4208">
     <span class='ocr_line' id='line_1_93' title="bbox 2368 4131 3193 4208; baseline -0.019 -14"><span class='ocrx_word' id='word_1_572' title='bbox 2368 4139 2642 4208; x_wconf 60' lang='lat' dir='ltr'><strong>Quodnam</strong></span> <span class='ocrx_word' id='word_1_573' title='bbox 2673 4136 2868 4204; x_wconf 87' lang='lat' dir='ltr'><strong>justum</strong></span> <span class='ocrx_word' id='word_1_574' title='bbox 2899 4131 3064 4185; x_wconf 86' lang='lat' dir='ltr'><strong>virtus</strong></span> <span class='ocrx_word' id='word_1_575' title='bbox 3092 4136 3193 4183; x_wconf 89' lang='lat' dir='ltr'><strong>est.</strong></span> 
     </span>
    </p>
   </div>
   <div class='ocr_carea' id='block_1_94' title="bbox 2316 4210 4027 4297">
    <p class='ocr_par' dir='ltr' id='par_1_94' title="bbox 2316 4210 4027 4297">
     <span class='ocr_line' id='line_1_94' title="bbox 2316 4210 4027 4297; baseline -0.016 -12"><span class='ocrx_word' id='word_1_576' title='bbox 2316 4246 2417 4285; x_wconf 65' lang='lat' dir='ltr'><strong>mae</strong></span> <span class='ocrx_word' id='word_1_577' title='bbox 2444 4230 2624 4297; x_wconf 68' lang='lat' dir='ltr'><strong>ﬁgurae</strong></span> <span class='ocrx_word' id='word_1_578' title='bbox 2654 4223 2884 4279; x_wconf 84' lang='lat' dir='ltr'><strong>secunda</strong></span> <span class='ocrx_word' id='word_1_579' title='bbox 2908 4219 3200 4290; x_wconf 83' lang='lat' dir='ltr'><strong>propositio</strong></span> <span class='ocrx_word' id='word_1_580' title='bbox 3244 4213 3607 4271; x_wconf 82' lang='lat' dir='ltr'><strong>universaliter</strong></span> <span class='ocrx_word' id='word_1_581' title='bbox 3659 4222 3880 4265; x_wconf 68' lang='lat' dir='ltr'><strong>convcro</strong></span> <span class='ocrx_word' id='word_1_582' title='bbox 3970 4234 3971 4237; x_wconf 58' lang='grc' dir='ltr'><strong>η</strong></span> <span class='ocrx_word' id='word_1_583' title='bbox 4016 4210 4027 4225; x_wconf 82' lang='lat'><strong>‘</strong></span> 
     </span>
    </p>
   </div>
   <div class='ocr_carea' id='block_1_95' title="bbox 2317 4299 3865 4384">
    <p class='ocr_par' dir='ltr' id='par_1_95' title="bbox 2317 4299 3865 4384">
     <span class='ocr_line' id='line_1_95' title="bbox 2317 4299 3865 4384; baseline -0.016 -8"><span class='ocrx_word' id='word_1_584' title='bbox 2317 4331 2479 4384; x_wconf 76' lang='lat' dir='ltr'><strong>tatur,</strong></span> <span class='ocrx_word' id='word_1_585' title='bbox 2512 4316 2823 4374; x_wconf 88' lang='lat' dir='ltr'><strong>etsecunda</strong></span> <span class='ocrx_word' id='word_1_586' title='bbox 2853 4316 2925 4368; x_wconf 87' lang='lat' dir='ltr'><strong>sit</strong></span> <span class='ocrx_word' id='word_1_587' title='bbox 2963 4311 3254 4382; x_wconf 86' lang='lat' dir='ltr'><strong>propositio</strong></span> <span class='ocrx_word' id='word_1_588' title='bbox 3279 4306 3492 4364; x_wconf 82' lang='lat' dir='ltr'><strong>secundi</strong></span> <span class='ocrx_word' id='word_1_589' title='bbox 3523 4302 3659 4359; x_wconf 93' lang='lat' dir='ltr'><strong>modi</strong></span> <span class='ocrx_word' id='word_1_590' title='bbox 3701 4299 3865 4379; x_wconf 66' lang='lat' dir='ltr'><strong>tertia:</strong></span> 
     </span>
    </p>
   </div>
   <div class='ocr_carea' id='block_1_96' title="bbox 2317 4402 3390 4478">
    <p class='ocr_par' dir='ltr' id='par_1_96' title="bbox 2317 4402 3390 4478">
     <span class='ocr_line' id='line_1_96' title="bbox 2317 4402 3390 4478; baseline -0.013 -14"><span class='ocrx_word' id='word_1_591' title='bbox 2317 4410 2519 4478; x_wconf 62' lang='lat' dir='ltr'><strong>ﬁgura},</strong></span> <span class='ocrx_word' id='word_1_592' title='bbox 2560 4405 2743 4461; x_wconf 84' lang='lat' dir='ltr'><strong>eadem</strong></span> <span class='ocrx_word' id='word_1_593' title='bbox 2770 4402 3041 4458; x_wconf 92' lang='lat' dir='ltr'><strong>conclusio</strong></span> <span class='ocrx_word' id='word_1_594' title='bbox 3063 4408 3390 4470; x_wconf 88' lang='lat' dir='ltr'><strong>procreatur.</strong></span> 
     </span>
    </p>
   </div>
   <div class='ocr_carea' id='block_1_97' title="bbox 2718 4610 3503 4671">
    <p class='ocr_par' dir='ltr' id='par_1_97' title="bbox 2718 4610 3503 4671">
     <span class='ocr_line' id='line_1_97' title="bbox 2718 4610 3503 4671; baseline -0.011 0"><span class='ocrx_word' id='word_1_595' title='bbox 2718 4616 2928 4671; x_wconf 89' lang='lat' dir='ltr'><strong>Nullum</strong></span> <span class='ocrx_word' id='word_1_596' title='bbox 2948 4616 3145 4669; x_wconf 86' lang='lat' dir='ltr'><strong>bonum</strong></span> <span class='ocrx_word' id='word_1_597' title='bbox 3169 4610 3367 4666; x_wconf 90' lang='lat' dir='ltr'><strong>malum</strong></span> <span class='ocrx_word' id='word_1_598' title='bbox 3396 4616 3503 4664; x_wconf 88' lang='lat' dir='ltr'><strong>est.</strong></span> 
     </span>
    </p>
   </div>
   <div class='ocr_carea' id='block_1_98' title="bbox 2725 4703 3487 4771">
    <p class='ocr_par' dir='ltr' id='par_1_98' title="bbox 2725 4703 3487 4771">
     <span class='ocr_line' id='line_1_98' title="bbox 2725 4703 3487 4771; baseline -0.018 -8"><span class='ocrx_word' id='word_1_599' title='bbox 2725 4708 2895 4763; x_wconf 89' lang='lat' dir='ltr'><strong>Omne</strong></span> <span class='ocrx_word' id='word_1_600' title='bbox 2924 4706 3120 4759; x_wconf 89' lang='lat' dir='ltr'><strong>bonum</strong></span> <span class='ocrx_word' id='word_1_601' title='bbox 3153 4703 3363 4771; x_wconf 22' lang='lat' dir='ltr'><strong>justum.</strong></span> <span class='ocrx_word' id='word_1_602' title='bbox 3385 4704 3487 4753; x_wconf 89' lang='lat' dir='ltr'><strong>est.</strong></span> 
     </span>
    </p>
   </div>
   <div class='ocr_carea' id='block_1_99' title="bbox 2712 4789 3687 4864">
    <p class='ocr_par' dir='ltr' id='par_1_99' title="bbox 2712 4789 3687 4864">
     <span class='ocr_line' id='line_1_99' title="bbox 2712 4789 3687 4864; baseline -0.016 -12"><span class='ocrx_word' id='word_1_603' title='bbox 2712 4796 2971 4864; x_wconf 87' lang='lat' dir='ltr'><strong>Quiddam</strong></span> <span class='ocrx_word' id='word_1_604' title='bbox 3000 4795 3209 4863; x_wconf 24' lang='lat' dir='ltr'><strong>justum.</strong></span> <span class='ocrx_word' id='word_1_605' title='bbox 3226 4789 3436 4845; x_wconf 60' lang='lat' dir='ltr'><strong>malum,</strong></span> <span class='ocrx_word' id='word_1_606' title='bbox 3454 4798 3561 4839; x_wconf 91' lang='lat' dir='ltr'><strong>non</strong></span> <span class='ocrx_word' id='word_1_607' title='bbox 3583 4791 3687 4839; x_wconf 89' lang='lat' dir='ltr'><strong>est.</strong></span> 
     </span>
    </p>
   </div>
   <div class='ocr_carea' id='block_1_100' title="bbox 2308 4870 3883 4960">
    <p class='ocr_par' dir='ltr' id='par_1_100' title="bbox 2308 4870 3883 4960">
     <span class='ocr_line' id='line_1_100' title="bbox 2308 4870 3883 4960; baseline -0.017 -12"><span class='ocrx_word' id='word_1_608' title='bbox 2308 4895 2447 4948; x_wconf 90' lang='lat' dir='ltr'><strong>tertii</strong></span> <span class='ocrx_word' id='word_1_609' title='bbox 2477 4891 2614 4947; x_wconf 90' lang='lat' dir='ltr'><strong>modi</strong></span> <span class='ocrx_word' id='word_1_610' title='bbox 2648 4888 2833 4960; x_wconf 80' lang='lat' dir='ltr'><strong>primae</strong></span> <span class='ocrx_word' id='word_1_611' title='bbox 2879 4888 3057 4956; x_wconf 65' lang='lat' dir='ltr'><strong>figurat</strong></span> <span class='ocrx_word' id='word_1_612' title='bbox 3104 4878 3435 4951; x_wconf 83' lang='lat' dir='ltr'><strong>particularis</strong></span> <span class='ocrx_word' id='word_1_613' title='bbox 3500 4870 3883 4945; x_wconf 85' lang='lat' dir='ltr'><strong>particularitcr</strong></span> 
     </span>
    </p>
   </div>
   <div class='ocr_carea' id='block_1_101' title="bbox 632 4964 3878 5067">
    <p class='ocr_par' dir='ltr' id='par_1_101' title="bbox 632 4964 3878 5067">
     <span class='ocr_line' id='line_1_101' title="bbox 632 4964 3878 5067; baseline -0.002 -32"><span class='ocrx_word' id='word_1_614' title='bbox 632 5000 732 5036; x_wconf 70' lang='lat' dir='ltr'><strong>mm</strong></span> <span class='ocrx_word' id='word_1_615' title='bbox 762 4984 941 5051; x_wconf 75' lang='lat' dir='ltr'><strong>ﬁgurae</strong></span> <span class='ocrx_word' id='word_1_616' title='bbox 974 4986 1271 5039; x_wconf 85' lang='lat' dir='ltr'><strong>resolvitur.</strong></span> <span class='ocrx_word' id='word_1_617' title='bbox 1316 4988 1369 5039; x_wconf 83' lang='lat' dir='ltr'><strong>Si</strong></span> <span class='ocrx_word' id='word_1_618' title='bbox 1393 4988 1532 5041; x_wconf 85' lang='lat' dir='ltr'><strong>enim</strong></span> <span class='ocrx_word' id='word_1_619' title='bbox 1566 4990 1855 5055; x_wconf 84' lang='lat' dir='ltr'><strong>propositio</strong></span> <span class='ocrx_word' id='word_1_620' title='bbox 1883 4988 2052 5054; x_wconf 89' lang='lat' dir='ltr'><strong>prima</strong></span> <span class='ocrx_word' id='word_1_621' title='bbox 2099 4995 2205 5039; x_wconf 89' lang='lat' dir='ltr'><strong>tcr-</strong></span> <span class='ocrx_word' id='word_1_622' title='bbox 2234 5010 2285 5067; x_wconf 77' lang='grc' dir='ltr'><strong>Ι)</strong></span> <span class='ocrx_word' id='word_1_623' title='bbox 2308 4993 2666 5049; x_wconf 89' lang='lat' dir='ltr'><strong>convertatur,</strong></span> <span class='ocrx_word' id='word_1_624' title='bbox 2698 4990 2753 5035; x_wconf 91' lang='lat' dir='ltr'><strong>et</strong></span> <span class='ocrx_word' id='word_1_625' title='bbox 2799 4980 2868 5034; x_wconf 91' lang='lat' dir='ltr'><strong>sit</strong></span> <span class='ocrx_word' id='word_1_626' title='bbox 2896 4978 3060 5048; x_wconf 86' lang='lat' dir='ltr'><strong>prima</strong></span> <span class='ocrx_word' id='word_1_627' title='bbox 3088 4973 3230 5029; x_wconf 88' lang='lat' dir='ltr'><strong>tertii</strong></span> <span class='ocrx_word' id='word_1_628' title='bbox 3259 4970 3402 5025; x_wconf 89' lang='lat' dir='ltr'><strong>modi</strong></span> <span class='ocrx_word' id='word_1_629' title='bbox 3461 4968 3635 5023; x_wconf 56' lang='lat' dir='ltr'><strong>tertias</strong></span> <span class='ocrx_word' id='word_1_630' title='bbox 3676 4964 3878 5033; x_wconf 57' lang='lat' dir='ltr'><strong>ﬁgurari</strong></span> 
     </span>
    </p>
   </div>
   <div class='ocr_carea' id='block_1_102' title="bbox 633 5075 2200 5146">
    <p class='ocr_par' dir='ltr' id='par_1_102' title="bbox 633 5075 2200 5146">
     <span class='ocr_line' id='line_1_102' title="bbox 633 5075 2200 5146; baseline 0.004 -22"><span class='ocrx_word' id='word_1_631' title='bbox 633 5075 687 5124; x_wconf 90' lang='lat' dir='ltr'><strong>tii</strong></span> <span class='ocrx_word' id='word_1_632' title='bbox 714 5075 895 5139; x_wconf 77' lang='lat' dir='ltr'><strong>prima:</strong></span> <span class='ocrx_word' id='word_1_633' title='bbox 930 5075 1107 5145; x_wconf 69' lang='lat' dir='ltr'><strong>ﬁgura:</strong></span> <span class='ocrx_word' id='word_1_634' title='bbox 1141 5076 1301 5141; x_wconf 88' lang='lat' dir='ltr'><strong>modi,</strong></span> <span class='ocrx_word' id='word_1_635' title='bbox 1355 5087 1405 5130; x_wconf 89' lang='grc' dir='ltr'><strong>ει</strong></span> <span class='ocrx_word' id='word_1_636' title='bbox 1456 5078 1689 5131; x_wconf 87' lang='lat' dir='ltr'><strong>secunda</strong></span> <span class='ocrx_word' id='word_1_637' title='bbox 1730 5078 2025 5146; x_wconf 85' lang='lat' dir='ltr'><strong>prepositio</strong></span> <span class='ocrx_word' id='word_1_638' title='bbox 2055 5077 2200 5130; x_wconf 89' lang='lat' dir='ltr'><strong>tertii</strong></span> 
     </span>
    </p>
   </div>
   <div class='ocr_carea' id='block_1_103' title="bbox 636 5165 2201 5237">
    <p class='ocr_par' dir='ltr' id='par_1_103' title="bbox 636 5165 2201 5237">
     <span class='ocr_line' id='line_1_103' title="bbox 636 5165 2201 5237; baseline 0.004 -22"><span class='ocrx_word' id='word_1_639' title='bbox 636 5165 777 5217; x_wconf 82' lang='lat' dir='ltr'><strong>modi</strong></span> <span class='ocrx_word' id='word_1_640' title='bbox 815 5167 984 5221; x_wconf 81' lang='lat' dir='ltr'><strong>tertiae</strong></span> <span class='ocrx_word' id='word_1_641' title='bbox 1026 5169 1205 5237; x_wconf 62' lang='lat' dir='ltr'><strong>figura}</strong></span> <span class='ocrx_word' id='word_1_642' title='bbox 1255 5178 1496 5233; x_wconf 83' lang='lat' dir='ltr'><strong>maneat,</strong></span> <span class='ocrx_word' id='word_1_643' title='bbox 1548 5180 1600 5223; x_wconf 93' lang='lat' dir='ltr'><strong>et</strong></span> <span class='ocrx_word' id='word_1_644' title='bbox 1636 5167 1867 5223; x_wconf 87' lang='lat' dir='ltr'><strong>secunda</strong></span> <span class='ocrx_word' id='word_1_645' title='bbox 1908 5168 2201 5237; x_wconf 90' lang='lat' dir='ltr'><strong>propositio</strong></span> 
     </span>
    </p>
   </div>
   <div class='ocr_carea' id='block_1_104' title="bbox 1097 5281 1789 5336">
    <p class='ocr_par' dir='ltr' id='par_1_104' title="bbox 1097 5281 1789 5336">
     <span class='ocr_line' id='line_1_104' title="bbox 1097 5281 1789 5336; baseline -0.003 -1"><span class='ocrx_word' id='word_1_646' title='bbox 1097 5283 1263 5335; x_wconf 89' lang='lat' dir='ltr'><strong>Omne</strong></span> <span class='ocrx_word' id='word_1_647' title='bbox 1292 5281 1486 5335; x_wconf 86' lang='lat' dir='ltr'><strong>bonum</strong></span> <span class='ocrx_word' id='word_1_648' title='bbox 1517 5283 1683 5336; x_wconf 87' lang='lat' dir='ltr'><strong>virtus</strong></span> <span class='ocrx_word' id='word_1_649' title='bbox 1707 5290 1789 5336; x_wconf 90' lang='lat' dir='ltr'><strong>est</strong></span> 
     </span>
    </p>
   </div>
   <div class='ocr_carea' id='block_1_105' title="bbox 1098 5331 2081 5441">
    <p class='ocr_par' dir='ltr' id='par_1_105' title="bbox 1098 5331 2081 5441">
     <span class='ocr_line' id='line_1_105' title="bbox 1098 5331 2081 5441; baseline 0.001 -17"><span class='ocrx_word' id='word_1_650' title='bbox 1098 5372 1368 5440; x_wconf 83' lang='lat' dir='ltr'><strong>Quoddam</strong></span> <span class='ocrx_word' id='word_1_651' title='bbox 1395 5331 1814 5441; x_wconf 31' lang='lat' dir='ltr'><strong>justiti—ngenium</strong></span> <span class='ocrx_word' id='word_1_652' title='bbox 1848 5382 1929 5425; x_wconf 87' lang='lat' dir='ltr'><strong>est</strong></span> <span class='ocrx_word' id='word_1_653' title='bbox 2039 5331 2081 5385; x_wconf 68' lang='grc' dir='ltr'><strong>Χ</strong></span> 
     </span>
    </p>
   </div>
   <div class='ocr_carea' id='block_1_106' title="bbox 2309 5059 3573 5141">
    <p class='ocr_par' dir='ltr' id='par_1_106' title="bbox 2309 5059 3573 5141">
     <span class='ocr_line' id='line_1_106' title="bbox 2309 5059 3573 5141; baseline -0.013 -14"><span class='ocrx_word' id='word_1_654' title='bbox 2309 5087 2567 5129; x_wconf 85' lang='lat' dir='ltr'><strong>conversa</strong></span> <span class='ocrx_word' id='word_1_655' title='bbox 2594 5070 2985 5141; x_wconf 83' lang='lat' dir='ltr'><strong>partieulariter</strong></span> <span class='ocrx_word' id='word_1_656' title='bbox 3011 5063 3286 5121; x_wconf 87' lang='lat' dir='ltr'><strong>conclusio</strong></span> <span class='ocrx_word' id='word_1_657' title='bbox 3317 5059 3573 5115; x_wconf 87' lang='lat' dir='ltr'><strong>nascitur.</strong></span> 
     </span>
    </p>
   </div>
   <div class='ocr_carea' id='block_1_107' title="bbox 2354 5276 3214 5346">
    <p class='ocr_par' dir='ltr' id='par_1_107' title="bbox 2354 5276 3214 5346">
     <span class='ocr_line' id='line_1_107' title="bbox 2354 5276 3214 5346; baseline -0.009 -14"><span class='ocrx_word' id='word_1_658' title='bbox 2354 5282 2627 5346; x_wconf 59' lang='lat' dir='ltr'><strong>Quodnam</strong></span> <span class='ocrx_word' id='word_1_659' title='bbox 2663 5291 2857 5331; x_wconf 90' lang='lat' dir='ltr'><strong>oonum</strong></span> <span class='ocrx_word' id='word_1_660' title='bbox 2883 5276 3085 5345; x_wconf 88' lang='lat' dir='ltr'><strong>justum</strong></span> <span class='ocrx_word' id='word_1_661' title='bbox 3114 5280 3214 5326; x_wconf 89' lang='lat' dir='ltr'><strong>est.</strong></span> 
     </span>
    </p>
   </div>
   <div class='ocr_carea' id='block_1_108' title="bbox 2356 5367 3066 5425">
    <p class='ocr_par' dir='ltr' id='par_1_108' title="bbox 2356 5367 3066 5425">
     <span class='ocr_line' id='line_1_108' title="bbox 2356 5367 3066 5425; baseline -0.008 0"><span class='ocrx_word' id='word_1_662' title='bbox 2356 5371 2527 5425; x_wconf 91' lang='lat' dir='ltr'><strong>Omne</strong></span> <span class='ocrx_word' id='word_1_663' title='bbox 2550 5369 2746 5424; x_wconf 89' lang='lat' dir='ltr'><strong>bonum</strong></span> <span class='ocrx_word' id='word_1_664' title='bbox 2777 5367 2944 5421; x_wconf 90' lang='lat' dir='ltr'><strong>virtus</strong></span> <span class='ocrx_word' id='word_1_665' title='bbox 2964 5376 3066 5422; x_wconf 92' lang='grc' dir='ltr'><em>εει.</em></span> 
     </span>
    </p>
   </div>
   <div class='ocr_carea' id='block_1_109' title="bbox 1098 5458 3091 5536">
    <p class='ocr_par' dir='ltr' id='par_1_109' title="bbox 1098 5458 3091 5536">
     <span class='ocr_line' id='line_1_109' title="bbox 1098 5458 3091 5536; baseline -0.003 -17"><span class='ocrx_word' id='word_1_666' title='bbox 1098 5466 1371 5532; x_wconf 81' lang='lat' dir='ltr'><strong>Quoddam</strong></span> <span class='ocrx_word' id='word_1_667' title='bbox 1391 5458 1597 5536; x_wconf 84' lang='lat' dir='ltr'><strong>justum</strong></span> <span class='ocrx_word' id='word_1_668' title='bbox 1621 5466 1788 5519; x_wconf 89' lang='lat' dir='ltr'><strong>virtus</strong></span> <span class='ocrx_word' id='word_1_669' title='bbox 1816 5476 1914 5529; x_wconf 85' lang='lat' dir='ltr'><strong>est,</strong></span> <span class='ocrx_word' id='word_1_670' title='bbox 1947 5480 2101 5519; x_wconf 87' lang='lat' dir='ltr'><strong>versa</strong></span> <span class='ocrx_word' id='word_1_671' title='bbox 2134 5466 2319 5534; x_wconf 90' lang='lat' dir='ltr'><strong>partic.</strong></span> <span class='ocrx_word' id='word_1_672' title='bbox 2349 5463 2601 5530; x_wconf 82' lang='lat' dir='ltr'><strong>Quaedam</strong></span> <span class='ocrx_word' id='word_1_673' title='bbox 2626 5462 2795 5517; x_wconf 87' lang='lat' dir='ltr'><strong>virtus</strong></span> <span class='ocrx_word' id='word_1_674' title='bbox 2818 5460 2960 5530; x_wconf 80' lang='lat' dir='ltr'><strong>justo</strong></span> <span class='ocrx_word' id='word_1_675' title='bbox 2990 5469 3091 5515; x_wconf 90' lang='lat' dir='ltr'><strong>est.</strong></span> 
     </span>
    </p>
   </div>
   <div class='ocr_carea' id='block_1_110' title="bbox 636 5562 2197 5646">
    <p class='ocr_par' dir='ltr' id='par_1_110' title="bbox 636 5562 2197 5646">
     <span class='ocr_line' id='line_1_110' title="bbox 636 5562 2197 5646; baseline 0.008 -30"><span class='ocrx_word' id='word_1_676' title='bbox 636 5562 864 5632; x_wconf 85' lang='lat' dir='ltr'><strong>Quartus</strong></span> <span class='ocrx_word' id='word_1_677' title='bbox 894 5573 1083 5626; x_wconf 89' lang='lat' dir='ltr'><strong>modus</strong></span> <span class='ocrx_word' id='word_1_678' title='bbox 1113 5576 1279 5628; x_wconf 80' lang='lat' dir='ltr'><strong>terti-.c</strong></span> <span class='ocrx_word' id='word_1_679' title='bbox 1310 5577 1486 5646; x_wconf 69' lang='lat' dir='ltr'><strong>figura:</strong></span> <span class='ocrx_word' id='word_1_680' title='bbox 1514 5578 1565 5631; x_wconf 93' lang='lat' dir='ltr'><strong>in</strong></span> <span class='ocrx_word' id='word_1_681' title='bbox 1594 5578 1810 5643; x_wconf 73' lang='lat' dir='ltr'><strong>tertium</strong></span> <span class='ocrx_word' id='word_1_682' title='bbox 1842 5576 2055 5631; x_wconf 89' lang='lat' dir='ltr'><strong>modum</strong></span> <span class='ocrx_word' id='word_1_683' title='bbox 2086 5575 2197 5643; x_wconf 88' lang='lat' dir='ltr'><strong>pri-</strong></span> 
     </span>
    </p>
   </div>
   <div class='ocr_carea' id='block_1_111' title="bbox 639 5658 2198 5735">
    <p class='ocr_par' dir='ltr' id='par_1_111' title="bbox 639 5658 2198 5735">
     <span class='ocr_line' id='line_1_111' title="bbox 639 5658 2198 5735; baseline 0.011 -27"><span class='ocrx_word' id='word_1_684' title='bbox 639 5672 740 5709; x_wconf 69' lang='lat' dir='ltr'><strong>tnrc</strong></span> <span class='ocrx_word' id='word_1_685' title='bbox 783 5658 961 5725; x_wconf 77' lang='lat' dir='ltr'><strong>figura:</strong></span> <span class='ocrx_word' id='word_1_686' title='bbox 1002 5664 1288 5717; x_wconf 89' lang='lat' dir='ltr'><strong>resolvitur</strong></span> <span class='ocrx_word' id='word_1_687' title='bbox 1318 5683 1329 5716; x_wconf 92' lang='lat'><strong>:</strong></span> <span class='ocrx_word' id='word_1_688' title='bbox 1387 5668 1430 5719; x_wconf 90' lang='lat' dir='ltr'><strong>si</strong></span> <span class='ocrx_word' id='word_1_689' title='bbox 1461 5669 1600 5720; x_wconf 90' lang='lat' dir='ltr'><strong>enim</strong></span> <span class='ocrx_word' id='word_1_690' title='bbox 1633 5677 1978 5735; x_wconf 88' lang='lat' dir='ltr'><strong>utrorumque</strong></span> <span class='ocrx_word' id='word_1_691' title='bbox 2012 5666 2198 5733; x_wconf 64' lang='lat' dir='ltr'><strong>prima!</strong></span> 
     </span>
    </p>
   </div>
   <div class='ocr_carea' id='block_1_112' title="bbox 640 5752 2197 5826">
    <p class='ocr_par' dir='ltr' id='par_1_112' title="bbox 640 5752 2197 5826">
     <span class='ocr_line' id='line_1_112' title="bbox 640 5752 2197 5826; baseline 0.008 -30"><span class='ocrx_word' id='word_1_692' title='bbox 640 5757 888 5798; x_wconf 73' lang='lat' dir='ltr'><strong>timeant</strong></span> <span class='ocrx_word' id='word_1_693' title='bbox 918 5752 1326 5816; x_wconf 80' lang='lat' dir='ltr'><strong>propositiones,</strong></span> <span class='ocrx_word' id='word_1_694' title='bbox 1354 5764 1405 5807; x_wconf 91' lang='lat' dir='ltr'><strong>et</strong></span> <span class='ocrx_word' id='word_1_695' title='bbox 1435 5758 1680 5811; x_wconf 71' lang='lat' dir='ltr'><strong>secunda:</strong></span> <span class='ocrx_word' id='word_1_696' title='bbox 1713 5760 2051 5826; x_wconf 86' lang='lat' dir='ltr'><strong>particulares</strong></span> <span class='ocrx_word' id='word_1_697' title='bbox 2076 5770 2197 5824; x_wconf 70' lang='lat' dir='ltr'><strong>par-</strong></span> 
     </span>
    </p>
   </div>
   <div class='ocr_carea' id='block_1_113' title="bbox 2306 5558 3871 5645">
    <p class='ocr_par' dir='ltr' id='par_1_113' title="bbox 2306 5558 3871 5645">
     <span class='ocr_line' id='line_1_113' title="bbox 2306 5558 3871 5645; baseline -0.009 -17"><span class='ocrx_word' id='word_1_698' title='bbox 2306 5558 2600 5645; x_wconf 66' lang='lat' dir='ltr'><strong>técolariter</strong></span> <span class='ocrx_word' id='word_1_699' title='bbox 2644 5580 3053 5639; x_wconf 87' lang='lat' dir='ltr'><strong>convertantur,</strong></span> <span class='ocrx_word' id='word_1_700' title='bbox 3102 5568 3306 5627; x_wconf 66' lang='lat' dir='ltr'><strong>eaedem</strong></span> <span class='ocrx_word' id='word_1_701' title='bbox 3352 5565 3720 5623; x_wconf 78' lang='lat' dir='ltr'><strong>conclusiones</strong></span> <span class='ocrx_word' id='word_1_702' title='bbox 3773 5572 3871 5615; x_wconf 55' lang='lat' dir='ltr'><strong>na.</strong></span> 
     </span>
    </p>
   </div>
   <div class='ocr_carea' id='block_1_114' title="bbox 2306 5677 2619 5723">
    <p class='ocr_par' dir='ltr' id='par_1_114' title="bbox 2306 5677 2619 5723">
     <span class='ocr_line' id='line_1_114' title="bbox 2306 5677 2619 5723; baseline 0 -4"><span class='ocrx_word' id='word_1_703' title='bbox 2306 5677 2544 5723; x_wconf 75' lang='lat' dir='ltr'><strong>SCUDIUI‘.</strong></span> <span class='ocrx_word' id='word_1_704' title='bbox 2612 5680 2619 5687; x_wconf 83' lang='grc'><strong>”</strong></span> 
     </span>
    </p>
   </div>
  </div>
