4290 6272
420 374 524 430 813.0

879 486 1051 541 Omne
1077 487 1272 540 bonum
1303 483 1471 536 virtus
1491 493 1574 537 est
1784 491 1967 538 manet

882 577 1162 644 Quoddam
1185 577 1384 644 justum
1415 575 1612 628 bonum
1641 583 1724 630 est
1779 575 2003 629 vertitur
2054 613 2058 618 .

876 668 1157 734 Quoddam
1183 667 1381 735 justum
1411 666 1576 720 virtus
1605 675 1686 721 est
1777 675 1980 720 manet

418 765 680 834 Reliquus
705 768 892 817 sextus
929 758 1270 830 syllogismus
1291 757 1464 811 tertia:
1503 756 1686 825 ﬁgura:
1708 756 1775 810 de
1803 757 1988 826 prima:

419 857 600 923 ﬁgura:
612 860 798 923 quarto
825 849 989 906 modo
1002 856 1335 918 procreatur;
1351 846 1688 901 manentibus
1716 849 1858 901 enim
1873 850 1952 916 pri
1964 877 1984 887 -

875 956 1089 1012 Nullum
1122 956 1316 1010 bonum
1344 954 1538 1020 malum
1566 965 1649 1009 est
1717 1021 1720 1023 _

874 1045 1151 1115 Quoddatn
1179 1046 1383 1114 justum
1415 1047 1614 1101 bonum
1645 1056 1727 1102 est

1570 369 1658 424 DE
1698 371 2116 430 SYLLOGISMO
2154 375 2603 434 CATEGORICO.

3568 377 3672 432 εεε

2129 483 2298 539 Omne
2323 485 2516 539 bonum
2550 488 2719 541 virtus
2748 497 2849 544 est.

2131 575 2410 640 Quoddam
2442 576 2640 630 bonum
2662 578 2862 645 justum
2893 590 2996 635 est.

2133 666 2411 733 Quoddam
2438 667 2639 734 justum
2672 671 2838 724 virtus
2860 683 2960 724 est.

2097 759 2197 811 mis
2208 771 2390 812 eorum
2411 758 2877 827 propositionibus,
2892 774 3048 830 atque
3067 764 3314 817 secundis
3339 766 3668 832 particulario

2098 859 2179 902 tcr
2194 848 2485 902 immutatis
2505 849 2796 916 particulis,
2811 851 2862 904 in
2877 863 3102 921 utroque
3121 855 3663 911 manebiteouclusio.
3699 892 3701 894 -

1829 958 2016 1020 eadem
2122 956 2336 1010 Nullum
2366 954 2562 1007 bonum
2593 956 2786 1007 malum
2819 966 2920 1009 est.

1823 1058 2030 1104 mutata
2113 1047 2390 1115 Quoddam
2416 1047 2611 1100 bonum
2641 1049 2844 1117 justum
2873 1060 2976 1103 est.

869 1137 1144 1206 Quoddam
1159 1136 1358 1205 justum
1380 1136 1574 1190 malum
1592 1151 1695 1191 non
1708 1147 1790 1193 est
1821 1148 2002 1194 manet

2111 1137 2387 1205 Quoddam
2416 1136 2617 1205 justum
2643 1139 2837 1191 malum
2865 1155 2971 1192 non
3003 1147 3102 1194 est.

349 1225 353 1230 ’
413 1233 640 1300 Quintus
666 1238 848 1286 autem
877 1229 966 1299 qui
997 1237 1185 1294 restat,
1207 1230 1344 1282 sicut
1365 1235 1492 1284 ante
1535 1244 1632 1298 per
1659 1230 1990 1300 impossibile
2016 1237 2068 1296 Α
2094 1232 2279 1301 ﬁgura:
2309 1230 2499 1285 modus
2532 1220 2801 1298 inprima:
2847 1232 3027 1304 ﬁgurae
3060 1235 3274 1292 modum
3309 1237 3522 1293 tertium
3570 1239 3670 1293 hoc

417 1326 690 1394 probatur,
721 1325 976 1378 itaetiam
1011 1337 1152 1375 nunc
1177 1333 1273 1389 per
1302 1320 1782 1390 impossibilitatem
1819 1323 1989 1377 resol-

415 1417 575 1470 vitur.
636 1414 743 1470 Sed
784 1412 1237 1484 quemadmodum
1294 1428 1429 1466 unus
1482 1413 1640 1468 fuerit
1687 1415 1987 1482 resolutus,

415 1507 606 1562 eodem
638 1505 829 1560 ordine
858 1517 1044 1558 omnes
1072 1503 1374 1559 resolvendi
1396 1513 1540 1558 sunt.
1571 1504 1874 1559 Resolvitur
1890 1520 1988 1558 au-

417 1605 524 1650 tem
555 1604 736 1650 sextus
769 1595 938 1649 tertia:
979 1593 1163 1664 ﬁgura:
1216 1594 1406 1648 modus
1457 1594 1507 1646 in
1568 1594 1779 1648 tertium
1805 1595 1991 1664 prima:

414 1687 599 1756 ﬁgura:
654 1685 893 1740 modum.
952 1685 1181 1752 Quintus
1215 1693 1390 1738 autem
1444 1686 1612 1738 tertia:
1653 1684 1834 1756 ﬁgura:
1871 1700 1990 1740 mo-

410 1776 512 1834 dus
564 1777 847 1832 resolvitur
902 1776 954 1829 in
1017 1776 1246 1845 primum
1304 1778 1491 1845 prima:
1547 1776 1746 1846 ﬁgttrzc.
1820 1776 1990 1843 Quar-

414 1879 501 1924 tus
575 1868 744 1922 tertia:
803 1867 981 1936 ﬁgura:
1043 1867 1581 1922 modus'resolvitur
1632 1869 1681 1921 in
1741 1879 1986 1939 quartum

417 1960 605 2027 prima:
652 1958 838 2027 ﬁgura:
889 1955 1128 2010 modum.
1181 1956 1393 2011 Tertius
1449 1958 1824 2027 tertitcligura:
1874 1976 1990 2015 mo-

414 2051 519 2104 dus
571 2049 860 2104 resolvitur
917 2048 968 2102 in
1037 2048 1333 2104 secundum
1393 2052 1578 2118 primze
1635 2051 1816 2120 ﬁgura:
1874 2069 1989 2107 mo-

412 2139 562 2194 dum.
607 2140 887 2194 Secundus
941 2139 1110 2194 tertia:
1160 2140 1344 2209 ﬁgurae
1383 2141 1573 2195 modus
1619 2143 1902 2198 resolvitur
1931 2146 1982 2198 in

414 2231 643 2298 primum
688 2232 872 2300 prima:
897 2231 1078 2300 ﬁgura:
1101 2231 1338 2287 modum.
1401 2233 1564 2287 Primi
1597 2234 1769 2289 tertia:
1801 2237 1984 2304 ﬁgura:

410 2320 557 2374 modi
599 2321 938 2376 resttlvuntur
973 2320 1023 2374 iu
1053 2321 1320 2376 secundos
1350 2325 1533 2390 primte
1563 2324 1743 2394 ﬁgura:
1776 2327 1984 2381 modos.

2094 1325 2254 1376 modo
2289 1339 2302 1374 :
2350 1323 2393 1375 si
2434 1324 2554 1392 quis
2585 1324 2745 1393 igitur
2766 1326 2898 1380 duas
2926 1330 3318 1396 propositiones
3360 1333 3493 1384 Sexti
3519 1331 3662 1384 modi

2096 1413 2267 1474 tertia:
2295 1412 2476 1482 ﬁgura:
2516 1417 2879 1481 concesserit,
2931 1420 3189 1472 concedat
3235 1421 3395 1474 etiam
3453 1435 3672 1474 necesse

2095 1515 2176 1560 est
2202 1506 2602 1560 conclusionem
2633 1521 2752 1576 quae
2782 1520 2886 1573 εει,
2936 1509 3200 1577 quoddam
3226 1511 3428 1580 justum
3473 1512 3669 1565 malum

2097 1613 2203 1650 non
2223 1606 2325 1652 εει.
2366 1597 2499 1651 Nam
2528 1598 2576 1652 si
2601 1598 2715 1654 haec
2744 1599 2872 1653 falsa
2901 1609 3006 1664 est,
3039 1602 3140 1655 erit
3164 1617 3287 1656 vera
3303 1603 3671 1671 contrajaceus

2096 1690 2143 1744 ei
2175 1691 2362 1758 primae
2407 1689 2590 1758 ﬁgura:
2647 1692 2790 1745 tertii
2835 1692 2974 1746 modi
3023 1693 3190 1762 prima
3235 1697 3524 1762 propositio
3552 1712 3670 1765 qua:

2096 1788 2209 1843 est,
2245 1795 2404 1834 omne
2447 1780 2648 1848 justum
2682 1782 2880 1835 malum
2929 1792 3029 1838 εει.
3075 1783 3177 1839 Sed
3218 1791 3378 1838 etiam
3408 1787 3671 1839 concessit

2097 1870 2516 1938 pr0positionem
2548 1871 2859 1937 secundam,
2890 1888 3007 1941 quae
3033 1885 3146 1941 est,
3180 1875 3443 1941 quoddam
3467 1877 3663 1929 bonum

2090 1959 2293 2029 justum
2349 1971 2449 2015 est.
2526 1961 2604 2015 Ex
2652 1962 2731 2015 his
2764 1962 2924 2032 igitur
2981 1965 3238 2018 concedat
3292 1947 3510 2020 necesse
3563 1959 3666 2031 est,

2094 2052 2360 2120 quoddam
2395 2051 2590 2105 bonum
2624 2053 2826 2106 malum
2856 2063 2966 2119 est,
3015 2057 3132 2124 quia
3165 2067 3287 2109 ante
3325 2052 3666 2111 concesserat

2090 2149 2316 2216 primam
2353 2147 2768 2217 propositionem
2798 2149 2935 2203 sexti
2968 2148 3107 2201 modi
3141 2149 3309 2200 tertia:
3341 2145 3519 2214 ﬁgura:
3546 2162 3663 2213 qua:

2091 2247 2207 2304 cst,
2251 2239 2453 2293 nullum
2483 2239 2679 2293 bonum
2721 2241 2916 2292 malum
2946 2247 3045 2292 est.
3091 2237 3205 2292 Uno
3259 2245 3495 2305 tempore
3533 2236 3666 2291 duas

2092 2330 2191 2383 sibi
2221 2327 2652 2396 contrajacentes
2707 2328 2986 2392 concedit,
3030 2326 3168 2396 quod
3214 2326 3326 2380 licri
3363 2340 3466 2380 non
3505 2319 3686 2394 posse'

411 2411 717 2467 Resolvitur
751 2420 926 2466 autem
957 2427 1052 2482 per
1089 2412 1572 2482 impossibilitatem
1603 2423 1784 2470 sextus
1817 2418 1983 2470 tet-tia:
2016 2431 2064 2488 Β
2092 2419 2379 2488 descriptio
2405 2418 2661 2472 declarat.

657 2501 866 2557 Nullum
893 2503 1089 2558 bonum
1123 2505 1318 2559 malum
1351 2515 1426 2560 εει
1503 2515 1720 2560 contra-

657 2597 933 2663 Quoddam
957 2597 1154 2653 bonum
1175 2599 1377 2666 justum
1404 2609 1485 2654 est
1567 2615 1840 2655 concessa:

656 2689 932 2756 Quoddam
956 2691 1156 2758 justum
1180 2691 1378 2744 malum
1402 2706 1506 2745 non
1540 2702 1621 2746 est
1711 2695 1944 2759 perutut.

414 2781 524 2835 lloc
565 2781 720 2835 modo
748 2796 934 2836 omnes
982 2783 1159 2836 caeteri
1193 2782 1334 2836 modi
1367 2783 1536 2837 tertiae
1579 2783 1760 2851 ﬁgura:
1791 2783 1841 2836 in
1873 2782 1983 2851 pri-

411 2887 526 2927 mos
555 2872 739 2928 modos
767 2873 952 2942 prima:
1001 2871 1183 2942 ﬁgura:
1212 2872 1532 2936 referuntur,
1565 2872 1705 2940 quod
1746 2872 1982 2940 subjecta

412 2961 699 3032 descriptio
744 2963 1000 3028 declarat,
1034 2964 1084 3015 in
1132 2978 1232 3032 qua
1268 2963 1413 3030 prior
1459 2964 1698 3032 quintus,
1750 2964 1836 3028 qui
1893 2978 1981 3031 per

657 3055 930 3121 Quoddam
963 3057 1160 3109 bonum
1193 3055 1388 3108 malum
1421 3071 1524 3109 non
1554 3063 1654 3119 est,
1744 3063 1964 3108 eontra-

656 3147 823 3202 Omne
850 3149 1042 3203 bonttm
1066 3149 1266 3218 justum
1283 3158 1365 3203 εει
1427 3157 1697 3203 concessa:
1982 3147 2022 3198 Χ

667 3237 936 3304 Quoddam
961 3241 1156 3306 justum
1185 3241 1383 3294 malum
1408 3255 1512 3293 non
1541 3251 1622 3294 est
1723 3249 1952 3309 prrmut.

664 3329 832 3384 Omne
856 3331 1049 3386 bonum
1073 3332 1239 3388 virtus
1267 3343 1346 3387 εει
1421 3344 1633 3386 contra-

667 3420 945 3488 Qnoddam
980 3424 1172 3478 bonum
1203 3423 1403 3492 justum
1435 3433 1518 3480 est
1590 3439 1862 3478 concessa:
1989 3422 2032 3476 Χ

662 3515 934 3584 Quoddam
963 3517 1166 3585 justum
1200 3521 1365 3574 virtus
1393 3530 1472 3575 est
1559 3529 1783 3591 pcrmut.

652 3610 927 3676 Quoddam
953 3612 1362 3680 bonumjnstum
1385 3623 1467 3668 est
1544 3624 1758 3669 contra-

659 3700 827 3756 Omne
852 3704 1050 3757 bonum
1083 3704 1249 3758 virtus
1275 3715 1357 3758 est
1431 3721 1700 3762 concessae
1985 3701 2032 3758 Χ

658 3794 908 3858 Quantam
937 3797 1106 3849 virtus
1132 3796 1263 3864 just.
1300 3807 1382 3852 est
1462 3791 1691 3866 perm‘ut.

2341 2510 2635 2577 contrajac.
2663 2509 2832 2564 Omne
2850 2510 3049 2577 justum
3077 2509 3272 2562 malunt
3295 2515 3398 2562 εει.

2339 2600 2614 2666 Quoddam
2649 2600 2847 2654 bonum
2871 2599 3075 2669 justum
3106 2609 3208 2653 εει.

2335 2690 2516 2760 jacen.
2548 2692 2823 2757 Quoddam
2853 2692 3050 2746 bonum
3085 2692 3279 2746 malum
3313 2701 3415 2745 cst.

2091 2796 2493 2837 conversmnem
2525 2784 2720 2838 resolvi
2765 2799 2870 2838 non
2903 2784 3090 2852 potuit,
3145 2798 3236 2852 per
3266 2780 3665 2852 impossibilita-

2094 2882 2199 2926 tem
2230 2873 2494 2928 resolutus
2521 2882 2622 2928 εει.
3577 2858 3579 2861 ’

2317 3054 2612 3122 contrajac.
2643 3055 2814 3109 Omne
2840 3057 3039 3126 justum
3086 3057 3280 3110 malum
3306 3055 3408 3110 cst.’

2313 3147 2365 3200 in
2398 3147 2635 3216 utrisque
2682 3147 2851 3202 Omne
2882 3148 3076 3202 bonum
3104 3149 3305 3218 justum
3336 3157 3436 3203 est.

2314 3240 2491 3309 jaccn.
2524 3241 2691 3293 Omne
2719 3240 2914 3292 bonum
2951 3241 3143 3294 malum
3173 3252 3273 3294 est.

2320 3326 2610 3398 contrajac.
2647 3330 2856 3384 Nullum
2882 3333 3083 3402 justum
3112 3333 3278 3385 virtus
3307 3342 3408 3387 est.

2321 3422 2372 3475 itt
2404 3423 2664 3492 utrisque.
2695 3423 2968 3488 Quoddam
3006 3425 3198 3478 bonum
3225 3424 3426 3494 justum
3449 3433 3548 3480 est.

2323 3518 2500 3587 jacen.
2527 3519 2736 3573 Nullum
2769 3520 2962 3573 bonum
2994 3521 3162 3574 virtus
3192 3530 3291 3573 est.

2325 3615 2617 3683 contrajac.
2655 3613 2809 3668 Nulla
2839 3615 3007 3670 virtus
3032 3614 3174 3684 justa
3199 3624 3281 3668 εει

2330 3704 2382 3756 in
2416 3706 2672 3774 utrisque.
2696 3706 2866 3760 Omne
2894 3706 3087 3758 bonum
3117 3707 3285 3759 virtus
3314 3715 3415 3760 est.

2315 3800 2492 3869 jacen.
2521 3799 2728 3853 Nullum
2754 3799 2948 3851 bonutn
2979 3797 3180 3865 justum
3213 3807 3315 3850 est.

419 3907 475 3958 In
497 3891 821 3958 resolutione
851 3906 994 3962 modi
1023 3909 1240 3961 secundi
1270 3907 1445 3978 tertii?
1471 3909 1654 3978 ﬁgura:
1679 3911 1730 3965 in
1755 3912 1981 3979 primum
2012 3913 2061 3975 C,
2094 3912 2207 3967 ﬁeri
2239 3910 2439 3979 nequit.
2467 3907 2915 3976 Nunquamenim
2943 3904 3062 3959 dua:
3093 3907 3375 3960 contraria:
3403 3921 3508 3958 uno
3539 3915 3673 3961 tem-

421 3994 635 4047 modum
690 3993 870 4062 primte
917 3995 1118 4065 ﬁgurae,
1171 3999 1285 4054 lucc
1337 3999 1736 4068 impossibilitas
1785 4004 1984 4067 evenit,

419 4085 557 4154 quod
604 4085 734 4141 duas
780 4089 1073 4142 contrarias
1105 4105 1206 4143 uno
1237 4099 1476 4159 tempore
1521 4091 1789 4155 concedit,
1846 4093 1987 4160 quod

665 4176 872 4230 Nullum
899 4177 1094 4232 bonum
1121 4180 1319 4234 malum
1347 4189 1429 4234 est
1513 4190 1728 4236 contra-

663 4270 833 4324 Omne
863 4271 1057 4324 bonum
1085 4272 1284 4341 justum
1313 4283 1395 4329 est
1487 4290 1757 4329 concessa:

663 4361 935 4426 Quoddam
963 4362 1164 4431 justum
1195 4365 1390 4418 malum
1421 4381 1524 4419 non
1551 4376 1633 4421 est
1663 4424 1673 4433 ,
1721 4375 1949 4436 permut.

1993 4276 2037 4331 Χ

2091 4017 2222 4072 pore
2252 4001 2572 4067 siutulqvera:
2602 3997 2958 4052 invenientur.

2327 4179 2619 4248 contrajac.
2651 4178 2822 4232 Omne
2846 4176 3046 4247 justum
3077 4177 3272 4232 malum
3299 4184 3402 4232 est.

2257 4335 2260 4338 ,
2337 4275 2391 4328 in
2420 4275 2685 4341 utrisque.
2707 4271 2879 4328 Omne
2900 4271 3095 4326 bonum
3121 4273 3323 4343 justum
3354 4279 3459 4328 εει.
3533 4334 3535 4336 η

2333 4367 2448 4421 rite.
2481 4365 2692 4420 Nullum
2719 4364 2916 4418 bonum
2947 4363 3146 4432 jusmm
3177 4373 3279 4420 cst.

419 4475 488 4530 Et
535 4475 586 4529 in
633 4479 876 4545 sequenti
919 4492 1130 4546 quoque
1181 4480 1490 4548 syllogismo
1542 4480 1676 4532 duas
1729 4481 1997 4549 concedit,
2028 4480 2167 4551 quod
2193 4481 2520 4548 intpvssibile
2549 4492 2648 4534 cst.

676 4569 848 4623 Omne
878 4571 1072 4623 bonum
1099 4570 1298 4638 justum
1326 4581 1407 4624 est
1480 4580 1697 4624 contra-

663 4659 832 4715 Omne
853 4660 1049 4716 bonum
1071 4662 1240 4716 virtus
1269 4671 1352 4717 est
1424 4678 1694 4716 concessa:

663 4753 918 4820 Quaedam
945 4757 1110 4812 virtus
1136 4757 1278 4824 justa
1307 4764 1390 4810 est
1463 4763 1700 4823 permut.

417 4860 524 4916 Nec
555 4875 652 4917 nos
682 4862 810 4916 illud
867 4865 1064 4929 turbet,
1102 4865 1243 4934 quod
1295 4866 1346 4919 in
1377 4865 1693 4933 quibusdam
1723 4865 1989 4920 contraria

419 4954 712 5021 propositio
733 4962 789 5008 ει
813 4955 1083 5009 conclusio
1111 4956 1402 5023 invenitur,
1436 4956 1488 5010 in
1517 4955 1835 5026 quibusdam
1865 4971 1993 5010 vero

1993 4665 2035 4720 X

2329 4573 2622 4638 contrajac.
2652 4570 2802 4624 Nulla
2831 4570 3001 4623 virtus
3020 4571 3195 4638 justus
3223 4580 3324 4623 est.

2332 4666 2383 4718 in
2417 4665 2674 4731 utrisque.
2710 4663 2878 4717 Omne
2910 4664 3107 4717 bonum
3130 4663 3296 4716 virtus
3322 4673 3425 4720 est.

2337 4758 2453 4812 rite.
2485 4755 2695 4809 Nullum
2727 4756 2920 4809 bonum
2948 4755 3149 4824 justum
3177 4764 3278 4810 est.

2099 4866 2544 4937 contrajacentes.
2581 4867 2709 4922 Nam
2760 4884 2865 4936 quo
2906 4868 3065 4924 modo
3093 4870 3516 4939 contrajacentes
3568 4886 3672 4925 uno

2104 4966 2343 5025 tempore
2372 4972 2513 5012 verte
2545 4963 2665 5012 e'sse
2709 4977 2811 5015 non
2849 4968 3070 5029 possunt
3101 4976 3351 5030 unquam,
3387 4963 3464 5016 sic
3511 4963 3674 5016 etiam

417 5045 804 5114 eontrajacens.
848 5047 1088 5116 Namque
1133 5050 1410 5118 aequaliter
1468 5051 1700 5119 peccavit
1751 5058 1854 5103 tam
1903 5050 1994 5118 qui
2028 5076 2042 5084 -
2107 5049 2409 5104 contrariae.

419 5142 668 5206 utrasque
696 5137 996 5192 comrarias
1043 5139 1403 5203 concesserit,
1434 5154 1590 5206 quam
1644 5140 1688 5193 si
1746 5130 1998 5208 utrasque
2027 5128 2078 5187 D

669 5227 842 5282 Omne
871 5231 1069 5282 bonum
1099 5231 1265 5284 virtus
1295 5237 1376 5284 cst
1448 5239 1658 5284 contra-

621 5343 631 5354 -
662 5317 1058 5372 Omne‘bonum
1084 5319 1286 5386 justum
1312 5325 1392 5372 est
1466 5332 1738 5372 concessae

667 5410 944 5475 Quoddam
963 5410 1166 5478 justum
1198 5411 1368 5463 virtus
1401 5421 1482 5464 cst
1576 5420 1786 5478 permut

418 5519 545 5572 llaec
563 5517 630 5571 de
647 5515 1084 5588 Categoricorum
1112 5518 1552 5587 Syllogismorum
1582 5519 1991 5589 introductione,

419 5607 763 5663 Ariswtelent
810 5607 1094 5675 plurimum
1139 5623 1388 5677 sequens,
1437 5622 1489 5663 et
1519 5608 1691 5677 aliqua
1728 5609 1794 5663 de
1821 5608 1996 5663 Theo-

419 5699 639 5769 phrasto
673 5705 727 5752 et
781 5694 1080 5766 Porphyrio
1135 5706 1429 5763 mutuatus,
1462 5706 1713 5767 quantum
1766 5699 1994 5768 parcitas

420 5787 784 5847 introduccndi
832 5786 1094 5861 permisit,
1143 5788 1400 5861 expressi.
1432 5789 1482 5847 Si
1517 5803 1616 5859 qua
1665 5803 1790 5846 vero
1821 5788 1995 5846 desint

2337 5234 2628 5302 contrajac.
2663 5232 2869 5287 Nullum
2902 5234 3105 5301 justum
3135 5233 3300 5285 virtus
3327 5242 3428 5287 est.

2340 5319 2392 5374 in
2420 5323 2677 5390 utrisque.
2705 5321 2873 5376 Omne
2902 5321 3095 5373 bonum
3119 5319 3320 5388 justum
3352 5329 3454 5375 est.

2349 5414 2462 5466 rite.
2498 5413 2709 5466 Nullum
2737 5413 2933 5466 bonum
2966 5412 3130 5463 virtus
3171 5418 3274 5465 est.

2104 5521 2156 5574 in
2179 5520 2464 5589 Anatyticis
2488 5521 2680 5574 nostris
2701 5517 2950 5574 calcatius
2971 5518 3351 5585 exprimemus.
3379 5519 3529 5577 Nunc
3551 5537 3685 5579 vero

2101 5618 2358 5679 quantum
2407 5610 2471 5662 ad
2519 5610 2686 5682 solam
2740 5607 3173 5676 Categoricorum
3231 5609 3676 5680 Syllogismorum

2101 5700 2324 5753 fortnam
2383 5697 2696 5766 spectabat,
2750 5697 3039 5766 perfectum
3083 5697 3168 5752 hic
3214 5699 3366 5754 nobis
3401 5710 3502 5766 est,
3531 5704 3674 5773 ει,εά

2099 5788 2362 5844 cumulum
2390 5788 2792 5849 introdeczianis
2807 5789 3156 5846 elaboratum.
3178 5787 3281 5846 Nec
3299 5786 3398 5843 hoc
3423 5801 3523 5842 nos
3553 5799 3682 5854 per.
