4290 6272
605 403 702 457 83!

1819 397 1926 453 AN.
1969 395 2171 451 MANL.
2214 394 2365 451 SEV.
2408 392 2629 449 BUETll
3753 391 3855 443 83?.

606 515 804 579 turbet,
834 511 880 565 si
901 524 1019 579 quas
1036 509 1121 562 hic
1147 508 1537 576 propositiones
1562 518 1616 562 et
1642 509 2009 563 conclusiones
2032 507 2176 560 falsa-
2212 511 2253 567 Α
2283 506 2511 558 studium
2561 503 2742 573 logica:
2792 499 3087 568 discipline
3142 497 3523 566 disputationis
3589 497 3855 552 subtilitas

606 611 751 665 sunt,
784 599 1213 668 quandoquidem
1261 615 1365 651 non
1410 599 1658 653 veritates
1687 614 1885 659 rerum.
1914 597 2008 652 sed
2038 612 2173 651 con-

610 692 865 745 nexiones
892 690 1319 761 syllogismorum
1351 690 1543 757 ﬁguras
1562 701 1615 745 et
1638 691 1824 744 modos
1844 689 2177 756 suscepimus

608 782 967 836 disserendas.
1002 780 1129 834 Nam
1161 780 1243 833 his
1271 780 1512 849 cognitis,
1536 782 1578 833 si
1625 794 1757 847 quos
1786 782 1849 832 ad
1882 779 2174 846 perfectum

635 894 2211 921 _‘..,—___._...—_——_——————_————-———-—————

710 918 2197 944 ‘.__________________________.

625 933 702 947 ρ

2239 878 3668 902 ___________________________

2239 900 2285 902 η

2286 597 2542 657 traxerit,
2600 592 2743 660 prius
2796 592 2861 643 de
2923 587 3188 657 ambiguis
3235 586 3689 655 disputationibus
3743 586 3857 640 dis-

2284 692 2437 746 cant,
2471 689 2589 746 post
2622 679 2689 731 ab
2735 677 2819 731 his
2872 677 3070 730 veritas
3114 676 3166 730 in
3208 676 3373 743 rebus
3421 675 3860 743 mendaciumque

2283 768 2639 823 meditabitur.

3670 878 3855 893 ’θα-ρ-

3667 902 3843 915 ...ιη-ρο...

1326 1052 1591 1153 ΑΝ.
1656 1049 2131 1151 MANL.
2207 1039 2561 1143 SEV.
2622 1036 3151 1169 BOETII

811 1286 1048 1404 DE
1142 1268 2313 1407 SYLLOGISMO
2394 1265 3126 1390 HYPOTH
3158 1268 3665 1391 ETICO

1964 1485 2226 1562 LIBRI
2280 1481 2519 1555 DUO.

1792 1723 2156 1820 LIBER
2230 1715 2750 1818 PRIMUS.

2120 1880 2376 1897 .——.

698 1976 831 2031 Cum
856 1974 907 2028 in
938 1973 1183 2027 omnibus
1207 1969 1552 2041 philosolihiae
1573 1966 1871 2035 discip‘inis
1899 1964 2199 2019 ediscendis
2232 1965 2278 2023 B
2304 1957 2465 2013 certis
2489 1966 2544 2013 et
2570 1956 2948 2012 convenienter
2981 1958 3165 2026 positis
3213 1960 3657 2026 propositionibus
3695 1960 3866 2011 conti-

632 2078 789 2133 atque
852 2061 1138 2117 tractandis
1189 2075 1452 2114 summum
1502 2058 1621 2110 vita:
1672 2056 1900 2123 positum
1957 2054 2196 2106 solamen

632 2152 955 2216 existimem,
1004 2160 1112 2203 tum
1164 2148 1467 2216 jucundius,
1520 2154 1577 2199 et
1620 2144 1777 2197 veluti
1809 2157 1927 2195 cum
1972 2140 2199 2209 quodam

638 2241 811 2293 fructu
865 2240 1025 2293 etiam
1076 2237 1271 2291 laboris
1316 2236 1514 2303 arripio
1542 2247 1659 2301 qua:
1709 2240 1880 2284 tecum
1913 2228 2203 2283 communi-

635 2330 805 2384 c;inda
854 2342 1138 2397 compono.
1173 2327 1301 2380 Nam
1331 2326 1429 2380 etsi
1480 2325 1590 2392 ipsa
1645 2321 1937 2391 speculatio
1968 2320 2203 2374 veri'atis

636 2436 730 2474 sua
754 2420 982 2489 quadam
1005 2420 1181 2488 specie
1210 2416 1458 2472 sectanda
1488 2425 1590 2480 est,
1628 2414 1683 2467 fit
1722 2424 1897 2466 tamen
1926 2412 2205 2465 amabilior

637 2526 757 2564 cum
781 2510 835 2562 in
864 2524 1147 2563 commune
1175 2507 1471 2561 deducitur.
1500 2504 1710 2558 Nullum
1740 2504 1879 2555 enim
1910 2502 2102 2553 bonum
2125 2509 2207 2554 est

637 2599 778 2667 quod
810 2613 914 2651 non
946 2596 1224 2665 pulchrius
1251 2598 1536 2659 elucescat,
1583 2595 1627 2647 si
1655 2595 1997 2663 plurimorum
2024 2594 2206 2646 notitia

637 2686 1035 2754 eomprobetur.
1062 2683 1191 2737 Nam
1217 2686 1355 2752 quol
1394 2685 1523 2736 alias
1552 2684 1910 2736 taciturnitate
1934 2697 2207 2750 compres-

640 2789 779 2839 sum,
807 2773 1149 2842 jamjamque
1175 2772 1387 2827 silentio
1413 2774 1730 2841 periturum,
1775 2772 1929 2825 latius
1968 2772 2209 2826 efﬂores-

640 2867 733 2927 cit,
758 2873 809 2918 et
838 2863 1123 2918 oblivionis
1146 2864 1362 2917 interitu
1391 2862 1673 2916 scientium
1704 2862 2105 2932 participatione
2127 2862 2213 2915 de-

642 2957 893 3023 fenditur,
946 2956 1003 3011 ﬁt
1030 2971 1239 3025 quoque
1261 2954 1544 3023 jocundior
1574 2952 1885 3023 disciplina,
1920 2968 2040 3006 cunt
2074 2953 2213 3007 inter

641 3048 880 3117 ejusdem
930 3049 1202 3117 sapientia:
1233 3052 1475 3102 conscios
1520 3046 1671 3115 jubet
1709 3061 1830 3099 esse
1860 3046 2153 3111 sapientein
2189 3064 2201 3099 :

640 3141 780 3209 quod
808 3140 852 3194 si
876 3139 1088 3195 accedat
1121 3142 1202 3206 (ut
1233 3148 1405 3192 tecum
1438 3136 1565 3191 mihi
1595 3152 1735 3191 nunc
1757 3151 1843 3191 res
1872 3136 1976 3205 est)
2010 3152 2073 3190 ea
2095 3151 2213 3204 qua:

644 3239 837 3298 sponte
886 3228 1115 3298 jocunda
1140 3237 1262 3281 sunt
1289 3229 1339 3280 in
1368 3227 1613 3282 amicitia:
1645 3226 2093 3294 participationem
2121 3225 2213 3279 de-

2304 2062 2480 2105 netur.
2518 2048 2817 2116 l‘r0positio
2845 2063 2973 2101 vero
3004 2049 3178 2102 omnis
3210 2059 3297 2101 aut
3326 2050 3623 2119 categorica
3651 2060 3729 2103 est
3755 2067 3871 2118 quae

2305 2141 2643 2211 przrdicativa
2674 2139 2887 2204 dicitur,
2915 2149 3006 2192 aut
3037 2140 3372 2209 hypothctica
3404 2158 3521 2209 qute
3546 2140 3873 2195 conditiona-

2305 2232 2368 2284 lis
2400 2241 2645 2290 vocatur;
2684 2227 3022 2296 prtedicativa
3065 2237 3145 2282 est
3177 2228 3228 2281 in
3259 2243 3359 2297 qua
3387 2230 3526 2283 aliud
3560 2230 3876 2298 przedicatnr

2306 2326 2373 2379 de
2411 2324 2533 2386 alio,
2569 2324 2668 2376 hoc
2699 2321 2856 2375 modo
2890 2340 2901 2373 :
2940 2320 3101 2375 homo
3122 2322 3312 2375 animal
3350 2330 3451 2389 est,
3480 2322 3566 2376 Itlc
3592 2322 3734 2376 enim
3757 2324 3873 2373 ani—

2307 2414 2410 2467 tnal
2444 2413 2513 2467 de
2540 2410 2753 2465 homine
2780 2410 3123 2479 prtedicatutn
3146 2419 3253 2474 est;
3284 2411 3573 2481 hyputheti:
3591 2426 3620 2464 a
3649 2420 3730 2465 est
3752 2427 3873 2480 qua:

2306 2518 2426 2557 cum
2470 2501 2698 2570 quadam
2742 2499 3047 2554 conditione
3094 2498 3369 2555 denuntiat
3417 2515 3537 2555 esse
3581 2500 3779 2570 aliquid
3826 2501 3875 2553 si

2309 2594 2467 2648 fuerit
2491 2591 2654 2656 aliud,
2688 2591 2848 2645 veluti
2888 2606 3009 2645 cum
3036 2591 3107 2645 ita
3138 2592 3362 2646 dicimus
3392 2609 3405 2643 :
3434 2592 3479 2645 si
3508 2590 3625 2645 dies
3650 2600 3755 2655 est,
3790 2592 3875 2644 lux

2308 2693 2411 2737 est.
2444 2679 2803 2753 llypotheticzr
2834 2690 3009 2734 autem
3055 2682 3446 2749 propositiones
3472 2696 3535 2734 ex
3566 2681 3907 2749 categoricis:

2309 2787 2574 2845 constant,
2604 2788 2661 2833 ut
2682 2778 2836 2845 paulo
2866 2780 3129 2846 posterius
3155 2778 3449 2846 apparebit.
3481 2793 3587 2845 quo
3619 2778 3676 2831 ﬁt
3702 2787 3757 2831 ut
3777 2779 3877 2848 syl-

2312 2869 2569 2938 logismus
2608 2869 2693 2937 qui
2721 2882 2784 2922 ex
2816 2867 3133 2935 categoricis
3164 2867 3617 2936 propositionibus
3666 2868 3877 2936 junctus

2312 2970 2393 3014 est
2420 2958 2755 3028 categoricus
2784 2957 3101 3028 appelletur,
3146 2959 3195 3011 id
3244 2967 3327 3012 est
3358 2959 3733 3028 prmdicativus
3763 2960 3882 3027 qui-

2313 3050 2468 3114 dem,
2499 3048 2587 3118 qui
2617 3062 2745 3102 vero
2782 3062 2844 3102 ex
2879 3046 3235 3117 hypothetlcis
3265 3049 3716 3119 propositionibus
3754 3064 3878 3103 con-

2314 3152 2438 3207 stat,
2486 3141 2692 3194 dicatur
2731 3138 3123 3209 hypotheticus,
3176 3139 3229 3193 id
3275 3150 3357 3193 est
3398 3139 3788 3193 conditionalis.
3819 3138 3883 3192 Ut

2316 3247 2441 3300 ergo
2471 3229 2659 3284 horum
2702 3230 3134 3299 syllogismorum
3182 3228 3477 3283 diﬁ'erentia
3528 3228 3881 3298 pervideatur,

641 3323 787 3388 duci,
831 3337 1048 3376 necesse
1074 3331 1155 3375 est
1201 3320 1363 3373 studii
1416 3320 1728 3372 suavitatem
1788 3316 2018 3386 quodam
2053 3316 2208 3369 veluti
2240 3302 2284 3364 Ο
2315 3316 2597 3390 “metanda
2625 3320 2771 3389 prius
2800 3328 2882 3374 est
2910 3332 3097 3372 eorum
3144 3318 3197 3373 in
3247 3320 3667 3389 propositionum
3699 3328 3882 3372 natura

642 3413 952 3466 dulcissimo
995 3412 1230 3465 caritatis
1281 3425 1470 3479 sapore
1497 3409 1724 3463 condiri.
1758 3408 1886 3460 Nam
1917 3425 2035 3462 cum
2074 3407 2124 3459 id
2157 3408 2207 3459 in

646 3519 707 3556 se
736 3503 976 3557 obtineat
1005 3503 1234 3554 amicitia
1288 3504 1559 3570 proprium
1591 3514 1800 3564 munus,
1834 3511 1891 3553 ut
1942 3500 2071 3551 nolit
2121 3498 2211 3550 ha-

644 3594 771 3648 bere
792 3593 1058 3647 solitarias
1084 3593 1455 3659 cogitationes,
1487 3602 1609 3644 tunc
1634 3591 1774 3659 quod
1806 3591 2024 3643 honeste
2068 3590 2205 3658 quis‘

644 3698 748 3751 que
785 3681 1001 3750 cogitat,
1037 3680 1163 3733 nulli
1197 3681 1488 3748 promptius
1510 3721 1522 3739 ,
1555 3681 1651 3733 nisi
1679 3694 1832 3748 quem
1864 3679 2051 3747 diligit,
2086 3694 2213 3732 con-

647 3772 841 3825 litetur.
874 3770 990 3835 Quo
1023 3768 1215 3822 factum
1245 3777 1328 3822 est
1370 3777 1425 3822 ut
1451 3769 1609 3822 etiam
1655 3768 1698 3822 si
1731 3770 2020 3823 immernus
2066 3767 2214 3821 labor

646 3866 823 3927 empto
872 3860 1019 3928 Operi
1052 3859 1187 3911 viam
1229 3858 1477 3927 negabat,
1534 3859 1743 3912 animus
1772 3865 1949 3913 tamen
2003 3859 2069 3913 ad
2098 3857 2215 3913 efﬁ-

646 3949 892 4005 ciendum
939 3948 1081 4018 quod
1111 3962 1393 4019 aggressus
1437 3948 1608 4003 fuerat
1643 3949 1714 4003 tui
1766 3947 2215 4018 contemplatione

646 4051 934 4107 sufﬁceret.
966 4051 1100 4120 Quid
1146 4052 1287 4107 enim
1320 4066 1568 4121 magnum
1618 4050 1889 4104 studiosus
1944 4050 2018 4103 tui
2064 4062 2216 4102 amor

645 4146 905 4211 efﬁceret,
960 4146 1003 4200 si
1050 4145 1190 4200 intra
1236 4146 1505 4200 facilitatis
1553 4145 1812 4199 terminos
1840 4141 2217 4198 constitisset?

647 4236 799 4301 Quod
824 4237 986 4305 igitur
1005 4235 1143 4305 apud
1168 4236 1457 4303 scriptores
1479 4234 1692 4303 quidem
1718 4233 1933 4288 Grmcm
1963 4246 2215 4301 perquam

648 4327 954 4381 rarissimas
976 4326 1197 4379 strictim
1228 4335 1387 4394 atque
1415 4325 1656 4387 confuse,
1688 4324 1825 4393 apud
1854 4322 2071 4377 Latinos
2093 4338 2217 4377 vero

649 4415 826 4470 nullos
862 4413 1055 4483 reperi,
1088 4412 1139 4467 id
1167 4422 1266 4467 tua:
1297 4412 1532 4467 scientiae
1559 4410 1881 4475 dedicatum,
1924 4418 2107 4465 noster
2132 4419 2218 4465 et-

651 4506 694 4558 si
750 4505 1050 4567 diuturnus,
1089 4504 1251 4572 empti
1299 4512 1475 4557 tamen
1526 4499 1716 4556 efﬁcax
1765 4501 1915 4556 labor
1961 4502 2214 4557 excoluit.

654 4594 784 4647 Nam
814 4609 933 4648 cum
973 4594 1397 4663 categoricornm
1435 4591 1864 4663 syllogismorum
1891 4592 2220 4662 amplissime

656 4683 897 4738 notitiam
949 4686 1303 4753 percepisses,
1366 4682 1435 4738 de
1483 4681 1836 4753 hypotheticis
1900 4682 2221 4754 syllogismis

657 4789 801 4841 srcpc
828 4775 1126 4842 qurctebas,
1155 4776 1207 4827 in
1232 4774 1424 4842 quibus
1446 4774 1512 4828 ab
1525 4775 1812 4831 Aristotele
1842 4774 1969 4829 nihil
1992 4786 2073 4830 est
2092 4790 2222 4830 con-

652 4866 929 4932 scriptum.
956 4864 1351 4931 Theophrastus
1373 4879 1519 4933 vero,
1540 4866 1621 4918 vir
1648 4866 1821 4920 omnis
1847 4865 2103 4921 doctrina:
2128 4882 2219 4921 ca-

654 4970 777 5021 pax,
808 4969 986 5008 rerum
1011 4961 1212 5005 tantum
1243 4967 1478 5006 summas
1503 4954 1830 5022 exsequitur.
1865 4955 2129 5010 Eudemus
2155 4956 2223 5010 la-

653 5044 845 5098 tiorem
874 5042 1096 5097 docendi
1125 5041 1363 5110 graditur
1386 5042 1543 5107 viam,
1575 5044 1668 5096 sed
1700 5044 1773 5097 ita
1806 5051 1863 5095 ut
1890 5045 2052 5097 veluti
2078 5060 2219 5112 qua:-

650 5136 775 5188 dam
822 5132 1105 5188 seminaria
1155 5132 1436 5199 sparsisse,
1480 5131 1678 5185 nullum
1726 5140 1901 5185 tamen
1949 5132 2115 5201 frugis
2144 5135 2222 5188 vi-

650 5224 838 5277 deatur
891 5223 1145 5278 extulisse
1196 5232 1525 5290 proventum.
1564 5220 1669 5275 Vos
1728 5220 1909 5290 igitur,
1966 5232 2217 5290 quantum

650 5317 845 5384 ingenii
873 5315 1073 5370 viribus
1094 5322 1145 5367 et
1164 5311 1406 5366 amicitiae
1434 5319 1535 5364 tua:
1555 5310 1729 5364 studio
1758 5306 2078 5376 suﬂ'ecitnus,
2102 5328 2219 5381 qua:

649 5406 716 5457 ab
744 5404 847 5458 illis
876 5406 959 5459 vel
986 5404 1122 5458 dicta
1154 5403 1402 5467 breviter,
1438 5401 1520 5457 vel
1566 5400 1805 5456 funditus
1848 5402 2045 5457 omissa
2070 5413 2211 5470 sunt,

648 5494 965 5549 clucidanda
987 5494 1269 5562 diligenter
1290 5502 1343 5546 et
1363 5492 1628 5546 subtiliter
1654 5493 2015 5562 persequenda
2044 5507 2215 5547 susce-

653 5588 844 5647 pimus,
894 5582 944 5634 in
996 5597 1097 5649 qua
1150 5597 1208 5635 re
1255 5591 1518 5650 superata:
1568 5580 1894 5637 difﬁcultatis
1940 5580 2212 5650 prmmiutn

651 5668 784 5729 fero,
834 5670 876 5721 si
912 5670 1004 5723 tibi
1038 5684 1231 5722 munus
1262 5671 1512 5739 implesse
1558 5672 1737 5726 videar
1790 5672 2056 5735 amicitiae,
2111 5672 2211 5724 etsi

652 5772 755 5811 non
791 5760 971 5814 videar
1000 5760 1317 5815 satisfecisse
1360 5762 1631 5817 doctrinm:
1664 5764 1845 5818 Omnis
1878 5764 2215 5834 syllogismus

2312 3411 2570 3464 discretio
2596 3426 2610 3472 ;
2641 3407 2849 3464 videtur
2876 3406 3019 3463 enim
3054 3408 3106 3462 in
3132 3409 3394 3478 aliquibus
3438 3409 3883 3478 propositionibus

2312 3499 2442 3552 nihil
2472 3497 2689 3553 diﬁ'erre
2720 3499 3057 3566 praedicativa
3089 3496 3378 3569 propositio
3431 3514 3461 3552 ιι
3512 3499 3879 3563 conditionali,

2311 3592 2410 3644 nisi
2435 3600 2635 3644 tantum
2654 3594 2884 3660 quodam
2907 3592 3163 3647 orationis
3186 3593 3342 3647 modo
3376 3610 3388 3645 :
3429 3592 3573 3646 velut
3596 3596 3639 3647 si
3674 3595 3790 3662 quis
3814 3593 3884 3646 ita

2315 3692 2595 3752 proponat,
2618 3685 2779 3738 homo
2806 3685 3000 3739 animal
3023 3696 3125 3750 est,
3156 3685 3205 3737 id
3228 3685 3295 3737 ita
3324 3683 3367 3737 si
3396 3698 3580 3737 rursus
3604 3685 3879 3748 enuntiet,

2312 3776 2354 3828 si
2387 3774 2547 3827 homo
2572 3784 2689 3837 est,
2717 3771 2911 3827 animal
2940 3782 3051 3838 est;
3084 3774 3163 3827 ha:
3192 3770 3578 3843 propositiones
3613 3772 3880 3825 orationis

2313 3862 2703 3933 quodammodo
2730 3862 2955 3918 diversas
2993 3872 3155 3929 sunt,
3188 3878 3300 3917 rem
3333 3876 3459 3917 vero
3486 3876 3590 3915 non
3639 3860 3885 3915 videntur

2315 3955 2642 4025 signiﬁcasse
2676 3956 2959 4010 diversam.
3020 3956 3256 4010 Primum
3300 3955 3456 4024 igitur
3498 3952 3777 4008 dicendum
3807 3960 3890 4007 est

2316 4047 2456 4116 quod
2482 4046 2825 4116 pracdicativa
2852 4046 3146 4115 propositio
3173 4046 3280 4100 vim
3311 4060 3461 4099 suam
3494 4059 3598 4098 non
3629 4044 3681 4098 in
3706 4042 3889 4097 condi-

2317 4145 2480 4211 tione,
2507 4144 2601 4200 sed
2628 4145 2679 4198 in
2694 4145 2806 4198 sola
2832 4143 3207 4212 praedicatione
3226 4143 3523 4207 constituit,
3550 4142 3600 4196 in
3622 4140 3885 4195 conditio-

2318 4235 2424 4301 nali
2452 4249 2582 4288 vero
2601 4234 2995 4303 consequentia:
3018 4234 3153 4287 ratio
3174 4249 3237 4288 ex
3262 4233 3561 4288 conditione
3582 4231 3884 4296 suscipitur.

2319 4322 2523 4376 Rursus
2554 4323 2895 4391 praedicativa
2923 4324 3148 4392 simplex
3185 4332 3267 4378 est
3298 4323 3604 4392 propositio,
3628 4319 3887 4374 conditio-

2320 4412 2455 4466 na'is
2484 4425 2610 4464 vero
2637 4425 2757 4464 esse
2786 4425 2889 4464 non
2924 4413 3136 4480 poterit,
3167 4411 3263 4465 uisi
3292 4426 3355 4466 ex
3387 4408 3736 4479 prmdicativi.
3761 4422 3889 4477 pro-

2326 4501 2678 4571 positionibus
2720 4502 3095 4571 coniungatur,
3138 4510 3194 4555 ut
3240 4515 3361 4554 cum
3403 4500 3628 4554 dicimus
3654 4518 3667 4553 :
3692 4499 3735 4551 si
3777 4497 3891 4553 dies

2326 4602 2429 4656 est,
2464 4592 2555 4646 lux
2584 4599 2697 4655 est;
2729 4590 2843 4644 dies
2884 4602 2987 4655 est,
3016 4600 3173 4659 atque
3216 4590 3303 4643 lux
3336 4598 3436 4656 est,
3469 4588 3587 4642 dum
3622 4596 3746 4641 sunt
3775 4602 3891 4656 pro-

2327 4683 2617 4751 positiones
2648 4681 3022 4750 praedicatis-as,
3051 4681 3100 4736 id
3119 4691 3197 4736 est
3220 4680 3515 4750 simplices;
3541 4682 3604 4733 ad
3636 4679 3737 4733 hoc
3766 4678 3892 4733 illud

2329 4782 2431 4839 est,
2470 4764 2586 4842 quo
2614 4772 2845 4827 maxime
2872 4771 3170 4825 declaratur
3209 4779 3551 4837 utrorumque
3575 4768 3891 4837 praprietas,

2326 4862 2468 4931 quod
2521 4863 2858 4931 prmdicativa
2913 4861 3125 4928 quidem
3178 4858 3469 4929 propositio
3529 4857 3687 4910 habet
3733 4872 3894 4908 unum

2321 4946 2624 5021 ‘subjectum
2677 4952 2996 5015 terminum,
3044 4950 3269 5003 alterum
3316 4946 3681 5016 pra-dicatum.
3736 4945 3801 4998 Et
3846 4945 3895 4996 id

2328 5045 2467 5113 quod
2514 5045 2567 5098 in
2636 5046 2975 5114 prtedicativa
3030 5043 3390 5113 prapositione
3431 5041 3727 5111 subjicitur,
3756 5039 3897 5093 illius

2330 5132 2603 5199 suscipere
2628 5135 2834 5190 videtur
2864 5149 3055 5190 nomen
3081 5133 3221 5204 quod
3248 5132 3299 5187 in
3320 5131 3505 5186 ead-ni
3536 5130 3897 5200 prepositiono

2331 5220 2648 5290 prredicatur
2676 5224 2775 5279 hoc
2803 5226 2979 5289 modo,
3010 5235 3065 5280 ut
3090 5239 3208 5278 cum
3233 5222 3480 5287 dicimus,
3516 5223 3674 5275 homo
3701 5220 3895 5273 animal

2326 5322 2424 5375 est,
2452 5311 2610 5367 homo
2642 5314 2934 5385 subjectum
2962 5324 3065 5381 est,
3092 5314 3289 5369 animal
3320 5313 3683 5383 prmdicatum,
3713 5320 3769 5364 et
3795 5310 3895 5361 ho-

2324 5417 2410 5456 mo
2444 5401 2691 5459 animalis
2716 5406 2939 5473 suscipit
2968 5420 3184 5471 nomen,
3214 5392 3333 5459 cuin
3365 5403 3480 5473 ipse
3509 5403 3670 5457 homo
3699 5403 3893 5456 animal

2322 5507 2441 5547 esse
2497 5498 2825 5564 proponitur.
2853 5497 2921 5550 At
2950 5495 3002 5551 in
3033 5496 3115 5550 his
3146 5494 3596 5565 propositionibus
3623 5508 3741 5563 quae
3767 5506 3895 5546 con-

2321 5584 2609 5640 ditionales
2660 5587 2903 5641 dicuntur
2939 5601 3044 5641 non
3076 5586 3216 5640 idem
3257 5585 3647 5655 praedicationis
3674 5592 3755 5636 est
3782 5597 3895 5634 nm-

2318 5675 2439 5729 dus.
2472 5675 2652 5745 Neque
2676 5678 2814 5732 enim
2841 5678 3057 5731 omnino
3084 5677 3311 5731 alterum
3340 5675 3405 5729 de
3432 5675 3600 5728 altero
3632 5672 3889 5740 prmtlira-

2322 5775 2426 5834 tur,
2471 5766 2560 5821 sed
2600 5766 2649 5819 id
2695 5775 2897 5821 tantum
2938 5767 3130 5823 dicitur
3166 5781 3283 5823 esse
3312 5766 3557 5830 alterum,
3591 5765 3631 5818 si
3664 5764 3891 5817 alterum
