4290 6272
438 379 540 431 835

1537 377 1621 435 DE
1661 378 2080 438 SYLLUGISMO
2123 379 2606 440 llYl‘OTilETICO.

3581 396 3681 452 85-1

435 494 614 558 fuerit,
644 494 804 548 veluti
832 509 951 547 cum
985 494 1233 547 dicimus:
1259 491 1303 546 si
1337 494 1557 562 peperit.
1589 511 1708 546 cum
1736 495 1851 548 viro
1876 510 2002 548 con-
2032 496 2074 552 Α
2105 502 2191 545 aut
2217 495 2266 545 iu
2291 496 2594 548 conditione
2619 500 2784 564 posita
2809 504 3188 571 consequentia
3217 504 3265 558 vi
3288 507 3680 576 conjunctionis

434 585 638 648 cubuit,
689 599 794 636 non
841 584 982 636 enim
1035 593 1159 636 tunc
1205 583 1394 636 dicitur
1435 584 1606 651 ipsum
1648 585 1921 651 peperisse
1958 584 2010 636 id

439 689 561 727 esse
613 673 752 742 quod
789 683 869 726 est
905 688 1023 725 cum
1057 674 1169 725 viro
1198 673 1573 737 concumbere,
1605 673 1698 728 sed
1731 673 1780 726 id
1808 682 2010 726 tantum

441 764 754 830 preponitur
779 762 918 829 quod
951 771 1132 830 partus
1163 778 1428 830 nunquam
1456 778 1573 818 esse
1601 763 1860 832 potuisset
1910 765 2010 817 nisi

442 854 627 906 fuisset
655 867 774 906 cum
808 853 921 905 viro
951 853 1304 915 Concubitus;
1337 853 1476 921 quod
1498 853 1542 906 si
1584 854 1796 922 quando
1825 853 1876 906 in
1909 867 2010 906 una

439 942 731 1010 eademque
761 941 1184 1009 propositionum
1220 941 1517 1010 proprietas
1545 942 1848 1006 incurrerit,
1886 953 2010 995 tunc

438 1029 727 1080 secundum
774 1027 986 1078 modum
1048 1028 1336 1081 cmmtiatm
1390 1029 1770 1096 propositionis
1817 1028 2012 1081 intelli-

439 1113 593 1178 gendi
632 1113 762 1165 ratio
792 1113 990 1165 variabi
1020 1129 1082 1165 ttr
1114 1114 1214 1166 hoc
1245 1114 1422 1168 modo.
1447 1114 1576 1168 Nam
1606 1129 1726 1168 cum
1767 1113 2008 1176 dicimus,

440 1206 597 1258 homo
632 1207 826 1259 animal
867 1217 969 1270 est,
1017 1207 1433 1275 propositionem
1466 1208 1684 1262 facimus
1715 1209 2012 1277 prmdicati-

441 1310 583 1359 vam;
613 1311 674 1348 ac
701 1296 746 1348 si
776 1297 845 1348 ita
878 1311 1257 1364 proponamus,
1291 1298 1334 1350 si
1366 1297 1524 1352 homo
1551 1307 1649 1360 est,
1683 1300 1876 1352 anima.
1908 1309 2008 1365 est,

439 1389 490 1437 in
535 1386 950 1438 conditiouah-m
1005 1387 1230 1439 vertitur
1267 1388 1700 1440 enuntiationem.
1735 1388 1789 1440 In
1823 1388 2010 1456 praedi-

439 1476 607 1528 cativa
638 1475 800 1544 igitur
827 1477 877 1528 id
908 1477 1264 1543 spectabimus
1297 1479 1434 1547 quod
1471 1479 1582 1545 ipse
1624 1479 1782 1531 homo
1815 1480 2011 1533 animal

441 1565 530 1627 sit,
561 1564 612 1616 id
642 1574 721 1617 est
751 1580 907 1616 nome
932 1587 941 1614 ι
970 1566 1210 1618 animalis
1242 1567 1291 1618 in
1332 1580 1390 1620 se
1426 1568 1696 1634 suscipiat.
1739 1569 1792 1621 In
1830 1568 2012 1622 condi-

444 1655 626 1708 tionali
657 1671 784 1709 vero
805 1656 930 1709 illud
965 1657 1325 1724 intelligimus,
1371 1658 1512 1726 quod
1553 1659 1599 1711 si
1641 1658 1799 1712 fuerit
1836 1659 2010 1728 aliqua

443 1759 532 1797 res
558 1761 672 1810 qme
705 1745 862 1797 homo
890 1762 1009 1798 es<e
1039 1746 1265 1810 dicatur,
1297 1761 1514 1801 necesse
1539 1747 1605 1802 sit
1640 1748 1867 1816 aliquam
1897 1763 2008 1802 rem

2116 584 2195 636 vel
2225 585 2596 651 disjnnctionis
2644 590 2956 645 ostenditur.
2993 595 3068 646 Ac
3105 595 3292 662 prioris
3319 599 3529 666 quidem
3563 618 3685 670 pro-

2115 672 2394 738 positionis
2436 677 2736 744 exemplum
2765 688 2868 744 est,
2896 681 3056 736 veluti
3082 697 3200 738 cum
3232 699 3318 740 res
3345 702 3533 745 omnes
3561 707 3683 745 cor-

2116 761 2323 827 porales
2369 767 2606 819 materia:
2649 766 2940 838 formaeque
2980 786 3240 829 concursu
3271 778 3560 838 subsistere
3588 784 3683 838 de-

2113 858 2555 906 monstraremus.
2587 853 2733 908 Tunc
2759 857 2922 920 enim,
2952 861 3089 926 quod
3118 877 3212 928 per
3232 879 3408 921 rerum
3440 880 3677 926 naturam

2114 937 2230 991 fieri
2260 954 2364 992 non
2389 950 2582 1008 poteSt,
2613 945 2857 1012 ponimus
2888 949 2938 1000 id
2967 963 3177 1005 omnem
3210 953 3394 1011 forma:
3434 971 3676 1018 naturam

2112 1042 2141 1080 a
2167 1029 2404 1096 subjecta
2436 1035 2678 1101 materia,
2708 1036 2750 1088 si
2783 1050 2885 1090 non
2919 1053 2995 1101 re,
3027 1041 3216 1095 saltem
3249 1048 3564 1114 cogitatione
3593 1070 3679 1110 sc-

2114 1131 2391 1183 paramus;
2422 1130 2475 1174 et
2503 1125 2751 1189 quoniam
2797 1125 3019 1181 nihilex
3059 1131 3217 1184 rebus
3246 1140 3518 1201 corporeis
3549 1145 3676 1196 reli-

2113 1219 2271 1272 quum
2324 1207 2410 1272 lit,
2457 1208 2873 1268 demonstratum
2922 1226 3080 1285 atque
3124 1229 3396 1278 ostensum
3435 1238 3677 1295 putamus

2112 1293 2309 1348 eisdem
2341 1299 2777 1355 convenientibus
2815 1308 3167 1371 corporalium
3209 1326 3388 1368 rerum
3431 1293 3677 1373 substan-

2113 1382 2236 1435 tiam
2265 1385 2474 1452 confici,
2506 1389 2694 1456 quibus
2725 1406 2752 1444 a
2788 1407 2846 1446 se
2885 1394 3162 1464 disjunctis
3189 1414 3250 1454 ac
3279 1402 3678 1464 discedentibus

2111 1472 2466 1528 interimatur.
2517 1477 2572 1530 In
2621 1480 2721 1533 hoc
2769 1481 2926 1550 igitur
2964 1489 3208 1556 exemplo
3247 1495 3413 1559 posita
3447 1511 3674 1552 consen-

2113 1565 2275 1618 tiendi
2316 1567 2640 1634 conditione,
2681 1580 2738 1624 ut
2781 1572 2830 1626 id
2880 1576 3148 1645 paulisper
3193 1581 3302 1635 fieri
3355 1585 3677 1656 intelligatur

2111 1657 2248 1722 quod
2293 1657 2402 1711 fieri
2449 1674 2550 1713 non
2597 1672 2790 1730 potest,
2821 1674 2875 1718 ut
2906 1666 3091 1722 forma:
3121 1685 3149 1723 a
3178 1675 3395 1728 materia
3427 1691 3678 1745 separen-

2113 1752 2216 1809 tur,
2271 1747 2395 1814 quid
2451 1761 2802 1818 consequatur
2855 1755 3201 1823 intendimus,
3253 1765 3424 1829 perire
3474 1769 3678 1825 scilicet

442 1848 563 1886 esse
589 1849 704 1901 qua:
741 1834 936 1887 animal
965 1844 1318 1901 nuncupetur.
1350 1837 1528 1905 Itaque
1558 1837 1847 1905 propositio
1877 1853 2009 1906 prae-
2042 1839 2083 1895 Β
2111 1850 2354 1904 corpora,
2387 1848 2441 1891 ut
2468 1840 2654 1896 eadem
2696 1857 2758 1896 ex
2804 1844 2990 1899 iisdem
3029 1849 3322 1906 consistere
3361 1859 3679 1925 comprobe-

444 1922 668 1974 dicativa
703 1938 814 1975 rem
843 1937 999 1991 quam
1033 1923 1244 1991 subjicit
1284 1925 1582 1993 praedicata;
1623 1926 1698 1980 rei
1739 1927 2009 1995 suscipere

443 2027 636 2064 nomen
689 2012 944 2064 declarat.
1006 2011 1392 2066 Conditionalis
1449 2029 1575 2068 vero
1631 2015 2010 2083 propositionis

442 2101 556 2152 tunc
585 2101 850 2154 sententia
878 2110 979 2164 est,
1009 2110 1066 2154 ut
1093 2103 1162 2155 ita
1195 2102 1408 2156 demum
1441 2105 1510 2156 sit
1539 2105 1754 2173 aliquid,
1784 2106 1827 2158 si
1856 2105 2012 2159 fuerit

443 2190 690 2253 alterum,
721 2191 927 2245 etiamsi
977 2202 1219 2245 neutrum
1263 2194 1480 2247 alterius
1513 2209 1704 2249 nomen
1735 2195 2007 2264 stt-cipiat.

447 2279 519 2329 lta
567 2278 723 2345 igitur
767 2280 1214 2347 propositionibus
1251 2281 1562 2350 disgregatis
1595 2298 1658 2337 ex
1692 2285 2010 2338 enuntiatio-

445 2384 569 2422 num
600 2371 920 2438 proprietate
946 2372 1235 2440 syllog’smi
1259 2389 1466 2442 quoque
1490 2375 1801 2429 vocabulum
1830 2391 2010 2443 perce-

443 2469 654 2526 perunt,
679 2471 732 2512 ut
753 2460 839 2513 alii
862 2461 1103 2514 dicantur
1129 2462 1469 2530 przedicativi,
1494 2464 1644 2519 alii'c.
1670 2465 2006 2520 nditionales.

447 2547 577 2600 Nam
611 2550 660 2601 in
692 2549 881 2617 quibus
924 2551 1316 2618 propositiones
1360 2553 1708 2620 prmdicativze
1743 2565 1886 2620 sunt,
1918 2571 2009 2610 eos

449 2641 813 2706 praedicativos
858 2642 1197 2710 syllogismos
1244 2657 1510 2697 vocamus.
1557 2645 1612 2698 In
1654 2646 1844 2713 quibus
1883 2660 2009 2702 vero

448 2730 781 2798 liypothetica
829 2731 1119 2799 propositio
1159 2732 1325 2800 prima
1367 2740 1449 2786 est
1475 2732 1674 2803 (potest
1706 2751 1932 2805 namque
1956 2745 2010 2790 et

444 2822 735 2890 assumptio
765 2831 819 2877 et
845 2823 1121 2877 conclusio
1148 2838 1268 2877 esse
1307 2825 1691 2895 prmdicativa),
1722 2827 1773 2880 hi
1808 2838 2007 2883 tantum

446 2927 540 2979 per
579 2913 734 2967 unius
771 2914 1124 2984 hypotbetica:
1156 2915 1526 2983 propositionis
1555 2927 1794 2972 naturam
1843 2918 2009 2990 hypo-

447 3003 628 3057 thetici
656 3013 711 3058 et
736 3005 1123 3058 conditionales
1149 3005 1417 3060 dicuntur.
1459 3009 1534 3061 Ac
1573 3008 1638 3061 de
1677 3011 2009 3078 simplicibus

445 3091 679 3160 quidem,
724 3095 773 3146 id
820 3103 900 3149 est
943 3095 1008 3148 de
1050 3095 1398 3163 pra-dicativis
1443 3098 1762 3168 syllogismis
1800 3101 2007 3156 duobus

2113 1942 2250 1981 mus.
2305 1929 2434 1983 Nam
2483 1933 2730 2000 quoniam
2790 1936 3030 1993 interitus
3085 1944 3440 2010 corporalium
3495 1963 3673 2005 rerum

2111 2019 2371 2086 sequitur,
2399 2019 2520 2088 jure
2557 2022 2781 2078 dicimus
2829 2041 2914 2080 res
2957 2042 3143 2084 omnes
3185 2046 3468 2101 corporeas
3509 2039 3676 2096 forma

2111 2108 2438 2178 materiaque
2468 2113 2780 2168 consistere.
2809 2115 2911 2170 Sed
2944 2116 3243 2186 bujusmodi
3287 2128 3674 2193 propositiones

2110 2213 2227 2266 qua:
2258 2213 2320 2254 ex
2352 2204 2796 2259 consentientium
2837 2208 3139 2264 conditione
3177 2217 3509 2281 proveniunt,
3543 2221 3675 2275 nihil

2111 2289 2194 2342 his
2232 2289 2478 2344 ditl’erunt
2507 2307 2637 2361 quas
2678 2296 2944 2364 simplices
2978 2303 3288 2369 categorica:
3333 2305 3676 2364 lnstitutionis

2112 2379 2266 2447 primi
2297 2381 2416 2435 libri
2445 2391 2696 2440 tractatus
2719 2389 2974 2454 ostendit;
3004 2407 3120 2460 qua:
3147 2410 3271 2449 vero
3296 2411 3324 2450 a
3350 2400 3676 2469 simplicibus

2110 2469 2360 2526 differunt
2397 2473 2499 2526 illae
2537 2483 2680 2541 sunt,
2713 2479 2923 2546 quando
2958 2481 3153 2551 aliquid
3195 2485 3386 2541 dicitur
3426 2505 3544 2545 esse
3589 2494 3675 2547 vel

2112 2575 2216 2614 non
2247 2576 2382 2626 esse,
2411 2565 2454 2617 si
2487 2565 2608 2634 quid
2643 2566 2799 2622 fuerit
2841 2570 2922 2624 vel
2967 2587 3072 2627 non
3114 2574 3288 2631 fuerit.
3336 2578 3425 2632 Hae
3466 2595 3677 2650 semper

2111 2665 2229 2704 cum
2253 2652 2713 2719 conjunctionibus
2734 2670 3118 2728 proponuntur,
3146 2673 3201 2718 ut
3222 2680 3341 2719 cum
3361 2668 3606 2734 dicimus,
3631 2673 3677 2726 si

2113 2743 2271 2797 homo
2300 2754 2402 2811 est,
2445 2748 2640 2801 animal
2679 2759 2781 2815 est,
2824 2752 2870 2805 si
2918 2755 3176 2809 ternarias
3218 2767 3320 2823 ει,
3368 2759 3538 2828 impar
3571 2773 3674 2826 est,

2111 2833 2194 2884 vel
2241 2835 2814 2903 caatera’hujusmodi;
2850 2840 2962 2893 haec
2994 2842 3132 2896 enim
3173 2845 3242 2898 ita
3289 2859 3672 2917 praponuutur,

2111 2928 2167 2972 ut
2207 2921 2251 2973 si
2297 2923 2568 2988 quodlibet
2591 2925 2717 2978 illud
2763 2926 2938 2994 fuerit,
2974 2930 3115 2984 aliud
3154 2947 3550 3003 consequatur;
3586 2942 3669 2993 vel

2111 3021 2230 3061 cum
2277 3008 2520 3073 dicimus,
2551 3014 2595 3065 si
2644 3013 2803 3067 homo
2832 3026 2934 3080 est,
2967 3032 3134 3086 equus
3172 3035 3274 3072 non
3323 3034 3438 3086 est,
3491 3041 3674 3081 rursus

2113 3098 2198 3152 hic
2226 3099 2411 3154 eodem
2441 3102 2597 3156 modo
2627 3106 2939 3172 proponitur
2975 3109 3025 3161 in
3055 3112 3354 3177 negatione,
3383 3129 3486 3181 quo
3514 3130 3674 3184 supe-

452 3181 649 3234 libellis
677 3183 1043 3251 explicuimus,
1097 3199 1228 3254 quos
1279 3186 1348 3239 de
1397 3201 1580 3241 eorum
1629 3190 2007 3248 constitutione
2036 3184 2082 3246 C
2111 3188 2222 3243 rius
2261 3192 2310 3242 in
2337 3191 2687 3247 affirmatione
2714 3197 3144 3264 proponebatur;
3175 3202 3257 3254 hic
3286 3205 3426 3257 enim
3459 3181 3669 3273 dicitur,

447 3275 792 3329 confecimus.
859 3276 981 3330 Post
1035 3293 1159 3332 vero
1209 3279 2008 3351 simplicium.syllogismorum

443 3363 850 3431 disputationem
879 3367 1010 3422 ordo
1036 3377 1115 3422 est
1153 3377 1210 3422 ut
1240 3371 1306 3424 de
1334 3385 1438 3425 non
1482 3371 1810 3440 simplicibus
1839 3375 2012 3432 disse-

443 3469 639 3510 ramus.
666 3456 779 3510 Non
808 3457 1078 3526 simplices
1109 3473 1234 3513 vero
1263 3460 1552 3530 syllogismi
1579 3467 1813 3533 suntqui
1844 3464 2012 3536 hypo-

443 3550 621 3606 thetici
651 3552 920 3620 dicuntur,
963 3569 1096 3624 quos
1138 3555 1324 3610 Latino
1370 3557 1585 3612 nomine
1627 3558 2011 3618 conditionales

446 3657 715 3699 vocamus.
757 3646 869 3700 Non
919 3647 1187 3715 simplicee
1233 3659 1408 3703 autem
1453 3649 1718 3719 dicuntur,
1763 3652 2008 3721 quoniam

443 3749 504 3787 ex
556 3736 888 3804 simplicibus
928 3748 1190 3799 constant.
1237 3748 1395 3809 atque
1439 3743 1491 3795 in
1537 3744 1756 3797 eosdem
1797 3744 2011 3798 ultimos

445 3825 804 3894 resolvuntur,
837 3842 963 3880 cum
1019 3829 1309 3896 prmsertirn
1362 3831 1543 3898 prima:
1582 3847 1765 3886 eorum
1819 3849 2011 3902 propo-

447 3912 669 3966 sitiones
699 3914 800 3966 vim
835 3916 1059 3984 propria:
1087 3920 1481 3987 consequentiae
1504 3935 1566 3973 ex
1596 3922 1930 3989 categoricis,
1959 3922 2008 3976 id

449 4010 531 4054 est
557 4018 618 4056 ex
648 4004 991 4072 simplicibus,
1023 4008 1228 4076 capiant
1273 4010 1624 4079 syllogismis,
1649 4026 1874 4079 namque
1901 4013 2009 4081 pri-

448 4107 532 4145 ma
563 4095 850 4160 prapositio
883 4095 1197 4166 bypothet'ci
1229 4100 1539 4166 syllogismi,
1572 4101 1614 4152 si
1647 4099 1916 4154 dubitetur
1943 4116 2008 4155 an

447 4197 569 4236 vera
617 4183 704 4247 sit,
757 4185 1093 4253 prtedirativa
1147 4191 1488 4243 conclusione
1540 4190 2007 4249 dcmonstrabiur.

447 4272 751 4341 Assumptio
774 4290 900 4330 vero
925 4276 977 4328 in
1012 4278 1245 4345 pluribus
1277 4281 1447 4333 modis
1475 4281 1651 4334 talium
1679 4281 2011 4352 syllogismo-

447 4379 563 4418 rum
606 4366 938 4433 praedicativa
982 4386 1102 4425 esse
1143 4374 1753 4442 perspicitur,’itemque
1796 4376 2012 4429 concluc

446 4455 546 4521 sio,
579 4457 736 4511 veluti
767 4474 885 4512 cum
907 4461 1151 4527 dicimus,
1181 4463 1225 4516 si
1255 4463 1368 4517 dies
1383 4472 1485 4532 εει,
1516 4466 1680 4525 Ιυεει;
1714 4467 1870 4534 Atqui
1896 4465 2011 4519 dies

2109 3283 2155 3334 si
2188 3280 2286 3336 hoc
2313 3293 2415 3348 est,
2449 3283 2571 3338 illud
2603 3301 2705 3338 non
2734 3295 2850 3350 est;
2877 3299 2927 3340 et
2954 3290 3016 3342 ad
3051 3291 3188 3345 hunc
3209 3293 3420 3349 modum
3443 3307 3670 3352 eteterae.

2111 3370 2339 3426 Possunt
2365 3383 2541 3427 autem
2570 3375 2849 3443 aliquando
2871 3379 3029 3431 etiam
3065 3382 3160 3434 loc
3190 3384 3454 3438 enuntiari
3495 3389 3671 3454 modo,

2110 3475 2230 3515 cum
2255 3462 2352 3516 hoc
2377 3463 2464 3526 sit,
2490 3464 2615 3516 illud
2639 3474 2741 3529 εει,
2765 3465 2922 3520 veluti
2947 3482 3064 3521 cum
3096 3470 3339 3536 dicimus,
3368 3489 3486 3528 cum
3519 3476 3676 3532 homo

2110 3562 2209 3619 εει,
2244 3567 2271 3605 a
2298 3555 2437 3607 .imal
2467 3563 2566 3617 est,
2615 3558 2690 3610 vel
2740 3571 2860 3610 cum
2908 3559 3067 3614 homo
3100 3574 3199 3627 est,
3231 3579 3398 3633 equus
3429 3584 3531 3621 non
3562 3580 3672 3633 est;

2110 3657 2227 3710 quas
2257 3645 2547 3700 enuntiatio
2599 3648 2970 3715 propositionis
3011 3652 3247 3720 ejusdem
3291 3660 3564 3723 potestatis
3594 3673 3676 3714 est

2109 3731 2260 3799 cujus
2288 3747 2349 3787 ea
2375 3750 2492 3802 qua:
2517 3736 2614 3790 hoc
2637 3735 2795 3792 modo
2821 3743 3148 3810 proponitur,
3174 3747 3216 3798 si
3250 3732 3408 3801 homo
3434 3758 3534 3815 est,
3562 3753 3677 3804 ani-

2110 3822 2214 3875 mal
2246 3833 2347 3890 est,
2379 3826 2420 3878 si
2451 3825 2607 3882 homo
2636 3838 2735 3893 est,
2766 3844 2932 3898 equus
2958 3848 3061 3886 non
3087 3847 3187 3888 est.
3214 3836 3367 3891 Fiunt
3396 3854 3524 3894 vero
3551 3856 3674 3905 pro-

2109 3911 2399 3980 positiones
2431 3914 2780 3985 hypothetica:
2808 3922 2966 3973 etiam
3011 3937 3104 3988 per
3142 3926 3546 3992 disjunctionem
3579 3933 3670 3996 ita,

2110 4012 2200 4056 aut
2237 4004 2335 4057 hoc
2373 4016 2473 4068 est,
2503 4015 2592 4059 aut
2634 4008 2758 4060 illud
2801 4020 2902 4063 est.
2950 4011 3056 4065 Nec
3099 4015 3282 4068 eadem
3324 4018 3489 4073 videri
3520 4022 3678 4076 debet

2113 4093 2224 4145 haec
2257 4096 2540 4161 propositio
2567 4112 2683 4164 qua;
2721 4099 2962 4165 superius
3007 4101 3084 4154 sic
3127 4105 3449 4170 enuntiatur,
3489 4111 3531 4161 si
3575 4112 3674 4164 hoc

2112 4188 2213 4246 est,
2247 4179 2374 4233 illud
2406 4197 2509 4234 non
2541 4192 2638 4237 est.
2675 4183 2797 4238 "me
2826 4186 2964 4240 enim
2997 4202 3097 4241 non
3129 4201 3208 4244 est
3241 4207 3333 4259 per
3363 4193 3673 4262 disjuuctio-

2114 4286 2257 4338 nem,
2291 4273 2382 4328 sed
2415 4288 2508 4342 per
2534 4277 2888 4345 negationem.
2922 4279 3138 4350 Negatio
3174 4298 3299 4338 vero
3325 4287 3496 4339 omnis
3526 4288 3675 4342 inde-

2115 4363 2258 4417 finita
2282 4373 2383 4430 est,
2410 4375 2568 4436 atque
2597 4368 2714 4423 ideo
2743 4379 2795 4423 et
2821 4370 2870 4425 in
2899 4374 3198 4440 contrari’s,
3224 4384 3275 4430 et
3305 4377 3354 4429 in
3382 4381 3676 4433 contrario-

2115 4471 2231 4508 rum
2263 4457 2652 4526 medietatibus,
2680 4470 2731 4514 et
2759 4462 2808 4515 in
2832 4463 3109 4531 dispentis
3142 4466 3252 4520 fieri
3279 4477 3467 4535 potest.
3503 4470 3678 4540 Dispe-

440 4553 545 4609 est,
599 4545 710 4599 inec
761 4550 1053 4619 assumptio
1097 4552 1431 4617 praedicativa
1481 4564 1582 4617 est,
1631 4555 1676 4607 si
1723 4564 2005 4623 quaaratur,
2044 4534 2134 4597 θῐ

1980 4571 2005 4620 ι,
2044 4534 2091 4595 D
2119 4555 2228 4600 rata
2259 4557 2434 4601 autem
2464 4565 2524 4602 ea
2566 4564 2696 4604 voco
2735 4567 2850 4619 quae
2890 4562 3086 4606 tantum
3127 4570 3156 4608 a
3195 4571 3254 4611 se
3290 4558 3495 4614 diversa
3531 4574 3674 4627 sunt,

448 4633 785 4698 praedicativo
834 4640 1142 4707 probabitur
1193 4642 1531 4710 syllogismo,
1601 4645 1783 4708 lucet;
1853 4646 2011 4713 igitur

445 4733 732 4777 consecuta
774 4734 855 4779 est
904 4742 1088 4782 rursus
1140 4731 1473 4797 prmdicativa
1520 4733 2013 4802 conclusiozsuper

446 4809 562 4865 brec
591 4814 765 4867 omnis
808 4818 1180 4874 conditionalis
1222 4822 1513 4888 prepositio
1551 4838 1612 4876 ex
1659 4824 2012 4891 prmdicativis

447 4903 540 4970 (ut.
566 4903 766 4959 dictum
805 4910 909 4977 est)
947 4908 1207 4980 jungitur.
1239 4913 1389 4977 Quod
1434 4915 1475 4966 si
1523 4930 1586 4968 cx
1637 4915 1718 4968 his
1759 4924 1811 4970 et
1852 4916 2006 4971 ﬁdem

444 4995 676 5060 capiunt,
707 5004 760 5049 et
792 4997 1030 5053 ordinem
1065 5001 1291 5068 partium
1332 5005 1648 5069 sortiuntur,
1686 5020 1904 5060 necesse
1931 5016 2013 5061 est

445 5085 776 5153 categoricos
817 5090 1153 5158 syllogismos
1193 5094 1548 5164 bypotheticis
1577 5101 1681 5152 vim
1715 5099 2014 5153 conclusio-

446 5173 527 5226 nis
557 5176 877 5232 ministrare.
911 5181 1014 5235 Sed
1045 5186 1294 5250 quoniam
1340 5188 1407 5242 de
1455 5187 1805 5257 bypotheticis
1845 5188 2015 5256 loqui-

449 5281 589 5333 mur,
636 5269 762 5337 quid
816 5271 1080 5339 signiﬁcet
1119 5275 1427 5343 hypotbesis
1471 5279 1861 5345 praedicendum
1891 5287 2011 5334 est:

448 5355 758 5423 hypotbesis
788 5375 1037 5427 namque,
1079 5365 1215 5416 unde
1247 5364 1567 5432 bypothezici
1599 5367 1893 5436 syllogismi
1925 5381 2012 5421 ac-

443 5459 636 5512 cepere
658 5448 997 5514 vocabulum,
1020 5451 1226 5507 duobus
1255 5455 1332 5523 (ut
1361 5455 1595 5508 Eudemo
1623 5457 1815 5524 placet)
1844 5457 2016 5512 modis

449 5532 646 5585 dicitur
666 5551 678 5584 :
698 5542 786 5586 aut
809 5537 950 5591 enim
976 5541 1082 5594 tale
1102 5542 1389 5610 acquiritur
1409 5544 1602 5611 aliquid
1625 5560 1716 5612 per
1736 5545 2014 5611 quamdam

448 5622 588 5675 inter
617 5638 674 5678 se
700 5628 1142 5685 consentiendum
1172 5633 1548 5698 conditionem,
1578 5639 1714 5703 quod
1735 5636 1846 5688 ficri
1869 5638 2016 5692 nullo

449 5711 610 5768 modo
640 5714 806 5786 possit
837 5725 892 5769 ut
923 5717 988 5773 ad
1015 5732 1166 5776 suum
1196 5723 1476 5779 terminum
1517 5724 1652 5779 ratio
1675 5725 2010 5793 perducatur;

2119 4638 2256 4691 nulla
2301 4641 2674 4694 con'rarietate
2721 4645 3026 4711 pugnantia,
3079 4646 3236 4701 veluti
3289 4659 3447 4715 terra,
3496 4657 3678 4715 vestis.

2118 4728 2274 4796 ignis,
2307 4738 2360 4781 et
2389 4739 2599 4784 ca-tera.
2631 4730 2759 4784 Nam
2785 4733 2829 4785 si
2863 4734 3035 4787 album
3064 4747 3168 4804 est,
3201 4740 3404 4808 nigrum
3437 4759 3539 4796 non
3568 4755 3678 4810 est;

2116 4819 2161 4872 si
2188 4818 2362 4872 album
2387 4827 2488 4881 est,
2521 4821 2736 4875 rubrum
2769 4837 2872 4877 non
2895 4835 3004 4889 est;
3035 4827 3079 4880 si
3102 4828 3374 4897 disciplina
3399 4844 3498 4893 est.
3526 4835 3682 4889 Ιιοιιιυ

2115 4923 2221 4962 non
2249 4916 2350 4962 est.
2381 4909 2448 4962 At
2478 4910 2528 4963 in
2557 4925 2614 4964 ea
2647 4927 2764 4980 qua:
2796 4929 2889 4981 per
2914 4916 3318 4984 disjunctionem
3352 4923 3428 4987 fit,
3461 4926 3680 4979 alteram

2119 5013 2330 5067 semper
2355 5003 2473 5067 poni
2503 5016 2718 5057 necesse
2745 5016 2825 5058 est
2854 5006 2951 5059 hoc
2973 5009 3147 5072 modo,
3175 5022 3262 5065 aut
3288 5012 3422 5079 dies,
3445 5025 3535 5068 aut
3556 5033 3679 5078 nox;

2119 5090 2257 5159 quod
2288 5090 2334 5145 si
2360 5106 2420 5145 ea
2446 5103 2628 5146 cuncta
2657 5110 2775 5163 qua:
2813 5111 2906 5165 per
2945 5101 3273 5167 negationem
3305 5103 3404 5155 dici
3437 5110 3684 5160 cooveuit

2120 5184 2183 5234 ad
2225 5182 2632 5251 disjunctionem
2673 5186 3072 5254 transferamus,
3107 5194 3242 5245 ratio
3277 5210 3380 5247 non
3424 5199 3681 5262 procedit.

2119 5271 2252 5337 Quid
2282 5273 2422 5327 enim
2453 5275 2495 5327 si
2525 5276 2642 5343 quis
2671 5277 2829 5338 dicat,
2862 5287 2952 5331 aut
2981 5280 3157 5333 albqu
3190 5292 3290 5347 est,
3325 5295 3414 5336 aut
3451 5289 3680 5354 nigrum,

2121 5373 2211 5415 aut
2253 5364 2430 5417 album
2474 5374 2575 5429 est,
2616 5375 2706 5417 aut
2753 5368 2989 5431 rubrum,
3032 5380 3118 5421 aut
3163 5371 3433 5438 disciplina
3466 5386 3564 5437 est,
3597 5387 3687 5428 aut

2121 5458 2277 5509 homo
2305 5455 2461 5510 ?ﬁeri
2508 5457 2647 5509 enim
2699 5467 2869 5525 potest
2909 5469 2964 5511 ut
3003 5461 3132 5512 nihil
3173 5462 3242 5514 sit
3284 5463 3490 5518 horum.
3528 5467 3688 5533 Igitur

2117 5549 2366 5615 quoniam
2408 5565 2502 5617 per
2529 5548 2936 5618 disjuuctiouem
2969 5554 3258 5619 propositio
3293 5556 3342 5608 in
3375 5558 3536 5612 certis
3567 5569 3686 5613 tau-

2120 5649 2227 5692 tum
2256 5640 2415 5692 rebus
2448 5640 2496 5691 in
2528 5639 2717 5706 quibus
2744 5640 2965 5694 alterum
2997 5656 3180 5696 eorum
3212 5646 3424 5700 evenire
3468 5666 3686 5704 necesse

2117 5742 2199 5787 est
2232 5732 2463 5801 pooitur,
2498 5731 2595 5787 hoc
2625 5741 2800 5787 autem
2844 5750 2937 5802 per
2980 5738 3312 5804 negationem
3343 5754 3508 5811 sepai:
3534 5748 3602 5799 tio
3635 5750 3684 5806 in
