4290 6272
623 366 726 422 855

1857 365 1964 419 AN.
2009 366 2209 420 nam.
2253 351 2405 422 sEv.
2447 365 2668 422 nomn

3779 374 3880 428 εῑιι

621 464 868 519 omnibus
896 461 1054 516 etiam
1084 458 1165 513 his
1187 471 1305 526 qua;
1329 471 1478 509 suam
1510 455 1666 508 etiam
1700 457 1923 510 invicem
1953 466 2194 516 naturam
2228 465 2277 523 Α
2301 458 2526 512 cunilam
2545 475 2674 515 νει-ο
2689 473 2990 528 conscquen
3019 470 3208 524 cm,.ut
3227 461 3278 514 in
3309 462 3490 526 .hac,si
3515 462 3630 518 dits
3647 476 3751 529 est,
3785 465 3874 520 lux

624 571 730 610 non
777 554 1045 622 perimunt
1091 549 1211 617 poni
1255 555 1445 614 potest,
1490 556 1671 615 aperta
1717 547 1920 600 ratione
1969 546 2199 600 discreta

621 652 722 698 est.
777 640 966 696 Omnis
1017 639 1175 707 igitur
1229 636 1564 706 bypothetica
1621 635 1912 703 propositio
1967 636 2052 688 vel
2107 649 2202 702 per

620 735 1012 786 conuexioneut
1049 732 1104 782 lit
1138 730 1254 798 (per
1293 727 1678 783 connexionem
1711 739 1840 780 vero
1878 725 2023 778 illum
2064 740 2201 792 quo-

541 802 549 808 ’
621 839 725 895 que
758 823 972 876 modum
1003 821 1092 891 qui
1135 835 1229 888 per
1272 819 1602 885 negationem
1637 817 1692 868 lit
1719 830 1839 870 esse
1871 813 2197 882 pronuntio),

623 919 706 970 vel
739 932 831 984 per
859 913 1308 984 disjunctionem;
1342 919 1566 976 uterque
1594 907 1735 959 enim
1769 905 1958 960 modus
1983 921 2044 958 ex
2076 905 2202 964 sim-

625 1009 852 1078 plicibus
877 1002 1322 1074 propositionibus
1344 1005 1702 1065 comparatur.
1723 995 2004 1063 Simplices
2025 1004 2201 1047 autem

627 1099 1017 1168 prepositioues
1071 1102 1191 1147 sunt
1237 1106 1368 1160 quas
1412 1089 1782 1158 praedicativas
1829 1086 2002 1155 primo
2050 1083 2204 1136 insti-

632 1188 849 1242 tutionis
872 1185 1196 1251 Categoricm
1221 1182 1356 1234 libro
1384 1180 1638 1232 diximus.
1673 1176 1761 1228 lla:
1791 1188 1917 1227 vero
1941 1181 2204 1227 suntcum

632 1277 827 1346 aliquid
868 1277 933 1328 de
981 1276 1157 1341 aliquo
1211 1270 1552 1340 prasdicatur,
1605 1267 1686 1319 vel
1736 1263 2071 1323 afﬁrmando,
2123 1261 2206 1314 Vel

628 1368 892 1440 negando,
922 1377 977 1419 ut
1007 1365 1120 1418 dies
1145 1374 1247 1428 est,
1278 1363 1365 1416 lux
1396 1369 1495 1416 est.
1526 1359 1659 1426 Αιεί
1700 1357 1783 1410 his
1818 1355 1994 1410 media
2023 1353 2208 1407 condi-

631 1461 704 1516 tio
751 1458 1087 1519 interveniat,
1126 1456 1236 1520 liet,
1280 1453 1323 1506 si
1359 1452 1472 1505 dies
1502 1460 1606 1516 est,
1641 1450 1731 1501 lux
1776 1457 1878 1511 est,
1912 1445 2073 1514 ﬁtque
2106 1457 2207 1496 una

630 1549 966 1618 hypothetica
993 1544 1284 1614 propositio
1313 1557 1377 1596 ex
1418 1540 1624 1595 duabus
1664 1536 1979 1605 categoricis
2001 1537 2204 1604 juncta.

631 1639 736 1694 Sed
766 1639 1014 1706 quoniam
1056 1634 1229 1688 omnis
1269 1631 1495 1700 simplex
1536 1628 1831 1698 propositio
1858 1627 1940 1680 vel
1970 1625 2211 1679 affirma-

628 1730 757 1794 tiva,
790 1728 872 1780 vel
906 1725 1144 1794 negativa
1176 1731 1278 1790 est,
1302 1729 1530 1790 quatuor
1570 1718 1744 1772 modis
1790 1731 1884 1787 per
1912 1715 2204 1770 connexio-

2303 559 2417 611 est,
2461 549 2843 616 prmcedentem
2875 551 2978 602 diri
3004 566 3248 604 noscam
3301 568 3422 620 qua:
3468 553 3628 620 dicit,
3675 556 3722 609 si
3762 557 3881 610 dies

2302 648 2404 700 est.
2454 649 2865 707 consequentem
2916 657 3042 695 vero
3072 653 3302 710 partem,
3327 644 3411 697 lux
3443 654 3543 699 εει.
3575 647 3632 700 In
3671 649 3878 717 disjnn—

2293 732 2456 784 ctivis
2489 745 2618 784 vero
2668 733 3118 800 propositionibus
3154 734 3288 786 ordo
3317 737 3631 790 enuntiandi
3679 754 3884 806 prame-

2302 820 2517 874 dentem
2558 822 2644 875 vel
2673 831 3084 889 consequentem
3119 822 3265 888 facit,
3300 833 3352 876 ut
3387 834 3484 880 aut
3506 826 3622 882 dies
3651 837 3754 894 est,
3789 839 3883 882 aut

2304 926 2407 963 nox
2433 921 2532 964 est.
2560 911 2684 963 Nam
2718 927 2835 979 quae
2863 913 3030 980 prima
3062 915 3376 981 proponitur
3398 917 3732 986 prmcedens,
3757 933 3880 988 qua:

2305 1002 2568 1070 posterior
2595 1017 2928 1071 consequens
2954 1004 3269 1070 appellatur.
3292 1003 3370 1057 Ac
3391 1004 3459 1058 de
3489 1009 3729 1074 partibus
3759 1011 3880 1078 qni-

2292 1093 2426 1146 dem
2471 1092 2926 1161 hypotheticarum
2979 1095 3400 1162 propositionum
3431 1099 3525 1149 ista
3571 1099 3874 1153 sufﬁciunt.

2306 1181 2438 1234 Illud
2470 1196 2611 1235 nunc
2633 1181 3018 1248 eXpediendum
3039 1183 3268 1248 videtur,
3300 1185 3441 1253 quod
3462 1188 3620 1240 etiam
3653 1189 3720 1241 ab
3751 1190 3880 1242 Ari-

2307 1272 2496 1325 st0telc
2523 1271 2730 1324 dicitur.
2767 1271 2908 1325 Idem
2931 1286 3051 1324 cum
3077 1274 3151 1326 sit
3180 1283 3233 1327 et
3259 1289 3362 1326 non
3393 1276 3481 1340 sit,
3509 1291 3612 1329 non
3649 1293 3876 1332 necesse

2308 1370 2390 1414 est
2421 1360 2559 1413 idem
2589 1373 2726 1423 esse,
2758 1360 2918 1413 veluti
2946 1375 3067 1413 cum
3089 1361 3158 1413 sit
3180 1378 3234 1428 a,
3260 1363 3305 1415 si
3332 1362 3530 1417 idcirco
3550 1379 3773 1418 necesse
3795 1377 3879 1416 est

2305 1465 2428 1505 esse
2461 1453 2523 1515 b;
2553 1449 2690 1504 idem
2720 1466 2752 1502 a
2788 1450 2832 1502 si
2863 1465 2967 1502 non
3021 1451 3106 1515 sit,
3141 1465 3498 1506 non-necesse
3542 1462 3624 1506 est
3664 1467 3784 1507 esse
3822 1454 3873 1516 ὑ,

2311 1541 2506 1594 idcirco
2536 1541 2784 1608 quoniam
2832 1554 2936 1592 non
2968 1548 3054 1593 est
3076 1557 3126 1593 a.
3164 1540 3243 1594 Ad
3287 1541 3589 1608 huiusmodi
3640 1557 3769 1595 vero
3798 1542 3874 1596 rei

2307 1629 3282 1696 demonstrationemimpossibilitatis
3335 1629 3584 1686 diffinitio
3642 1635 3875 1699 prmmit-

2308 1721 2464 1775 tenda
2495 1730 2594 1788 est,
2637 1735 2756 1789 quae
2795 1728 2878 1773 est
2909 1719 3231 1789 hujusmodi.
3287 1720 3617 1789 lmpossibile
3654 1733 3735 1777 est
3769 1739 3874 1792 quo

629 1839 750 1878 nem
801 1821 913 1875 ﬁeri
966 1817 1320 1888 hypotheticaa
1375 1812 1765 1883 propositiones
1818 1818 2058 1878 possunt,
2114 1800 2203 1860 aut
2236 1825 2281 1884 Β
2311 1811 2482 1882 posito
2506 1812 2704 1880 aliquid
2740 1810 2931 1865 falsum
2958 1821 3120 1878 atque
3145 1811 3480 1880 impossibile
3513 1813 3875 1868 committatur

630 1914 772 1967 enim
811 1926 875 1964 ex
915 1908 1120 1962 duabus
1159 1905 1515 1969 afﬂrmativis,
1545 1911 1636 1955 aut
1665 1916 1731 1954 ex
1768 1899 1970 1952 duabus
2003 1898 2206 1967 negati-

628 2011 728 2073 vis,
759 2016 851 2062 aut
877 2022 938 2059 ex
963 2003 1274 2057 aliirmativa
1305 2009 1357 2054 et
1388 1997 1645 2068 negativa,
1673 2003 1766 2048 aut
1786 2009 1853 2048 ex
1884 1993 2126 2062 negativa
2155 1997 2208 2045 et

628 2100 970 2154 altirmativa.
1003 2097 1198 2151 [larum
1230 2093 1463 2147 omnium
1490 2089 1732 2158 exempla
1759 2087 2034 2141 subdenda
2059 2094 2205 2150 sunt,

631 2206 740 2261 quo
785 2189 838 2243 id
881 2187 1018 2257 quod
1050 2186 1276 2240 dicimus
1307 2182 1504 2238 clarius
1546 2181 1865 2233 innotescat.
1898 2177 1972 2230 Ex
2003 2175 2208 2230 duabus

629 2282 988 2344 aiﬁrmativis,
1020 2278 1065 2333 si
1095 2278 1211 2332 dies
1237 2284 1338 2339 est,
1365 2275 1454 2327 lux
1477 2284 1585 2334 rsz;
1613 2287 1674 2325 ex
1697 2269 1902 2323 duabus
1924 2268 2204 2337 negativis,

636 2375 683 2429 si
713 2388 819 2428 non
849 2381 932 2427 est
961 2369 1175 2434 animal,
1208 2382 1314 2421 non
1345 2375 1426 2420 est
1464 2365 1651 2427 homo;
1701 2376 1765 2414 ex
1797 2357 2110 2413 a’lirmativa
2157 2365 2209 2410 et

636 2470 898 2537 negativa,
939 2467 981 2518 si
1023 2465 1137 2518 dies
1179 2471 1280 2525 est,
1329 2477 1431 2515 n-rx
1472 2474 1576 2512 non
1621 2466 1720 2511 est.
1767 2455 1840 2508 Ex
1882 2453 2123 2521 ueéativa
2157 2459 2208 2503 ct

633 2562 972 2622 afﬁrmativa,
1006 2558 1052 2611 si
1082 2558 1194 2610 dies
1235 2571 1337 2607 non
1381 2561 1480 2616 est,
1528 2564 1630 2603 nox
1679 2557 1778 2602 est.
1824 2544 1927 2600 Sed
1959 2543 2206 2613 quoniam

633 2650 830 2704 dictum
877 2655 958 2700 est
1004 2644 1140 2698 idem
1187 2641 1471 2709 ‘signiiicari
1505 2639 1550 2692 si
1579 2636 1952 2705 conjunctione
1983 2643 2036 2687 et
2064 2648 2207 2695 cum,

630 2739 845 2811 quando
872 2738 924 2792 in
957 2731 1311 2805 hypOtheticis
1343 2727 1788 2798 propositionibus
1817 2725 2050 2794 ponitur,
2078 2722 2209 2774 duc-

633 2831 734 2885 bus
781 2827 952 2882 modis
998 2821 1383 2879 conditionales
1416 2818 1527 2872 ﬁeri
1574 2825 1792 2885 possunt
1825 2832 1837 2867 :
1869 2824 1975 2867 uno
2021 2825 2206 2865 secun-

633 2921 759 2975 dum
807 2917 1087 2983 accidens,
1135 2914 1304 2967 altero
1353 2922 1410 2964 ut
1458 2909 1686 2962 habeant
1733 2906 1958 2971 aliquam
2008 2911 2209 2954 naturze

631 3011 1089 3082 consequentiam.
1140 3003 1445 3060 Secundum
1493 2999 1739 3054 accidens
1788 2999 1886 3048 hoc
1933 2992 2109 3056 modo,
2153 2999 2208 3044 ut

630 3122 752 3160 cum
784 3104 1031 3163 dicimus,
1069 3111 1188 3151 cum
1240 3093 1374 3163 ignis
1421 3091 1627 3145 calidus
1665 3088 1755 3153 sit,
1788 3086 1979 3140 coelum
2022 3093 2206 3135 rotun-

2307 1917 2373 1957 eo
2395 1903 2608 1955 nomine
2629 1900 2768 1970 quod
2793 1899 3124 1968 impossibile
3147 1902 3392 1967 primitus
3414 1903 3734 1968 propositum
3753 1902 3867 1956 fuit.

2309 1992 2391 2046 Sit
2419 1993 2580 2061 igitur
2608 1993 2834 2061 pasitum
2867 2008 2986 2045 cum
3013 1991 3080 2044 sit
3111 2009 3144 2044 a
3167 2006 3288 2046 esse
3317 1993 3367 2058 ὁ,
3394 1992 3443 2045 id
3471 2003 3555 2047 est
3577 1993 3708 2047 hanc
3731 1993 3873 2049 inter

2308 2098 2339 2134 a
2365 2095 2417 2136 ct
2455 2083 2481 2133 ὸ
2514 2097 2545 2136 ε
2576 2096 2634 2136 εε
2677 2081 3114 2149 consequentiam
3136 2123 3150 2146 ,
3185 2091 3238 2135 ut
3287 2083 3331 2138 si
3363 2097 3673 2137 concessum
3716 2085 3877 2139 fuerit

2299 2187 2428 2226 esse
2457 2188 2506 2236 α,
2531 2187 2750 2227 necesse
2767 2174 2836 2224 sit
2863 2173 3160 2227 concedere
3189 2187 3310 2228 esse
3330 2173 3378 2226 ὸ.
3409 2174 3586 2242 Itaque
3611 2191 3876 2244 propona-

2311 2273 2395 2317 tur
2424 2264 2468 2318 si
2499 2281 2529 2316 a
2551 2271 2653 2328 est,
2688 2264 2715 2315 ὁ
2743 2273 2845 2331 εει,
2873 2264 2992 2317 dico
3021 2265 3139 2333 quia
3170 2265 3217 2317 si
3237 2281 3269 2317 α
3289 2280 3392 2318 non
3436 2265 3615 2332 fuerit,
3649 2281 3751 2320 non
3780 2283 3875 2321 ne-

2309 2370 2371 2409 ce
2402 2369 2462 2408 se
2486 2365 2564 2408 est
2589 2370 2710 2409 esse
2740 2356 2788 2408 b.
2830 2357 2905 2410 Ac
2936 2356 3163 2425 primum
3191 2371 3306 2426 quas
3345 2358 3410 2410 sit
3450 2359 3869 2426 propositionum

2308 2446 3145 2513 consequentiaconsideremus.
3182 2446 3236 2500 Si
3263 2446 3402 2500 enim
3434 2446 3590 2499 fuerit
3615 2448 3720 2501 tale
3741 2463 3872 2501 con-

2305 2533 2564 2602 junczum,
2595 2541 2650 2587 ut
2691 2535 2734 2587 si
2781 2535 2927 2599 sita,
2976 2533 3131 2588 etiam
3169 2533 3197 2586 b
3225 2548 3342 2588 esse
3370 2548 3591 2589 necesse
3619 2536 3725 2601 sit;
3757 2537 3803 2590 si
3840 2538 3869 2589 ll

2309 2625 2521 2680 Ioniae
2556 2627 2612 2691 it,
2641 2626 2799 2679 etiam
2823 2644 2852 2679 a
2879 2642 2980 2680 non
3011 2641 3129 2680 esse
3151 2641 3365 2682 necesse
3390 2638 3502 2693 est;
3535 2629 3672 2699 quod
3693 2646 3759 2684 ex
3783 2631 3873 2685 tali

2307 2715 2761 2770 demonstratione
2789 2718 3146 2785 cognoscitur,
3172 2718 3215 2771 si
3245 2717 3385 2787 sita,
3419 2734 3638 2775 necesse
3660 2723 3873 2778 sit-esse

2309 2802 2360 2868 Ι),
2387 2802 2507 2858 dico
2537 2804 2657 2872 quia
2702 2804 2744 2856 si
2773 2804 2801 2856 ὁ
2840 2819 2944 2859 non
2991 2806 3082 2870 sit,
3116 2823 3148 2858 a
3181 2823 3284 2860 non
3327 2807 3450 2860 erit.
3485 2807 3702 2862 Ponitur
3731 2809 3871 2865 enim

2309 2907 2412 2946 non
2442 2907 2562 2947 esse
2588 2893 2636 2955 θ,
2661 2895 2813 2953 et_,sit
2840 2893 2882 2946 si
2911 2893 3020 2948 fieri
3063 2903 3234 2962 potest
3263 2912 3316 2951 a.
3346 2895 3451 2950 Sed
3478 2895 3676 2950 dictum
3697 2907 3793 2962 est,
3823 2899 3868 2952 si

2307 2984 2468 3049 sita,
2495 2984 2798 3039 necessario
2827 2985 3044 3038 concedi
3070 3000 3212 3039 -εεςε
3251 2986 3300 3040 b.
3343 2985 3476 3039 Cum
3518 2987 3588 3039 sit
3623 2988 3780 3057 igitur
3809 2990 3869 3058 ὁ,

2309 3092 2414 3130 non
2447 3077 2550 3129 erit
2577 3076 2628 3129 ὁ.
2661 3075 2790 3129 Nam
2819 3076 2938 3145 quia
2984 3075 3226 3143 ponimus
3273 3091 3376 3129 non
3403 3091 3524 3130 esse
3551 3078 3607 3141 ὁ,
3645 3094 3746 3132 non
3771 3078 3871 3134 erit

631 3197 758 3251 dum
797 3203 899 3247 εει.
947 3190 1059 3244 Non
1110 3186 1251 3240 enim
1302 3183 1424 3251 quia
1463 3181 1597 3250 ignis
1636 3177 1838 3232 calidus
1871 3185 1972 3238 εει,
2011 3169 2200 3226 cmliim
2231 3173 2274 3234 C
2311 3171 2357 3232 tv,
2392 3166 2512 3235 quia
2541 3182 2670 3220 vero
2695 3167 2938 3236 ponimus
2966 3181 3085 3219 esse
3111 3183 3176 3229 a,
3198 3167 3302 3220 erit
3324 3172 3359 3240 ι)
3386 3183 3406 3231 ;
3435 3167 3536 3220 erit
3563 3167 3720 3238 igitur
3741 3168 3770 3221 ὁ
3813 3181 3872 3222 ac

633 3286 915 3342 rotundum
946 3292 1046 3346 est,
1080 3279 1172 3334 sed
1204 3277 1253 3331 id
1295 3277 1408 3328 haec
1457 3271 1747 3342 propositio
1789 3267 2052 3334 designat,
2083 3264 2200 3331 quia

633 3392 739 3446 quo
762 3385 1000 3441 tempore
1023 3371 1156 3439 ignis
1177 3367 1376 3421 calidus
1398 3374 1498 3429 est,
1530 3363 1715 3416 eodem
1743 3371 1982 3426 tempore
2008 3356 2204 3446 caelum

636 3444 846 3534 quoque
871 3459 1152 3513 rotundum
1182 3463 1281 3509 est.
1316 3455 1453 3508 Sunt
1493 3463 1669 3504 autem
1699 3448 1814 3500 aliae
1855 3459 1973 3513 qua;
2008 3444 2205 3534 habent

634 3533 702 3608 ad
736 3566 795 3607 se
824 3546 1257 3616 consequentiam
1288 3553 1521 3604 naturae;
1552 3540 1738 3591 harum
1769 3549 1982 3604 quoque
2010 3533 2203 3600 duplex

634 3645 827 3700 modus
857 3652 957 3705 est,
994 3652 1128 3691 unus
1148 3650 1268 3690 cum
1294 3647 1514 3687 necesse
1540 3639 1621 3683 est
1643 3627 1919 3695 consequi,
1943 3641 2001 3678 ea
2028 3637 2204 3677 tamen

635 3739 750 3806 ipsa
794 3728 1172 3799 consequentia
1221 3741 1325 3779 non
1369 3738 1462 3793 per
1491 3721 1839 3776 termiuorum
1885 3717 2202 3786 positionem

639 3829 738 3889 ﬁt;
771 3824 901 3876 alius
932 3833 1060 3874 vero
1085 3831 1204 3871 cum
1235 3815 1292 3868 ﬁt
1319 3811 1699 3881 consequentia
1740 3822 1833 3877 per
1857 3806 2202 3860 terminorum

636 3916 976 3987 positionem.
1011 3909 1086 3964 Ac
1111 3907 1300 3976 prioris
1328 3904 1543 3974 quidem
1590 3900 1729 3954 modi
1761 3897 2064 3964 exemplum
2098 3903 2201 3987 est,

635 3984 695 4060 ut
722 4006 791 4059 ita
821 4003 1078 4064 dicamus,
1106 4012 1225 4052 cum
1258 3995 1418 4049 homo
1441 3993 1529 4057 sit,
1562 3989 1754 4045 animal
1778 3998 1892 4055 εει,
1929 3988 2042 4040 hinc
2061 3984 2204 4039 enim

634 4097 1010 4166 consequentia
1061 4093 1376 4148 inconcussa
1419 4089 1641 4140 veritate
1686 4093 1770 4138 est
1809 4081 2056 4136 subnixa.
2101 4076 2206 4132 Sed

636 4206 744 4247 non
774 4187 972 4242 idcirco
1003 4183 1197 4236 animal
1226 4189 1307 4234 cst
1341 4178 1464 4248 quia
1487 4176 1644 4229 homo
1670 4181 1751 4228 est
1772 4213 1788 4240 ,
1819 4187 1921 4224 non
1961 4169 2102 4224 enim
2129 4168 2208 4222 id-

634 4283 780 4337 circo
804 4291 972 4349 genus
993 4284 1074 4328 est
1095 4273 1213 4341 quia
1241 4271 1446 4338 species
1467 4277 1568 4334 est,
1599 4264 1694 4319 sed
1716 4263 1941 4317 fortasse
1958 4276 1986 4315 a
2011 4273 2209 4329 genere

635 4376 950 4449 principium
978 4366 1511 4436 ducitur,.magisque
1536 4363 1782 4418 essentia:
1806 4375 1963 4414 causa
1987 4374 2052 4412 ex
2088 4357 2207 4410 uni-

639 4469 934 4524 versalibus
963 4463 1098 4518 trahi
1123 4468 1316 4530 potest,
1347 4467 1402 4511 ut
1427 4457 1626 4511 idcirco
1658 4456 1726 4508 sit
1750 4455 1913 4508 .homo
1943 4452 2065 4521 quia
2092 4450 2208 4503 ani-

2308 3272 2413 3312 non
2441 3258 2562 3323 erit,
2586 3257 2722 3327 quod
2747 3256 2861 3311 ﬁeri
2887 3271 2989 3310 non
3013 3266 3207 3325 poteSt.
3241 3257 3574 3326 Impossibile
3601 3270 3679 3312 est
3715 3259 3872 3328 igitur

2268 3372 2273 3377 -
2303 3366 2417 3404 non
2434 3365 2553 3404 esse
2583 3352 2610 3403 b
2630 3361 2681 3405 et
2696 3364 2816 3405 esse
2837 3366 2887 3400 a.
2915 3350 2978 3403 Et
2998 3348 3449 3404 demonstratione
3469 3350 3686 3420 quidem
3718 3351 3868 3404 ﬁrma

2306 3439 2383 3494 sic
2413 3440 2622 3493 utin-ur.
2658 3439 2910 3508 Exemplo
2937 3452 3062 3493 vero
3092 3439 3140 3492 id
3165 3439 3355 3492 clarius
3384 3439 3677 3494 innotescet
3703 3456 3716 3493 :
3744 3454 3867 3494 nam

2299 3528 2352 3587 si
2379 3537 2460 3582 est
2498 3530 2677 3596 homo,
2709 3538 2790 3584 cst
2809 3530 3002 3583 animal
3030 3546 3044 3594 ;
3070 3530 3115 3583 si
3148 3544 3250 3583 non
3280 3535 3361 3583 est
3381 3529 3594 3593 animal,
3629 3543 3738 3582 non
3785 3536 3872 3582 est

2309 3617 2486 3672 homo.
2513 3617 2624 3671 Non
2653 3633 2779 3672 vero
2799 3619 2842 3672 si
2869 3619 3028 3673 homo
3061 3635 3162 3672 non
3193 3619 3370 3683 fuerit,
3403 3617 3598 3671 animal
3629 3633 3738 3670 non
3765 3626 3871 3682 est,

2310 3707 2473 3759 multa
2512 3708 2651 3761 enim
2681 3709 2805 3761 Sunt
2850 3709 3094 3762 animalia
3144 3723 3261 3778 qum
3309 3708 3548 3762 homines
3579 3721 3683 3760 non
3717 3717 3865 3762 sunt.

2308 3793 2486 3863 itaque
2532 3796 2584 3849 in
2613 3797 2992 3864 consequentia
3040 3797 3417 3866 propositionis
3456 3796 3786 3864 conjunctae,
3815 3796 3862 3849 si

2309 3893 2390 3939 est
2421 3886 2671 3953 primum,
2697 3889 2988 3942 secundum
3032 3904 3152 3943 esse
3197 3902 3420 3942 necesse
3446 3897 3560 3954 est,
3594 3887 3639 3941 si
3681 3900 3873 3941 secun-

2311 3970 2434 4026 dum
2457 3988 2558 4026 non
2589 3973 2765 4038 fuerit,
2791 3991 2896 4028 non
2917 3977 3018 4030 erit
3044 3977 3272 4044 primum
3303 3993 3317 4039 ;
3342 3988 3396 4030 at
3419 3991 3547 4032 vero
3576 3978 3621 4030 si
3649 3973 3876 4044 pi'imum

2311 4078 2416 4116 non
2439 4063 2614 4131 fuerit,
2640 4049 2742 4118 non
2771 4080 2987 4122 necesse
3017 4077 3095 4122 est
3119 4075 3305 4122 utnon
3334 4061 3402 4121 s'it
3429 4069 3747 4133 secundum,
3779 4084 3874 4124 nec

2314 4177 2437 4216 vero
2465 4177 2684 4216 necesse
2713 4173 2794 4217 est
2815 4173 2872 4217 ut
2898 4164 2985 4220 sit.
3018 4163 3068 4217 id
3092 4165 3233 4218 enim
3259 4163 3730 4231 demonstrandum
3754 4179 3874 4218 esse

2313 4253 2510 4307 dudum
2543 4255 2692 4307 nobis
2715 4255 3044 4323 propositum
3071 4255 3189 4310 fuit.
3224 4256 3302 4310 Sit
3331 4257 3472 4310 enim
3495 4271 3546 4320 a,
3578 4254 3732 4323 idque
3753 4269 3872 4308 cum

2314 4345 2388 4407 tit,
2424 4360 2640 4399 necesse
2667 4345 2732 4399 sit
2762 4360 2880 4400 esse
2901 4347 2950 4413 ιι,
2975 4348 3094 4402 dico
3131 4349 3252 4418 quia
3286 4349 3329 4402 si
3361 4363 3468 4402 non
3501 4347 3738 4413 fuerit‘a,
3769 4362 3875 4401 non

2315 4448 2529 4489 necesse
2557 4445 2637 4489 est
2665 4451 2784 4491 esse
2806 4436 2856 4500 ιι,
2885 4452 2982 4492 nec
3012 4439 3060 4494 id
3094 4439 3216 4494 dico
3242 4440 3490 4509 quoniam
3512 4440 3556 4493 si
3583 4454 3688 4493 non
3713 4439 3878 4493 fuerit

637 4563 739 4615 mal
771 4569 872 4614 est.
903 4558 1072 4611 Causa
1113 4555 1253 4608 cnim
1285 4550 1482 4621 speciei
1511 4565 1680 4619 genus
1703 4557 1804 4614 est,
1835 4557 1888 4599 at
1919 4545 2006 4614 qui
2039 4543 2166 4597 dicit
2189 4560 2206 4595 ς
2239 4535 2288 4594 D
2314 4541 2331 4577 ι

2189 4560 2206 4595 ς
2239 4535 2288 4594 ι)
2314 4541 2374 4591 a,
2406 4540 2621 4580 necesse
2665 4536 2744 4581 est
2779 4542 2883 4581 non
2915 4543 3034 4584 esse
3062 4531 3111 4596 b,
3145 4530 3236 4584 scd
3270 4541 3472 4584 tantum
3518 4545 3624 4583 nou
3658 4543 3877 4584 necesse

635 4664 756 4705 cum
800 4649 957 4702 homo
989 4647 1091 4706 sit,
1123 4643 1314 4698 animal
1362 4649 1472 4704 est,
1506 4641 1701 4694 rectam
1737 4651 1797 4691 ac
1845 4634 2202 4691 necessariam

635 4738 1065 4806 consequentiam
1099 4735 1258 4797 facit;
1291 4746 1385 4800 per
1424 4731 1769 4784 terminorum
1812 4742 1940 4781 vero
1985 4726 2211 4794 positio-

641 4849 760 4888 nem
792 4831 911 4884 talis
955 4825 1334 4894 consequentia
1382 4837 1484 4874 non
1536 4821 1792 4888 procedit.
1847 4819 1980 4872 Sunt
2031 4827 2206 4870 autem

638 4925 758 4979 alia:
788 4919 1141 4992 hypothetica:
1173 4913 1561 4981 propositioiics
1600 4913 1649 4963 in
1691 4909 1882 4977 quibus
1925 4917 1981 4962 et
2014 4921 2206 4961 conse-

641 5015 852 5086 quentia
886 5008 1181 5065 necessaria
1211 5005 1524 5072 reperietur,
1554 5011 1607 5054 et
1629 5001 1793 5066 ipsius
1816 4999 2208 5065 consequentia:

611 5151 614 5154 ,
641 5122 852 5162 causam
888 5101 1230 5157 tei'minornm
1257 5091 1449 5161 positio
1467 5090 1528 5143 fa:
1551 5091 1591 5143 it
1624 5090 1724 5140 hoc
1749 5087 1906 5139 modo
1934 5103 1948 5140 ε
1978 5087 2020 5138 si
2055 5095 2209 5140 terrm

644 5199 801 5250 fuerit
829 5195 1085 5260 obiectus,
1113 5184 1340 5241 defectio
1365 5183 1502 5235 luna:
1523 5180 1894 5246 consequitur;
1926 5179 2039 5230 haec
2068 5180 2207 5230 en':m

640 5284 1016 5352 consequentia
1051 5293 1167 5332 rara
1197 5285 1295 5337 est,
1331 5283 1383 5327 et
1422 5273 1622 5326 idcirco
1654 5269 1878 5322 defectio
1911 5268 2052 5321 lunm
2079 5282 2208 5352 con-

636 5351 901 5446 sequitur,
928 5373 1048 5440 quia
1082 5379 1235 5421 trrra:
1283 5364 1570 5420 intervenit
1600 5361 1859 5429 objectns.
1898 5360 2021 5415 ista:
2054 5351 2209 5429 igitur

633 5475 759 5519 sunt
803 5461 1194 5530 prepositioncs
1224 5467 1384 5508 certa:
1409 5464 1565 5522 atque
1596 5450 1750 5505 utiles
1775 5451 1838 5504 ad
1870 5451 2209 5505 demonstra-

636 5561 861 5612 tionem.
915 5555 1177 5607 Pnrtintnr
1207 5561 1380 5603 autem
1411 5549 1795 5619 propositiones
1843 5546 2210 5618 ltypotheticas

573 5659 576 5661 λ
639 5648 849 5699 induas
876 5661 936 5697 ac
957 5639 1226 5707 simplices
1249 5641 1652 5707 propositiones,
1678 5647 1730 5692 et
1753 5641 1973 5707 primam
1997 5635 2206 5704 quidem

637 5737 722 5790 cui
759 5733 1062 5801 c0njuuctio
1096 5731 1404 5796 proponitur
1431 5731 1817 5799 prmcedentcm
1849 5729 2095 5791 dicimus,
2128 5740 2209 5777 ιε-

2315 4627 2397 4672 εει
2425 4631 2543 4673 εεεε
2599 4619 2626 4670 b
2645 4635 2663 4684 ;
2693 4634 2812 4673 nam
2858 4620 2977 4688 quia
3009 4621 3306 4689 pauloiante
3327 4620 3748 4674 demonstratum
3780 4629 3879 4682 est,

2315 4709 2358 4762 si
2401 4708 2428 4760 b
2459 4724 2562 4762 non
2603 4708 2786 4774 fuerit,
2823 4710 3124 4765 necessari.)
3157 4723 3262 4764 non
3311 4725 3428 4764 esse
3455 4727 3517 4772 a,
3552 4711 3593 4763 si
3637 4709 3881 4764 eumdem

2313 4797 2342 4849 b
2376 4799 2657 4852 terminum
2700 4815 2803 4854 non
2853 4815 2974 4854 esse
3013 4800 3310 4869 Contigerit,
3341 4815 3444 4852 non
3477 4801 3576 4852 erit
3608 4817 3658 4853 rt.
3692 4799 3794 4852 Sed
3840 4797 3883 4850 si

2313 4900 2431 4942 cum
2463 4904 2563 4942 non
2587 4891 2654 4942 sit
2675 4907 2724 4953 ιι,
2757 4904 2974 4942 necesse
2999 4897 3079 4942 est
3107 4903 3226 4944 esse
3252 4889 3300 4954 ὁ,
3328 4887 3464 4942 idem
3495 4888 3522 4940 b
3552 4903 3617 4941 cit
3651 4887 3878 4941 necessi-

2314 4983 2419 5029 tate
2441 4977 2560 5041 crit,
2585 4994 2647 5030 ac
2676 4995 2781 5032 non
2808 4979 2927 5033 erit.
2957 4977 3088 5031 Nam
3111 4978 3232 5047 quia
3259 4978 3286 5029 ιγ
3311 4981 3594 5031 terminum
3629 4993 3731 5030 non
3755 4991 3878 5030 esse

2313 5081 2587 5148 contingit,
2615 5095 2718 5134 non
2749 5083 2868 5134 erit.
2905 5081 3038 5146 Quia
3065 5097 3188 5134 vero
3219 5082 3264 5134 si
3289 5094 3456 5132 a-non
3489 5078 3665 5142 fuerit,
3703 5078 3730 5130 b
3761 5089 3881 5130 esse

2315 5184 2533 5222 necesse
2562 5171 2661 5221 crit
2685 5211 2699 5235 ,
2730 5171 2867 5225 idem
2903 5173 3061 5240 igitur
3085 5173 3109 5224 li
3137 5172 3395 5224 terminus
3419 5170 3519 5223 erit
3544 5185 3605 5222 ac
3631 5184 3735 5221 non
3759 5168 3879 5228 crit,

2313 5261 2449 5328 quod
2497 5270 2578 5315 Gil
2611 5262 2953 5329 impossibile.
3009 5265 3083 5317 Ex
3119 5265 3199 5317 his
3243 5264 3405 5332 igitur
3457 5262 3880 5314 demonstratum

2311 5374 2431 5414 esse
2462 5361 2707 5424 arbitror,
2744 5362 2794 5414 in
2825 5363 3206 5430 consequentia
3251 5359 3593 5428 ltypothetica
3636 5356 3878 5426 promsi-

2311 5454 2471 5517 tionc,
2517 5452 2662 5505 sisit
2695 5454 2920 5519 primum
2975 5453 3228 5520 consequi
3267 5460 3326 5504 ut
3379 5451 3447 5504 sit
3469 5448 3800 5509 secundum;
3837 5445 3885 5499 si

2312 5560 2414 5594 non
2464 5544 2532 5595 sit
2563 5544 2877 5606 secundum,
2924 5544 3177 5610 consequi
3220 5550 3409 5595 utnon
3455 5541 3522 5592 sit
3545 5538 3806 5608 primum;
3833 5535 3880 5588 si

2314 5647 2434 5682 vero
2467 5649 2568 5684 non
2601 5633 2919 5700 sit'primum
2941 5672 2955 5696 .
2993 5647 3094 5686 non
3127 5631 3380 5700 consequi
3411 5638 3468 5683 ut
3509 5629 3578 5681 sit
3622 5627 3708 5681 vel
3773 5639 3877 5677 non

2313 5723 2374 5775 sit
2410 5724 2854 5777 secundum..\'am
2880 5735 2928 5777 et
2961 5725 3088 5776 i‘linl
3115 5736 3356 5791 appare',
3387 5723 3430 5776 si
3458 5722 3526 5774 sit
3550 5719 3880 5780 secundum,
