4290 6272
403 366 507 418 837

1485 360 1572 412 DE
1613 357 2028 416 SYI.|.OGiS-MU
2068 356 2565 414 HYPUTHETILO.

2478 219 2487 246 Ι

3464 359 3472 367 ”
3501 356 3510 375 ³
3530 362 3652 420 ’838

411 495 515 533 non
548 477 803 545 consequi
844 485 900 529 ιιι
939 477 1008 532 sit
1051 475 1133 529 vel
1184 489 1286 527 non
1332 473 1400 532 sit
1442 472 1668 540 primum
1694 511 1708 533 ,
1742 480 1797 524 ut
1829 472 1884 525 in
1919 485 1978 524 ea
2013 473 2054 527 Λ
2086 485 2243 536 quem
2275 471 2444 524 locum
2476 473 2526 523 in
2557 471 2640 525 bis
2665 473 3114 542 propositionibus
3143 475 3500 546 hypotheticis
3531 493 3652 548 quas

412 569 774 638 propositione
805 582 922 634 qua:
961 575 1074 630 est,
1115 567 1160 618 si
1206 565 1360 617 homo
1405 571 1520 623 est,
1548 561 1748 615 animal
1787 571 1899 625 est,
1934 561 1977 613 si

412 660 607 714 animal
641 661 728 720 sit,
765 672 867 710 non
891 656 1237 722 consequitur
1266 663 1323 707 ut
1352 655 1421 708 sit
1452 653 1612 707 homo
1639 653 1722 706 vel
1745 668 1853 706 non
1877 654 1977 716 sit;

415 749 556 817 quod
584 748 626 800 si
659 747 886 814 primum
921 761 1025 800 non
1056 747 1153 806 sit,
1188 760 1290 798 non
1334 744 1676 813 consequitur
1704 752 1761 797 ut
1789 757 1979 796 neces-

418 841 560 894 sario
583 839 652 891 sit
683 838 765 892 vel
799 852 902 892 non
935 835 1004 890 sit
1031 835 1323 889 secundum
1349 850 1363 896 ;
1391 835 1535 888 velut
1559 834 1610 887 in
1643 833 1828 887 eadem
1856 847 1980 900 pro-

421 921 697 997 positione,
722 929 768 982 si
801 928 958 982 homo
989 941 1092 979 n0n
1118 925 1295 987 t'tterit,
1321 941 1424 980 non
1457 938 1676 978 necesse
1707 933 1788 978 est
1818 932 1871 976 ut
1895 931 1985 976 aut

421 1024 491 1074 sit
525 1019 738 1078 animal.
775 1026 862 1070 aut
887 1031 990 1069 non
1020 1015 1108 1068 sit.
1147 1014 1224 1074 Ex
1253 1014 1500 1068 omnibus
1533 1014 1690 1081 igitur
1715 1011 1843 1066 sola:
1865 1011 1984 1064 dua:

421 1106 815 1174 censequentiae
838 1105 1058 1158 stabiles
1073 1113 1215 1167 sunt,
1232 1115 1286 1156 et
1303 1102 1701 1156 itnmutabiliter
1717 1109 1980 1154 constant:

421 1197 466 1251 si
497 1196 566 1250 sit
594 1195 852 1262 primum,
897 1202 954 1248 ut
985 1201 1343 1260 consequatur
1392 1199 1448 1244 ut
1477 1192 1546 1244 sit
1575 1189 1905 1252 secundum;
1941 1189 1984 1241 si

421 1285 710 1340 secundum
738 1301 842 1338 non
867 1286 1052 1347 fuerit,
1086 1283 1393 1337 necessario
1420 1282 1672 1346 consequi
1705 1290 1758 1334 ut
1786 1294 1890 1334 non
1915 1279 1986 1331 sit

427 1379 681 1446 primum.
738 1377 830 1430 llis
861 1379 1038 1444 itaque
1083 1375 1466 1437 determinetis,
1492 1373 1617 1426 illud
1661 1371 1942 1439 adjungam
1970 1409 1985 1435 ,

421 1468 672 1536 quoniam
701 1481 821 1522 cum
871 1466 1045 1518 omnis
1076 1464 1408 1534 hypothetica
1443 1461 1736 1531 propositio
1763 1461 1986 1529 simplex

425 1572 532 1610 non
564 1557 652 1622 sit,
689 1564 847 1625 atque
875 1569 938 1610 ex
989 1555 1106 1611 aliis
1139 1552 1586 1622 propositionibus
1614 1552 1985 1618 conjnugatur,

427 1661 549 1703 sunt
596 1660 769 1703 tamen
821 1647 1176 1717 bypothetica:
1223 1645 1466 1712 quani-am
1499 1658 1636 1711 qum,
1685 1643 1729 1695 si
1774 1643 1989 1710 reliquis

427 1738 889 1800 conditionalibus,
905 1747 1202 1802 comparem
1218 1751 1276 1786 ur
1289 1734 1575 1800 simplices,
1593 1733 1721 1785 exist
1733 1732 1980 1785 imentur.

2079 574 2146 610 ex
2167 552 2498 626 simplicibus
2519 570 2783 624 constant,
2819 563 2948 629 ipsa:
2967 565 3238 638 sirppliees
3259 567 3653 635 propositiones

2082 658 2284 714 tenent,
2311 650 2558 704 eumdem
2589 651 2639 703 in
2671 651 2750 705 his
2781 655 3230 722 prepositiouibus
3257 673 3376 726 quae
3399 668 3526 712 sunt
3559 659 3657 730 hy-

2083 740 2370 804 potheticte.
2393 755 2458 793 ex
2499 739 2854 808 hypotheticis
2878 754 3208 810 constantes,
3249 748 3351 800 illa:
3389 750 3652 803 conditio-

2074 842 2178 881 nes
2235 837 2416 882 tenent
2447 830 2640 898 quibus
2669 829 2772 884 illae
2797 833 3186 899 pr0positiones
3208 836 3346 890 inter
3373 852 3433 891 se
3453 839 3655 906 junctae

2083 924 2138 970 et
2158 917 2420 985 copulata:
2470 933 2590 972 esse
2618 919 2885 973 dicuntur.
2918 921 3046 974 Nam
3079 923 3261 978 iubae
3292 929 3656 994 propositione

2084 1025 2203 1077 quae
2223 1010 2370 1075 dicit,
2406 1013 2449 1064 si
2481 1020 2564 1064 est
2593 1028 2643 1074 a,
2674 1021 2758 1065 est
2786 1012 2844 1076 ὁ,
2867 1021 2918 1064 ει
2951 1013 3004 1066 in
3031 1028 3093 1066 ea
3115 1029 3242 1081 quae
3283 1017 3428 1082 dicit,
3459 1020 3502 1072 si
3532 1035 3650 1073 cum

2086 1098 2156 1151 sit
2185 1115 2235 1162 a,
2271 1107 2353 1154 est
2382 1099 2434 1162 b,
2463 1115 2582 1154 cum
2607 1101 2676 1154 sit
2702 1117 2750 1166 ε,
2781 1109 2863 1155 est
2891 1102 2948 1164 ά,
2978 1116 3134 1168 quem
3166 1103 3340 1156 locum
3364 1105 3417 1157 in
3443 1121 3504 1159 ea
3535 1123 3654 1174 pro-

2089 1189 2353 1255 positione
2381 1203 2498 1256 qute
2527 1204 2589 1243 ex
2621 1190 2830 1244 duabus
2873 1190 3204 1258 simplicibus
3246 1193 3548 1247 continetur
3579 1203 3656 1248 te-

2089 1285 2200 1343 net,
2233 1293 2292 1330 ea
2325 1293 2442 1346 quae
2474 1280 2620 1346 prior
2647 1290 2751 1344 est,
2771 1280 2815 1333 si
2843 1289 2928 1333 est
2945 1296 2998 1344 α,
3031 1281 3277 1335 eumdem
3312 1282 3482 1335 locum
3514 1292 3660 1338 tenet

2089 1367 2141 1420 in
2169 1383 2232 1422 ea
2266 1370 2628 1436 propositione
2656 1384 2775 1438 quae
2816 1384 2879 1422 ex
2911 1369 3118 1424 duabus
3151 1369 3508 1438 hypothetieis
3537 1383 3659 1440 pro-

2090 1461 2440 1526 positionibus
2469 1461 2766 1530 ceptilatur,
2807 1475 2867 1514 ea
2895 1475 3013 1529 qua:
3045 1463 3191 1529 prior
3219 1472 3318 1526 est,
3350 1466 3394 1517 si
3424 1479 3544 1518 cum
3575 1473 3658 1519 est

2075 1565 2139 1609 -a,
2172 1557 2256 1600 est
2282 1549 2332 1600 ὁ.
2357 1549 2454 1603 ilic
2484 1565 2711 1617 namque
2741 1551 2966 1604 duarum
2995 1553 3130 1605 infer
3153 1567 3211 1605 se
3234 1554 3655 1622 propositionum

2090 1637 2479 1706 conjunctionis
2538 1640 2843 1694 conditione
2913 1640 3050 1694 facta
3110 1650 3192 1694 est
3237 1647 3656 1712 consequentia.

2094 1728 2326 1798 Itemque
2365 1745 2520 1796 quam
2549 1731 2651 1783 vim
2691 1730 2893 1784 obtinet
2923 1745 2991 1785 ex
3020 1732 3256 1800 utrisque
3287 1735 3661 1801 propositioni-

430 1829 613 1881 Omnis
645 1825 784 1879 enim
814 1823 1187 1880 conditionalis
1217 1822 1510 1890 propositio
1531 1831 1622 1874 aut
1649 1836 1883 1887 connexa
1909 1831 1988 1874 est
2013 1810 2064 1867 Β
2091 1820 2190 1873 bus
2211 1821 2474 1887 copulata:
2506 1820 2864 1890 hypotheticae
2893 1835 3122 1889 sequens
3146 1823 3318 1890 portio
3344 1839 3460 1892 QURB
3499 1824 3662 1880 infer-

427 1929 512 1970 aut
555 1918 848 1985 disjuucta;
880 1914 960 1968 hac
989 1929 1116 1968 vero
1149 1915 1395 1982 quoniam
1426 1928 1488 1966 ex
1519 1913 1867 1980 prwdicativis
1895 1929 1988 1967 co-

433 2009 708 2077 pulantur,
744 2009 793 2059 in
824 2006 1079 2060 connexis
1129 2003 1578 2072 propositionibus
1623 2013 1848 2071 quatuor
1877 2003 1988 2056 ﬁeri

433 2111 590 2150 neces
620 2111 649 2150 e
679 2102 759 2148 est
809 2093 967 2162 hujus
991 2093 1342 2162 copulatiouis
1384 2093 1593 2147 modos.
1627 2092 1858 2162 Namque
1892 2093 1990 2162 hy-

397 2231 402 2236 .
433 2184 692 2252 pothctica
726 2184 1014 2252 propositio
1040 2191 1130 2234 aut
1171 2198 1238 2237 ex
1283 2182 1485 2236 duabus
1511 2183 1839 2250 simplicibus
1867 2199 2002 2252 cou-I

425 2276 606 2340 ju..cta
637 2283 736 2334 est,
768 2283 818 2325 ct
843 2281 1056 2325 vocatur
1087 2271 1308 2339 simplex
1339 2271 1702 2340 bypothetica,
1749 2280 1805 2325 ut
1837 2272 1949 2325 lure
1975 2291 1986 2323 :

392 2370 394 2374 '
429 2366 526 2416 sia
554 2371 653 2424 est,
689 2363 717 2422 ὁ
744 2373 847 2426 εει,
880 2362 1038 2416 veluti
1068 2377 1188 2415 cum
1221 2361 1460 2423 dicimus,
1488 2362 1528 2414 si
1564 2363 1722 2414 homo
1748 2371 1846 2416 est.
1878 2363 1991 2414 ani-

429 2455 670 2517 malest,
719 2454 878 2509 homo
919 2455 1063 2508 enim
1109 2462 1208 2520 est,
1239 2464 1289 2508 et
1319 2453 1514 2506 animal
1563 2463 1678 2516 est,
1712 2453 1830 2507 dute
1869 2463 1991 2506 sunt

410 2544 698 2611 simplices
727 2543 1148 2611 propositiones;
1176 2551 1265 2595 aut
1307 2557 1372 2596 ex
1401 2542 1604 2597 duabus
1638 2542 1990 2612 hypothetic's

429 2633 722 2700 copulatur,
757 2642 810 2687 et
837 2633 1372 2700 diciturcomposita,
1398 2633 1557 2687 veluti
1587 2649 1707 2686 cum
1737 2634 1984 2699 dicimus,

428 2721 471 2774 si
502 2737 618 2774 cum
667 2739 696 2773 a
725 2731 824 2786 est,
861 2725 887 2774 b
909 2731 1011 2786 est,
1044 2737 1162 2776 cum
1191 2723 1254 2776 sit
1283 2739 1330 2788 ε,
1360 2731 1442 2776 est
1467 2724 1520 2786 d,
1554 2725 1714 2777 veluti
1746 2737 1865 2777 eum
1901 2733 1920 2776 ι
1956 2725 1987 2776 ii

430 2814 786 2881 prapositioue
817 2815 1171 2877 enuntiamns,
1207 2814 1252 2867 si
1298 2829 1418 2867 cum
1471 2815 1628 2868 homo
1657 2824 1760 2877 est,
1793 2816 1988 2868 animal

427 2913 530 2973 est,
579 2919 696 2957 cum
731 2904 800 2956 sit
838 2917 1030 2970 corpus
1077 2904 1176 2956 crit
1205 2903 1528 2962 substantia.
1557 2903 1761 2956 Etenim
1793 2904 1836 2956 si
1869 2919 1986 2956 cum

427 2993 584 3046 homo
613 3003 714 3056 est,
739 2993 930 3046 animal
949 3002 1052 3055 est,
1073 3007 1171 3043 una
1196 3001 1276 3044 est
1302 2991 1638 3060 ljypotbctica
1667 3007 1679 3056 ;
1711 2993 1809 3045 alia
1836 3008 1982 3056 vero,

425 3099 545 3136 cum
577 3085 646 3137 sit
671 3098 861 3152 corpus
890 3083 1182 3136 substantia
1213 3092 1314 3147 εει,
1343 3097 1405 3135 ex
1443 3083 1632 3149 quibus
1654 3081 1989 3152 conjungitur

2075 1921 2197 1974 ‘tur,
2227 1911 2276 1962 id
2304 1923 2380 1964 est
2411 1926 2529 1964 esse
2543 1913 2591 1975 ὁ,
2614 1911 2858 1965 eamdem
2883 1912 2986 1965 vim
3009 1913 3208 1966 obtinet
3230 1914 3280 1966 in
3302 1917 3661 1983 propositione

2091 2017 2155 2056 ex
2183 2002 2537 2070 hypothcticis
2561 2001 2744 2069 juncta
2773 2018 2832 2056 ea
2865 2017 2984 2071 qua:
3034 2005 3295 2070 sequitur,
3343 2005 3390 2058 id
3428 2017 3509 2059 est
3537 2021 3659 2062 cum

2091 2094 2159 2147 sit
2187 2109 2242 2156 c,
2276 2107 2394 2146 esse
2426 2095 2496 2157 d;
2527 2104 2685 2160 atque
2733 2095 2781 2147 id
2818 2102 3020 2146 tantum
3055 2093 3259 2158 διαίτη,
3293 2097 3413 2164 quia
3456 2113 3573 2151 cum
3605 2099 3660 2153 in

2093 2184 2264 2250 prima
2296 2183 2660 2249 proreositione
2685 2199 2748 2236 ex
2802 2183 3130 2251 simplicibus
3157 2183 3341 2252 juncta
3370 2187 3660 2254 propositio

2095 2273 2507 2340 propositionem
2540 2282 2811 2340 sequatur.
2848 2273 2899 2326 in
2945 2273 3176 2328 secunda
3209 2276 3570 2342 propositione
3595 2293 3661 2330 ex

2096 2353 2451 2431 hypotheticis
2464 2363 2644 2431 juncta
2673 2363 2910 2416 conditio
2924 2365 3317 2432 consequentia.-
3340 2366 3662 2421 conditionis

2093 2455 2531 2520 consequentiam
2549 2453 2852 2508 comitatur.
2876 2453 3013 2507 Nihil
3033 2457 3176 2509 enim
3201 2465 3285 2509 est
3305 2456 3662 2524 aliuddicere,

2093 2545 2185 2596 sia
2211 2552 2313 2608 est,
2349 2543 2376 2595 ὸ
2399 2554 2502 2611 εει,
2529 2559 2686 2611 qttam
2709 2544 2753 2596 ei
2777 2544 3235 2612 propositioui'per
3257 2535 3412 2614 quam
3439 2546 3664 2600 dicimus

2093 2648 2253 2686 e-sea
2277 2633 2418 2685 illaut
2433 2633 2809 2686 essecomitem
2828 2649 2918 2700 per
2930 2649 3028 2703 qua
3056 2634 3258 2689 n-bcsse
3277 2635 3662 2703 praedicamus;

2092 2733 2146 2775 at
2187 2724 2236 2776 in
2280 2738 2338 2777 ea
2382 2725 2744 2792 prepositionc
2789 2741 2905 2792 ιιιιίε
2947 2742 3009 2779 ex
3056 2726 3410 2794 hypntlteticis
3452 2727 3664 2782 inducta

2093 2821 2175 2866 est
2203 2828 2320 2865 cum
2352 2813 2546 2866 dicimu
2600 2854 2614 2878 ,
2641 2813 2682 2866 si
2713 2827 2828 2866 cu.n
2861 2815 3013 2880 sita,
3042 2825 3120 2868 est
3147 2815 3175 2865 b
3195 2853 3209 2879 ,
3242 2829 3362 2868 cum
3392 2815 3462 2868 sit
3490 2833 3518 2868 c
3545 2832 3663 2870 esse

2093 2901 2127 2953 d
2147 2943 2160 2964 ,
2191 2901 2313 2953 illud
2344 2901 2556 2967 dicitur,
2578 2903 2626 2955 ei
2655 2905 3050 2971 consequentia:
3076 2920 3190 2970 (ιιιεε
3218 2905 3354 2957 inter
3377 2920 3407 2955 a
3431 2914 3483 2958 et
3509 2905 3536 2956 ὁ
3557 2915 3662 2971 εει,

2094 3007 2208 3046 eam
2254 3006 2371 3045 esse
2411 2992 2845 3059 consequentiam
2886 2992 3134 3044 comitem
3183 3007 3298 3060 qua:
3341 3001 3423 3046 est
3463 2995 3600 3046 inter
3638 3010 3666 3046 c

2093 3090 2147 3133 et
2176 3081 2248 3149 d,|
2273 3092 2319 3132 ta
2354 3091 2407 3131 ut
2434 3080 2474 3132 si
2503 3090 2772 3148 sequetur,
2807 3079 2976 3148 posito
3003 3094 3035 3131 a
3064 3095 3182 3133 esse
3214 3081 3270 3145 b,
3305 3091 3656 3149 consequatur

428 3189 527 3225 una
563 3173 850 3240 propositio
879 3187 994 3240 qua:
1047 3173 1338 3240 composita
1372 3181 1724 3240 nuncupatur.
1781 3177 1885 3227 Aut
1924 3189 1985 3228 ex
2018 3169 2061 3228 C
2095 3174 2210 3228 sine
2240 3173 2398 3226 dubio
2427 3189 2453 3224 c
2485 3175 2654 3240 posito
2682 3187 2802 3226 esse
2832 3173 2883 3224 ά.
2919 3175 2986 3226 At
3017 3176 3066 3226 in
3099 3173 3179 3227 his
3208 3174 3655 3242 propositionibus

398 3278 532 3324 ,uua
589 3262 816 3330 simplici
844 3273 896 3316 et
917 3277 979 3315 ex
1011 3278 1110 3314 una
1145 3262 1478 3329 hypotlietiCa
1518 3262 1815 3330 cepulatur,
1844 3263 1988 3316 velut

428 3354 574 3405 ltrc:
607 3353 649 3406 si
679 3370 710 3405 α
735 3362 813 3407 εει
856 3368 976 3406 cum.
1004 3354 1072 3405 sit
1095 3353 1141 3416 ι»,
1176 3363 1256 3407 εει
1283 3369 1329 3415 c,
1376 3353 1534 3406 veluti
1565 3368 1684 3407 cum
1722 3355 1946 3409 dicimus
1973 3395 1987 3417 ,

401 3445 466 3514 _si
493 3444 650 3497 homo
675 3451 758 3498 est
784 3458 902 3497 cum
943 3443 1020 3496 sit
1041 3444 1257 3507 animal,
1289 3453 1369 3498 est
1399 3445 1714 3499 substantia.
1748 3445 1983 3516 Namque

428 3536 583 3588 homo
613 3543 694 3588 est
737 3533 957 3602 simplex
990 3534 1300 3602 prepositio,
1352 3549 1472 3588 cum
1519 3535 1588 3591 sit
1633 3537 1825 3592 animal
1869 3554 1988 3592 esse

427 3627 797 3691 substantiam,
823 3627 1169 3696 hypothetica.
1193 3641 1253 3680 ex
1298 3625 1408 3694 ipsa
1438 3632 1816 3697 consequentia
1862 3644 1988 3683 con-

426 3717 640 3772 ditiouis
691 3716 1009 3770 ostenditur.
1067 3717 1167 3768 Aut
1211 3731 1277 3769 ex
1335 3716 1508 3782 priore
1559 3717 1898 3785 hypothetiea
1935 3730 1988 3774 et

425 3808 648 3875 simplici
682 3808 976 3875 posteriore
1002 3807 1363 3876 committitur,
1403 3816 1460 3859 ut
1503 3822 1620 3861 cum
1649 3808 1871 3863 dicimus
1901 3828 1914 3862 :
1945 3813 1985 3864 si

423 3911 545 3950 cum
571 3897 719 3962 sita,
748 3904 828 3948 est
871 3895 929 3960 b,
961 3896 1057 3948 erit
1079 3903 1133 3948 et
1158 3911 1204 3958 c,
1239 3895 1398 3949 veluti
1445 3896 1544 3950 hoe
1572 3899 1756 3960 modo,
1789 3901 1835 3953 si
1866 3916 1984 3952 cum

427 3986 498 4039 sit
527 3985 708 4051 homo,
743 3984 937 4038 animal
967 3994 1048 4038 est
1076 3993 1128 4038 et
1156 4001 1366 4053 corpus,
1395 3989 1730 4057 liypothetica
1759 4007 1986 4059 namque

403 4084 510 4128 .est
540 4087 602 4126 ea
629 4088 744 4142 qua:
768 4074 1032 4142 proponit,
1059 4075 1102 4128 si
1141 4090 1258 4128 cum
1306 4078 1375 4130 sit
1406 4078 1584 4141 homo,
1628 4080 1820 4132 animal
1863 4096 1935 4134 est
1973 4099 1984 4144 ;

423 4166 646 4234 simplex
682 4166 942 4233 posterior
976 4182 1092 4233 qum
1153 4168 1284 4220 hanc
1315 4168 1710 4237 liypotheticnm
1746 4174 1986 4239 proposi-

427 4258 623 4311 tioncm
653 4257 914 4325 sequitur,
938 4257 986 4309 id
1013 4268 1091 4310 cst
1113 4274 1306 4327 corpus
1338 4274 1487 4313 esse:
1522 4261 1606 4312 ha:
1627 4276 1833 4330 quoque
1859 4277 1991 4330 quu-

425 4347 566 4398 niatn
601 4362 702 4399 non
743 4361 804 4399 ex
834 4346 1161 4414 simplicibus
1202 4348 1462 4416 capulata:
1494 4357 1637 4411 sunt,
1682 4351 1988 4418 composita:

419 4439 690 4491 dicuntur.
738 4438 841 4492 Sed
893 4440 1097 4506 priores
1127 4438 1340 4507 quidem
1384 4455 1502 4508 qua!
1549 4456 1612 4493 ex
1660 4441 2002 4509 simplicibus

2092 3280 2212 3335 quae
2249 3281 2311 3318 ex
2353 3264 2580 3332 simplici
2623 3274 2677 3317 et
2723 3264 3064 3334 bypmhetica
3098 3266 3429 3330 consistunt,
3457 3265 3546 3318 illa
3577 3281 3660 3318 ra-

2094 3355 2166 3408 tio
2196 3364 2277 3408 est
2318 3363 2372 3407 ut
2415 3355 2496 3407 vel
2540 3355 2957 3422 propositionem
2998 3355 3231 3410 cenditio
3267 3357 3662 3426 consequentiae

2093 3455 2376 3513 sequatur,
2411 3444 2494 3499 vel
2546 3445 2907 3500 conditionem
2951 3447 3346 3515 consequentiae
3396 3448 3666 3518 praposito

2091 3536 2394 3590 comitetur.
2436 3535 2566 3589 Nam
2606 3551 2727 3590 eum
2769 3536 2994 3590 dicimus
3021 3576 3035 3601 ,
3071 3537 3115 3590 si
3143 3546 3227 3592 est
3255 3553 3318 3605 a,
3351 3552 3469 3590 cum
3501 3541 3570 3592 sit
3601 3541 3664 3601 ὸ,

2092 3642 2210 3681 εεεε
2238 3645 2288 3691 c,
2319 3627 2368 3681 id
2403 3628 2625 3697 intelligi
2656 3628 2985 3693 volumus,ei
3012 3629 3359 3698 propositioni
3390 3645 3484 3699 per
3507 3645 3664 3698 quam

2092 3723 2335 3786 dicimus,
2378 3724 2422 3777 si
2465 3733 2544 3777 est
2591 3740 2644 3792 α,
2685 3724 2938 3792 ειιιιεείιιιί
2978 3739 3092 3777 eam
3161 3723 3516 3778 conditionem
3572 3740 3666 3793 per

2092 3831 2246 3883 quam
2272 3815 2518 3877 dicimus,
2551 3829 2669 3867 cum
2698 3817 2766 3866 sit
2798 3813 2844 3877 b,
2876 3829 2995 3867 esse
3025 3829 3083 3875 ε,
3119 3813 3168 3867 id
3197 3824 3276 3869 est
3307 3815 3447 3886 ut_si
3486 3825 3568 3868 est
3596 3833 3626 3866 α
3647 3855 3662 3878 ,

2093 3918 2314 3957 ιιεεεεεε
2358 3903 2424 3955 sit
2465 3902 2493 3953 ὁ
2542 3902 2768 3954 termino
2812 3903 3060 3954 comitem
3104 3917 3222 3956 esse
3266 3921 3293 3956 ε
3339 3907 3656 3966 terminum;

2090 4007 2209 4045 cum
2243 4006 2370 4044 vero
2398 3991 2642 4052 dicimus,
2677 3990 2718 4040 si
2750 4004 2867 4041 cum
2898 3997 2979 4040 est
3007 4006 3071 4052 a,
3103 3990 3130 4040 ὁ
3161 3999 3275 4053 εει,
3307 4008 3333 4043 c
3361 4008 3497 4060 esse,
3535 3995 3661 4046 nihil

2093 4079 2234 4132 aliud
2264 4077 2482 4145 intelligi
2509 4077 2753 4129 volumus
2777 4116 2791 4140 ,
2828 4076 2927 4129 nisi
2959 4075 3182 4129 duarum
3218 4081 3352 4131 inter
3379 4095 3437 4133 se
3467 4095 3657 4133 conse-

2094 4170 2365 4239 quentiam
2399 4167 2818 4236 propositionum
2847 4165 3068 4220 alterius
3110 4168 3486 4236 propositionis
3527 4179 3658 4222 Cou-

2093 4256 2243 4327 sequi
2274 4256 2588 4322 veritatem,
2619 4263 2678 4309 ut
2708 4256 2750 4308 si
2782 4255 3011 4309 habeant
3053 4257 3190 4310 inter
3227 4270 3285 4310 se
3323 4269 3656 4325 consequen-

2097 4351 2224 4402 tiam
2254 4365 2284 4400 α
2316 4359 2473 4414 atque
2504 4346 2530 4398 Ι)
2553 4391 2567 4414 ,
2601 4361 2821 4402 necesse
2852 4346 2919 4398 sit
2959 4347 3095 4399 hanc
3133 4346 3488 4401 conditiOnem
3531 4361 3658 4399 con-

2093 4439 2381 4507 sequeutiae
2409 4436 2787 4505 propositionis
2813 4435 2926 4504 ejth
2958 4451 3051 4503 per
3096 4452 3250 4502 quam
3289 4436 3517 4489 dicimus
3540 4428 3656 4490 esse

403 4527 872 4594 4propositionibus
917 4539 1182 4587 constant,
1207 4538 1262 4582 et
1305 4529 1571 4597 simplices
1626 4531 1981 4600 liypothctiew
2016 4524 2060 4579 Ι)
2087 4546 2112 4580 c
2152 4528 2405 4594 consequi
2442 4537 2718 4579 veritatem
2741 4567 2753 4589 ,
2789 4527 2838 4577 id
2881 4537 2960 4579 est
2986 4571 2999 4592 ,
3033 4528 3074 4579 si
3111 4541 3330 4580 necesse
3358 4537 3438 4580 est
3481 4545 3512 4580 a
3563 4545 3661 4596 po-

421 4627 827 4684 nuncupautur,
855 4619 907 4671 in
953 4617 1157 4672 duobus
1209 4620 1448 4672 terminis
1491 4617 1794 4673 constitute
1842 4632 1989 4676 sunt.

419 4709 699 4767 Terminus
721 4717 907 4762 autem
944 4724 1081 4762 nunc
1111 4717 1288 4775 partes
1315 4705 1690 4774 propositionis
1723 4711 1991 4778 simplices

419 4801 608 4867 quibus
631 4802 922 4868 junguntur
951 4801 1182 4868 appello.
1217 4801 1340 4865 Qtte
1387 4815 1512 4853 vero
1544 4801 1855 4867 compositae
1898 4801 1993 4870 hy-

420 4889 698 4956 pothetica:
719 4900 863 4954 suat,
892 4891 993 4944 illic
1021 4890 1234 4958 quidem
1263 4906 1380 4958 qnzc
1403 4905 1466 4944 ex
1495 4889 1702 4943 duabus
1731 4891 1990 4960 itypothe-

421 4982 536 5034 ticis
565 4992 831 5043 constant,
866 4992 1090 5051 quatuor
1115 4983 1357 5036 terminis
1386 4968 1667 5051 copulata}.
1695 4993 1849 5044 sunt;
1891 4983 1989 5036 illa!

417 5087 544 5126 vero
572 5087 688 5140 quae
716 5089 775 5126 ex
810 5073 1150 5142 ltypothetica
1184 5083 1236 5127 et
1265 5073 1514 5141 Silllpl.ci,
1547 5076 1625 5126 vel
1659 5088 1722 5126 ex
1763 5073 1986 5141 simplici

413 5169 572 5222 atque
594 5159 930 5228 hypethetica
952 5160 1251 5229 conjunct-tr
1278 5173 1422 5229 sunt,
1450 5161 1528 5216 lue
1554 5162 1722 5216 Ir.hus
1747 5163 1989 5216 terminis

414 5247 712 5313 runjnncta:
739 5259 883 5300 sunt.
916 5249 1111 5302 llarum
1145 5251 1299 5318 igitur
1329 5268 1444 5319 qua:
1471 5262 1596 5304 sunt
1629 5252 1987 5321 hypothctiezu

414 5335 683 5402 simplices
706 5339 784 5389 vel
809 5338 1142 5404 compositae,
1169 5338 1198 5389 d
1225 5337 1492 5406 [Terentiae]
1511 5339 1990 5406 similitudinesque

410 5425 648 5477 dicenda:
680 5434 823 5477 sunt.
855 5426 983 5478 Nam
1030 5441 1148 5492 quin
1179 5442 1241 5478 cx
1287 5427 1616 5494 simplicibus
1647 5429 1984 5493 cepuiatttnr,

409 5515 455 5563 si
487 5511 549 5562 ad
583 5527 672 5563 eas
705 5527 822 5578 quae
861 5528 924 5565 ex
978 5516 1332 5584 hypotltetieis
1364 5517 1569 5569 duabus
1612 5517 1808 5582 juncta:
1863 5530 1986 5570 sunt

409 5620 824 5676 comparentur,
875 5615 1254 5679 consequentia
1306 5614 1515 5680 quidem
1565 5616 1748 5668 eadem
1778 5625 1882 5678 est,
1937 5627 1988 5671 et

412 5707 685 5776 pro,sortio
730 5716 944 5772 manet,
978 5717 1179 5778 tantum
1213 5713 1425 5765 termini
1456 5713 1596 5781 dupli
1635 5722 1806 5768 antur.
1855 5717 1981 5770 Nam

2094 4623 2198 4675 sito
2229 4635 2349 4673 esse
2381 4621 2408 4670 b
2431 4659 2445 4682 ,
2481 4633 2702 4671 necesse
2735 4618 2805 4670 sit
2834 4621 2992 4669 etiam
3025 4633 3050 4668 c
3081 4632 3220 4670 esse.
3253 4618 3468 4672 Similes
3510 4619 3664 4687 igitur

2093 4709 2384 4780 syllogismi
2420 4709 2546 4761 [ient
2574 4721 2756 4760 earum
2791 4707 3206 4773 propositionum
3248 4721 3381 4776 q-ne'
3421 4724 3482 4761 ex
3534 4710 3659 4760 sim-

2099 4801 2323 4869 plicibus
2353 4809 2406 4852 et
2435 4791 2617 4851 earum
2646 4811 2765 4865 quae
2806 4812 2911 4849 non
2952 4813 3015 4851 ex
3060 4798 3388 4864 simplicibus
3429 4800 3662 4864 utrisque

2091 4893 2406 4959 junguntur.
2445 4889 2639 4941 Earum
2672 4903 2798 4942 vero
2841 4901 2956 4955 qua:
2997 4904 3059 4942 ex
3104 4905 3204 4942 una
3252 4889 3477 4956 simplici
3517 4889 3560 4943 et
3597 4905 3660 4940 ex
3727 4893 3744 4906 ‘

2096 4983 2259 5034 altera
2293 4979 2630 5050 hypothetica
2670 4981 3004 5046 cupulantur,
3047 4979 3241 5033 diversi
3271 4979 3480 5048 quidem
3514 4979 3660 5029 a"su-

2100 5075 2421 5143 purioribus,
2467 5074 2562 5141 ipsi
2595 5073 2938 5126 tamen‘inter
2965 5088 3020 5126 Se
3048 5074 3247 5126 similes
3273 5075 3432 5124 tiunt:
3463 5077 3554 5121 nec
3584 5069 3662 5120 in.

2099 5176 2263 5221 terest
2288 5176 2462 5218 utrum
2491 5166 2656 5230 prima
2682 5164 3043 5234 bypmhetica,
3070 5166 3298 5217 secunda
3325 5164 3391 5216 sit
3414 5161 3661 5228 simplex,

2099 5274 2164 5310 an
2187 5275 2215 5310 ε
2238 5271 2496 5309 converso
2521 5255 2688 5322 prima
2712 5257 2958 5324 simplex,
2985 5257 3213 5307 secunda
3238 5253 3566 5324 hypothetica
3593 5256 3656 5304 ad

2101 5349 2530 5415 syllogismorum
2561 5346 2766 5407 modos,
2802 5347 2899 5399 nisi
2935 5345 3152 5398 forsitan
3180 5347 3244 5397 ad
3274 5347 3435 5410 ipsius
3458 5345 3656 5396 tantum

2098 5439 2300 5490 ordinis
2320 5437 2818 5501 commutationem;
2842 5451 2904 5489 Cll
2932 5456 2959 5484 ιι
2991 5437 3147 5504 igitur
3173 5438 3524 5487 demunstrata
3553 5435 3664 5488 fue-

2098 5529 2165 5579 rit
2192 5544 2370 5580 t-arnm
2401 5527 2818 5592 propositionum
2846 5541 2963 5594 qua}
2989 5541 3050 5579 ex
3079 5526 3402 5593 simplicibus
3429 5537 3658 5592 constat,

2099 5628 2231 5677 rat’o
2253 5624 2693 5694 SyIIOgismorunt,
2721 5624 3078 5677 demonstrata
3101 5624 3308 5678 videtur
3331 5639 3448 5679 esse
3474 5641 3658 5679 earum

2101 5743 2306 5795 quoque
2342 5725 2758 5793 propositionum
2791 5727 2908 5794 qua:
2940 5723 3292 5795 hypotheticis
3323 5725 3665 5780 committun-
