4290 6272
657 375 760 433 839

1869 374 1976 430 AN.
2023 373 2225 429 MANL.
2270 372 2418 428 SEV.
2462 370 2684 427 BUETll

3797 373 3898 427 8-ιο

655 499 773 552 tur;
802 497 855 544 et
881 500 1002 542 cum
1033 485 1389 554 quarumlibet
1420 499 1598 538 carum
1654 486 2072 552 propositionum
2103 500 2218 553 quae
2253 490 2298 548 Α
2327 501 2474 539 ccsse
2501 495 2582 539 est
2614 487 2886 539 Socratem
2931 485 3147 548 sedere,
3198 485 3324 539 dum
3368 486 3539 541 sedet.
3590 485 3714 541 Haec
3757 489 3900 541 enim

654 598 719 635 ex
762 580 987 648 simplici
1025 588 1080 632 et
1119 577 1456 647 ltypotltetica
1499 585 1743 629 constant
1787 577 2214 644 syllogismorum

654 680 850 726 natura
883 678 1162 739 perspecta
1190 669 1293 733 sit,
1325 668 1484 721 etiam
1514 666 1759 719 conversi
1789 667 1994 718 ordinis
2023 681 2220 734 propo-

654 760 911 814 sitionum
936 766 1118 812 natura
1145 756 1324 823 quales
1351 753 1504 806 faciat
1532 752 1870 822 syllogismos
1897 753 2218 807 ostenditur.

661 848 756 902 Est
788 849 946 903 etiam
977 847 1076 900 alia
1101 845 1308 910 species
1337 843 1760 911 propositionum
1793 845 1846 898 in
1887 846 2225 898 connexione

661 941 982 1008 positarum,
1017 950 1135 1005 qua
1166 933 1336 987 media
1363 933 1760 1000 quodammodo
1791 935 1861 987 sit
1886 949 2071 987 earum
2105 949 2228 1000 pro-

662 1031 981 1100 positionum
1011 1044 1126 1096 quze
1155 1043 1219 1082 ex
1248 1027 1612 1098 hypatbeticis
1639 1027 2077 1094 simplicibusque
2097 1026 2222 1093 jun-

661 1127 855 1184 guntur
875 1160 888 1181 ,
917 1126 970 1170 et
996 1132 1175 1170 earum
1205 1131 1324 1185 qua:
1353 1133 1416 1170 ex
1447 1117 1652 1170 duabus
1685 1117 2039 1185 ltypotlteticis
2067 1131 2231 1182 copu-

661 1206 854 1259 lantur.
885 1203 1014 1258 Nam
1052 1204 1096 1257 si
1135 1204 1200 1256 ad
1246 1219 1525 1258 numerum
1569 1203 1826 1271 respicias
1846 1204 2220 1268 terminorum,

659 1293 808 1359 quasi
839 1305 900 1344 ex
934 1291 1102 1345 tribus
1137 1292 1375 1345 terminis
1407 1301 1687 1354 constant;
1721 1301 1774 1345 et
1801 1293 1844 1344 si
1877 1292 1941 1345 ad
1973 1291 2236 1345 conditio-

666 1378 818 1433 nales
849 1379 1087 1446 animum
1118 1379 1336 1444 releras,
1372 1381 1524 1448 quasi
1547 1396 1611 1434 ex
1634 1380 1839 1435 duabus
1867 1380 2238 1434 conditionali-

661 1470 764 1520 bus
793 1469 1041 1521 videntur
1067 1483 1187 1522 esse
1216 1468 1560 1533 compositae:
1610 1483 1727 1536 quae
1767 1469 2021 1522 medietas
2061 1469 2240 1522 evenit

665 1555 866 1610 idcirco
889 1558 1136 1622 quoniam
1161 1572 1296 1610 unus
1320 1560 1370 1608 in
1392 1557 1476 1610 his
1503 1559 1739 1612 terminis
1761 1559 2059 1611 communis
2081 1557 2238 1610 utris-

666 1664 772 1716 que
800 1649 1245 1702 conditionalibus
1279 1649 1562 1702 invenitur.
1597 1648 1972 1715 Proponuntur
2001 1663 2129 1701 vero
2159 1649 2240 1701 lite

667 1736 749 1787 vel
780 1750 874 1803 per
902 1734 1123 1794 primam
1158 1735 1398 1804 ﬁguram,
1432 1735 1514 1788 vel
1549 1749 1640 1801 per
1669 1734 1979 1800 secundam,
2019 1737 2099 1789 vel
2145 1750 2241 1803 per

2324 578 2569 630 eamdem
2610 578 2714 630 vim
2763 578 2967 630 obtinet
3009 578 3057 632 ei
3101 578 3192 645 qui
3236 579 3400 641 dicit,
3447 579 3695 634 Socrates
3733 580 3900 634 sedet.

2322 663 2442 716 Alia
2467 679 2596 717 vero
2625 664 2960 719 necessitatis
2987 667 3302 733 signiﬁcatio
3329 676 3447 730 est,
3476 683 3595 721 cum
3624 668 3723 721 hoc
3749 668 3906 722 modo

2325 755 2706 823 proponimus,
2743 757 3010 808 hominem
3044 769 3266 809 necesse
3295 766 3378 810 est
3419 771 3513 810 cor
3545 756 3744 811 habere
3783 757 3905 811 dttm

2326 853 2408 896 est
2431 851 2590 910 atque
2619 842 2745 895 vivit
2769 857 2782 893 :
2813 842 2911 895 ltoc
2940 843 3081 895 enim
3113 841 3413 909 signiﬁcare
3455 844 3667 898 videtur
3689 843 3801 897 haec
3826 844 3906 896 di-

2329 934 2456 1000 ctio,
2487 949 2592 986 non
2619 933 2863 1000 quoniam
2895 933 3075 987 tandiu
3103 947 3323 986 necesse
3352 935 3420 987 sit
3449 935 3649 989 habere
3676 938 3908 1002 quan-lin

2337 1025 2534 1088 habet,
2560 1024 2652 1078 sed
2682 1027 2929 1093 quoniam
2957 1040 3076 1078 eum
3106 1039 3326 1079 necesse
3368 1035 3450 1078 est
3491 1027 3673 1080 tandiu
3713 1029 3913 1080 habere

2339 1115 2574 1183 quandiu
2608 1114 2766 1168 fuerit
2795 1115 2881 1168 ille
2909 1116 2996 1182 qui
3031 1114 3208 1167 habet.
3254 1115 3368 1168 Alia
3413 1130 3540 1169 vero
3572 1118 3914 1169 neceSsitatis

2335 1204 2650 1274 significatio
2678 1215 2758 1258 est
2785 1203 3099 1258 universalis
3136 1212 3190 1258 et
3229 1206 3440 1272 prapria
3466 1243 3482 1269 ,
3531 1219 3636 1273 quo
3662 1205 3913 1257 absolute

2335 1295 2590 1363 praedicat
2634 1294 3043 1356 necessitatem,
3100 1303 3158 1345 ut
3198 1309 3317 1346 cum
3365 1294 3590 1347 dicimus
3618 1334 3631 1355 ,
3685 1308 3911 1346 necesse

2344 1392 2431 1438 est
2462 1383 2626 1436 Deum
2655 1396 2775 1436 esse
2805 1381 3162 1434 immortalem
3184 1421 3198 1443 ,
3231 1381 3373 1434 nulla
3406 1381 3713 1435 conditione
3735 1380 3917 1434 deter-

2346 1474 2655 1528 minationis
2699 1472 2963 1540 opposita.
3013 1471 3272 1525 Possibi’e
3316 1483 3492 1526 autem
3541 1473 3682 1526 idem
3733 1473 3908 1526 tribus

2343 1564 2538 1619 dicitur
2569 1565 2740 1617 modis
2769 1581 2780 1614 :
2811 1572 2901 1616 aut
2927 1562 3067 1616 enim
3100 1563 3236 1630 quod
3269 1572 3349 1614 est
3394 1563 3644 1629 possibile
3685 1578 3802 1617 esse
3833 1563 3911 1617 di-

2344 1658 2504 1718 citur,
2533 1665 2590 1709 ut
2622 1655 2876 1724 possibile
2905 1663 2988 1709 est
3015 1655 3086 1709 So
3123 1664 3290 1708 ratem
3323 1654 3533 1714 sedere,
3570 1655 3693 1707 dum
3725 1657 3866 1708 sedet
3893 1673 3906 1717 ;

2343 1757 2436 1802 aut
2467 1747 2607 1816 quod
2641 1747 2787 1800 omni
2821 1755 3061 1812 tempore
3104 1745 3414 1812 contingere
3457 1754 3663 1813 potest,
3696 1747 3817 1798 dunt
3849 1762 3908 1800 ea

671 1824 906 1876 tertiam.
943 1823 1044 1877 Per
1074 1825 1296 1891 primam
1331 1823 1432 1877 hoc
1463 1823 1620 1876 modo
1656 1841 1668 1874 :
1701 1826 1742 1876 si
1775 1833 1856 1877 est
1885 1841 1914 1874 a
1935 1864 1948 1887 ,
1982 1833 2062 1878 est
2089 1825 2116 1875 b
2139 1866 2153 1890 ,
2187 1833 2239 1878 et
2269 1826 2309 1885 Β

2352 1853 2429 1893 res
2461 1845 2736 1906 permanet
2779 1836 2860 1890 cui
2905 1835 3101 1904 aliquid
3126 1836 3432 1904 contingere
3468 1850 3621 1904 posse
3664 1838 3912 1902 proponi-

669 1911 714 1964 si
742 1921 820 1964 est
842 1911 900 1976 b,
929 1920 1009 1965 est
1030 1928 1084 1976 c,
1113 1911 1269 1979 igitur
1291 1911 1392 1965 bin
1423 1911 1657 1979 utrisque
1685 1919 2013 1975 numeratur,
2040 1920 2238 1965 etsunt

670 1999 883 2066 quidem
934 2009 1042 2051 tres
1086 1998 1293 2051 termini
1336 1999 1386 2050 lii
1412 2041 1425 2060 ,
1470 2015 1499 2049 ιι
1539 2010 1656 2061 est,
1690 1999 1716 2050 b
1749 2008 1864 2063 est,
1901 2017 1926 2049 ε
1954 2008 2070 2061 εει,
2118 1998 2239 2052 dua:

669 2101 798 2140 vero
823 2087 1210 2139 conditionales
1245 2087 1345 2139 hoc
1375 2086 1532 2138 modo
1561 2103 1571 2136 :
1604 2087 1646 2139 si
1678 2096 1759 2140 est
1785 2105 1812 2136 (ι
1833 2133 1848 2153 ,
1879 2097 1960 2140 εει
1989 2089 2016 2138 b
2037 2129 2052 2152 ,
2085 2088 2128 2140 si
2159 2096 2243 2141 est

673 2175 701 2225 b
721 2215 734 2235 ,
759 2182 838 2227 est
862 2191 908 2238 c,
935 2189 1162 2242 namque
1189 2175 1215 2226 ὁ
1239 2177 1476 2242 utrisque
1498 2176 1796 2228 communis
1817 2187 1917 2238 est;
1943 2187 2100 2246 atque
2121 2177 2242 2232 ideo

673 2263 812 2314 inter
833 2277 922 2314 eas
950 2263 1339 2330 propositiones
1361 2279 1477 2332 qua:
1501 2279 1562 2316 ex
1590 2263 1756 2318 tribus
1779 2266 2018 2319 terminis
2038 2306 2052 2330 ,
2076 2276 2128 2320 et
2153 2282 2243 2322 eas

673 2367 788 2415 quae
826 2366 888 2403 ex
911 2361 1136 2418 quatuor
1153 2364 1566 2420 componuntur,
1583 2354 1768 2406 :ncdia:
1797 2365 1918 2408 sunt
1940 2355 2241 2424 hujnsmodi

675 2444 1082 2509 protiositiones.
1130 2443 1230 2496 Per
1259 2444 1545 2498 secundam
1577 2460 1706 2499 vero
1737 2445 1955 2513 ﬁgttram
1989 2447 2244 2514 proponi-

675 2543 757 2585 tur
784 2532 882 2584 lioc
911 2533 1067 2584 modo
1093 2549 1107 2584 :
1141 2535 1183 2584 si
1217 2543 1299 2585 est
1327 2551 1357 2583 α
1381 2572 1396 2595 ,
1428 2543 1511 2587 εει
1540 2535 1566 2585 b
1587 2573 1601 2596 ,
1633 2536 1676 2587 si
1711 2537 1824 2588 non'
1847 2546 1932 2588 est
1957 2553 1988 2587 a
2012 2577 2025 2599 ,
2070 2545 2152 2589 est
2191 2552 2237 2587 c.

675 2626 776 2676 Per
805 2626 1011 2676 tertiam
1041 2638 1166 2676 vero
1199 2623 1413 2690 ﬁguram
1446 2625 1520 2676 sic
1548 2643 1558 2673 :
1593 2625 1635 2678 si
1669 2635 1748 2678 est
1779 2627 1805 2677 b
1827 2668 1839 2686 ,
1871 2636 1953 2680 est
1982 2644 2011 2677 a
2032 2665 2046 2689 ,
2079 2627 2124 2680 si
2155 2634 2238 2680 est

673 2729 702 2764 c
723 2753 737 2774 ,
765 2728 870 2763 non
900 2722 980 2764 est
1011 2728 1059 2763 (ι.
1097 2713 1167 2763 Ac
1197 2712 1262 2765 de
1292 2713 1543 2764 connexis
1573 2713 1786 2779 quidem
1821 2716 1920 2768 ista
1954 2715 2238 2768 sufﬁt-iant.

681 2803 1023 2872 Disjnnetivm
1055 2816 1182 2855 vero
1212 2801 1601 2871 prop'sitiones
1627 2817 1836 2872 semper
1861 2821 1923 2858 ex
1964 2805 2244 2859 contrariis

676 2902 950 2955 constant,
989 2903 1043 2946 tit
1074 2893 1172 2944 lioc
1200 2910 1212 2946 :
1246 2901 1334 2944 aut
1363 2900 1444 2945 est
1471 2909 1501 2944 a
1523 2933 1537 2956 ,
1569 2901 1657 2946 aut
1688 2893 1714 2944 ὁ
1743 2902 1857 2958 εει,
1892 2894 2060 2946 altero
2099 2895 2240 2947 enim

681 2986 854 3054 posito
882 2985 1107 3038 alterum
1141 2983 1363 3046 tollitur,
1395 2993 1448 3037 et
1486 2985 1804 3051 interempto
1834 2983 2001 3037 altero
2030 2984 2244 3052 ponitur

678 3075 927 3128 alterum.
960 3073 1089 3128 Nam
1121 3073 1164 3126 si
1194 3083 1273 3126 est
1303 3089 1332 3124 a
1353 3113 1367 3136 ,
1400 3088 1503 3126 non
1536 3082 1617 3126 est
1647 3073 1692 3125 ὁ.
1739 3073 1790 3128 Si
1823 3088 1925 3127 non
1954 3082 2035 3126 est
2062 3090 2092 3124 (ι
2115 3115 2129 3139 ,
2164 3081 2246 3128 εει

676 3172 726 3223 b.
763 3169 958 3222 Eodem
993 3169 1150 3221 modo
1179 3168 1336 3220 etiam
1367 3166 1412 3220 si
1441 3167 1512 3219 sit
1551 3168 1611 3228 ὁ,
1655 3181 1757 3220 non
1799 3166 1898 3219 erit
1939 3183 1968 3217 a
1991 3207 2003 3228 ,
2045 3167 2088 3218 si
2135 3180 2236 3219 non
2265 3167 2309 3226 C

676 3268 759 3314 est
784 3260 810 3311 ὁ
833 3300 848 3323 ,
879 3261 981 3313 erit
1007 3277 1056 3312 ιι.
1085 3257 1640 3329 llisligiturcxpeditis,
1677 3257 1738 3310 ad
1771 3270 2036 3310 connean
2065 3271 2244 3310 rever-

679 3359 874 3412 tamur,
909 3350 957 3402 in
1007 3349 1109 3402 illis
1154 3349 1293 3401 enini
1340 3347 1420 3401 vel
1462 3347 1751 3416 propositio
1793 3347 2241 3414 propositionem,

679 3439 761 3491 vel
787 3438 1019 3490 conditio
1064 3438 1466 3500 conditionem,
1517 3439 1598 3492 vel
1648 3437 1938 3505 prapositio
1985 3436 2246 3489 conditio-

678 3542 798 3581 nem
821 3569 833 3590 ,
863 3528 941 3579 vel
969 3527 1201 3580 conditio
1230 3529 1641 3595 pr0positionem
1671 3528 1929 3595 sequitur.
1956 3526 2243 3579 Dicendum

677 3627 760 3672 est
791 3617 948 3684 igitur
974 3631 1091 3682 qua:
1132 3616 1522 3682 propositiones
1566 3629 1784 3682 quarum
1829 3614 2245 3681 propositionum

676 3715 1062 3774 causequentes
1084 3719 1202 3758 esse
1222 3705 1516 3769 videantur,
1538 3720 1652 3772 qua:
1679 3705 2067 3757 contrarietatis
2089 3704 2247 3759 modo

679 3813 835 3867 quam
869 3795 1174 3864 longissime
1203 3811 1229 3846 τι
1259 3809 1318 3848 se
1346 3793 1608 3856 dill'erant,
1642 3808 1758 3862 qua:
1789 3808 1913 3846 vero
1948 3793 2239 3862 Oppositio-

682 3888 764 3940 nis
792 3885 1090 3940 enutradict
1113 3900 1214 3938 oue
1245 3884 1584 3938 dissentiant.
1615 3883 1948 3951 Simplicium
1983 3899 2209 3954 namque
2229 3926 2244 3952 ,

683 3976 734 4030 id
777 3985 858 4029 est
908 3975 1362 4043 pra-dicativarum
1419 3977 1859 4044 propositionum,
1891 3977 2009 4030 alia:
2059 3986 2251 4044 praeter

685 4067 896 4120 modum
933 4078 1315 4133 proponuntur,
1348 4066 1465 4117 alia:
1506 4079 1622 4118 cum
1665 4065 1854 4130 modo;
1902 4078 2098 4135 prmter
2137 4082 2250 4122 mo-

685 4159 807 4212 dum
861 4168 981 4210 sunt
1037 4171 1362 4226 qnzncnnque
1410 4172 1593 4224 purum
1640 4171 1758 4211 esse
1812 4157 2110 4225 signiﬁcant
2154 4157 2252 4212 ltoc

685 4249 878 4310 modo,
911 4248 1022 4299 dies
1061 4258 1176 4308 est,
1217 4247 1460 4299 Socrates
1504 4245 1849 4314 pltiloSOplius
1889 4256 2000 4312 est,
2043 4257 2096 4301 et
2134 4264 2250 4313 qua:

683 4337 925 4389 similiter
957 4343 1340 4402 proponuntur.
1360 4334 1486 4398 Qua:
1516 4350 1641 4386 vero
1667 4351 1786 4386 cum
1821 4335 1977 4387 modo
2003 4345 2144 4392 sunt.
2177 4337 2248 4388 ita

687 4434 1097 4493 pr0ponuutur:
1143 4424 1388 4476 Socmtes
1434 4437 1558 4475 vere
1606 4422 1954 4490 pliilosotiltus
2004 4433 2106 4477 est.
2156 4424 2194 4476 ll
2223 4439 2252 4478 c

2341 1939 2446 1995 tur,
2481 1938 2536 1982 ut
2566 1927 2814 1997 possibile
2843 1937 2924 1981 est
2955 1927 3229 1981 Socratem
3274 1929 3485 1995 legere,
3515 1928 3736 1995 qnandiu
3766 1930 3907 1980 enim

2339 2019 2584 2073 Soerates
2614 2026 2733 2080 est,
2766 2026 2939 2084 petest
2965 2017 3139 2085 legere
3170 2033 3182 2079 ;
3219 2016 3343 2069 item
3379 2018 3626 2083 possibile
3653 2029 3730 2071 est
3764 2017 3906 2085 quod

2341 2109 2584 2161 absolute
2610 2107 2754 2160 omni
2784 2117 3022 2174 tempore
3051 2107 3366 2173 contingere
3398 2115 3606 2174 potest,
3657 2120 3708 2159 ut
3758 2122 3909 2160 avem

2343 2197 2541 2252 volare.
2570 2198 2644 2251 Ex
2673 2199 2754 2250 Itis
2779 2197 2938 2266 igitur
2963 2205 3182 2265 apparet
3208 2196 3338 2250 alias
3373 2198 3761 2264 proiiositiones
3793 2213 3915 2253 esse

2342 2285 2518 2341 inesse
2561 2287 2951 2354 signiﬁcantes,
3005 2286 3138 2339 alios
3188 2287 3546 2352 necessarias,
3602 2287 3732 2340 alias
3779 2304 3913 2341 con-

2345 2379 2604 2446 tingentes
2653 2387 2810 2447 atque
2854 2376 3170 2445 possibiles,
3219 2391 3434 2445 quarum
3487 2378 3911 2430 necessariarum

2343 2467 2865 2535 contingentiumque
2894 2481 3014 2519 cum
3045 2467 3113 2520 sit
3160 2467 3292 2520 trina
3334 2466 3808 2534 partitio,singula:
3845 2483 3915 2520 ex

2345 2558 2528 2611 iisdem
2579 2557 2953 2624 partitionibus
2995 2558 3060 2610 ad
3105 2572 3194 2610 eas
3239 2572 3353 2624 quae
3389 2557 3564 2608 inesse
3605 2557 3908 2624 signiﬁcant

2346 2647 2665 2701 referuntur.
2715 2647 2933 2700 Restant
2980 2647 3136 2714 igitur
3179 2647 3295 2699 duas
3339 2646 3656 2699 necessaria:
3697 2655 3747 2699 et
3790 2647 3911 2700 dum

2345 2741 2741 2804 contingentes,
2771 2751 2888 2805 qua:
2915 2753 3035 2789 cum
3063 2752 3121 2790 ea
3145 2751 3264 2804 qua:
3291 2738 3466 2790 inesse
3495 2737 3758 2806 signiﬁcat
3783 2752 3914 2790 enu-

2348 2836 2585 2892 meratre,
2639 2828 3088 2895 quinquelomnes
3129 2827 3549 2894 propositionum
3593 2827 3790 2882 faciunt
3818 2827 3916 2881 dif-

2349 2920 2625 2972 ferentias.
2672 2917 2918 2970 Omnium
2951 2931 3080 2971 vero
3111 2917 3295 2970 harum
3342 2919 3758 2985 propositionum
3802 2920 3916 2972 alia:

2347 3018 2466 3060 sunt
2509 3007 2874 3070 ailirmativae,
2922 3007 3037 3060 alia
3077 3007 3354 3074 negativae.
3392 3009 3717 3062 Afﬁrmativa
3745 3011 3915 3064 inesse

2349 3097 2652 3166 signiﬁcans
2679 3107 2760 3152 est
2786 3112 2903 3164 quae
2930 3098 3090 3162 dicit,
3117 3098 3364 3152 Socrates
3393 3108 3493 3153 est.
3528 3099 3771 3167 Negativa
3800 3112 3915 3167 qua

2348 3190 2626 3258 proponit,
2652 3189 2901 3243 Socrates
2925 3202 3026 3240 non
3060 3197 3160 3240 cst.
3191 3187 3619 3242 Necessariarutn
3650 3203 3774 3242 vero
3800 3203 3916 3256 pro-

2349 3280 2671 3346 positionum
2712 3278 3146 3332 afﬁrmativarum
3180 3279 3299 3332 dnze
3331 3279 3576 3332 videntur
3605 3295 3724 3333 esse
3761 3293 3920 3348 nega-

2349 3371 2557 3433 tiones,
2610 3384 2713 3422 una
2766 3369 3052 3432 contraria,
3106 3368 3274 3422 altera
3327 3384 3452 3423 vero
3500 3375 3756 3437 apposta.
3789 3369 3914 3437 Ejus

2351 3473 2598 3523 namque,
2627 3473 2744 3526 qua:
2775 3459 2900 3512 dicit
2931 3473 3149 3512 necesse
3179 3473 3296 3512 esse
3326 3476 3378 3524 α,
3405 3459 3642 3528 quolibet
3667 3458 3823 3511 modo
3851 3475 3916 3512 ex

2351 3550 2586 3617 utrisque
2614 3549 2700 3614 qui
2727 3549 2884 3612 dicit,
2913 3559 3069 3613 sunt,
3113 3559 3200 3602 aut
3239 3565 3298 3602 ea
3330 3560 3411 3601 est
3441 3552 3648 3617 negatio
3679 3564 3799 3617 quze
3830 3549 3915 3602 di-

2349 3638 2456 3702 cit,
2490 3651 2708 3690 necesse
2737 3646 2817 3690 est
2849 3653 2949 3690 non
2982 3653 3101 3691 esse
3127 3656 3188 3703 ιι,
3228 3648 3318 3690 aut
3346 3653 3406 3691 ea
3447 3653 3563 3707 qua:
3602 3638 3767 3704 dicit,
3810 3653 3916 3692 non

2352 3740 2570 3780 necesse
2613 3738 2689 3779 est
2734 3741 2852 3781 esse
2896 3744 2945 3779 α.
2992 3728 3226 3793 Quarum
3268 3729 3474 3796 quidem
3502 3745 3563 3783 ea
3599 3745 3719 3799 qua:
3765 3731 3915 3792 dicit,

2351 3833 2573 3872 necesse
2602 3827 2682 3871 est
2714 3831 2816 3872 ton
2847 3834 2966 3873 esse
2995 3837 3060 3886 a,
3091 3823 3350 3875 contraria
3391 3834 3463 3874 est
3498 3823 3544 3876 ei
3588 3838 3706 3891 qua:
3746 3823 3878 3876 dicit
3901 3863 3918 3888 ,

2353 3922 2572 3962 necesse
2600 3919 2680 3962 est
2711 3923 2830 3962 esse
2860 3926 2910 3961 a.
2947 3909 3196 3979 Utrmque
3222 3913 3361 3965 enim
3393 3911 3540 3965 Msa:
3572 3923 3816 3980 poterunt
3845 3916 3924 3969 in-

2353 3996 2558 4061 veniri,
2599 3997 2760 4050 veluti
2800 4012 2920 4050 cum
2961 3998 3223 4063 dicimus,
3266 4016 3485 4055 necesse
3530 4012 3612 4056 est
3647 4003 3921 4058 Socratem

2353 4083 2561 4154 legere,
2607 4099 2826 4140 necesse
2865 4095 2944 4139 cst
2989 4087 3265 4141 Socratem
3312 4103 3415 4142 non
3458 4091 3664 4159 legere.
3705 4101 3922 4160 utraque

2353 4177 2621 4228 mentitur.
2641 4175 2769 4228 Nam
2797 4183 2852 4230 et
2877 4191 2996 4228 cum
3026 4176 3173 4244 legit,
3203 4193 3305 4230 non
3335 4195 3397 4232 ex
3429 4180 3744 4233 necessitate
3763 4182 3881 4248 legit
3902 4223 3916 4245 ,

2363 4272 2417 4314 et
2454 4279 2573 4316 cum
2631 4279 2734 4316 non
2781 4264 2926 4331 legit,
2963 4265 3104 4318 nulla
3149 4281 3213 4319 ne
3257 4267 3396 4335 legat
3437 4271 3751 4323 necessitate
3793 4284 3921 4322 con-

2352 4352 2646 4418 stringitur,
2681 4352 2773 4405 sed
2812 4361 2893 4406 est
2933 4362 3213 4422 utrumque
3255 4357 3530 4423 possibile.
3580 4365 3642 4410 At
3683 4373 3806 4411 vero
3855 4373 3919 4412 ea

2353 4456 2470 4509 quas
2499 4439 2646 4507 dicit,
2697 4457 2801 4494 non
2830 4457 3048 4497 necesse
3074 4459 3193 4497 esse
3218 4462 3270 4508 a,
3315 4447 3554 4513 Opposita
3596 4457 3676 4500 est
3714 4449 3762 4501 ei
3803 4464 3924 4516 quae

687 4517 826 4569 enim
873 4531 997 4568 vere
1043 4515 1229 4567 modus
1271 4523 1353 4565 est
1397 4513 1804 4579 pr0posiiionis:
1854 4515 1944 4568 sed
1992 4515 2309 4574 maxintasI

2357 4531 2617 4599 proponit,
2641 4546 2857 4587 necesse
2914 4544 2995 4587 est
3024 4550 3142 4586 esse
3164 4550 3224 4595 a;
3256 4550 3355 4587 una
3386 4537 3526 4588 enim
3557 4551 3769 4604 semper
3801 4552 3920 4591 vera

690 4603 1117 4672 syllogismorum
1185 4604 1382 4657 faciunt
1426 4602 1750 4657 dill'ereutias
1807 4603 1887 4657 lic
1933 4608 2251 4676 propositio-

689 4709 781 4748 nes
825 4709 942 4750 cum
986 4698 1141 4750 modo
1183 4697 1506 4763 CIIUlIli'IL’I},
1553 4700 1744 4769 quibus
1785 4701 2120 4756 necessitatis
2162 4711 2252 4756 aut

689 4786 1050 4853 possibilitatis
1081 4805 1269 4842 nomen
1302 4790 1603 4858 adjungitur
1628 4809 1640 4844 :
1667 4793 1999 4846 neces~itatis
2023 4793 2121 4848 hoc
2145 4807 2251 4848 mo-

688 4878 787 4942 do,
819 4892 936 4928 cum
969 4877 1190 4929 dicimus
1224 4882 1394 4944 ignem
1427 4894 1643 4934 necesse
1673 4892 1750 4934 est
1780 4881 1992 4946 calere;
2026 4884 2250 4950 possibi-

688 4969 868 5033 litatis,
901 4981 955 5022 ιιι
984 4985 1100 5023 cum
1122 4972 1188 5022 ita
1210 4973 1583 5038 proponimus,
1611 4974 1861 5040 possibile
1888 4985 1968 5028 est
1996 4990 2022 5025 a
2053 4976 2249 5029 Grzecis

687 5061 920 5126 superari
955 5059 1230 5126 'l‘roj.inos.
1262 5062 1374 5124 Quo
1416 5061 1472 5113 ﬁt
1513 5071 1566 5113 ttt
1610 5063 1781 5114 omnis
1826 5065 2116 5131 propositio
2158 5077 2248 5118 aut

689 5150 862 5202 inesse
891 5152 1141 5219 signiticet
1162 5194 1175 5218 ,
1205 5162 1292 5204 aut
1325 5152 1498 5206 inesse
1527 5158 1849 5219 necessario,
1879 5166 1967 5208 aut
1992 5171 2110 5209 cum
2141 5173 2245 5211 non

687 5241 754 5290 sit
785 5241 974 5309 aliquid
997 5285 1010 5305 ,
1046 5253 1219 5298 tamen
1250 5248 1486 5299 enuntiet
1530 5262 1684 5313 posse
1723 5249 2071 5318 contingere;
2111 5268 2246 5321 qua-

688 5347 801 5383 rum
835 5335 1044 5400 quidem
1075 5352 1133 5389 ei
1176 5353 1292 5406 quin
1339 5338 1512 5392 ini-sse
1554 5339 1813 5406 signiﬁcat
1854 5341 2077 5409 simplex
2127 5354 2242 5410 est,

693 5438 865 5490 neque
898 5426 947 5476 in
983 5427 1112 5480 u‘las
1145 5439 1318 5495 partes
1351 5429 1479 5481 alias
1524 5428 1711 5482 deduci
1759 5440 1951 5497 potest.
2002 5433 2074 5487 Ea
2121 5450 2250 5488 vero

688 5531 804 5582 qum
844 5532 903 5569 ex
950 5519 1264 5573 necessitate
1303 5521 1496 5590 aliquid
1542 5521 1715 5575 inesse
1757 5522 2034 5592 designat,
2083 5526 2249 5578 tribus

686 5605 878 5658 dicitur
911 5609 1111 5660 modis:
1147 5626 1246 5662 uno
1279 5613 1487 5680 quidem
1519 5629 1624 5679 quo
1651 5614 1696 5666 ei
1729 5613 1914 5669 similis
1946 5626 2025 5669 est
2054 5631 2248 5684 prepo-

688 5693 858 5745 silimii
895 5711 1006 5764 (μιαν
1040 5697 1209 5748 inesse
1241 5701 1494 5768 s'gttilitztt
1521 5745 1534 5767 ,
1576 5713 1628 5752 ιιι
1674 5718 1790 5753 Cum
1841 5706 2096 5770 tlit‘itnth‘,
2153 5722 2244 5761 nc-

2355 4630 2435 4674 est
2455 4661 2468 4685 ,
2494 4636 2704 4689 semper
2737 4622 2861 4675 falsa
2901 4624 3067 4677 altera
3097 4627 3377 4691 reperitur.
3407 4625 3461 4678 In
3487 4627 3924 4695 contingentibus

2355 4729 2482 4766 vero
2511 4725 2669 4783 atque
2706 4715 3044 4782 possibilibus
3074 4719 3256 4770 eadem
3291 4718 3427 4770 ratio
3469 4727 3551 4771 est
3587 4736 3596 4768 :
3633 4719 3755 4771 ltuic
3781 4719 3921 4772 enim

2353 4823 2468 4874 qua:
2497 4807 2660 4872 dicit,
2693 4808 2949 4876 contingit
2978 4823 3097 4862 esse
3126 4827 3187 4873 a,
3221 4821 3329 4862 tum
3368 4825 3428 4863 ea
3466 4810 3674 4863 videtur
3714 4810 3924 4878 objecta

2350 4911 2468 4963 qua:
2495 4897 2645 4963 dicit,
2691 4899 2947 4968 contingit
2975 4915 3076 4951 non
3108 4913 3227 4953 esse
3254 4916 3305 4965 a,
3339 4909 3446 4952 tttm
3495 4915 3554 4953 ea
3585 4916 3704 4968 quae
3737 4915 3927 4967 ιιιοροο

2355 4989 2426 5039 uit
2450 5031 2463 5053 ,
2501 5005 2602 5042 non
2632 4990 2885 5057 contingit
2911 5005 3032 5043 esse
3062 5007 3113 5042 a.
3147 4991 3412 5058 Atque'ea
3443 4989 3656 5058 quidem
3688 5005 3809 5058 qua:
3839 4989 3926 5043 di-

2352 5080 2455 5139 cit,
2487 5081 2741 5146 contingit
2773 5095 2876 5133 non
2905 5096 3024 5134 esse
3061 5098 3112 5143 a,
3142 5080 3457 5146 contingens
3499 5079 3732 5148 negatio,
3786 5095 3926 5130 nun-
3959 5083 3974 5094 ’

2353 5176 2596 5232 cnpatur,
2651 5184 2879 5236 veraque
2920 5184 3039 5224 esse
3088 5180 3261 5238 potest
3297 5185 3417 5224 cum
3467 5187 3526 5223 ea
3569 5170 3928 5221 allirmatione

2353 5270 2472 5322 qua:
2515 5255 2678 5323 dicit,
2722 5260 2977 5328 contingit
3019 5276 3139 5315 esse
3174 5279 3240 5323 α,
3286 5263 3446 5316 veluti
3492 5277 3610 5314 cum
3661 5260 3923 5320 dicimus,

2353 5346 2609 5414 contingit
2639 5348 2826 5402 sedere
2855 5351 3128 5406 Socratem
3147 5393 3161 5418 ,
3193 5355 3455 5420 contingit
3482 5368 3585 5405 non
3615 5351 3808 5405 sedere
3831 5350 3928 5404 So-

2354 5448 2578 5492 cratem.
2612 5439 2675 5491 Et
2705 5440 2785 5493 lia:
2813 5442 3021 5508 quidem
3053 5459 3155 5496 non
3185 5443 3433 5497 dicuntur
3462 5460 3581 5497 esse
3609 5442 3892 5496 contraria:
3912 5480 3926 5501 ν

2354 5529 2601 5597 quoniam
2634 5531 2788 5583 simul
2820 5547 2959 5585 vera:
2991 5547 3109 5587 esse
3141 5546 3380 5601 possunt.
3414 5539 3480 5589 At
3512 5551 3639 5588 vero
3669 5534 3929 5602 opposita:

2354 5631 2478 5675 sunt
2504 5622 2710 5690 quoties
2747 5625 2914 5692 ipsum
2945 5628 3258 5695 contingens
3293 5637 3534 5696 negatur,
3569 5637 3624 5680 ιιι
3662 5629 3704 5680 si
3738 5626 3928 5678 adver-

2353 5725 2442 5762 sns
2473 5725 2585 5764 eam
2615 5726 2732 5779 quae
2763 5712 2918 5777 dicit,
2953 5716 3365 5786 contingit‘essc
3433 5736 3485 5781 (ι,
3526 5734 3586 5772 ea
3631 5723 3928 5786 Opponatur
