4290 6272
360 371 455 428 8H

1444 358 1534 415 DE
1572 355 2005 415 SYLLOGISMO
2042 356 2543 416 HYPOTIIETICO.

3540 365 3647 425 849.

358 498 475 555 quae
505 484 669 549 dicit,
701 496 807 539 non
840 479 1104 551 contingit
1133 491 1254 534 esse
1283 494 1344 540 a;
1377 474 1428 530 id
1458 474 1604 529 enim
1646 472 1745 527 ista
1775 471 1946 542 sigui-
1978 471 2035 531 Δ
2057 468 2243 525 decem
2266 472 2597 527 atﬁrmativae
2618 488 2681 529 ac
2698 481 2960 547 negativae
2982 484 3375 551 propositiones
3396 483 3647 537 omnibus

359 578 486 634 licat
529 574 751 634 omnino
801 589 907 629 non
950 586 1110 642 posse
1152 570 1484 638 contingere.
1528 566 1660 633 Qua:
1708 580 1830 620 eum
1878 563 1950 618 ita

358 670 467 725 sint
488 713 503 735 ,
535 682 764 738 cumque
794 668 972 721 inesse
1002 662 1365 734 signiﬁcantes
1392 657 1789 730 prapositiones
1816 672 1954 726 prae-
1979 648 1999 666 ’

359 768 443 815 ter
473 761 642 815 ullum
671 760 919 813 dicuntur
964 753 1180 809 modum
1200 792 1216 818 ,
1251 752 1335 806 bis
1365 752 1429 805 ad
1461 764 1605 815 esse,
1644 748 1835 819 juncto
1860 747 1956 801 ad-

360 850 551 904 verbio
581 848 858 917 negativo,
892 845 1103 912 negatio
1135 842 1291 909 plena
1326 837 1623 908 perﬁcitur.
1657 838 1789 904 Qum
1819 850 1954 893 vero

361 956 485 995 cum
518 939 676 995 modo
705 944 1073 1007 proponuntur
1099 934 1143 987 si
1174 931 1496 987 necessaria:
1526 931 1637 986 sint
1660 942 1713 985 et
1739 930 1807 985 ad
1834 944 1957 985 esse

365 1030 580 1098 negatio
607 1029 878 1097 jungatur,
910 1036 1061 1078 utea
1101 1036 1219 1089 qua:
1258 1020 1427 1085 dicit,
1472 1035 1697 1075 necesse
1735 1029 1819 1074 est
1850 1034 1957 1073 non

367 1136 520 1183 esse.
556 1118 613 1173 ﬁt
646 1115 949 1173 necessaria
982 1116 1214 1182 negatio.
1260 1110 1317 1166 Si
1350 1126 1477 1165 vero
1509 1111 1610 1180 ipsi
1644 1110 1957 1166 necessario

367 1211 583 1281 negatio
622 1216 984 1281 praeponatur,
1032 1206 1091 1260 ﬁt
1130 1203 1421 1259 necessarii
1467 1203 1682 1273 negatio
1723 1202 1958 1256 afﬁrma-

368 1304 501 1360 tioui
534 1301 883 1357 vehementer
909 1299 1156 1369 opposita
1180 1338 1194 1364 ,
1229 1306 1287 1351 ut
1314 1312 1377 1351 ea
1404 1312 1526 1367 qua:
1559 1296 1691 1352 dicit
1719 1311 1825 1351 non
1866 1310 1961 1350 ne-

366 1411 519 1453 cesse
548 1410 690 1450 esse.
718 1393 849 1447 ltem
877 1392 931 1445 in
959 1388 1395 1458 contingentibus
1423 1388 1470 1442 si
1501 1387 1567 1441 ad
1594 1403 1716 1443 esse
1743 1389 1961 1457 negatio

371 1494 741 1557 praeponatur,
774 1482 835 1535 ﬁt
861 1480 1183 1548 contingens
1212 1477 1449 1547 negatio,
1484 1486 1540 1532 ut
1570 1491 1632 1533 ea
1662 1493 1781 1547 qua;
1811 1479 1960 1544 dicit,

370 1575 633 1642 contingit
653 1588 762 1628 non
784 1586 905 1627 esse
927 1587 979 1625 a.
1010 1570 1070 1625 Si
1098 1583 1234 1625 vero
1266 1567 1369 1638 ipsi
1395 1568 1722 1639 contingenti
1754 1569 1964 1640 negatio

369 1670 643 1740 jungatur,
668 1666 726 1719 ﬁt
745 1661 1107 1732 contingentis
1140 1661 1352 1731 negatio
1372 1660 1704 1731 contingenti
1728 1661 1965 1715 afﬁrma-

373 1765 505 1818 tioni
536 1763 879 1817 vehementer
899 1756 1143 1826 Opposita
1162 1795 1177 1821 ,
1212 1762 1270 1809 ut
1298 1769 1362 1809 ea
1384 1770 1503 1823 quae
1524 1754 1674 1821 dicit,
1700 1770 1804 1809 non
1829 1770 1963 1809 con-

2060 564 2246 619 decetn
2276 564 2611 621 afﬁrmativis
2653 573 3019 641 negativisque
3066 576 3524 645 propositionibus
3555 592 3649 642 ap-

2059 655 2423 725 plicabuntur.
2482 656 2664 728 Itaque
2698 664 2999 731 complexa:
3037 677 3252 721 centum
3296 681 3486 722 omnes
3524 666 3648 722 efﬁ-

2058 748 2207 802 ciunt
2230 749 2657 818 propositiones,
2688 752 2769 806 liae
2799 770 2918 819 qua:
2945 770 3201 811 connexa:
3225 772 3290 811 ex
3314 759 3649 829 simplicibus

2059 839 2479 909 conjunguntur.
2509 841 2813 898 Secundum
2863 844 3005 900 hunc
3042 861 3171 901 vero
3217 852 3432 903 modum
3476 862 3653 921 potest

2061 932 2491 999 propositionum
2522 946 2783 988 numerus
2807 935 3037 989 inveniri
3060 938 3223 991 etiam
3256 940 3309 994 in
3344 941 3422 995 Itis
3456 958 3652 1012 propo-

2060 1022 2347 1079 sitionibus
2376 1039 2495 1093 quae
2523 1039 2589 1081 ex
2609 1027 2906 1096 categorica
2940 1036 2995 1081 et
3027 1027 3367 1098 ltypotltetica
3388 1036 3651 1102 copulan-

2064 1123 2170 1178 tur,
2200 1115 2281 1168 vel
2309 1130 2427 1184 qua:
2468 1130 2534 1170 ex
2579 1115 2788 1171 duabus
2827 1117 3285 1174 conditionalibus
3316 1122 3470 1176 fiunt.
3519 1124 3652 1179 Nam

2061 1222 2182 1276 qua:
2209 1223 2275 1262 ex
2303 1208 2650 1263 conditionali
2680 1218 2737 1265 et
2757 1212 3058 1282 categorica
3104 1224 3372 1278 constant,
3407 1216 3491 1271 vel
3534 1234 3655 1286 quas

2062 1314 2094 1353 e
2138 1298 2353 1354 diverso
2401 1301 2670 1356 extribus
2715 1304 3033 1372 categoricis
3071 1304 3269 1373 juncta:
3316 1316 3439 1360 sunt
3466 1348 3479 1372 ,
3510 1309 3656 1378 quod

2065 1389 2111 1444 si
2155 1390 2380 1445 duarum
2414 1392 2553 1447 inter
2581 1407 2641 1449 se
2674 1382 3137 1462 prazdicativarum
3178 1395 3537 1453 afﬁrmatione
3570 1401 3655 1455 vel

2065 1487 2351 1555 negatione
2396 1486 2699 1554 complexio
2746 1487 2827 1541 vel
2874 1502 3031 1552 esse,
3085 1488 3168 1543 vel
3218 1491 3524 1545 necessario
3568 1493 3656 1547 vel

2067 1578 2442 1648 contingenter
2491 1594 2649 1644 esse,
2702 1583 2938 1649 quinque
2981 1580 3169 1635 modos
3220 1593 3435 1638 centum
3488 1585 3658 1641 efﬁcit

2069 1671 2495 1738 complexiones,
2524 1672 2774 1741 quoniam
2806 1672 2964 1727 tertia
3006 1675 3298 1743 propositio
3328 1677 3656 1733 afﬁrmativa

2070 1761 2174 1815 erit
2204 1761 2285 1816 vel
2317 1762 2563 1830 negativa
2584 1802 2599 1825 ,
2632 1772 2687 1816 et
2734 1762 2779 1816 si
2813 1763 3130 1818 afﬁrmativa
3172 1766 3410 1834 quinque
3456 1768 3654 1836 modis,

374 1854 533 1927 tingit
556 1867 701 1925 esse.
732 1850 838 1906 Sed
862 1848 1119 1919 quoniam
1147 1850 1325 1903 omnis
1356 1848 1655 1917 propositio
1675 1888 1690 1913 ,
1720 1857 1811 1901 aut
1843 1848 1961 1902 uni—

2079 1853 2152 1909 vel
2187 1854 2364 1908 inesse
2398 1854 2727 1923 signiﬁcans,
2762 1855 2844 1910 vel
2880 1856 3184 1911 necessario
3220 1858 3398 1914 inesse
3423 1859 3655 1931 duplici-

373 1947 620 2011 versalis,
640 1953 732 2000 aut
747 1940 1105 2014 particularis,
1121 1949 1213 1994 aut
1229 1938 1527 2004 indeﬁnita,
1544 1949 1637 1994 aut
1656 1940 1961 2010 singularis,

375 2040 697 2112 proponitur
720 2034 1044 2093 universalis
1070 2033 1172 2087 hoc
1197 2032 1393 2087 modo:
1418 2032 1605 2088 Omnis
1631 2032 1792 2087 homo
1816 2033 1965 2102 legit,

379 2129 720 2201 particularis
749 2128 863 2182 sic:
897 2125 1125 2192 Quidam
1156 2123 1317 2178 homo
1349 2122 1507 2193 legit,
1536 2123 1820 2193 singularis
1851 2127 1965 2180 sic:

380 2222 636 2279 Socrates
664 2218 815 2289 legit,
835 2216 1110 2272 indeﬁnita
1132 2215 1210 2270 sic
1234 2230 1247 2264 :
1272 2214 1445 2269 Homo
1469 2214 1615 2285 legit,
1642 2230 1864 2271 necesse
1886 2225 1969 2270 est

376 2312 611 2376 ut,sicut
630 2309 683 2363 in
699 2306 1133 2377 Categoricorum
1158 2304 1603 2375 Syllogismorum
1625 2305 1968 2361 institutione

376 2408 732 2460 monstratum
758 2408 864 2464 est,
887 2398 993 2452 illa:
1014 2397 1116 2452 sibi
1144 2396 1377 2450 maxime
1400 2396 1681 2451 videantur
1701 2399 1969 2466 oppositas

377 2503 711 2567 quaecunque
732 2488 817 2544 vel
839 2488 1147 2542 universale
1170 2485 1441 2541 afﬁrmant
1458 2528 1473 2552 ,
1501 2488 1545 2541 si
1576 2488 1971 2556 particulariter

378 2588 695 2658 denegatur,
725 2583 808 2639 vel
831 2581 1134 2637 universale
1164 2580 1455 2649 dcnegant,
1486 2584 1531 2636 si
1562 2583 1972 2651 particulariter

377 2681 695 2744 afﬁrmatur,
725 2685 781 2733 et
800 2692 921 2747 qua:
952 2676 1258 2744 singulares
1287 2683 1452 2740 sunt,
1480 2673 1525 2729 si
1557 2674 1643 2729 illa
1667 2673 1880 2744 quidem
1914 2674 1971 2729 in

379 2773 735 2830 afﬁrmatione
762 2769 933 2840 posita
959 2809 975 2834 ,
1009 2768 1099 2822 illa
1125 2782 1255 2822 vero
1281 2768 1334 2821 in
1363 2766 1668 2837 negatione.
1696 2766 1828 2833 Quae
1847 2780 1970 2821 cum

380 2869 455 2924 ita
469 2866 598 2932 sint,
621 2864 666 2920 si
693 2864 812 2918 haec
838 2861 1027 2917 eadem
1052 2860 1193 2916 ratio
1220 2859 1287 2914 ad
1308 2861 1685 2929 contingentes
1707 2867 1760 2913 et
1782 2873 1972 2915 neces-

378 2958 551 3015 sarias
586 2954 878 3020 referatur,
919 2952 1062 3008 idem
1104 2952 1158 3007 in
1210 2952 1533 3007 necessariis
1569 2958 1627 3006 et
1652 2949 1973 3021 centingen-

378 3051 523 3107 tibus
553 3048 841 3113 invenitur,
870 3053 929 3100 ut
956 3044 1004 3101 si
1032 3044 1154 3115 quis
1180 3044 1346 3111 dicat,
1378 3059 1593 3099 omnem
1620 3061 1653 3098 a
1682 3034 1982 3100 terminum.

381 3156 503 3199 esse
528 3154 749 3198 necesse
775 3149 882 3205 est,
913 3139 1157 3210 aliusque
1185 3146 1346 3209 negat
1374 3138 1581 3207 dicens,
1621 3154 1726 3193 non
1750 3153 1973 3193 necesse

2070 1957 2179 2014 ter,
2210 1948 2294 2003 vel
2324 1948 2699 2015 contingenter
2743 1948 2919 2004 inesse
2953 1949 3259 2019 dupliciter.
3302 1952 3539 2021 Itemque
3578 1964 3660 2010 to-

2071 2039 2235 2095 tidem
2264 2038 2545 2109 negabitur
2573 2039 2744 2093 modis
2770 2041 2931 2095 simul
2981 2057 3085 2096 non
3116 2043 3348 2113 amplius
3377 2061 3534 2114 quam
3565 2045 3657 2102 de-

2069 2130 2181 2184 cies
2224 2138 2572 2200 proponetnr.
2607 2132 2725 2197 Quo
2775 2132 2831 2185 lit
2876 2142 2933 2187 ut
2984 2134 3142 2188 tertia
3193 2139 3487 2204 propositio
3535 2153 3658 2194 cum

2071 2221 2278 2275 duabus
2308 2222 2675 2289 superioribus
2694 2263 2709 2285 ,
2738 2234 2953 2284 centum
2980 2225 3121 2280 inter
3144 2240 3204 2282 se
3229 2228 3403 2282 modis
3439 2230 3661 2298 copula-

2073 2313 2144 2367 tis
2196 2322 2356 2383 atque
2410 2313 2733 2383 complexis,
2766 2315 2951 2383 juncta
3003 2326 3163 2386 atque
3191 2320 3479 2375 commissa
3512 2321 3662 2378 mille

2072 2419 2262 2459 omnes
2289 2405 2445 2459 faciat
2471 2406 2888 2473 complexiones.
2922 2407 3147 2463 Centum
3176 2425 3407 2481 namque
3434 2410 3662 2468 duarum

2073 2496 2499 2566 propositionum
2530 2497 2677 2553 modi
2708 2513 2831 2553 cum
2854 2499 3039 2555 decem
3063 2501 3234 2556 modis
3263 2503 3434 2558 tertiae
3462 2519 3662 2575 propo-

2073 2587 2285 2641 sitionis
2305 2587 2609 2657 complicati
2634 2588 2781 2644 mille
2808 2592 3113 2660 perﬁciunt.
3150 2593 3338 2649 Decies
3362 2596 3507 2652 enim
3536 2612 3666 2654 cen-

2075 2689 2188 2735 tum
2230 2682 2376 2737 niille
2405 2690 2551 2737 sunt.
2603 2682 2808 2737 Rursus
2840 2686 3095 2753 quoniam
3147 2700 3214 2740 ex
3245 2685 3454 2744 duabus
3495 2690 3667 2760 hypo-

2076 2772 2289 2828 theticis
2309 2773 2494 2843 juncta
2541 2775 2924 2830 conditionalis
2964 2787 3196 2847 quatuor
3224 2783 3542 2851 categoricis
3572 2799 3668 2841 co-

2077 2866 2324 2934 pulatur,
2358 2878 2410 2918 ct
2441 2867 2560 2922 dua:
2600 2871 2741 2923 inter
2770 2884 2831 2925 se
2862 2869 3050 2939 prima:
3089 2875 3410 2944 categorij
3448 2885 3666 2931 centum

2075 2957 2542 3025 complexionibus
2572 2959 2969 3029 jungebantur,
2999 2977 3221 3019 necesse
3249 2974 3334 3020 est
3379 2977 3437 3019 ut
3480 2977 3666 3036 poste-

2078 3048 2248 3103 riores
2289 3065 2503 3119 quoque
2536 3051 2656 3104 dum
2705 3061 2920 3106 centum
2959 3056 3424 3123 enmplexionibus
3462 3072 3669 3116 conne-

2079 3146 2323 3205 ctantur;
2354 3140 2495 3210 quod
2542 3141 2587 3196 si
2617 3152 2831 3197 centum
2862 3146 3204 3214 superiorum
3236 3148 3695 3218 propositionum.

384 3241 473 3287 est
496 3245 709 3286 omnem
740 3247 773 3284 ιι
813 3230 1102 3285 terminum
1134 3243 1280 3295 esse,
1314 3229 1439 3283 fecit
1485 3228 1782 3299 oppositam
1811 3244 1973 3299 nega-
1995 3212 2045 3278 Ο
2078 3232 2500 3301 categoriearum
2554 3233 2731 3299 modi,
2783 3245 2998 3290 centum
3033 3239 3392 3305 pOSteriorum
3441 3251 3666 3311 catego-

383 3322 607 3378 tionem.
641 3319 707 3375 Et
734 3320 781 3375 si
803 3318 951 3374 dicat
996 3319 1212 3389 aliquis,
1240 3319 1509 3389 contingit
1555 3334 1771 3373 omnem
1803 3334 1834 3371 a
1867 3328 1975 3374 ter-

336 3432 341 3435 »
383 3413 587 3468 minum
633 3426 793 3478 esse,
844 3410 1003 3481 idque
1054 3410 1246 3481 aliquis
1303 3420 1504 3482 neget,
1560 3425 1663 3464 non
1712 3410 1976 3479 contingit

384 3518 600 3560 omnem
630 3520 662 3556 a
689 3503 982 3558 terminum
1019 3516 1140 3557 esse
1162 3542 1178 3567 ,
1224 3501 1353 3556 fecit
1399 3501 1701 3572 oppositam
1734 3500 1977 3571 negatio-

386 3614 540 3664 nem;
570 3597 623 3653 in
648 3597 892 3667 utrisque
929 3595 1072 3651 enim
1104 3593 1318 3663 negatio
1363 3602 1417 3648 et
1444 3592 1660 3646 modum
1691 3602 1930 3647 removet
1956 3631 1972 3653 ,

385 3700 440 3747 et
460 3690 906 3761 signiﬁcationem
954 3684 1372 3741 universalitatis
1420 3684 1739 3754 exstinguit.
1796 3687 1975 3753 Atque

384 3785 489 3840 hoc
528 3783 746 3854 quidem
786 3781 840 3837 in
887 3779 1223 3849 simplicibus
1267 3788 1322 3834 et
1368 3777 1683 3847 categoricis
1732 3777 1979 3846 proposi-

387 3878 621 3934 tionibus
650 3876 869 3932 evcnire
893 3887 1114 3931 necesse
1139 3882 1243 3933 est.
1275 3871 1344 3927 de
1371 3886 1597 3940 quarum
1632 3878 1819 3924 natura
1851 3870 1977 3925 dili-

387 3971 604 4040 gentius
632 3966 897 4036 persecuti
926 3979 1109 4021 sumus
1136 3963 1191 4017 in
1220 3961 1303 4018 Itis
1344 3961 1703 4016 voluminibus
1730 4002 1744 4025 ,
1772 3977 1890 4029 quae
1921 3961 1976 4015 in

388 4060 645 4118 secundas
664 4057 919 4114 editionis
947 4054 1285 4126 expositione
1324 4054 1443 4125 Περὶ
1483 4052 1746 4130 ἑρμηνείας·
1786 4050 1979 4105 inscri-

389 4154 618 4225 psimus.
650 4151 709 4207 Si
730 4151 850 4222 quis
877 4148 1035 4219 igitur
1063 4144 1492 4218 propositionum
1520 4144 1761 4198 omnium
1792 4142 1979 4197 condi-

390 4248 667 4303 tionalium
692 4258 972 4300 numerum
994 4240 1250 4311 inquirat,
1273 4252 1393 4309 quae
1420 4246 1536 4293 erat
1562 4250 1630 4290 ex
1658 4232 1978 4301 categoricis

391 4342 587 4413 poterit
612 4337 893 4402 invenire;
938 4350 1003 4391 ac
1031 4336 1262 4404 primum
1292 4332 1344 4386 in
1384 4329 1644 4386 connexis
1671 4342 1741 4385 ex
1770 4327 1979 4383 duabus

391 4431 724 4502 simplicibus
782 4426 1133 4498 inquirendus
1181 4435 1266 4481 est
1315 4423 1418 4479 hoc
1466 4424 1652 4479 modo.
1682 4421 1816 4480 Nam
1844 4436 1979 4493 quo-

392 4527 538 4581 niam
579 4522 873 4593 propositio
900 4520 1133 4589 simplex
1181 4514 1527 4588 hypotltetica
1564 4528 1627 4569 ex
1660 4514 1979 4583 categoricis

2082 3323 2314 3378 riearum
2339 3324 2508 3378 modis
2530 3326 2945 3396 complicentur,
2972 3330 3103 3384 ﬁent
3125 3330 3313 3387 decem
3336 3333 3504 3388 millia
3522 3351 3670 3394 conto

2080 3415 2386 3485 plexioucs.
2420 3416 2475 3471 lu
2517 3416 2623 3471 illis
2650 3430 2830 3474 autem
2862 3421 3327 3491 prepositionibus
3355 3442 3478 3496 quae
3499 3430 3673 3485 tribus

2080 3509 2359 3561 variantur
2394 3508 2598 3577 ﬁguris.
2632 3510 2897 3578 siquidem
2943 3512 3155 3569 medius
3186 3517 3448 3575 terminus
3477 3521 3673 3579 simili-

2082 3609 2164 3651 ter
2193 3606 2247 3651 et
2279 3598 2331 3650 in
2366 3599 2533 3666 prima
2566 3607 2620 3652 et
2652 3600 2703 3653 in
2734 3601 2973 3656 secunda
3022 3603 3370 3674 Itypothetica
3398 3625 3672 3682 propona-

2083 3700 2190 3758 tur,
2227 3691 2379 3746 mille
2400 3700 2559 3747 erunt
2587 3694 3016 3764 complexiones,
3042 3698 3110 3753 ad
3141 3713 3328 3757 earum
3358 3703 3671 3762 similitudi-

2081 3800 2204 3839 nem
2248 3800 2369 3855 qua:
2401 3801 2469 3841 ex
2506 3786 2677 3843 tribus
2717 3789 3037 3859 categoricis
3084 3803 3510 3863 connectuntur;
3545 3807 3673 3856 tunc

2080 3874 2227 3930 enim
2258 3890 2394 3930 unus
2419 3886 2582 3946 atque
2604 3877 2746 3933 idem
2770 3879 3035 3933 terminus
3062 3880 3116 3934 in
3147 3884 3392 3955 utrisque
3423 3896 3533 3945 tres
3575 3905 3673 3948 ne-

2079 3981 2186 4036 que
2229 3967 2459 4037 amplius
2502 3967 2663 4024 faciet
2690 3969 3116 4025 enuntiationes.
3145 3974 3411 4032 Similiter
3458 3996 3587 4035 tero
3614 3983 3671 4038 in

2080 4058 2321 4127 utrisque
2348 4059 2666 4128 proponitur
2692 4059 2794 4115 boc
2816 4059 2977 4116 modo
3003 4078 3016 4115 :
3050 4062 3100 4117 si
3128 4072 3216 4120 est
3241 4082 3297 4133 a,
3315 4076 3400 4122 est
3428 4070 3478 4135 b,
3511 4072 3557 4126 si
3587 4084 3675 4129 est

2081 4150 2131 4215 b,
2164 4160 2247 4205 est
2277 4167 2325 4218 ε,
2360 4150 2445 4206 hic
2471 4151 2615 4207 enim
2638 4153 2668 4207 ὸ
2698 4153 2991 4222 terminus,
3022 4164 3076 4210 et
3103 4156 3170 4211 ad
3196 4175 3231 4211 a
3256 4161 3540 4217 terminum
3570 4205 3584 4229 ,
3616 4176 3675 4222 et

2080 4240 2148 4297 ad
2169 4257 2198 4294 ο
2220 4241 2427 4310 positus
2447 4251 2530 4298 est
2546 4285 2562 4310 ,
2595 4243 2775 4301 inesse
2800 4244 3132 4315 signiﬁcans.
3166 4248 3310 4304 Idem
3337 4250 3389 4304 in
3422 4269 3672 4311 necessa-
3698 4324 3701 4327 _

2080 4332 2179 4388 riis
2202 4341 2257 4387 et
2282 4334 2719 4405 contingentibus
2751 4336 3181 4408 intelligendum.
3201 4341 3271 4395 At
3298 4340 3344 4395 si
3373 4342 3444 4398 ita
3476 4360 3676 4415 propo-

2082 4435 2277 4481 natur:
2302 4427 2347 4482 si
2372 4438 2453 4483 est
2474 4445 2527 4497 a,
2559 4437 2643 4483 est
2665 4428 2715 4495 b,
2740 4438 2795 4485 et
2822 4430 2865 4484 si
2898 4445 3121 4487 necesse
3140 4440 3225 4486 est
3248 4446 3369 4489 esse
3391 4434 3441 4503 ὸ,
3468 4446 3551 4491 est
3583 4439 3674 4493 vel

2084 4536 2191 4576 non
2238 4529 2322 4575 est
2350 4538 2409 4587 c,
2439 4521 2559 4576 duae
2603 4522 3005 4592 prapositiones
3042 4523 3438 4583 conditionales
3459 4568 3474 4594 ,
3508 4529 3557 4583 id
3591 4542 3678 4587 cst

392 4585 599 4671 duabus
620 4585 862 4684 jungitur
884 4652 899 4679 ,
930 4585 1033 4666 una
1063 4585 1368 4665 earumvvel
1398 4607 1582 4663 inesse
1612 4606 1976 4676 significabit,

2087 4622 2315 4685 quatuor
2342 4585 2886 4683 praedicativas—ﬁunt.
2918 4615 3038 4680 Quo
3068 4616 3127 4669 ﬁt
3167 4625 3223 4671 ut
3254 4585 3548 4676 secundum

394 4708 483 4762 vel
503 4704 816 4774 contingere
849 4716 973 4758 esse
999 4699 1336 4769 simpliciter,
1368 4696 1448 4753 vel
1473 4710 1703 4753 necesse
1730 4711 1852 4751 esse
1881 4696 1980 4751 du-

394 4781 632 4868 pliciter;
662 4793 803 4863 quod
830 4792 878 4848 si
906 4798 1033 4846 sunt
1054 4789 1410 4854 afﬁrmativar,
1432 4788 1721 4857 quinquies
1742 4786 1981 4842 affirma-

395 4887 501 4942 tiva
540 4883 914 4941 enuntiatione
958 4887 1344 4950 proponentur.
1373 4878 1480 4935 Sed
1512 4879 1768 4947 quoniam
1798 4880 1977 4936 omnis

394 4977 682 5034 aliirmatio
710 4976 873 5031 habet
900 4975 1202 5044 oppositam
1223 4970 1592 5041 negationem,
1624 4986 1810 5027 rursus
1830 4974 1985 5042 quin-

392 5073 547 5141 quies
572 5050 839 5139 'negativa
873 5064 1174 5121 enuntiatio
1205 5063 1403 5134 poterit
1426 5062 1783 5133 pronuntiari.
1812 5065 1986 5120 Erunt

394 5164 557 5234 igitur
583 5165 637 5217 in
690 5161 863 5231 prima
895 5158 1287 5230 propositione,
1320 5173 1440 5228 qua:
1468 5173 1573 5213 una
1614 5173 1738 5229 pars
1768 5168 1849 5214 est
1885 5159 1985 5230 by-

392 5256 681 5331 potheticte
709 5251 1110 5324 propositionis,
1144 5252 1197 5305 in
1219 5251 1503 5321 negatione
1541 5259 1597 5305 et
1624 5250 1984 5307 afﬁrmatione

394 5347 699 5403 constituta:
729 5344 1012 5399 modorum
1046 5342 1441 5411 prapositiones
1468 5340 1680 5396 decem.
1734 5341 1982 5397 Secunda

393 5442 559 5498 etiam
583 5438 903 5509 propositio,
931 5450 1051 5504 qua:
1081 5449 1207 5505 pars
1234 5443 1316 5489 est
1343 5435 1727 5505 ltypotltetieaa,
1754 5433 1978 5488 totidem

392 5529 845 5588 afﬁrmationibus
871 5535 927 5583 et
945 5525 1324 5597 negationibus
1347 5526 1568 5595 proponi
1599 5532 1801 5595 potest;
1826 5533 1984 5579 erunt

394 5625 561 5695 igitur
587 5622 703 5691 ejus
730 5634 945 5691 quoque
992 5618 1389 5674 enuntiationes
1433 5617 1645 5672 decem.
1702 5616 1807 5672 Sed
1859 5631 1981 5672 cum

396 5716 570 5790 prima
600 5713 895 5785 propositio
922 5711 1172 5767 secundae
1217 5710 1574 5779 propositioni
1598 5708 1828 5779 quadam
1856 5724 1987 5765 con-

394 5808 680 5881 sequentia
695 5806 1014 5893 *copuletur,
1046 5810 1105 5856 ut
1132 5819 1237 5857 una
1269 5802 1609 5873 ltypothetica
1639 5802 1760 5865 ﬁat,
1795 5816 1985 5858 omnes

842 5915 1112 5979 Panos.
1146 5911 1365 5978 LXIV.

2088 4723 2207 4778 quae
2235 4722 2301 4762 ex
2334 4705 2692 4775 praedicativis
2740 4715 2975 4775 quatuor
3022 4717 3451 4778 connectuntur,
3482 4713 3674 4773 decem

2092 4797 2255 4853 millia
2279 4798 2475 4854 faciant
2504 4796 2927 4866 complexiones,
2959 4805 3121 4868 atque
3150 4797 3207 4854 hi
3234 4802 3442 4858 numeri
3481 4814 3589 4860 tam
3617 4806 3677 4863 in

2093 4894 2263 4961 prima
2294 4908 2453 4963 quam
2487 4892 2542 4948 in
2569 4892 2807 4948 secunda
2851 4892 2933 4949 vel
2975 4893 3131 4950 tertia
3162 4894 3331 4965 ﬁgura
3359 4907 3486 4953 sunt
3508 4900 3679 4971 inspi-

2093 4983 2289 5039 ciendi.
2342 4983 2409 5038 Et
2437 4998 2535 5039 nos
2571 4982 2787 5053 quidem
2817 4992 3052 5053 quantus
3098 4999 3219 5042 esse
3246 4988 3676 5056 propositionum

2090 5090 2349 5131 numerus
2379 5085 2585 5145 posset,
2610 5075 2980 5143 ascripsimus,
3014 5090 3284 5147 nunquam
3314 5087 3493 5135 tamen
3516 5082 3678 5138 dissi-

2089 5169 2290 5223 militer
2322 5168 2582 5222 terminus
2610 5166 2819 5223 medius
2847 5167 3192 5235 enuntiatur;
3224 5185 3459 5242 namque
3489 5182 3547 5230 ut
3587 5178 3683 5232 ﬁat

2088 5267 2452 5313 extremorum
2482 5258 2778 5323 conclusio,
2814 5258 3023 5314 medius
3054 5260 3316 5316 terminus
3367 5264 3676 5332 intercedit,

2087 5350 2240 5414 cujus
2264 5347 2617 5401 communitas
2637 5358 2876 5403 extrema
2898 5347 3196 5418 eonjungit.
3220 5349 3373 5418 Quod
3396 5355 3441 5408 si
3464 5356 3683 5412 medius

2091 5435 2317 5491 diversis
2348 5437 2522 5491 modis
2550 5436 2604 5490 in
2637 5444 2861 5506 utraque
2888 5437 3259 5507 propositione
3285 5439 3501 5499 dicatur
3526 5485 3541 5511 ,
3578 5461 3681 5500 nec

2092 5536 2483 5581 connectuntur
2530 5535 2771 5583 extrema
2799 5568 2814 5593 ,
2865 5536 3030 5597 atque
3059 5529 3182 5585 ideo
3224 5546 3293 5587 ne
3330 5534 3683 5606 syllogismus

2092 5619 2306 5690 quidem
2355 5617 2473 5673 ﬁeri
2524 5618 2662 5673 ullus
2708 5628 2917 5688 potest,
2957 5636 3077 5678 cum
3112 5628 3415 5693 praesertim
3466 5647 3534 5687 ne
3576 5648 3680 5688 una

2094 5712 2307 5782 quidem
2341 5708 2635 5780 propositio
2672 5710 2777 5767 dici
2809 5714 2980 5781 possit
3005 5713 3059 5769 in
3103 5731 3209 5786 qua
3238 5720 3451 5776 medius
3491 5725 3678 5779 termi-

2097 5820 2198 5861 nus
2226 5803 2559 5860 dissimiliter
2585 5808 2917 5864 enuntiatur.
2962 5808 3145 5880 Longe
3184 5821 3363 5869 autem
3396 5816 3680 5888 multiplex

3124 5912 3206 5977 27
