4290 6272
645 419 751 480 843

1865 414 1977 471 AN.
2019 392 2223 471 uaris.
2263 411 2414 491 sev.
2453 409 2675 466 BOETll

3798 411 3903 469 ειι

644 551 897 593 numerus
947 528 1365 603 propositionum
1421 528 1705 595 existeret,
1735 529 1777 584 si
1811 528 1988 583 inesse
2020 527 2221 598 signiﬁ-
2250 525 2303 588 Α
2328 523 2679 578 nibustalium
2712 532 2889 591 partes
2909 523 3342 594 syllogismorum
3370 527 3709 596 appellentur
3730 538 3909 585 osten-

644 636 827 683 cantes
874 630 930 677 et
976 620 1309 677 necessarias
1352 627 1406 675 et
1448 620 1819 689 contingentes
1870 617 2220 672 aiﬁrmativas

643 717 1020 790 negativasque
1052 712 1445 783 propositiones
1478 726 1571 779 per
1603 710 1936 764 universales
1964 717 2018 763 et
2050 707 2218 777 parti-

644 810 874 871 culares,
917 806 1003 861 vel
1035 804 1330 874 Oppositas,
1358 803 1441 858 vel
1474 802 1815 858 subalternas
1848 802 2217 866 variaremus;

644 902 736 955 sed
768 901 819 955 id
869 915 973 953 non
1028 898 1314 961 convenit,
1362 895 1483 965 quia
1514 895 1954 950 conditionalium
2007 892 2219 948 termini

644 990 1071 1062 propositionum
1125 989 1330 1043 inﬁnito
1379 986 1607 1041 maxime
1655 987 1997 1040 enuntiantur
2036 986 2213 1038 modo.

645 1087 818 1154 Atque
862 1083 982 1138 ideo
1029 1095 1415 1149 supervacuum
1462 1077 1697 1148 judicavi
1746 1076 2220 1132 determinatarum

646 1174 938 1231 secundum
971 1174 1321 1243 quantitatem
1351 1166 1774 1240 propositionum
1807 1164 2049 1238 quzcrere
2071 1167 2221 1219 mul-

646 1268 925 1324 titudinem
955 1309 969 1332 ,
1014 1282 1132 1322 cum
1182 1265 1536 1321 determinate
1576 1258 1965 1316 conditionales
1996 1258 2223 1327 praponi

646 1376 751 1416 non
780 1359 1014 1421 soleant;
1050 1357 1159 1411 fere
1204 1366 1379 1410 autem
1432 1352 1787 1423 hypotheticc
1828 1348 2225 1420 propositiones

647 1465 747 1504 nec
795 1464 889 1518 per
939 1446 1310 1501 necossitatem
1359 1443 1572 1512 quidem
1620 1441 1703 1494 vel
1764 1446 1858 1509 per
1909 1438 2225 1506 contingens

648 1534 1022 1604 enuntiantur,
1055 1537 1146 1592 sed
1182 1536 1286 1590 illa:
1312 1535 1540 1588 maxime
1565 1535 1614 1586 iu
1661 1547 1815 1585 usum
1848 1527 2225 1585 collocutionis

646 1633 935 1697 ducuntur,
961 1646 1077 1699 quc
1100 1629 1276 1682 inesse
1306 1625 1628 1695 signiﬁcant.
1652 1624 1853 1677 Omnes
1883 1637 2010 1675 vero
2042 1633 2226 1675 neces-

647 1725 844 1777 sariam
874 1720 1313 1789 consequentiam
1348 1727 1531 1771 tenere
1562 1715 1787 1781 volunt,
1821 1722 1873 1767 et
1899 1727 2017 1783 qua:
2049 1711 2227 1766 inesse

647 1815 981 1886 signiﬁcant,
1028 1821 1082 1866 et
1110 1812 1301 1879 quibus
1347 1809 1638 1864 necessitas
1671 1806 1903 1870 additur,
1950 1812 2004 1859 et
2032 1802 2226 1873 quibus

2327 616 2481 672 dero.
2514 616 2776 683 Quoniam
2805 617 2949 671 enim
2990 618 3165 671 omnis
3196 618 3537 689 syllogismus
3592 637 3657 676 ex
3711 638 3909 693 prapo-

2323 706 2607 761 sitionibus
2649 707 2884 771 texitur,
2934 707 3101 776 prima
3146 709 3227 763 vel
3276 712 3590 779 prepositio,
3634 713 3716 767 vel
3765 728 3908 768 suin-

2323 809 2470 868 ptum
2529 804 2782 863 vocatur;
2839 800 3070 853 secunda
3101 815 3225 854 vero
3245 799 3443 855 dicitur
3466 806 3793 873 assumptio;
3841 822 3904 859 ex

2325 888 2407 944 his
2475 905 2592 960 quae
2658 890 2924 955 inlertur,
2993 892 3267 946 COllCIIISIO
3337 906 3699 965 nuncupatur.
3772 897 3904 951 Cum

2324 980 2469 1035 enim
2508 980 2579 1033 ita
2619 977 2877 1043 dicimus,
2910 979 2957 1035 si
3008 981 3166 1034 homo
3196 990 3297 1048 est,
3354 983 3555 1039 animal
3608 997 3711 1053 est,
3747 987 3909 1040 homo

2325 1080 2502 1125 autem
2525 1079 2640 1138 est,
2676 1071 2874 1126 animal
2916 1071 3074 1140 igitur
3100 1081 3202 1138 est,
3236 1087 3299 1127 ea
3330 1074 3545 1143 quidem
3598 1077 3904 1132 enuntiatio

2325 1177 2423 1232 per
2465 1176 2621 1231 quam
2652 1160 2899 1225 dicimus,
2930 1162 2975 1215 si
3008 1163 3168 1216 homo
3213 1173 3319 1228 est,
3353 1167 3551 1220 animal
3598 1178 3679 1221 est
3709 1209 3723 1233 ,
3774 1182 3909 1239 proo

2327 1252 2519 1322 positio
2571 1253 2656 1304 vel
2701 1260 2971 1320 sumptum
3024 1262 3265 1319 vocatur,
3303 1269 3363 1308 ea
3392 1271 3520 1310 vero
3572 1272 3727 1326 quam
3779 1258 3911 1312 huic

2329 1342 2692 1411 adjunximus,
2723 1349 2807 1396 est
2832 1351 3009 1395 autem
3034 1342 3218 1409 homo,
3239 1347 3531 1414 assumptio
3555 1346 3773 1411 dicitur,
3797 1354 3913 1399 ter-

2328 1432 2399 1486 tia
2432 1432 2708 1488 conclusio
2739 1431 3062 1498 nominatur,
3102 1447 3199 1505 per
3227 1449 3386 1502 quam
3418 1435 3748 1489 ostendimus
3787 1451 3911 1493 esse

2331 1523 2530 1577 animal
2558 1520 2646 1593 qui
2678 1520 2839 1577 fuerit
2861 1523 3042 1577 homo.
3092 1522 3198 1577 Sed
3247 1524 3498 1593 quoniam
3547 1542 3690 1595 saepe
3730 1529 3908 1584 evenit

2329 1622 2389 1669 ut
2412 1614 2789 1686 propositionis
2821 1614 3113 1669 enuntiat:e
3138 1608 3521 1684 consequentia
3572 1632 3677 1671 non
3716 1618 3784 1671 sit
3810 1634 3905 1673 ve-

2329 1705 2594 1769 risimilis,
2645 1698 2995 1776 pr0positioni
3037 1719 3181 1774 sirpe
3226 1705 3531 1775 adjungitur
3571 1704 3904 1779 approbatio,

2331 1812 2427 1865 per
2461 1813 2618 1867 quam
2650 1798 2700 1851 id
2725 1798 2867 1867 quod
2896 1807 2978 1852 est
3010 1798 3341 1867 propositum
3367 1794 3555 1867 yerum
3588 1816 3707 1855 esse
3750 1817 3906 1856 mon-

648 1863 957 1980 ptiedicatio
1014 1903 1380 1973 possibilitatis
1427 1909 1661 1970 aptatur,
1716 1896 1913 1951 etenim
1964 1895 2225 1949 terminus
2256 1880 2301 1963 ὴ
2330 1900 2551 1946 stretur.
2586 1888 2895 1961 Assumptio
2916 1907 3129 1962 quoque
3151 1907 3295 1960 sarpe
3316 1863 3565 1947 adlidem
3593 1909 3682 1963 per
3708 1909 3767 1948 se
3795 1892 3904 1951 non

650 1999 967 2069 applicatur.
1016 1994 1313 2051 Necessitas
1342 2008 1471 2046 vero
1502 1989 1859 2061 hypothetica‘.
1906 1988 2227 2058 propositio-

646 2091 731 2146 nis
760 2099 814 2145 et
860 2088 998 2143 ratio
1050 2100 1232 2142 earum
1285 2083 1709 2155 pr0positionum
1755 2096 1817 2135 ex
1869 2079 2060 2149 quibus
2099 2077 2223 2147 jun-

645 2188 842 2252 guntur
871 2180 1011 2233 inter
1037 2191 1097 2232 se
1115 2177 1507 2240 connexiones,
1548 2174 1982 2241 consequentiam
2011 2170 2222 2240 qumrit,

647 2281 704 2325 ut
734 2285 852 2325 cum
884 2269 1035 2323 dico:
1056 2269 1111 2324 Si
1145 2268 1393 2323 Socrates
1417 2265 1568 2319 sedet
1592 2272 1645 2317 ct
1667 2264 1812 2326 vivit,
1846 2277 2017 2330 neque
2040 2261 2228 2316 sedere

644 2372 789 2426 eum,
821 2376 992 2432 neque
1013 2361 1193 2415 vivere
1220 2372 1438 2413 necesse
1460 2368 1575 2421 est;
1611 2354 1703 2407 sed
1733 2354 1779 2407 si
1811 2353 1978 2419 sedet,
2007 2366 2228 2407 necesse

644 2463 730 2510 est
768 2453 968 2507 vivere.
1002 2451 1133 2506 Item
1166 2467 1287 2503 cum
1318 2449 1572 2511 dicimus,
1608 2445 1688 2500 sol
1736 2455 2007 2507 movetur,
2041 2458 2226 2497 neces-

646 2544 791 2599 ‘Sario
818 2544 965 2596 venit
995 2545 1060 2594 ad
1092 2555 1378 2605 occasum,
1405 2535 1734 2591 tantumdem
1768 2536 2029 2604 signiticat
2061 2550 2230 2602 quan-

646 2642 783 2697 tum,
815 2634 861 2687 si
908 2631 989 2685 sol
1034 2639 1297 2694 movetur,
1338 2632 1483 2682 venit
1512 2627 1576 2680 ad
1624 2641 1890 2681 occasum.
1929 2626 2228 2678 Necessitas

647 2726 791 2780 enim
840 2723 1222 2794 propositionis
1269 2723 1322 2775 in
1364 2723 1765 2790 consequentia:
1798 2716 2227 2773 immutabilitate

647 2816 913 2872 consistit.
947 2812 1078 2870 Item
1110 2828 1231 2869 cum
1259 2813 1519 2873 dicimus,
1564 2810 1609 2865 si
1641 2810 1896 2879 pOSsibiie
1923 2818 2006 2863 est
2027 2807 2131 2878 legi
2166 2807 2230 2861 li-

646 2909 825 2973 brum,
878 2906 1133 2976 possibile
1159 2914 1243 2961 est
1278 2906 1342 2959 ad
1390 2904 1607 2958 tertium
1659 2918 1869 2955 versum
1923 2901 2225 2969 pervenire,

646 3014 835 3055 rursus
885 2998 1181 3054 necessitas
1223 2994 1622 3065 consequentiae
1651 3001 1863 3047 servata
1891 3001 2002 3056 est;
2034 3006 2153 3044 nam
2186 2988 2230 3043 si

648 3091 904 3159 possibile
927 3101 1009 3146 est
1032 3090 1133 3159 legi
1153 3089 1371 3152 librum,
1396 3101 1620 3142 necesse
1642 3094 1723 3139 est
1740 3084 1791 3138 id
1810 3083 2064 3152 possibile
2085 3096 2227 3144 esse,

644 3189 707 3236 ut
738 3182 804 3236 ad
844 3184 1061 3237 tertium
1095 3196 1305 3235 versum
1339 3179 1704 3249 perveniatur.
1750 3177 2100 3245 Opponuntur
2138 3189 2231 3225 au-
2272 3226 2281 3237 κ

2330 1982 2543 2037 videtur
2568 1981 2781 2045 idonea,
2808 1982 2928 2038 huic
2957 1998 3171 2053 quoque
3193 1985 3440 2052 juVaiiieii
3468 1984 3789 2054 probationis
3809 1983 3905 2040 ad-

2328 2073 2590 2142 jungitur,
2645 2081 2703 2127 ut
2756 2089 2885 2127 vera
2932 2089 3052 2128 esse
3094 2073 3358 2128 videatur.
3390 2074 3504 2141 Quo
3557 2076 3616 2129 lit
3663 2085 3718 2128 ut
3763 2070 3910 2145 saepe

2331 2166 2564 2237 quinque
2603 2177 2798 2236 partes,
2832 2182 2974 2237 saepe
3000 2174 3250 2235 quatuor,
3283 2165 3549 2222 interdum
3596 2176 3705 2222 tres
3736 2167 3906 2238 hypo-‘s

2335 2258 2559 2314 theticos
2582 2259 2923 2329 syllogismos
2948 2258 3146 2313 habere
3187 2262 3475 2327 contingat.
3507 2258 3638 2312 Nam
3671 2260 3908 2329 quinque

2331 2352 2597 2405 constabit
2625 2351 2864 2418 partibus
2896 2351 2941 2402 si
2985 2360 3039 2404 et
3067 2350 3357 2418 propositio
3379 2354 3432 2401 et
3459 2354 3752 2416 assumptio
3781 2350 3909 2417 pro-

2332 2442 2634 2497 bationibus
2663 2441 3006 2511 indigebunt;
3038 2439 3178 2511 quod
3214 2442 3257 2493 si
3292 2441 3401 2494 sive
3431 2440 3722 2509 propositio
3742 2482 3755 2505 ,
3787 2442 3906 2497 sive

2333 2536 2626 2604 assumptio
2647 2536 2961 2604 probatione
2979 2534 3252 2603 indigebit,
3267 2532 3683 2601 quadripartitus
3701 2544 3783 2587 est
3798 2533 3909 2602 syl-

2333 2629 2619 2698 logismus,
2647 2628 2786 2696 quod
2814 2628 2859 2682 si
2890 2638 3076 2682 neutra
3105 2636 3187 2681 est
3216 2626 3576 2696 approbanda,
3610 2620 3909 2695 tiipartitus

2333 2736 2454 2776 esse
2510 2722 2849 2791 relinquitur.
2913 2720 2969 2773 In
3027 2721 3125 2773 hac
3176 2735 3300 2773 vero
3344 2721 3607 2773 sententia
3640 2719 3799 2773 etiam
3833 2718 3903 2774 Μ.

2334 2814 2539 2869 'I‘nllius
2568 2829 2688 2869 esse
2717 2812 3158 2884 deprehenditur.
3203 2813 3255 2866 In
3288 2812 3585 2867 Rhetoricis
3618 2810 3761 2867 enim
3802 2812 3909 2883 syl-

2334 2904 2589 2975 logismos
2618 2905 2877 2975 quosdam
2931 2904 3392 2975 quinquepartitos
3422 2919 3562 2969 esse,
3593 2905 3906 2975 quadripar-

2337 2998 2461 3051 titos
2491 2996 2625 3050 alios
2677 2995 2977 3050 conlirmat.
3021 2994 3227 3062 Quibus
3273 3010 3401 3049 vero
3447 2996 3629 3049 talium
3663 2996 3907 3067 syllogis-

2339 3104 2547 3142 morum
2572 3104 2678 3143 non
2708 3090 2881 3157 placet
2910 3097 3087 3157 partes
3130 3088 3265 3142 ultra
3299 3084 3592 3143 ternarium
3627 3103 3906 3145 numerum

2335 3179 2637 3248 propagari,
2685 3179 2738 3232 hi
2769 3179 3190 3249 propositionum
3241 3180 3585 3249 probationes
3631 3191 3791 3250 atque
3826 3197 3909 3237 as-

648 3282 756 3334 tem
815 3272 1175 3345 hypotheticis
1234 3270 1687 3341 propositionibus
1752 3269 1855 3321 illa:
1930 3268 2058 3319 solm
2112 3280 2230 3333 qua!
2255 3265 2303 3329 C
2336 3272 2697 3340 sumptionum
2725 3287 2833 3325 non
2863 3278 3047 3340 putan‘t
3076 3271 3130 3325 in
3171 3272 3468 3342 syllogismi
3503 3274 3738 3342 partibus
3792 3289 3909 3330 esse

648 3382 834 3425 earum
884 3365 1235 3420 substantiam
1266 3361 1553 3431 perimunt.
1587 3358 1899 3418 Substantia
1954 3373 2079 3411 vero
2110 3373 2231 3425 pro-

650 3458 974 3526 positionum
1002 3454 1466 3523 hypotheticarum
1495 3450 1549 3504 in
1581 3466 1647 3503 eo
1673 3458 1774 3514 est,
1810 3457 1865 3501 ut
1897 3462 2079 3501 earum
2104 3462 2230 3500 con-

650 3546 945 3615 sequentia:
972 3546 1264 3597 necessitas
1288 3542 1461 3595 valeat
1496 3552 1826 3608 permanere.
1863 3537 1918 3591 Si
1949 3538 2069 3605 quis
2100 3551 2231 3604 ergo

649 3645 801 3693 recte
838 3633 1179 3689 conditionali
1209 3629 1560 3701 propositioni
1590 3626 1924 3697 repugnabit,
1963 3627 2013 3680 id
2038 3626 2234 3681 efﬁciet

651 3735 714 3781 ut
753 3736 936 3781 earum
984 3723 1223 3777 destruat
1270 3721 1708 3788 consequentiam
1735 3759 1750 3783 ,
1782 3718 1947 3772 veluti
1990 3733 2111 3771 cum
2160 3718 2233 3772 ita

652 3816 902 3881 dicimus,
931 3815 974 3868 si
999 3822 1081 3868 εει
1100 3830 1149 3878 a,
1181 3820 1262 3867 est
1288 3814 1338 3878 b,
1364 3824 1470 3863 non
1496 3810 1547 3864 in
1571 3823 1632 3863 ea
1656 3807 1975 3875 repugnabit
2001 3807 2045 3859 si
2076 3820 2233 3859 mon-

652 3915 807 3972 stret,
835 3915 926 3961 aut
954 3916 1059 3958 non
1085 3916 1203 3957 esse
1225 3919 1277 3967 α,
1306 3908 1400 3956 aut
1422 3916 1526 3954 non
1560 3914 1678 3954 esse
1706 3899 1755 3963 b,
1787 3898 1881 3953 sed
1912 3897 2083 3967 posito
2109 3897 2230 3966 qui-

653 3997 777 4054 dem
806 4013 867 4063 a,
899 3994 1134 4051 ostendit
1164 4009 1271 4049 non
1323 3993 1504 4047 statim
1559 3992 1815 4061 consequi
1854 4004 1976 4044 esse
2025 3991 2074 4053 b,
2134 3988 2231 4044 sed

653 4100 814 4159 posse
837 4102 956 4143 esse
984 4103 1036 4151 α,
1071 4086 1280 4141 etiamsi
1306 4085 1335 4138 b
1366 4083 1627 4139 terminus
1658 4096 1763 4137 non
1789 4082 1854 4135 sit
1882 4097 1897 4147 ;
1930 4084 2023 4138 sed
2051 4082 2095 4135 si
2140 4097 2233 4135 ne-

652 4183 798 4253 gatio
822 4182 892 4235 sit
918 4222 930 4245 ,
961 4178 1332 4234 conditionalis
1361 4176 1552 4231 eodem
1593 4175 1898 4231 desn'uetur
1930 4174 2089 4228 modo
2115 4213 2130 4239 ,
2173 4182 2232 4227 ut

653 4289 777 4330 cum
803 4274 1049 4335 dicimus,
1082 4272 1125 4326 si
1151 4281 1231 4326 est
1260 4286 1310 4333 a,
1336 4270 1490 4337 bnon
1518 4277 1625 4324 est.
1666 4268 1780 4322 Non
1829 4267 2225 4322 ostendendum

655 4378 759 4435 est,
791 4376 882 4421 aut
907 4381 1012 4420 non
1036 4378 1232 4428 essen,
1268 4370 1360 4416 aut
1389 4361 1417 4414 b
1446 4372 1604 4425 esse;
1641 4361 1734 4413 sed
1762 4374 1881 4413 cum
1909 4360 2049 4423 sita,
2077 4371 2232 4424 posse

655 4475 777 4515 esse
806 4459 833 4511 ὑ
871 4456 1175 4512 terminum.
1210 4455 1348 4509 Sunt
1389 4461 1563 4507 autem
1598 4452 1955 4523 hypothcticrc
1989 4449 2232 4518 proposi-

655 4552 849 4614 tiones,
881 4549 998 4603 alite
1025 4548 1237 4617 quidem
1267 4544 1596 4599 afﬁrmativte
1617 4583 1631 4609 ,
1668 4543 1790 4597 alia:
1821 4542 2109 4613 negativae;
2136 4540 2231 4595 sed

2342 3364 2640 3432 ponendas.
2676 3364 2855 3434 Neque
2888 3362 3029 3419 enim
3058 3363 3484 3434 propositionem
3530 3356 3670 3432 esse,
3702 3363 3767 3417 de
3806 3362 3907 3433 qua

2336 3453 2683 3521 syllogismus
2714 3463 2887 3522 potest
2916 3455 3172 3522 existere,
3219 3455 3303 3508 cui
3337 3470 3439 3508 non
3478 3455 3634 3509 sentit
3675 3454 3906 3509 auditor.

2335 3543 2487 3607 Quod
2524 3544 2568 3596 si
2620 3559 2715 3613 per
2746 3559 2805 3598 se
2828 3544 2990 3599 dubia
3015 3556 3097 3600 est
3142 3562 3201 3599 ea
3229 3545 3464 3615 probatio
3502 3561 3619 3614 quie
3665 3545 3912 3616 proposi-

2336 3634 2467 3686 tioni
2500 3630 2676 3689 dubiae
2700 3633 3032 3705 adjungitur,
3078 3637 3279 3690 iaciens
3310 3637 3462 3690 ﬁdem
3503 3626 3676 3691 eidem
3707 3637 3791 3690 cui
3817 3636 3914 3692 ad-

2329 3728 2571 3796 jungitur
2597 3728 2973 3797 propositioni,
3004 3726 3131 3782 facit
3157 3738 3215 3783 ut
3247 3726 3314 3783 sit
3359 3728 3548 3782 idonea
3572 3729 3911 3800 syllogismo,

2314 3813 2399 3873 ‘ac
2428 3832 2523 3886 per
2575 3818 2677 3873 hoc
2728 3827 2854 3873 tunc
2886 3820 3070 3887 incipit
3112 3835 3232 3875 es~e
3262 3808 3556 3891 syllogismi
3593 3821 3911 3889 propositio,

2334 3922 2454 3964 cum
2486 3909 2605 3964 talis
2629 3925 2725 3980 per
2753 3910 3119 3982 probationem
3154 3911 3419 3982 redditur,
3446 3910 3501 3965 ut
3533 3926 3599 3966 ex
3621 3914 3681 3966 ea
3714 3912 3917 3982 aliquid

2335 4000 2510 4071 colligi
2544 4002 2712 4070 possit
2741 4018 2754 4067 ;
2786 4010 2913 4056 tunc
2945 4015 3071 4057 vero
3096 4002 3295 4072 aliquid
3327 4017 3393 4058 ex
3421 4018 3481 4057 ea
3512 4003 3689 4073 colligi
3723 4012 3929 4073 potest,

2337 4098 2459 4147 eum
2492 4093 2826 4165 probationis
2854 4094 3052 4147 auxilio
3075 4094 3271 4163 peterit
3301 4094 3368 4149 ab
3404 4094 3647 4149 auditore
3668 4094 3910 4151 concedi.

2336 4185 2597 4249 Quocirca
2623 4184 2919 4239 membrum
2959 4184 3249 4254 quoddam,
3282 4194 3335 4240 et
3365 4186 3516 4256 quasi
3546 4184 3915 4242 fulcimentum

2335 4275 2513 4329 dubiae
2540 4275 2927 4343 propositionis
2977 4275 3064 4331 vel
3101 4274 3487 4345 assumptionis
3527 4274 3766 4344 probatio
3788 4289 3915 4334 esse

2334 4363 2569 4424 videtur,
2592 4378 2698 4417 non
2728 4377 2850 4432 pars
2876 4364 3034 4418 etiam
3081 4364 3407 4436 syllogismi;
3440 4364 3535 4420 sed
3584 4375 3763 4420 nostra
3791 4374 3915 4422 sen-

2335 4457 2497 4510 tentia
2553 4454 2639 4511 his
2696 4456 2869 4524 potius
2926 4455 3135 4511 accedit
3174 4456 3261 4524 qui
3304 4458 3473 4512 tribus
3510 4456 3748 4528 partibus
3792 4462 3914 4515 eum

2333 4556 2581 4604 constare
2608 4549 2973 4618 pronuntiant.
2999 4548 3208 4603 Etenim
3239 4549 3493 4619 quaelibet
3519 4550 3766 4620 probatio
3792 4564 3910 4621 quae

655 4643 723 4696 de
774 4640 856 4694 his
885 4652 1026 4695 ηυηθ
1062 4639 1251 4709 Ιοψιον
1291 4652 1409 4706 qua3
1440 4637 1493 4690 ίη
1525 4633 1907 4703 conselluemia
1957 4634 2145 4703 Ροδίιω
2177 4633 2230 4687 δη
2257 4626 2311 4690 Ῑ)
2335 4643 2417 4698 vel
2450 4642 2751 4712 probationi
2779 4641 2863 4695 vel
2909 4640 3262 4710 assumptioni
3309 4642 3608 4711 copulatur,
3665 4642 3908 4711 proposi—

655 4734 988 4788 cunnexione
1037 4738 1154 4784 esse
1203 4729 1453 4783 dicuntur
1484 4744 1496 4779 :
1528 4727 1842 4782 aiﬁrmativa
1888 4726 2102 4794 quidem
2123 4762 2138 4790 ,
2170 4730 2231 4778 ut

655 4838 777 4879 cum
799 4823 1052 4885 dicimus,
1077 4822 1122 4874 si
1153 4831 1235 4875 est
1262 4837 1314 4886 a,
1343 4828 1429 4875 est
1453 4822 1500 4887 ὁ,
1532 4820 1576 4873 si
1609 4835 1641 4871 a
1672 4834 1776 4872 non
1806 4826 1909 4882 est,
1935 4831 2041 4871 non
2071 4826 2153 4871 est
2174 4816 2228 4880 b;

656 4917 920 4986 negativa,
949 4915 995 4969 si
1024 4923 1107 4968 est
1135 4929 1197 4979 a,
1235 4926 1339 4967 non
1370 4924 1453 4966 est
1482 4915 1546 4981 b;
1580 4915 1625 4966 si
1660 4924 1764 4965 non
1809 4918 1892 4964 est
1919 4926 1984 4975 a,
2016 4924 2122 4964 non
2145 4916 2229 4963 est

656 5006 706 5061 ι.
733 5005 815 5060 Ad
844 5011 1256 5074 consequentem
1288 5004 1430 5056 enim
1461 5002 1880 5071 propositionem
1927 5000 2224 5069 respicien-

654 5098 782 5153 dum
821 5106 921 5161 est,
952 5104 1011 5149 ut
1034 5108 1100 5148 an
1122 5093 1443 5148 aﬂlrmativa
1474 5102 1538 5145 an
1566 5091 1805 5160 negativa
1836 5092 1907 5144 sit
1932 5091 2230 5159 propositio

652 5190 937 5259 iudicetur.
970 5186 1114 5241 Idem
1144 5185 1210 5239 de
1237 5184 1545 5252 compositis
1597 5180 2047 5250 propositionibus
2095 5196 2225 5235 con-

654 5283 997 5339 ditionalibus
1028 5276 1549 5349 intelligioportebit.
1588 5276 1663 5330 De
1693 5276 1774 5329 his
1811 5283 1988 5329 autem
2023 5288 2224 5345 propo-

654 5374 937 5430 sitionibus
965 5378 1082 5441 qna:
1116 5373 1166 5426 in
1199 5371 1555 5439 disiunctione
1586 5376 1709 5423 sunt
1753 5368 1964 5436 positaa,
1990 5382 2113 5421 cum
2144 5367 2213 5423 de

655 5479 838 5521 earum
856 5463 1177 5533 sylt0gismis
1194 5469 1510 5525 tractavero,
1534 5460 1872 5515 commodius
1897 5467 2058 5528 atque
2086 5462 2216 5515 ube-

654 5555 767 5608 rius
813 5554 1005 5606 dicain.
1054 5553 1435 5624 Hypetbeticos
1483 5552 1839 5623 syllogismos,
1873 5567 2005 5621 quos
2032 5552 2223 5609 Latine

656 5645 1040 5701 conditionales
1088 5656 1370 5713 vocamus,
1403 5645 1490 5700 alii
1536 5648 1805 5716 quinque,
1859 5647 1947 5700 alii
1978 5657 2225 5715 quatuor,

657 5736 748 5789 alii
799 5736 970 5790 tribus
1009 5749 1255 5795 constare
1308 5740 1545 5809 partibus
1596 5741 1957 5803 arbitrantur,
1990 5754 2217 5809 quorum

658 5836 781 5880 mox
808 5829 1228 5885 controversiam
1253 5828 1577 5897 dijudicabo,
1594 5832 1637 5885 si
1667 5832 1812 5900 prius
1831 5830 2025 5901 quibus
2050 5832 2225 5887 nomi-

2336 4736 2494 4789 tionis
2550 4749 2671 4790 esse
2697 4732 2780 4789 vel
2812 4734 3195 4803 assumptionis
3227 4733 3472 4804 probatio
3518 4732 3738 4788 dicitur.
3781 4732 3912 4788 Cum

2336 4826 2493 4897 igitur
2516 4841 2624 4881 non
2655 4825 2723 4897 ad»
2744 4826 3134 4897 syllogismum,
3163 4826 3255 4881 sed
3287 4814 3351 4879 ad
3382 4825 3802 4893 propositionem
3833 4823 3914 4878 vel

2334 4918 2753 4987 assumptionem
2807 4918 3106 4984 referatur,
3167 4915 3320 4984 cujus
3365 4914 3448 4969 est
3504 4912 3772 4983 probatio,
3808 4928 3911 4967 non

2333 5019 2543 5077 oportet
2573 5024 2692 5065 eam
2742 5008 3038 5080 syllogismi
3070 5010 3285 5079 proprie
3322 5017 3526 5076 partem
3555 5004 3749 5059 videri.
3782 5004 3912 5059 Nam

2340 5102 2467 5157 illud
2492 5102 2634 5171 quod
2662 5102 2819 5172 objici
2851 5111 3047 5172 potest,
3083 5101 3261 5156 nullus
3283 5101 3494 5170 ignorat
3525 5099 3651 5169 quin
3679 5100 3909 5168 partium

2341 5203 2517 5263 partes
2549 5194 2709 5247 etiam
2740 5195 2903 5248 totius
2927 5207 3047 5249 esse
3076 5201 3255 5262 partes
3297 5192 3561 5247 dicantur.
3611 5190 3717 5247 Sed
3748 5190 3914 5258 pluri-

2337 5300 2481 5341 mum
2507 5284 2670 5340 refert
2694 5296 2870 5340 utrum
2897 5288 3024 5355 ipsa:
3052 5288 3160 5339 sint
3204 5284 3451 5354 primitus
3499 5292 3679 5355 partes
3726 5282 3909 5342 ιοιίυς,

2336 5394 2400 5431 an
2433 5378 2483 5432 in
2531 5377 2883 5433 secundarum
2928 5379 3155 5447 partium
3204 5378 3571 5449 postremitate
3622 5383 3908 5443 ponantur.

2332 5468 2592 5538 Amplius,
2616 5470 2661 5523 si
2692 5465 2761 5522 sit
2790 5474 2884 5537 per
2912 5484 2973 5524 se
3004 5479 3127 5525 nota
3155 5467 3448 5537 probabilis
3479 5467 3797 5535 propositio,
3831 5472 3915 5517 to-

2332 5569 2416 5617 tus
2444 5562 2783 5633 syllogismus
2814 5561 3125 5629 probatione
3154 5577 3260 5616 non
3285 5561 3507 5632 indiget.
3549 5559 3701 5627 Quod
3733 5557 3781 5613 si
3813 5570 3911 5626 per

2331 5665 2389 5706 se
2414 5652 2790 5720 propositionis
2816 5651 2956 5705 nulla
2980 5650 3113 5706 ﬁdes
3142 5660 3241 5715 est,
3276 5666 3500 5707 necesse
3527 5656 3611 5703 est
3628 5657 3765 5704 utea
3790 5662 3918 5718 pro-

2330 5744 2525 5812 positio
2564 5743 2795 5813 quodam
2836 5744 2978 5799 velut
3024 5744 3332 5799 testimonio
3389 5743 3719 5811 probationis
3774 5741 3921 5797 indi-

2329 5844 2472 5904 geat.
2504 5835 2619 5893 Non
2650 5837 2810 5906 igitur
2836 5837 3176 5942 syllogismus
3214 5838 3530 5912 probatione
3574 5837 3631 5895 in
3659 5842 3727 5895 eo
3767 5837 3924 5908 quod
