4290 6272
370 382 474 438 845

1455 375 1544 430 DE
1581 368 2006 431 SYLLOGISMO
2041 365 2543 424 BYPOTHETICO.

3530 357 3640 417 8M

370 500 718 571 syllogismus
746 506 831 554 est
858 496 1138 566 indigebit,
1161 494 1255 551 sed
1282 493 1600 563 propositio,
1629 493 1672 545 si
1698 491 1802 544 ﬁde
1833 504 1959 557 pro-
1982 488 2034 546 Α
2061 500 2123 539 ex
2156 483 2467 539 conditione
2493 482 2873 551 propositionis
2914 480 3117 545 evenit,
3171 478 3229 533 id
3270 480 3413 571 enim
3456 479 3643 571 fuerat

376 594 486 658 pria
525 589 690 646 fuerit
744 589 1017 644 destituta.
1078 586 1220 640 ldem
1274 586 1433 640 etiam
1483 582 1551 638 de
1588 581 1957 648 assumptione

377 686 482 737 dici
516 690 710 752 potest.
752 682 928 748 Quare
960 680 1302 734 manifestum
1344 685 1426 731 est
1478 690 1663 730 eorum
1686 686 1803 727 esse
1826 687 1954 726 sen-

378 778 595 833 tentiam
628 772 1059 843 praeponendam,
1092 784 1211 838 quae
1240 768 1429 823 asserit
1463 764 1826 835 syllogismum
1855 761 1955 816 tri-

376 870 476 922 bus
499 866 736 937 partibus
782 874 983 919 tantum
1010 861 1181 930 jungi.
1235 860 1500 913 Praeterea
1528 858 1573 911 si
1604 872 1722 925 quas
1764 867 1957 924 propo-

376 960 501 1013 sitio
531 956 863 1027 probationis
888 952 1146 1021 indigeat,
1185 959 1243 1004 ut
1287 964 1405 1004 eam
1446 961 1571 1003 vera
1613 946 1745 1001 fides
1769 958 1961 1013 sequa-

381 1063 487 1114 tur,
518 1048 701 1116 aliquo
730 1044 1187 1100 demonstrabitur
1213 1042 1551 1112 syllogismo.
1579 1038 1842 1105 Quocirca
1869 1035 1961 1105 qui

381 1141 494 1194 ﬁeri
526 1146 702 1207 potest
728 1145 787 1191 ut
813 1144 960 1191 recte
982 1133 1326 1204 syllogismus
1360 1142 1483 1202 pars
1515 1129 1810 1199 syllogismi
1832 1128 1960 1181 sim:

379 1230 535 1299 plicis
562 1243 682 1283 esse
708 1227 916 1281 dicatur
932 1227 955 1277 Ἰ
988 1226 1157 1294 ipsam
1184 1225 1327 1278 enim
1362 1222 1729 1291 probationem
1762 1234 1961 1289 propo-

378 1320 588 1376 sitionis
614 1320 981 1390 syllogismum
1012 1316 1097 1371 vel
1126 1331 1189 1371 ex
1241 1315 1550 1385 syllogismo
1590 1326 1710 1366 esse
1740 1324 1964 1365 necesse

379 1423 480 1467 εει.
509 1412 602 1465 His
629 1412 701 1464 ita
729 1407 1123 1473 detertninatis,
1150 1405 1218 1461 de
1258 1405 1341 1459 itis
1365 1401 1967 1472 protinus‘syllogismis

384 1516 608 1571 quorum
633 1500 1030 1570 propositiones
1076 1497 1126 1550 in
1179 1497 1514 1566 connexione
1544 1495 1732 1563 positae
1757 1492 1967 1546 duobus

385 1591 631 1648 terminis
672 1598 943 1655 constant,
972 1586 1347 1655 explicandum
1378 1585 1608 1639 videtur.
1658 1583 1854 1637 Horum
1881 1595 1971 1634 au-

385 1692 491 1737 tem
524 1680 718 1750 duplex
769 1677 942 1734 forma
973 1685 1078 1740 est,
1123 1686 1352 1745 quatuor
1383 1674 1526 1729 enim
1557 1682 1682 1727 sunt
1713 1687 1805 1738 per
1834 1685 1971 1739 prte-

384 1772 626 1829 cedentis
651 1768 1028 1839 pr0positionis
1054 1767 1496 1832 affirmationem,
1529 1766 1617 1835 Qui
1656 1774 1783 1819 sunt
1813 1764 1970 1832 primi

2060 576 2415 642 propositum,
2444 581 2499 626 ut
2528 573 2573 626 si
2602 584 2709 625 non
2739 582 2884 626 esset
2912 588 2942 624 α
2972 579 3117 626 esset
3144 571 3205 634 b;
3231 569 3372 639 quod
3420 570 3466 622 si
3512 583 3645 624 cena

2060 676 2235 720 vertas
2263 674 2316 719 et
2347 678 2527 717 sumas
2550 677 2671 717 esse
2699 662 2747 727 ὸ,
2780 663 2831 715 id
2861 671 2943 716 est
2969 662 3111 731 quod
3137 662 3507 731 consequitur,
3535 678 3644 717 non

2062 770 2282 809 necesse
2311 753 2414 808 erit
2440 767 2560 807 esse
2591 752 2673 806 vel
2710 767 2815 805 non
2839 767 2957 805 esse
2982 753 3035 805 id
3063 752 3203 820 quod
3236 752 3511 820 prmeedit.
3539 754 3648 810 Sed

2063 847 2221 915 hujus
2253 847 2559 915 exemplum
2588 860 2691 898 non
2728 854 2908 914 potest
2936 844 3161 899 inveniri
3202 861 3268 899 eo
3310 845 3451 915 quod
3494 846 3540 902 si
3572 845 3650 902 ita

2065 946 2420 1008 proponatur,
2451 946 2509 991 ut
2537 951 2657 991 cum
2686 951 2789 991 non
2822 936 2891 990 sit
2926 950 2979 1001 α,
3012 936 3082 991 sit
3112 936 3161 1000 ὸ,
3213 937 3343 991 nihil
3388 953 3507 993 esse
3534 953 3651 993 me-

2065 1032 2208 1084 dium
2240 1030 2486 1084 videatur
2516 1047 2545 1081 a
2568 1040 2729 1099 atque
2752 1032 2801 1083 b.
2835 1028 2939 1083 Sed
2972 1030 3027 1081 in
3056 1028 3139 1081 his
3178 1028 3224 1081 si
3268 1029 3495 1083 alterum
3542 1038 3650 1086 noti

2066 1124 2246 1187 fuerit,
2278 1124 2456 1177 statim
2486 1138 2711 1178 necesse
2738 1133 2817 1176 est
2846 1136 2965 1176 esse
2992 1121 3239 1182 alterum,
3269 1130 3327 1174 et
3353 1122 3396 1173 si
3425 1122 3653 1175 alterum

2067 1213 2246 1278 fuerit,
2278 1213 2457 1266 statim
2494 1228 2715 1269 necesse
2744 1222 2827 1266 est
2854 1212 3080 1265 alterum
3114 1224 3221 1264 non
3248 1224 3401 1268 esse:
3446 1211 3653 1263 videtur

2066 1317 2194 1371 ergo
2219 1302 2615 1372 quodammodo
2644 1318 2707 1355 ex
2737 1301 3093 1371 consequenti
3124 1301 3299 1371 posito
3332 1301 3385 1355 in
3428 1300 3510 1354 bis
3536 1298 3654 1355 ficri

2068 1397 2427 1469 syllogismos.
2459 1397 2563 1453 Sed
2605 1406 2858 1466 quantum
2915 1398 2979 1449 ad
3026 1396 3104 1451 rei
3150 1406 3396 1451 naturam
3432 1398 3502 1451 ita
3546 1404 3652 1463 est,

2069 1500 2325 1557 quantum
2355 1504 2482 1542 vero
2519 1488 2582 1541 ad
2618 1488 2998 1555 proiiositionis
3044 1487 3213 1555 ipsius
3251 1488 3482 1555 pertinet
3522 1502 3654 1542 cono

2071 1564 2356 1639 ditionem,
2392 1580 2612 1633 minime
2639 1580 3003 1646 censequitur.
3033 1580 3183 1645 Quod
3227 1579 3442 1647 quidem
3469 1594 3533 1632 ex
3567 1580 3654 1634 iris

2073 1679 2217 1738 patet
2242 1683 2363 1738 quite
2383 1670 2631 1737 superius
2653 1668 2790 1722 dicta
2823 1678 2978 1731 sunt;
3010 1669 3063 1722 in
3114 1667 3348 1735 utrisque
3368 1670 3511 1723 enim
3559 1685 3654 1724 suo

2077 1762 2379 1829 perioribus
2413 1760 2605 1822 modis,
2632 1761 2980 1829 consequenti
3015 1760 3192 1828 posito
3215 1759 3345 1815 nihil
3375 1774 3438 1815 es
3466 1772 3660 1818 neces-

389 1860 717 1931 hypotltetici
741 1872 902 1929 atque
931 1858 1175 1928 perfecti,
1200 1866 1429 1928 quatuor
1450 1872 1581 1911 vero
1613 1871 1707 1925 per
1732 1871 1971 1921 sequen-
1999 1856 2051 1921 Β
2074 1852 2233 1906 sitate
2254 1852 2533 1906 collectum
2560 1860 2663 1917 est,
2689 1850 2773 1905 hic
2804 1865 2932 1905 vero
2955 1850 3143 1905 tertius
3167 1851 3375 1917 modus,
3402 1861 3659 1919 quantum

390 1955 457 2007 tis
486 1952 854 2021 negationem,
895 1950 985 2019 qui
1029 1964 1152 2004 cum
1179 1947 1636 2003 demonstratiOne
1676 1946 1968 2015 indigeant,

395 2057 501 2097 non
530 2041 778 2095 videntur
807 2054 929 2095 esse
981 2040 1226 2107 perfecti.
1271 2036 1474 2093 Prioris
1518 2052 1644 2092 vero
1693 2037 1973 2105 negatione

392 2140 449 2188 et
468 2130 739 2202 sequentis
769 2131 1035 2198 positione
1064 2129 1241 2184 nullus
1270 2130 1491 2182 omnino
1522 2127 1864 2198 syllogismus
1893 2124 1974 2181 ef-

393 2225 589 2280 ﬁcitur.
620 2223 871 2278 Omnium
902 2223 1065 2293 igitur
1090 2222 1270 2276 talium
1296 2221 1716 2290 propositionum
1746 2218 1975 2287 primum

394 2328 647 2373 numerus
675 2315 1003 2385 explicetur,
1052 2312 1222 2383 utqui
1254 2313 1475 2368 tiaiiter
1523 2312 1605 2367 his
1655 2309 1973 2382 syllogismi,

393 2406 562 2461 facilis
607 2398 914 2475 acquiratur
958 2403 1183 2475 agnitio.
1227 2403 1370 2458 Sunt
1423 2411 1604 2458 autem
1635 2400 1976 2473 quatuorzsi

392 2506 479 2554 est
512 2515 566 2563 α,
589 2508 673 2555 est
702 2497 769 2561 b;
797 2498 843 2551 si
873 2504 954 2551 est
978 2512 1034 2561 a,
1061 2509 1169 2549 non
1190 2503 1274 2549 est
1301 2494 1367 2560 b;
1396 2495 1441 2549 si
1472 2509 1579 2549 non
1607 2503 1687 2549 est
1710 2511 1764 2560 a,
1798 2502 1881 2549 est
1912 2496 1976 2560 ii,-

394 2590 445 2647 si
470 2606 574 2645 non
602 2598 685 2646 est
706 2607 759 2659 a,
795 2604 901 2645 non
929 2596 1016 2645 est
1040 2588 1089 2641 ὁ.
1142 2587 1217 2643 Ac
1244 2587 1312 2642 de
1346 2587 1613 2657 prioribus
1633 2589 1845 2658 quidem
1870 2587 1978 2656 syl-

396 2681 634 2751 logismis
682 2690 845 2752 atque
885 2680 1136 2750 perfectis
1180 2680 1355 2750 primo
1404 2681 1523 2735 loco
1562 2682 1845 2736 dicendum
1875 2688 1975 2735 est.

400 2773 603 2826 Horum
630 2771 773 2827 enim
807 2772 1018 2841 primus
1044 2772 1236 2825 modus
1265 2779 1349 2825 est
1379 2771 1465 2825 hic
1503 2785 1530 2823 a
1565 2773 1733 2840 prima
1763 2773 1981 2828 veniens

401 2861 789 2930 propositione,
811 2861 856 2916 si
878 2870 966 2916 est
991 2878 1044 2926 a,
1073 2869 1155 2915 est
1179 2860 1226 2913 ὁ.
1255 2861 1412 2930 Atqui
1438 2868 1521 2915 est
1550 2878 1604 2925 α,
1629 2871 1708 2916 est
1740 2862 1897 2931 igitur
1921 2862 1981 2927 b;

397 2968 520 3010 cum
550 2954 693 3009 enim
728 2954 895 3024 prima
927 2952 1225 3024 propositio
1247 2963 1450 3009 tantum
1476 2954 1836 3010 cenditionem
1861 2971 1984 3025 pro-

401 3056 587 3116 ponat,
616 3047 741 3103 utsi
769 3047 839 3103 sit
868 3063 919 3111 a,
949 3061 1173 3103 necesse
1213 3048 1284 3103 sit
1322 3048 1578 3117 consequi
1621 3050 1905 3103 essentiam
1953 3049 1981 3101 ir

401 3139 713 3205 terminum,
756 3138 810 3194 id
862 3140 1161 3209 assumptio
1207 3142 1349 3211 quod
1382 3141 1643 3211 praecedit
1667 3142 1894 3196 assumit
1922 3156 1985 3197 ac

2076 1945 2140 1997 ad
2172 1943 2600 2013 complexionem
2657 1943 3081 2014 propositionum
3116 1943 3365 2011 pertinet,
3397 1944 3450 2000 in
3479 1959 3586 2015 quo
3612 1943 3663 2002 si

2078 2037 2129 2090 id
2164 2037 2414 2106 ponendo
2437 2035 2583 2104 quod
2606 2036 2929 2104 sequebatur
2950 2035 3263 2104 assumitur,
3308 2036 3511 2090 nullum
3544 2035 3664 2092 effi-

2077 2130 2150 2183 cit
2178 2128 2568 2199 syllogismum.
2599 2129 2863 2195 Quaotum
2896 2144 3025 2184 vero
3070 2128 3138 2184 ad
3176 2144 3356 2183 rerum
3385 2136 3661 2196 naturam,

2080 2218 2130 2272 in
2155 2218 2346 2287 quibus
2376 2217 2505 2272 solis
2536 2216 2619 2271 hae
2658 2216 3055 2287 propositiones
3097 2219 3363 2274 enuntiari
3416 2228 3660 2287 possunt,

2081 2310 2295 2365 videtur
2317 2324 2437 2365 esse
2466 2311 2769 2365 necessaria
2798 2313 3178 2380 consequentia
3208 2312 3312 2367 ltoc
3342 2316 3521 2378 modo,
3544 2309 3665 2369 utsi

2081 2405 2193 2459 dies
2217 2418 2323 2458 non
2355 2413 2459 2469 est,
2491 2418 2599 2458 nox
2626 2405 2716 2471 sit,
2741 2406 2784 2457 si
2818 2419 2919 2459 nox
2952 2404 3045 2467 sit,
3091 2406 3205 2459 dies
3235 2421 3343 2461 non
3381 2406 3453 2461 sit
3476 2421 3541 2461 es
3570 2420 3665 2461 ne-

2080 2498 2329 2554 cessitate
2355 2498 2725 2566 consequitur,
2759 2497 3072 2567 similesque
3099 2507 3224 2553 sunt
3270 2498 3325 2552 hi
3367 2496 3668 2570 syllogismi

2083 2589 2166 2643 his
2195 2589 2285 2658 qui
2338 2588 2391 2642 in
2446 2586 2805 2658 disiunctione
2849 2599 2976 2644 sunt
3020 2591 3318 2654 constituti,
3366 2591 3433 2645 de
3474 2591 3671 2661 quibus

2085 2683 2243 2752 paulo
2270 2683 2540 2749 posterius
2568 2682 3026 2745 commemorabo,
3074 2696 3409 2753 quorumque
3449 2683 3517 2739 ad
3550 2683 3669 2740 illos

2083 2780 2139 2826 et
2174 2771 2503 2827 difierentias
2531 2780 2586 2826 et
2611 2770 2990 2827 similitudines
3010 2772 3168 2829 dabo.
3217 2774 3448 2840 Quartus
3478 2773 3671 2829 modus

2083 2873 2166 2920 est
2187 2879 2253 2919 ex
2289 2874 2479 2933 quarta
2506 2863 2890 2933 propositione,
2921 2879 3040 2919 cum
3082 2865 3154 2919 ita
3198 2866 3530 2935 proponitur,
3563 2865 3607 2921 si
3637 2883 3672 2920 ι

2087 2972 2191 3011 non
2220 2965 2323 3021 est,
2351 2956 2379 3008 b
2407 2970 2515 3011 non
2546 2965 2648 3023 est,
2682 2956 2827 3025 atqui
2860 2970 2961 3009 non
2994 2966 3074 3011 est
3098 2974 3149 3020 α,
3189 2972 3293 3011 non
3326 2966 3408 3011 est
3434 2956 3591 3026 igitur
3615 2957 3664 3013 ό.

2090 3047 2292 3101 Rursus
2324 3047 2467 3101 enim
2518 3047 2570 3101 id
2618 3061 2828 3117 quoque
2882 3046 3138 3116 consequi
3190 3062 3254 3101 ex
3308 3046 3671 3116 propositione

2090 3147 2436 3204 monstratur,
2479 3154 2597 3208 quas
2644 3140 2920 3207 proposuit
2966 3155 3070 3192 non
3122 3137 3237 3193 fore
3267 3139 3314 3204 ὑ,
3367 3138 3413 3193 si
3455 3154 3489 3193 α
3528 3140 3671 3208 prior

402 3230 574 3298 ponit,
624 3228 858 3299 dicitque
893 3248 904 3283 :
940 3232 1101 3300 Atqui
1150 3242 1233 3286 est
1282 3248 1335 3297 a,
1366 3232 1711 3302 consequitur
1733 3233 1891 3302 igitur
1922 3242 1977 3288 ut
2002 3220 2049 3286 C
2085 3232 2344 3285 terminus
2369 3247 2475 3287 non
2510 3231 2717 3288 fuisset.
2751 3234 2815 3286 At
2840 3234 2882 3286 si
2919 3232 2969 3287 id
2994 3232 3133 3299 quod
3157 3234 3672 3302 sequitur-assuma-

399 3320 471 3376 sit
498 3323 549 3387 ό,
581 3321 635 3376 id
665 3324 807 3377 enim
850 3338 917 3378 ex
946 3325 1328 3393 consequentia
1375 3326 1560 3394 primm
1597 3326 1980 3394 propositionis

400 3414 652 3470 effectum
684 3424 785 3471 est.
816 3419 885 3471 At
906 3418 951 3472 si
987 3417 1036 3471 id
1062 3417 1202 3486 quod
1233 3420 1475 3487 sequitur
1521 3421 1848 3474 nssumendo
1889 3435 1984 3488 po-

405 3520 615 3572 namus,
663 3506 839 3562 nullus
897 3505 1133 3562 efficitur
1179 3506 1538 3577 syllogismus.
1589 3510 1702 3578 Age
1727 3510 1866 3563 enim
1916 3510 1984 3565 sit

405 3596 708 3667 huiusmodi
736 3599 1141 3668 consequentia,
1176 3586 1232 3652 ut
1261 3598 1305 3652 si
1329 3598 1399 3652 sit
1417 3616 1467 3665 α,
1492 3599 1628 3665 sitb,
1659 3609 1985 3655 assumatur-

403 3704 507 3758 que
534 3690 677 3758 quod
705 3690 947 3759 sequitur
969 3690 1071 3744 hoc
1108 3689 1271 3744 modo
1296 3706 1308 3741 :
1337 3696 1392 3743 at
1431 3697 1515 3745 est
1560 3691 1611 3755 ὁ,
1641 3706 1748 3745 non
1794 3706 1986 3746 conse-

402 3782 588 3850 quitur
622 3790 680 3835 ut
708 3782 777 3835 sit
799 3782 884 3836 vel
909 3796 1013 3835 non
1044 3781 1117 3835 sit
1145 3798 1197 3834 a.
1224 3781 1280 3836 Id
1308 3796 1437 3836 vero
1453 3782 1649 3837 clarius
1680 3783 1770 3839 iiet
1797 3798 1982 3838 exem-

406 3874 527 3941 plo:
555 3872 627 3927 sit
672 3873 812 3926 enim
862 3875 1177 3943 propositio,
1219 3875 1264 3930 si
1297 3874 1456 3930 homo
1486 3886 1608 3943 est,
1650 3879 1847 3932 animal
1878 3886 1981 3945 est,

304 3982 309 3983 ί
407 3970 817 4032 assumaturque
854 3979 973 4019 esse
1018 3967 1238 4032 animal,
1288 3968 1495 4023 scilicet
1533 3970 1673 4039 quod
1720 3971 1983 4041 sequitur,

411 4068 517 4107 non
564 4067 787 4108 necesse
834 4055 934 4109 erit
987 4057 1253 4112 hominem
1311 4060 1399 4113 vel
1438 4075 1558 4115 esse
1589 4062 1671 4115 vel
1705 4077 1811 4115 non
1843 4076 1984 4127 esse,

412 4152 587 4214 potest
618 4146 762 4200 enim
789 4161 909 4200 cum
938 4147 1005 4201 sit
1033 4148 1166 4204 alias
1194 4150 1296 4205 hoc
1325 4151 1406 4205 vel
1433 4165 1553 4206 esse
1595 4152 1679 4207 vel
1712 4168 1818 4207 non
1844 4167 1984 4209 esse.

409 4234 693 4291 Secundus
722 4251 852 4292 vero
880 4238 1069 4293 modus
1092 4248 1177 4294 est
1203 4252 1391 4295 eorum
1413 4241 1673 4311 inquibus
1697 4244 1844 4313 prior
1866 4259 1990 4315 pro-

414 4328 696 4395 positionis
724 4344 847 4399 pars
879 4331 932 4385 in
978 4334 1346 4402 assumptione
1393 4336 1668 4403 repetitur,
1715 4337 1803 4407 qui
1844 4339 1991 4394 venit

411 4434 477 4476 ex
507 4421 740 4476 secunda
768 4423 1127 4492 propositione
1156 4429 1402 4495 superius
1431 4426 1657 4497 digesta,
1685 4431 1783 4485 hoc
1806 4430 1987 4499 modo,

412 4511 460 4566 si
490 4521 572 4567 est
605 4529 656 4577 a,
690 4528 794 4568 non
822 4523 905 4570 est
927 4519 996 4580 b;
1028 4517 1175 4586 atqui
1204 4526 1287 4571 est
1315 4534 1366 4583 a,
1393 4533 1498 4572 non
1528 4530 1610 4573 est
1636 4520 1795 4588 igitur
1839 4520 1907 4587 b‘;
1938 4521 1992 4577 id

2090 3338 2229 3388 mus,
2259 3322 2401 3377 nulla
2431 3324 2639 3377 videtur
2662 3323 2777 3377 fieri
2811 3338 2966 3390 posse
2990 3324 3307 3391 necessitas,
3341 3323 3501 3380 veluti
3531 3329 3574 3379 si
3599 3327 3671 3381 ita

2088 3415 2351 3478 dicamus,
2377 3430 2483 3469 non
2510 3425 2589 3468 est
2615 3422 2791 3467 autem
2817 3414 2868 3482 b,
2900 3429 3004 3468 non
3038 3428 3258 3470 necesse
3291 3415 3393 3469 erit
3438 3431 3558 3471 esse
3589 3416 3675 3471 vel

2090 3519 2193 3559 non
2217 3519 2336 3561 esse
2362 3522 2414 3559 a.
2439 3508 2552 3576 Age
2582 3508 2724 3560 enim
2755 3515 3103 3576 proponatur,
3134 3506 3179 3561 si
3202 3507 3398 3562 animal
3431 3522 3536 3563 non
3566 3518 3671 3576 est,

2093 3613 2199 3653 non
2226 3613 2347 3653 esse
2375 3600 2670 3665 hominem,
2702 3611 3135 3670 assumaturque,
3167 3610 3221 3656 at
3247 3616 3351 3657 non
3380 3611 3463 3657 est
3492 3604 3673 3669 homo,

2093 3704 2200 3745 non
2231 3705 2454 3746 necesse
2483 3700 2567 3746 est
2595 3700 2653 3746 ut
2678 3693 2761 3747 vel
2792 3694 2883 3759 sit,
2912 3694 2997 3747 vel
3046 3707 3152 3747 non
3211 3694 3282 3749 sit
3324 3694 3540 3751 animal.
3575 3695 3678 3750 De-

2093 3792 2448 3836 monstratutn
2474 3783 2633 3852 igitur
2655 3793 2738 3838 est
2761 3784 2812 3838 in
2844 3784 3150 3853 huiusmodi
3179 3786 3509 3856 syllogismis
3536 3788 3580 3842 si
3622 3786 3677 3843 id

2092 3874 2235 3942 quod
2265 3875 2521 3942 praicedit
2564 3874 2812 3943 ponendo
2862 3877 3173 3943 assumitur,
3210 3877 3475 3943 perfectos
3515 3886 3682 3948 atque

2095 3980 2161 4018 ex
2193 3965 2323 4034 ipsis
2373 3966 2829 4033 propositionibus
2870 3966 3197 4034 probabiles,
3238 3977 3295 4023 et
3344 3971 3682 4026 necessarios

2095 4058 2208 4111 ﬁeri
2234 4058 2606 4128 syllogismos;
2635 4058 2681 4112 si
2714 4072 2845 4112 vero
2875 4057 2927 4112 id
2956 4059 3097 4126 quod
3145 4060 3387 4127 sequitur
3428 4060 3679 4129 ponendo

2093 4158 2419 4216 aSsumatur,
2454 4149 2655 4204 nullam
2686 4149 2805 4203 fieri
2835 4148 3206 4203 necessitatem
3240 4161 3433 4218 praeter
3463 4150 3518 4204 in
3571 4160 3682 4207 ter-

2099 4243 2173 4296 tio
2202 4242 2384 4307 modo,
2409 4241 2499 4310 qui
2530 4254 2652 4294 cum
2680 4240 2749 4294 sit
2784 4240 2975 4294 similis
3003 4239 3086 4294 his
3114 4240 3440 4309 syllogismis
3466 4241 3554 4310 qui
3583 4254 3683 4312 per

2098 4332 2514 4403 disjunctioncm
2545 4330 2838 4409 propositis
2862 4331 3321 4387 enuntiationibus
3350 4332 3501 4394 ﬁunt,
3531 4332 3682 4388 vide-

2100 4435 2184 4479 tur
2214 4426 2265 4478 in
2306 4424 2466 4480 rebus
2491 4423 2559 4479 de
2604 4424 2799 4494 quibus
2850 4423 3073 4492 pr0poni
3107 4433 3281 4492 potest
3322 4437 3556 4483 servare.
3586 4439 3682 4481 ne-

2098 4518 2427 4583 cessitatem,
2458 4531 2580 4572 cum
2607 4516 2659 4570 in
2689 4515 3067 4584 complexione
3094 4529 3200 4569 non
3222 4523 3420 4578 servet,
3446 4516 3584 4585 quod
3613 4530 3682 4571 ex

414 4601 556 4656 enim
590 4605 923 4672 propositum
946 4604 1142 4673 fuerat,
1173 4609 1219 4663 si
1248 4614 1397 4663 esset
1421 4624 1472 4674 α,
1495 4624 1598 4663 non
1621 4624 1740 4665 esse
1763 4610 1811 4666 b.
1835 4612 1995 4667 Sum-
2023 4596 2073 4657 ί)
2099 4613 2308 4665 caeteris
2338 4610 2507 4664 tribus
2539 4608 2712 4663 modis
2734 4608 2973 4677 arguitur
3000 4608 3198 4676 primo,
3244 4608 3483 4662 secundo
3521 4617 3683 4677 atque

416 4702 508 4761 pto
538 4692 696 4762 igitur
748 4695 1108 4764 praecedente,
1153 4698 1533 4768 consequentis
1577 4706 1662 4753 est
1703 4698 1839 4754 facta
1865 4715 1994 4755 con-

415 4783 619 4846 clusio;
658 4785 800 4855 quod
831 4787 875 4840 si
927 4801 1265 4857 consequens
1319 4802 1533 4853 sumas,
1567 4789 1743 4845 nullus
1786 4789 1995 4848 videtur

416 4876 532 4931 fieri
570 4878 941 4951 syllogismus,
969 4882 1092 4950 quia
1123 4895 1222 4936 nec
1255 4883 1600 4951 consequitur
1630 4884 1732 4938 ulla
1763 4887 1997 4940 necessi-

420 4976 501 5021 tas
524 4950 834 5037 ltoc'modo,
862 4971 905 5023 si
936 4979 1019 5024 est
1049 4986 1105 5041 a,
1135 4986 1244 5027 non
1272 4982 1355 5027 est
1509 4974 1653 5043 atqui
1678 4989 1785 5029 non
1814 4985 1897 5031 est
1943 4978 1993 5044 ὁ,

419 5073 526 5112 non
555 5074 780 5137 necesse
807 5068 892 5116 est
920 5076 1040 5118 esse
1069 5079 1121 5129 a,
1158 5063 1241 5119 vel
1275 5078 1379 5118 non
1409 5080 1549 5123 esse.
1594 5068 1707 5137 Age
1750 5067 1892 5121 enim
1925 5068 1998 5122 ita

416 5150 486 5204 sit
532 5130 850 5220 propositio,
906 5153 952 5208 si
981 5163 1063 5209 est
1108 5155 1342 5226 nigrum,
1374 5170 1479 5212 non
1529 5169 1610 5213 εει
1636 5130 1836 5223 album,
1864 5168 1918 5215 et
1946 5158 2001 5215 id

422 5241 560 5306 quod
592 5244 1189 5314 sequiturassumatur,
1226 5248 1372 5317 atqui
1402 5264 1507 5303 non
1538 5257 1620 5304 est
1643 5250 1846 5318 album,
1894 5266 2001 5305 non

420 5346 642 5389 necesse
669 5336 775 5390 erit
800 5351 919 5392 esse
946 5338 1157 5407 nigrum
1187 5338 1272 5394 vel
1303 5354 1409 5394 non
1434 5355 1575 5405 esse,
1593 5343 1715 5411 quia
1739 5358 1859 5396 cum
1893 5357 2001 5397 non

420 5429 492 5481 sit
514 5426 717 5494 album,
742 5428 941 5498 poterit
964 5429 1181 5499 aliquod
1208 5445 1328 5485 esse
1355 5432 1609 5487 medium.
1634 5433 1847 5488 Tertius
1876 5449 2004 5490 vero

419 5518 613 5573 modus
637 5529 720 5573 est
751 5520 938 5576 talium
962 5522 1395 5592 syllogismorum
1432 5525 1522 5594 qui
1574 5526 1719 5580 venit
1749 5540 1811 5580 ex
1849 5528 2006 5583 tertia

422 5610 824 5679 propositione,
884 5628 1121 5684 quorum
1172 5616 1224 5669 in
1282 5615 1649 5684 assumptione
1688 5617 1901 5683 ponitur
1954 5618 2008 5675 id

423 5700 565 5771 quod
599 5703 857 5770 praecedit
888 5705 988 5759 hoc
1029 5705 1209 5769 modo,
1244 5706 1287 5759 si
1316 5720 1419 5760 non
1452 5714 1533 5761 e-t
1560 5722 1609 5769 α,
1639 5716 1721 5761 est
1749 5706 1815 5773 b;
1864 5711 2011 5780 atqui

424 5806 535 5850 non
564 5802 646 5850 est
675 5812 725 5864 α,
756 5805 838 5851 est
865 5797 1026 5867 igitur
1056 5796 1119 5863 b;
1151 5797 1307 5867 igitur
1348 5797 1461 5853 base
1501 5800 1774 5857 conclusio
1827 5817 2011 5861 rursus

2102 4711 2318 4770 quarto,
2348 4701 2400 4754 in
2431 4700 2629 4769 quibus
2652 4706 2863 4768 sumpta
2895 4706 3152 4766 sequente
3179 4698 3438 4767 ponenda:
3484 4713 3684 4768 propo-

2101 4791 2317 4845 sitionis
2343 4798 2513 4858 parte,
2545 4789 2677 4844 nihil
2702 4804 2768 4844 ex
2810 4790 3129 4844 necessitate
3164 4788 3465 4844 coniicitur.
3509 4793 3586 4846 Ac
3614 4791 3686 4849 de

2104 4883 2189 4938 his
2218 4883 2432 4954 quidem
2457 4881 2803 4953 syllogismis,
2846 4882 2934 4950 qui
2956 4881 3166 4937 duobus
3193 4883 3435 4937 terminis
3451 4883 3681 4953 jungun-

2106 4987 2213 5045 tur,
2239 4990 2463 5045 quorum
2499 4977 2669 5045 prima
2704 4989 2826 5044 pars
2854 4974 3233 5043 propositionis
3262 4978 3510 5044 ponendo
3533 4990 3685 5029 assu-

2110 5068 2293 5133 mitur,
2319 5077 2573 5137 quantum
2596 5067 2662 5121 ad
2690 5066 3038 5121 institutionis
3059 5066 3289 5135 pertinet
3309 5065 3546 5131 modum,
3578 5068 3689 5120 suf-

2114 5162 2354 5216 ﬁcienter
2380 5162 2766 5229 expressimus.
2818 5157 2969 5213 Nunc
3013 5173 3143 5213 vero
3184 5158 3466 5213 dicendum
3497 5168 3580 5212 est
3622 5159 3692 5213 de

2116 5253 2198 5306 itis
2226 5266 2452 5322 quorum
2485 5266 2818 5321 consequens
2847 5250 3227 5320 propositionis
3256 5251 3326 5303 ita
3352 5250 3600 5315 sumitur,
3634 5260 3693 5306 ut

2115 5346 2423 5416 perimatur.
2458 5345 2534 5399 Ex
2562 5344 2647 5399 bis
2671 5357 2882 5413 quoque
2908 5353 3138 5413 quatuor
3181 5341 3314 5399 fiunt
3348 5342 3515 5409 modi,
3565 5359 3692 5400 cum

2118 5441 2265 5508 prior
2296 5438 2675 5508 propositionis
2710 5452 2832 5506 pars
2860 5438 2912 5493 in
2962 5438 3328 5506 assumptione
3370 5454 3476 5494 non
3523 5440 3693 5509 possit

2112 5531 2345 5586 interimi
2370 5574 2382 5598 ,
2408 5538 2469 5584 ut
2498 5530 2603 5585 ulla
2645 5530 2940 5600 syllogismi
2990 5530 3283 5584 necessitas
3311 5541 3693 5602 consequatur.

2118 5623 2213 5677 Est
2270 5622 2429 5692 igitur
2484 5622 2688 5689 primus
2730 5619 2922 5675 modus
2976 5621 3162 5676 talium
3193 5622 3624 5693 syllogismorum
3658 5640 3692 5681 ι

2119 5713 2287 5781 prima
2334 5710 2695 5779 propositione
2748 5710 2969 5767 veniens
3007 5712 3085 5767 sic
3106 5752 3120 5774 ,
3153 5710 3199 5766 si
3242 5723 3326 5767 est
3351 5729 3414 5779 α,
3442 5722 3526 5772 est
3556 5714 3609 5783 b,
3639 5725 3696 5771 at

2120 5818 2225 5858 non
2257 5813 2338 5859 est
2366 5801 2410 5869 b,
2446 5815 2549 5856 non
2580 5800 2834 5870 estigitur
2854 5818 2918 5866 a;
2956 5802 3042 5859 hic
3073 5802 3229 5874 igitur
3252 5804 3280 5858 b
3300 5806 3579 5873 terminus,
3605 5805 3699 5877 qui
