4290 6272
639 380 742 439 847

1857 380 1967 437 AN.
2008 380 2214 474 MANL.
2253 380 2404 439 SEV.
2448 383 2667 440 BOETII

3798 396 3898 451 848

634 501 691 557 in
720 499 889 570 prima
914 492 1272 565 prepositione
1293 505 1630 564 consequens
1670 495 1865 561 fuerat,
1909 497 1963 551 in
2014 513 2219 551 assum-
2245 506 2299 565 Α
2323 514 2445 553 cum
2477 513 2583 553 non
2613 500 2683 554 sit
2703 500 2753 567 ιι,
2787 514 2893 556 non
2923 503 2995 558 sit
3020 520 3072 560 α.
3105 504 3465 578 Consequitur
3485 509 3665 581 igitur,
3695 518 3755 565 ut
3774 525 3895 565 cum

636 594 819 663 ptione
844 598 925 643 est
946 589 1320 655 interemptus,
1350 594 1409 639 ut
1432 604 1462 638 a
1484 589 1751 644 terminus
1782 591 1869 657 qui
1897 590 2216 659 propositio-

634 684 721 738 nis
750 681 917 750 prima
951 693 1072 747 pars
1100 679 1267 731 fuerat
1308 678 1670 745 interimetur,
1710 695 1880 751 eaque
1926 682 2215 735 necessitas

635 772 727 827 tali
756 771 960 824 ratione
983 768 1307 838 probabitur,
1345 769 1689 836 propositum
1733 786 1960 840 namque
1983 781 2082 835 est,
2114 772 2158 826 si
2185 789 2215 823 α

632 869 776 931 sit,b
805 881 957 929 esse;
1013 873 1065 919 et
1094 864 1387 933 assumptio
1438 864 1577 919 facta
1644 875 1727 921 est
1782 877 1836 920 ut
1880 882 2215 936 consequens

632 977 759 1031 pars
789 957 1165 1029 propositionis
1192 957 1609 1021 interimeretur,
1642 959 1693 1013 id
1731 968 1813 1014 est
1846 974 1954 1014 non
1997 975 2116 1015 esse
2161 960 2211 1014 ὁ.

636 1054 765 1107 Dico
790 1054 909 1120 quia
932 1050 1274 1117 consequitur
1297 1064 1399 1102 non
1429 1064 1549 1103 esse
1577 1067 1609 1103 a
1630 1095 1643 1113 ,
1677 1035 1796 1104 nam
1830 1051 1874 1104 si
1904 1060 2077 1121 potest
2095 1066 2215 1105 esse

634 1161 686 1207 a,
720 1157 839 1196 cum
869 1156 973 1195 non
1002 1140 1070 1194 sit
1094 1141 1144 1205 b,
1183 1140 1376 1193 frustra
1419 1140 1523 1193 erit
1576 1141 1747 1208 prima
1776 1144 2070 1211 propositio
2094 1157 2215 1212 qua:

635 1233 730 1297 ait,
757 1234 857 1285 sia
881 1232 965 1293 sit,
1001 1232 1028 1282 b
1059 1244 1195 1284 esse.
1230 1230 1387 1298 Atqui
1432 1244 1494 1285 ea
1544 1232 1845 1299 propositio
1893 1232 2055 1297 valet,
2094 1247 2215 1287 cum

636 1324 795 1393 igitur
815 1325 956 1388 sita,
988 1331 1069 1375 εει
1095 1322 1143 1374 b.
1171 1321 1321 1387 Quod
1350 1323 1395 1375 si
1430 1336 1550 1376 cum
1578 1337 1683 1377 non
1712 1324 1780 1377 sit
1814 1323 1863 1388 ὁ,
1889 1322 1959 1377 sit
1991 1341 2043 1388 a,
2076 1324 2216 1394 quod

636 1419 838 1474 scilicet
866 1432 930 1471 ex
958 1416 1322 1483 assumptione
1370 1416 1705 1485 preponitur,
1764 1414 1903 1469 idem
1938 1417 1965 1469 b
2009 1417 2113 1470 erit
2164 1425 2218 1471 ει

639 1525 747 1564 non
769 1510 872 1563 erit
898 1526 909 1560 :
937 1523 1039 1561 non
1069 1508 1191 1573 erit,
1223 1506 1346 1575 quia
1375 1506 1402 1557 b
1430 1520 1535 1560 non
1578 1521 1699 1561 esse
1730 1510 1974 1575 proponit
2014 1524 2218 1562 assuta-

638 1604 782 1672 ptio;
807 1601 1130 1663 eritautem,
1154 1599 1277 1667 quia
1300 1600 1344 1651 si
1375 1608 1455 1653 cst
1487 1615 1538 1663 α,
1577 1600 1677 1653 erit
1713 1599 1763 1663 ὁ,
1799 1600 1936 1667 quod
1967 1600 2080 1653 ﬁeri
2110 1617 2219 1656 non

638 1702 843 1764 potest;
871 1708 974 1745 non
998 1692 1155 1760 igitur
1184 1690 1228 1743 si
1259 1690 1287 1742 b
1310 1706 1414 1743 non
1446 1689 1626 1753 fuerit,
1659 1692 1760 1744 erit
1787 1708 1837 1744 α.
1861 1692 1957 1745 llic
1981 1701 2062 1746 est
2090 1707 2218 1763 ergo

636 1788 843 1854 primus
873 1784 1065 1838 modus
1094 1782 1277 1836 talium
1305 1782 1735 1853 syllogismorum
1759 1824 1773 1847 ,
1818 1786 1904 1849 qui
1957 1799 2025 1838 ex
2052 1784 2217 1840 inter-

2318 605 2423 644 non
2450 594 2519 644 sit
2545 590 2597 656 ιι,
2625 592 2696 644 sit
2723 608 2754 643 a
2775 608 2792 645 :
2814 593 2953 661 quod
2984 595 3028 648 si
3053 596 3200 664 prior
3223 614 3343 665 pars
3374 600 3754 668 propositionis
3781 615 3896 669 quae

2316 685 2623 751 prmcedens
2642 693 2724 737 est
2750 684 3044 749 auferatur,
3081 688 3261 742 nullus
3282 700 3366 744 est
3388 692 3755 761 syllogismus,
3792 692 3894 745 hoc

2316 774 2507 828 modo:
2534 791 2656 829 cum
2699 777 2839 829 enim
2864 777 3125 841 dicemus,
3159 780 3267 833 sia
3299 797 3401 835 non
3446 792 3549 846 est,
3593 798 3713 838 esse
3760 782 3809 847 ὁ,
3849 782 3894 835 si

2316 877 2654 919 assumamus
2694 866 2882 934 :atqui
2911 875 2993 920 est
3038 884 3092 935 a,
3136 869 3267 923 nihil
3309 872 3491 926 evenit
3535 873 3893 926 necessarium

2318 964 2373 1009 ut
2402 956 2482 1009 vel
2515 957 2583 1010 sit
2623 958 2673 1023 ὁ,
2705 958 2789 1011 vel
2828 972 2930 1012 non
2951 958 3021 1012 sit
3054 961 3347 1015 secundum
3374 963 3539 1030 ipsius
3569 962 3899 1031 complexio-

2317 1045 2397 1098 nis
2426 1054 2687 1099 naturam.
2717 1047 2848 1101 Nam
2875 1047 2959 1102 hic
2985 1064 3219 1118 quoque,
3255 1059 3313 1103 ut
3344 1052 3393 1103 in
3431 1051 3514 1104 his
3544 1052 3596 1104 in
3628 1049 3897 1119 quibusin

2316 1134 2678 1203 assumptione
2719 1136 2986 1191 secundus
3044 1140 3304 1192 terminus
3334 1140 3654 1208 ponebatur,
3703 1140 3898 1194 dicen-

2315 1224 2441 1279 dum
2459 1234 2563 1291 est,
2586 1228 2877 1281 secundum
2904 1228 3070 1297 ipsius
3096 1230 3311 1297 quidem
3330 1231 3717 1298 complexionis
3738 1240 3899 1284 natu-

2317 1332 2453 1383 ram,
2481 1319 2682 1372 nullum
2717 1319 2832 1373 fieri
2873 1320 3274 1389 syllogismum;
3307 1324 3597 1377 secundum
3631 1325 3898 1377 terminos

2319 1422 2452 1463 vero
2498 1410 2550 1461 in
2599 1407 2789 1476 quibus
2837 1408 2967 1463 solis
3014 1396 3119 1465 dici
3170 1422 3361 1479 potest,
3412 1428 3635 1466 necesse
3663 1423 3747 1466 est
3786 1413 3897 1467 sia

2319 1499 2501 1566 fuerit,
2532 1499 2561 1552 b
2586 1514 2692 1552 non
2730 1514 2852 1554 esse
2874 1540 2888 1565 ,
2918 1500 2970 1554 in
3004 1504 3292 1556 contrariis
3334 1504 3477 1557 enim
3522 1512 3728 1557 tantum
3756 1513 3812 1558 et
3842 1504 3895 1559 in

2322 1589 2404 1645 liis
2432 1589 2771 1655 immediatis,
2815 1591 2866 1644 id
2896 1600 2980 1646 est
3006 1593 3236 1647 medium
3269 1609 3374 1649 non
3407 1594 3746 1659 habentibus,
3786 1596 3898 1651 haec

2319 1681 2429 1736 sola
2481 1682 2774 1751 propositio
2820 1698 2946 1738 vere
2998 1686 3192 1753 poterit
3247 1688 3544 1753 praedicari,
3588 1689 3733 1743 velut
3775 1703 3895 1743 cum

2319 1771 2573 1837 dicimus,
2629 1774 2674 1826 si
2726 1772 2842 1828 dies
2894 1790 3001 1829 non
3046 1784 3150 1839 est,
3205 1791 3311 1829 nox
3342 1787 3443 1842 est,
3473 1779 3585 1832 sive
3607 1794 3710 1832 non
3743 1776 3897 1832 fuerit

638 1887 818 1944 empta
845 1884 998 1945 parte
1019 1874 1781 1943 consequentipropositionis
1811 1874 1959 1938 fiunt,
1988 1876 2078 1945 qui
2111 1892 2217 1931 non
2246 1873 2293 1935 Β
2320 1877 2332 1914 ¹

2203 1893 2217 1931 ι
2246 1873 2293 1935 Β
2320 1860 2453 1927 dies,
2492 1878 2597 1916 nox
2651 1863 2775 1929 erit,
2829 1864 2943 1919 sive
2992 1880 3100 1919 non
3149 1864 3313 1920 fuerit
3342 1882 3469 1933 nox,
3492 1866 3607 1921 dies
3631 1866 3750 1932 erit,
3784 1869 3897 1924 sive

639 1980 763 2026 sunt
788 1969 1006 2040 perfecti
1054 1983 1225 2038 neque
1256 1983 1326 2023 ex
1368 1981 1427 2022 se
1456 1968 1677 2037 cogniti,
1722 1969 1816 2021 sed
1869 1968 2105 2039 indigent
2130 1969 2215 2024 vel

634 2068 758 2135 ejus
774 2081 930 2135 quam
964 2066 1210 2133 superius
1242 2066 1520 2134 proposui,
1555 2067 1637 2120 vel
1672 2066 1891 2121 alterius
1938 2067 2217 2135 cujuslibet

638 2156 986 2227 probationis,
1013 2165 1068 2210 ut
1099 2156 1209 2210 veri
1241 2170 1361 2209 esse
1381 2164 1763 2211 monstrentur.
1790 2156 1941 2223 Quod
1970 2157 2013 2210 si
2045 2157 2217 2226 prima

640 2248 808 2322 [pars]
824 2248 1204 2319 propositionis
1225 2248 1581 2312 interimatur,
1603 2264 1708 2301 non
1728 2250 1833 2302 erit
1854 2249 2215 2319 syllogismus;

638 2356 738 2412 age
782 2342 924 2395 enim
978 2342 1049 2394 ita
1101 2338 1367 2405 dicamus,
1399 2338 1442 2392 si
1471 2349 1553 2393 εει
1582 2356 1649 2404 a,
1678 2348 1764 2419 est
1806 2341 1869 2405 b;
1917 2340 2062 2406 atqui
2112 2354 2218 2393 non

636 2444 719 2492 est
748 2452 802 2498 a,
826 2450 931 2489 non
957 2435 1195 2504 sequitur
1224 2443 1281 2487 ut
1306 2434 1376 2488 sit
1397 2434 1480 2487 vel
1506 2450 1610 2489 non
1649 2435 1720 2487 sit
1741 2434 1806 2497 b;
1838 2443 1894 2487 ut
1923 2434 2083 2488 etiam
2126 2434 2220 2488 de-

636 2536 966 2583 monstratur
989 2526 1259 2594 exemplo.
1311 2525 1393 2579 Sit
1444 2526 1587 2580 enim
1637 2524 1954 2595 propositio,
1992 2526 2036 2579 si
2062 2524 2220 2580 homo

636 2626 742 2684 est,
771 2616 968 2671 animal
993 2626 1107 2679 est;
1138 2616 1230 2670 sed
1254 2615 1415 2670 homo
1445 2632 1551 2671 non
1585 2626 1687 2682 est,
1718 2633 1826 2671 non
1857 2631 2081 2672 necesse
2120 2619 2223 2672 erit

634 2708 724 2764 vel
758 2722 878 2763 esse
902 2707 1122 2773 animal,
1148 2708 1233 2762 vel
1258 2722 1364 2761 non
1395 2723 1536 2763 esse.
1583 2709 1865 2763 Secundus
1896 2710 2086 2764 modus
2126 2723 2222 2779 per

640 2800 1123 2858 centradictionem
1156 2802 1560 2870 assumptionis,
1593 2803 1735 2870 quia
1764 2802 1996 2857 secunda
2029 2818 2224 2872 propo-

640 2893 837 2950 sitione
869 2893 1167 2957 descendit,
1194 2893 1285 2947 ille
1310 2902 1393 2947 est
1420 2908 1540 2947 cum
1565 2893 1638 2947 ita
1667 2893 2037 2962 proponimus,
2067 2894 2111 2947 si
2140 2902 2224 2949 est

640 3003 693 3051 α,
712 3002 818 3041 non
838 2994 919 3041 est
937 2985 1161 3056 b;atqui
1184 2984 1213 3037 ὁ
1236 2994 1342 3050 εει,
1366 2983 1523 3053 igitur
1542 3000 1573 3038 a
1591 3000 1695 3039 non
1710 2993 1810 3038 est.
1834 2984 1929 3039 llic
1945 2985 2084 3037 enim
2106 2999 2225 3037 rur-

634 3094 736 3135 sus
757 3077 989 3135 secunda
1016 3092 1140 3148 pars
1169 3077 1556 3148 propositionis
1586 3078 1929 3146 interempta,
1955 3092 2075 3129 nam
2100 3090 2221 3129 cura

638 3170 874 3227 secunda
913 3183 1036 3239 pars
1085 3167 1468 3238 propositionis
1495 3168 1523 3221 b
1552 3183 1658 3222 non
1685 3182 1805 3222 esse
1852 3167 2075 3234 diceret,
2108 3167 2151 3220 si
2192 3182 2223 3217 α

2320 1952 2434 2007 dies
2464 1953 2643 2019 fuerit,
2680 1970 2783 2008 nox
2825 1969 2933 2010 non
2974 1957 3097 2023 erit,
3131 1957 3243 2012 sive
3280 1974 3383 2012 nox
3409 1958 3585 2027 fuerit,
3635 1960 3749 2013 dies
3778 1975 3893 2016 non

2319 2048 2439 2100 erit.
2484 2046 2717 2113 Quartus
2763 2047 2953 2104 modus
2979 2059 3063 2103 est
3108 2049 3297 2104 horum
3348 2050 3775 2121 syllogismorum
3828 2067 3892 2107 ex

2319 2147 2503 2207 quarta
2532 2139 2915 2210 Epropositione
2953 2140 3307 2206 descendens,
3359 2141 3510 2211 cujus
3559 2142 3673 2197 haec
3727 2144 3895 2212 prima

2322 2230 2613 2299 propositio
2643 2238 2749 2296 est,
2781 2232 2826 2285 si
2855 2245 2960 2285 non
2985 2240 3069 2286 est
3096 2248 3147 2295 a,
3182 2245 3286 2285 non
3317 2239 3402 2287 est
3450 2233 3498 2297 ὸ,
3530 2240 3613 2286 εει
3640 2242 3817 2286 autem
3843 2231 3893 2297 ὸ,

2320 2321 2424 2375 erit
2448 2320 2605 2391 igitur
2633 2339 2665 2374 a
2690 2339 2710 2387 ;
2742 2321 2828 2376 hic
2855 2337 3071 2393 quoque
3100 2324 3337 2377 secunda
3366 2326 3485 2390 pars
3516 2323 3898 2391 propositionis

2320 2423 2592 2482 assumpta
2622 2422 2727 2480 est,
2776 2422 2830 2468 et
2875 2414 3125 2482 quoniam
3175 2411 3364 2468 eadem
3410 2413 3689 2480 negatione
3719 2412 3898 2469 fuerat

2320 2504 2514 2572 posita,
2540 2502 2899 2558 affirmatione
2932 2512 3017 2557 est
3060 2502 3417 2572 interempta;
3448 2502 3730 2557 affirmatio
3749 2505 3895 2559 enim

2322 2593 2427 2647 vim
2477 2596 2775 2663 negationis
2815 2594 3094 2651 interimit.
3145 2594 3244 2649 Hic
3281 2609 3494 2665 quoque
3518 2595 3706 2650 eodem
3736 2597 3898 2651 mo‘do

2322 2684 2617 2754 syllogismi
2643 2687 2938 2741 necessitas
2960 2685 3286 2750 continetur,
3320 2685 3441 2740 nani
3474 2685 3518 2740 si
3550 2688 3747 2755 posito,
3774 2702 3897 2740 cum

2320 2791 2429 2831 non
2456 2777 2526 2830 sit
2568 2793 2620 2843 a,
2679 2792 2783 2831 non
2823 2793 2943 2832 esse
2986 2779 3041 2847 b,
3099 2787 3340 2833 sumatur
3369 2793 3489 2833 esse
3535 2780 3584 2845 b,
3616 2778 3738 2834 dico
3774 2780 3896 2848 quia

2324 2884 2663 2940 consequens
2685 2878 2767 2925 est
2796 2871 2958 2925 etiam
2987 2888 3018 2923 α
3048 2886 3188 2926 εεεε.
3220 2870 3354 2925 Nam
3380 2872 3423 2926 si
3456 2880 3653 2941 potest,
3680 2884 3799 2926 cum
3830 2870 3899 2925 sit

2324 2960 2374 3025 ιι,
2405 2976 2514 3015 non
2544 2975 2664 3015 esse
2684 2978 2736 3025 a,
2768 2960 2967 3015 frustra
2985 2971 3068 3016 est
3095 2962 3263 3031 prima
3279 2962 3745 3032 propositio,qu;e,
3777 2976 3898 3016 cum

2325 3067 2357 3103 a
2385 3066 2489 3105 non
2517 3052 2608 3117 sit,
2632 3051 2659 3103 b
2688 3066 2794 3106 non
2819 3065 2939 3107 esse
2966 3053 3304 3123 pronuntiat;
3326 3056 3415 3108 fiet
3443 3054 3600 3123 igitur
3628 3068 3811 3108 rursus
3840 3061 3898 3110 ut

2327 3142 2466 3199 idem
2495 3145 2524 3197 b
2556 3145 2624 3199 sit
2650 3159 2714 3198 ac
2741 3160 2846 3200 non
2875 3146 2966 3201 sit.
3010 3146 3085 3200 Ex
3125 3148 3492 3216 assumptione
3526 3163 3753 3217 namque
3796 3148 3902 3204 erit

639 3260 831 3315 fuisset
860 3261 1179 3329 assumptio,
1211 3259 1239 3311 b
1267 3272 1387 3313 esse
1426 3260 1755 3327 pronuntiat.
1798 3258 2097 3312 Affirmatio
2126 3272 2223 3312 au—
2251 3241 2296 3305 C
2328 3258 2333 3291 ι

2206 3287 2223 3299 ,
2251 3241 2296 3305 C
2328 3240 2378 3307 li,
2412 3242 2481 3294 ita
2522 3240 2662 3295 enim
2706 3240 2922 3307 dicitur,
2956 3242 3099 3310 atqui
3133 3243 3162 3295 ὁ
3188 3250 3290 3295 εει.
3324 3241 3382 3297 Si
3430 3257 3558 3297 vero
3603 3243 3702 3295 hoc
3732 3242 3900 3311 posito

641 3362 749 3406 tem
766 3352 978 3421 perimit
993 3350 1350 3420 negationem,
1370 3365 1527 3419 quam
1548 3365 1642 3417 per
1659 3350 2078 3417 assumptionem
2097 3363 2228 3404 con-

601 3432 613 3441 ”
641 3444 905 3509 sequitur,
936 3450 1044 3494 uta
1084 3456 1189 3495 non
1234 3442 1303 3495 sit
1334 3441 1435 3494 hoc
1480 3442 1657 3494 modo.
1699 3441 1778 3495 Sit
1806 3441 1949 3495 enim
1979 3443 2224 3510 proposi-

642 3531 738 3596 tio,
770 3531 815 3584 si
844 3548 875 3583 a
901 3538 1005 3595 est,
1038 3533 1066 3583 ὁ
1091 3547 1199 3585 non
1226 3540 1329 3596 est,
1363 3542 1419 3587 et
1462 3533 1531 3586 sit
1576 3534 1624 3586 ό.
1680 3533 1807 3587 Dico
1838 3534 1957 3601 quia
1993 3550 2098 3587 non
2125 3537 2227 3590 erit

642 3638 695 3687 α,
726 3636 852 3675 nam
878 3621 923 3674 si
962 3620 1068 3675 erit
1094 3638 1145 3686 α,
1172 3636 1293 3673 cum
1323 3622 1392 3674 sit
1417 3622 1466 3685 li,
1496 3622 1633 3676 idem
1666 3624 1694 3675 b
1748 3622 1847 3676 erit
1868 3632 1923 3678 et
1945 3639 2050 3677 non
2081 3626 2224 3686 erit:

640 3728 749 3768 non
788 3713 891 3767 erit
916 3713 1130 3781 quidem
1159 3728 1225 3766 ex
1249 3713 1422 3782 prima
1450 3715 1818 3783 propositione
1844 3732 1963 3783 qua
1998 3717 2149 3787 dicit,
2180 3704 2227 3774 si

640 3815 727 3860 est
750 3821 802 3868 a,
837 3818 941 3858 non
966 3815 1049 3858 est
1070 3805 1130 3869 b;
1161 3805 1264 3860 erit
1290 3816 1467 3861 autem
1498 3822 1594 3875 per
1639 3810 2089 3878 assumptionem,
2121 3829 2227 3882 qua

641 3898 872 3953 dicimus
902 3911 1023 3952 esse
1055 3898 1102 3951 ὁ.
1132 3898 1202 3952 At
1225 3898 1270 3951 si
1326 3899 1634 3967 praecedens
1678 3916 1799 3970 pars
1845 3904 2227 3973 propositionis

640 3988 935 4055 auferatur,
968 4003 1073 4042 non
1108 3987 1200 4043 fiet
1230 3988 1337 4042 ulla
1367 3990 1683 4045 necessitas.
1718 3994 1827 4061 Age
1851 3993 1993 4046 enim
2029 3994 2080 4047 in
2132 3996 2227 4049 ltu-

637 4083 871 4154 jusntodi
899 4082 1296 4152 propositione,
1351 4083 1394 4136 si
1437 4100 1469 4135 a
1497 4092 1599 4149 est,
1635 4085 1664 4137 b
1690 4099 1796 4139 non
1827 4094 1928 4151 est,
1979 4085 2051 4139 ita
2082 4088 2230 4141 dica-

640 4190 795 4230 mus:
820 4173 964 4244 atqui
990 4189 1095 4228 non
1122 4180 1206 4227 est
1233 4189 1288 4233 a,
1322 4189 1427 4227 non
1456 4177 1804 4243 consequitur
1832 4186 1890 4230 ut
1913 4176 1981 4229 sit
2005 4179 2085 4231 vel
2119 4191 2225 4231 non

639 4266 713 4322 sit
734 4269 782 4321 b.
805 4266 860 4320 ld
878 4280 1006 4320 vero
1031 4265 1123 4318 tali
1143 4264 1384 4332 arguitur
1409 4268 1681 4333 exemplo.
1712 4267 1961 4321 Dicamus
1982 4269 2147 4332 enim,
2179 4269 2225 4323 si

644 4359 852 4427 nigrum
884 4364 987 4419 est,
1016 4356 1193 4409 album
1220 4368 1329 4407 non
1356 4363 1471 4417 est,
1502 4368 1947 4422 assumamusque
1972 4372 2078 4411 non
2106 4372 2226 4412 esse

643 4451 876 4519 nigrum,
908 4462 1013 4502 non
1046 4446 1226 4500 statim
1267 4447 1620 4514 consequitur
1674 4456 1731 4500 ut
1786 4448 1869 4501 vel
1926 4448 2100 4503 album
2132 4450 2221 4515 sit,

640 4539 727 4593 vel
756 4553 858 4592 non
877 4538 965 4604 sit,
991 4545 1166 4607 potest
1189 4537 1333 4591 enim
1360 4550 1481 4590 esse
1501 4535 1716 4604 aliquod
1744 4536 2060 4591 mediorum.
2094 4538 2225 4593 Ter-

640 4629 751 4685 tius
778 4629 965 4683 modus
1005 4629 1094 4684 ille
1119 4636 1204 4684 εει
1232 4642 1299 4682 ex
1345 4628 1502 4683 tertia
1532 4628 1898 4696 propositione
1938 4629 2220 4695 deductus,

638 4737 760 4776 cum
791 4721 860 4775 ita
888 4720 1263 4790 proponimus,
1313 4720 1359 4774 si
1398 4737 1431 4772 a
1484 4735 1589 4774 non
1643 4731 1751 4789 est,
1783 4721 1811 4773 ὁ
1842 4730 1945 4785 εει,
1979 4723 2007 4774 b
2039 4731 2220 4777 autem

638 4829 748 4870 non
777 4821 879 4877 est,
907 4828 938 4864 a
967 4812 1128 4881 igitur
1164 4821 1266 4865 est.
1316 4812 1411 4867 llic
1446 4826 1660 4882 quoque
1709 4826 2046 4881 consequens
2099 4828 2221 4882 pars

641 4903 1023 4975 propositionis
1050 4912 1323 4970 assumpta
1352 4913 1469 4969 est,
1501 4911 1555 4958 et
1595 4917 1715 4958 eum
1766 4905 1815 4955 in
1858 4905 2222 4971 propositione

640 4995 1021 5058 affirmaretur,
1054 4992 1107 5046 in
1140 4994 1507 5059 assumptione
1540 5000 1731 5060 negata
1760 5002 1864 5055 est,
1890 5002 1945 5047 et
1992 5004 2077 5047 est
2107 5004 2223 5047 rata

640 5084 1052 5156 consequentia,
1084 5092 1139 5136 et
1166 5079 1447 5151 perficiens
1480 5080 1851 5151 syllogismum
1884 5082 1986 5135 hoc
2017 5080 2176 5136 modo
2203 5099 2215 5133 :

639 5192 766 5247 nam
793 5176 837 5230 si
868 5188 1052 5228 verum
1084 5180 1184 5238 est,
1233 5184 1354 5223 cum
1395 5185 1502 5223 non
1523 5168 1594 5222 sit
1630 5185 1682 5233 a,
1700 5176 1833 5222 ‘esse
1862 5169 1912 5233 ὁ,
1950 5168 2071 5223 dico
2094 5170 2219 5238 quia

639 5268 738 5324 sib
760 5281 866 5322 non
896 5267 987 5330 sit,
1024 5272 1108 5319 est
1148 5279 1180 5315 a
1208 5278 1226 5317 :
1257 5276 1378 5315 nam
1406 5261 1451 5315 si
1506 5260 1718 5329 poterit,
1748 5274 1868 5313 cum
1915 5259 1943 5312 ὁ
1972 5274 2076 5314 non
2125 5260 2215 5326 sit,

640 5381 749 5421 non
779 5377 899 5420 esse
927 5378 979 5430 a,
1005 5360 1201 5415 frustra
1230 5368 1313 5414 est
1345 5356 1513 5426 prima
1545 5353 1854 5426 propositio,
1898 5369 2018 5425 qua:
2063 5353 2215 5420 dicit,

638 5470 762 5511 cum
791 5468 896 5508 non
930 5452 1076 5515 sita,
1117 5463 1238 5505 esse
1288 5448 1338 5512 b,
1381 5446 1588 5516 eritque
1618 5447 1646 5498 b
1672 5460 1735 5500 ac
1787 5460 1891 5499 non
1938 5444 2044 5499 erit
2070 5464 2085 5499 ;
2110 5460 2217 5501 non

639 5548 744 5603 erit
770 5544 983 5615 quidem
1031 5558 1097 5597 ex
1129 5556 1192 5596 ea
1230 5540 1596 5608 assumptione
1644 5553 1764 5607 quae
1820 5538 2073 5607 proponit
2107 5552 2213 5591 non

640 5652 760 5692 esse
790 5638 853 5698 b;
884 5633 985 5688 erit
1006 5641 1207 5698 autem,
1236 5631 1379 5701 quia,
1424 5630 1467 5685 si
1499 5647 1531 5683 η
1584 5629 1843 5683 terminus
1889 5643 2009 5683 esse
2060 5642 2216 5697 nega-

642 5726 802 5787 hitur,
834 5726 1004 5791 posito
1029 5736 1133 5775 non
1165 5735 1282 5776 esse
1314 5721 1342 5773 ὁ
1367 5720 1615 5784 termino,
1647 5735 1767 5773 cum
1802 5734 1905 5773 neu
1933 5720 2003 5771 sit
2030 5734 2078 5781 α,
2113 5718 2217 5777 erit

644 5816 694 5877 ὁ,
723 5813 862 5880 quod
891 5822 972 5868 est
1024 5809 1370 5878 impossibile.
1426 5809 1541 5865 Non
1584 5808 1741 5875 igitur
1783 5813 1961 5875 potest
2009 5806 2124 5863 fieri
2166 5812 2221 5865 ιιι

2251 4607 2432 4668 Dmis
2480 4629 2746 4669 connean
2824 4614 3141 4671 habentibus

2331 3333 2499 3401 possit
2526 3347 2631 3388 non
2662 3348 2783 3388 esse
2808 3350 2863 3398 η,
2891 3347 3076 3387 rursus
3102 3333 3131 3386 b
3152 3348 3257 3387 non
3279 3334 3405 3397 erit,
3434 3335 3555 3402 quia
3586 3336 3751 3403 prima
3782 3349 3901 3402 pro-

2332 3423 2528 3490 positio
2550 3424 2646 3486 ait,
2679 3424 2723 3477 si
2748 3438 2853 3478 non
2879 3424 2948 3477 sit
2974 3440 3026 3488 α,
3068 3438 3171 3478 non
3200 3434 3279 3477 est
3308 3425 3356 3491 b,
3399 3424 3540 3493 quod
3584 3433 3665 3478 εει
3705 3427 3899 3493 impos-

2329 3514 2514 3577 sibile;
2552 3514 2694 3584 quod
2729 3515 2773 3568 si
2824 3529 2886 3569 ea
2922 3517 3100 3584 portio
3133 3516 3506 3585 propositionis
3554 3530 3672 3586 qua:
3702 3530 3902 3586 praece-

2328 3605 2464 3659 dens
2485 3614 2567 3659 est
2612 3604 2903 3671 auferatur,
2960 3605 3093 3659 nihil
3146 3608 3324 3661 evenit
3359 3608 3741 3663 necessarium.
3795 3608 3905 3677 Age

2330 3694 2561 3748 enimita
2590 3695 2849 3760 dicamus,
2880 3696 2925 3750 si
2963 3713 3066 3750 non
3101 3706 3184 3751 est
3209 3716 3258 3762 a,
3289 3713 3393 3752 non
3431 3708 3516 3754 est
3554 3701 3614 3765 b,
3662 3713 3902 3754 assuma-

2329 3800 2577 3853 musque,
2608 3789 2752 3855 atqui
2782 3796 2864 3840 est
2911 3803 2965 3853 α,
3010 3802 3117 3842 non
3157 3790 3506 3859 consequitur
3532 3799 3587 3843 ut
3619 3793 3647 3843 b
3672 3791 3751 3844 vel
3784 3803 3905 3846 esse

2330 3875 2412 3929 vel
2436 3890 2537 3929 non
2565 3890 2684 3930 esse
2711 3879 3016 3933 necessario
3036 3880 3407 3946 concludatur,
3440 3890 3498 3934 ut
3526 3883 3577 3935 in
3609 3882 3707 3935 hoc
3735 3882 3901 3950 syllo-

2326 3970 2530 4037 gismo:
2564 3970 2610 4024 si
2638 3986 2745 4026 non
2770 3980 2856 4027 est
2881 3973 3240 4039 animal,gnon
3270 3982 3353 4029 est
3407 3973 3598 4039 homo,
3651 3974 3792 4044 atqui
3824 3981 3903 4030 est

2328 4054 2553 4129 animal,
2585 4078 2691 4117 non
2725 4078 2944 4119 necesse
2976 4072 3059 4118 est
3085 4065 3167 4118 vel
3199 4077 3321 4120 esse
3352 4067 3619 4122 hominem
3668 4070 3747 4123 vel
3797 4082 3900 4122 non

2329 4170 2472 4210 esse.
2508 4156 2571 4209 lli
2600 4156 2760 4225 igitur
2782 4164 3009 4224 quatuor
3036 4156 3325 4225 syllogismi
3368 4157 3663 4224 imperfecti
3716 4159 3902 4211 dicun-

2331 4256 2435 4313 tur,
2470 4245 2669 4299 idcirco
2698 4246 2953 4314 quoniam
2976 4261 3071 4315 per
3108 4261 3168 4300 se
3200 4262 3302 4301 non
3334 4246 3527 4301 habent
3549 4256 3787 4315 apertam
3820 4257 3901 4300 at-

2327 4352 2432 4405 que
2466 4338 2795 4406 perspicuam
2844 4341 3240 4407 consequentiae
3296 4340 3699 4407 necessitatem,
3729 4357 3900 4411 eaque

2330 4430 2434 4483 illis
2456 4446 2521 4485 ex
2548 4431 2861 4500 probatione
2889 4433 3196 4487 conficitur.
3240 4433 3308 4489 Ut
3335 4433 3491 4502 igitur
3520 4436 3755 4489 breviter
3775 4451 3900 4489 con-

2329 4521 2648 4575 cludcudum
2679 4524 2771 4589 sit,
2805 4523 2857 4577 in
2887 4523 3247 4594 hypotheticis
3277 4526 3609 4594 simplicibus
3656 4526 3901 4597 syllogis-

3216 4618 3643 4687 propositiones,
3689 4633 3901 4688 quoquo

2332 4709 2492 4762 modo
2524 4708 2697 4773 factis,
2726 4708 2768 4761 si
2797 4708 3010 4779 quidem
3055 4711 3223 4779 prima
3264 4726 3388 4780 pars
3418 4711 3791 4780 propositionis
3819 4726 3902 4767 as-

2332 4802 2584 4867 sumitur,
2627 4802 2669 4854 si
2700 4816 2761 4855 ea
2797 4812 3044 4870 ponatur,
3077 4804 3204 4856 fient
3234 4815 3462 4871 quatuor
3488 4805 3777 4874 syllogismi
3812 4820 3905 4872 per

2329 4909 2391 4949 se
2416 4894 2524 4947 noti
2546 4901 2704 4962 atque
2740 4893 2992 4960 perfecti;
3035 4894 3077 4946 si
3130 4908 3259 4949 vero
3286 4894 3339 4948 id
3374 4896 3515 4964 quod
3566 4896 3908 4963 consequitur

2330 4993 2655 5046 assumatur,
2706 4984 2832 5038 nulli
2886 4994 2969 5037 est
3015 4985 3306 5056 syllogismi
3342 4988 3661 5052 necessitas,
3711 4990 3809 5040 nisi
3854 4989 3903 5040 in

2333 5076 2490 5131 tertio
2547 5078 2933 5142 tantummodo,
2966 5081 3056 5148 qui
3102 5095 3205 5133 non
3254 5090 3477 5149 prepter
3521 5080 3907 5147 complexionis

2329 5176 2597 5229 naturam,
2649 5171 2741 5220 sed
2790 5176 3005 5237 propter
3052 5170 3403 5224 terminorum
3450 5172 3904 5236 contrarietatem,

2329 5258 2383 5312 in
2414 5258 2606 5327 quibus
2633 5259 2761 5313 solis
2796 5260 2902 5314 dici
2933 5268 3128 5329 potest,
3162 5262 3371 5316 videtur
3401 5262 3765 5318 conclusionis
3810 5279 3905 5319 ne-

2327 5350 2628 5406 cessitatem
2654 5359 2855 5406 tenere.
2888 5350 3069 5421 Itaque
3099 5354 3144 5407 si
3176 5354 3303 5421 quid
3349 5354 3400 5407 in
3449 5356 3815 5424 assumptione
3844 5366 3907 5412 ex

2330 5443 2411 5496 liis
2438 5458 2556 5511 qua:
2585 5447 2635 5496 in
2672 5444 3039 5512 prepositiOne
3093 5456 3215 5499 sunt
3245 5447 3589 5515 pronuntiata
3622 5457 3903 5512 ponantur,

2328 5544 2556 5601 quatuor
2611 5534 2695 5589 vel
2742 5536 2977 5606 quinque
3034 5536 3148 5591 fieri
3194 5551 3415 5592 necesse
3443 5546 3527 5592 est
3570 5539 3906 5608 syllogismos

2328 5630 2625 5696 perfectos:
2658 5637 2907 5698 quatuor,
2939 5629 3028 5684 ubi
3083 5631 3251 5697 prima
3309 5646 3431 5699 pars
3490 5633 3903 5702 prapositionis.

2326 5720 2559 5788 quinque
2590 5734 2739 5784 vero,
2794 5720 2883 5774 ubi
2936 5722 3169 5775 secunda
3205 5737 3326 5791 pars
3383 5725 3765 5792 prepositionis
3814 5739 3905 5793 ρος

2327 5811 2501 5866 nendo
2524 5812 2839 5877 assumitur,
2881 5810 2929 5866 si
2959 5825 3065 5867 non
3096 5812 3160 5868 ad
3206 5815 3591 5883 compleaionis
3645 5826 3906 5885 naturam,
