  <div class='ocr_page' id='page_1' title='image "/cluster/home/n/w/nwhite01/storage/ocr_20150623/64/hvd.32044073505265/430.png"; bbox 0 0 4290 6272; ppageno 0'>
   <div class='ocr_carea' id='block_1_1' title="bbox 414 312 517 368">
    <p class='ocr_par' dir='ltr' id='par_1_1' title="bbox 414 312 517 368">
     <span class='ocr_line' id='line_1_1' title="bbox 414 312 517 368; baseline 0 -1"><span class='ocrx_word' id='word_1_1' title='bbox 414 312 517 368; x_wconf 68' lang='grc'><strong>849</strong></span> 
     </span>
    </p>
   </div>
   <div class='ocr_carea' id='block_1_2' title="bbox 1502 308 2595 372">
    <p class='ocr_par' dir='ltr' id='par_1_2' title="bbox 1502 308 2595 372">
     <span class='ocr_line' id='line_1_2' title="bbox 1502 308 2595 372; baseline 0.002 -5"><span class='ocrx_word' id='word_1_2' title='bbox 1502 311 1590 368; x_wconf 88' lang='lat' dir='ltr'><strong>DE</strong></span> <span class='ocrx_word' id='word_1_3' title='bbox 1628 308 2062 370; x_wconf 79' lang='lat' dir='ltr'><strong>SYLLOGISMO</strong></span> <span class='ocrx_word' id='word_1_4' title='bbox 2100 308 2595 372; x_wconf 80' lang='lat' dir='ltr'><strong>HYPOTHETICO.</strong></span> 
     </span>
    </p>
   </div>
   <div class='ocr_carea' id='block_1_3' title="bbox 3570 316 3671 373">
    <p class='ocr_par' dir='ltr' id='par_1_3' title="bbox 3570 316 3671 373">
     <span class='ocr_line' id='line_1_3' title="bbox 3570 316 3671 373; baseline 0.02 -2"><span class='ocrx_word' id='word_1_5' title='bbox 3570 316 3671 373; x_wconf 86' lang='lat'><strong>850</strong></span> 
     </span>
    </p>
   </div>
   <div class='ocr_carea' id='block_1_4' title="bbox 408 428 3671 504">
    <p class='ocr_par' dir='ltr' id='par_1_4' title="bbox 408 428 3671 504">
     <span class='ocr_line' id='line_1_4' title="bbox 408 428 3671 504; baseline 0.001 -18"><span class='ocrx_word' id='word_1_6' title='bbox 408 433 503 489; x_wconf 85' lang='lat' dir='ltr'><strong>sed</strong></span> <span class='ocrx_word' id='word_1_7' title='bbox 533 432 597 485; x_wconf 91' lang='lat' dir='ltr'><strong>ad</strong></span> <span class='ocrx_word' id='word_1_8' title='bbox 625 430 896 486; x_wconf 73' lang='lat' dir='ltr'><strong>terminos</strong></span> <span class='ocrx_word' id='word_1_9' title='bbox 915 430 1257 500; x_wconf 81' lang='lat' dir='ltr'><strong>aspiciamus.</strong></span> <span class='ocrx_word' id='word_1_10' title='bbox 1315 428 1369 485; x_wconf 88' lang='lat' dir='ltr'><strong>Si</strong></span> <span class='ocrx_word' id='word_1_11' title='bbox 1398 429 1525 501; x_wconf 84' lang='lat' dir='ltr'><strong>quid</strong></span> <span class='ocrx_word' id='word_1_12' title='bbox 1556 446 1686 485; x_wconf 88' lang='lat' dir='ltr'><strong>vero</strong></span> <span class='ocrx_word' id='word_1_13' title='bbox 1715 446 1780 486; x_wconf 82' lang='lat' dir='ltr'><strong>ex</strong></span> <span class='ocrx_word' id='word_1_14' title='bbox 1814 432 1895 487; x_wconf 90' lang='lat' dir='ltr'><strong>his</strong></span> <span class='ocrx_word' id='word_1_15' title='bbox 1934 431 1987 486; x_wconf 90' lang='lat' dir='ltr'><strong>in</strong></span> <span class='ocrx_word' id='word_1_16' title='bbox 2020 433 2070 492; x_wconf 82' lang='grc' dir='ltr'><strong>Α</strong></span> <span class='ocrx_word' id='word_1_17' title='bbox 2091 433 2383 486; x_wconf 89' lang='lat' dir='ltr'><strong>animatum</strong></span> <span class='ocrx_word' id='word_1_18' title='bbox 2412 433 2482 487; x_wconf 93' lang='lat' dir='ltr'><strong>sit</strong></span> <span class='ocrx_word' id='word_1_19' title='bbox 2512 434 2725 487; x_wconf 87' lang='lat' dir='ltr'><strong>animal.</strong></span> <span class='ocrx_word' id='word_1_20' title='bbox 2764 433 2890 489; x_wconf 93' lang='lat' dir='ltr'><strong>Item</strong></span> <span class='ocrx_word' id='word_1_21' title='bbox 2918 435 3205 491; x_wconf 89' lang='lat' dir='ltr'><strong>secundam</strong></span> <span class='ocrx_word' id='word_1_22' title='bbox 3227 434 3671 504; x_wconf 74' lang='lat' dir='ltr'><strong>propositionem,</strong></span> 
     </span>
    </p>
   </div>
   <div class='ocr_carea' id='block_1_5' title="bbox 412 522 1986 594">
    <p class='ocr_par' dir='ltr' id='par_1_5' title="bbox 412 522 1986 594">
     <span class='ocr_line' id='line_1_5' title="bbox 412 522 1986 594; baseline 0 -16"><span class='ocrx_word' id='word_1_23' title='bbox 412 525 774 594; x_wconf 76' lang='lat' dir='ltr'><strong>assumptione</strong></span> <span class='ocrx_word' id='word_1_24' title='bbox 804 538 923 593; x_wconf 76' lang='lat' dir='ltr'><strong>quze</strong></span> <span class='ocrx_word' id='word_1_25' title='bbox 955 524 1120 591; x_wconf 89' lang='lat' dir='ltr'><strong>prima</strong></span> <span class='ocrx_word' id='word_1_26' title='bbox 1154 522 1447 592; x_wconf 78' lang='lat' dir='ltr'><strong>propositio</strong></span> <span class='ocrx_word' id='word_1_27' title='bbox 1479 524 1741 587; x_wconf 87' lang='lat' dir='ltr'><strong>enuntiat,</strong></span> <span class='ocrx_word' id='word_1_28' title='bbox 1779 522 1986 578; x_wconf 89' lang='lat' dir='ltr'><strong>aufera-</strong></span> 
     </span>
    </p>
   </div>
   <div class='ocr_carea' id='block_1_6' title="bbox 411 614 1989 685">
    <p class='ocr_par' dir='ltr' id='par_1_6' title="bbox 411 614 1989 685">
     <span class='ocr_line' id='line_1_6' title="bbox 411 614 1989 685; baseline 0 -16"><span class='ocrx_word' id='word_1_29' title='bbox 411 630 517 677; x_wconf 86' lang='lat' dir='ltr'><strong>tur,</strong></span> <span class='ocrx_word' id='word_1_30' title='bbox 550 618 591 670; x_wconf 92' lang='lat' dir='ltr'><strong>si</strong></span> <span class='ocrx_word' id='word_1_31' title='bbox 625 632 741 681; x_wconf 81' lang='lat' dir='ltr'><strong>qme</strong></span> <span class='ocrx_word' id='word_1_32' title='bbox 770 626 855 670; x_wconf 89' lang='lat' dir='ltr'><strong>est</strong></span> <span class='ocrx_word' id='word_1_33' title='bbox 884 630 1220 684; x_wconf 85' lang='lat' dir='ltr'><strong>consequens</strong></span> <span class='ocrx_word' id='word_1_34' title='bbox 1254 630 1373 683; x_wconf 88' lang='lat' dir='ltr'><strong>pars</strong></span> <span class='ocrx_word' id='word_1_35' title='bbox 1422 614 1798 685; x_wconf 83' lang='lat' dir='ltr'><strong>propositionis</strong></span> <span class='ocrx_word' id='word_1_36' title='bbox 1838 614 1989 670; x_wconf 68' lang='lat' dir='ltr'><strong>aufe~</strong></span> 
     </span>
    </p>
   </div>
   <div class='ocr_carea' id='block_1_7' title="bbox 408 690 1986 776">
    <p class='ocr_par' dir='ltr' id='par_1_7' title="bbox 408 690 1986 776">
     <span class='ocr_line' id='line_1_7' title="bbox 408 690 1986 776; baseline 0.001 -15"><span class='ocrx_word' id='word_1_37' title='bbox 408 717 579 774; x_wconf 87' lang='lat' dir='ltr'><strong>ratur,</strong></span> <span class='ocrx_word' id='word_1_38' title='bbox 615 690 742 760; x_wconf 61' lang='lat' dir='ltr'><strong>fiunt</strong></span> <span class='ocrx_word' id='word_1_39' title='bbox 785 707 1082 775; x_wconf 83' lang='lat' dir='ltr'><strong>imperfecti</strong></span> <span class='ocrx_word' id='word_1_40' title='bbox 1111 716 1164 759; x_wconf 89' lang='lat' dir='ltr'><strong>et</strong></span> <span class='ocrx_word' id='word_1_41' title='bbox 1192 707 1501 775; x_wconf 81' lang='lat' dir='ltr'><strong>probatione</strong></span> <span class='ocrx_word' id='word_1_42' title='bbox 1529 707 1827 775; x_wconf 84' lang='lat' dir='ltr'><strong>indigentes</strong></span> <span class='ocrx_word' id='word_1_43' title='bbox 1855 723 1986 776; x_wconf 87' lang='lat' dir='ltr'><strong>qna-</strong></span> 
     </span>
    </p>
   </div>
   <div class='ocr_carea' id='block_1_8' title="bbox 407 776 1984 868">
    <p class='ocr_par' dir='ltr' id='par_1_8' title="bbox 407 776 1984 868">
     <span class='ocr_line' id='line_1_8' title="bbox 407 776 1984 868; baseline 0.003 -20"><span class='ocrx_word' id='word_1_44' title='bbox 407 805 528 849; x_wconf 88' lang='lat' dir='ltr'><strong>tuor</strong></span> <span class='ocrx_word' id='word_1_45' title='bbox 559 776 901 868; x_wconf 45' lang='lat' dir='ltr'><strong>sylkigismi’;</strong></span> <span class='ocrx_word' id='word_1_46' title='bbox 933 796 977 849; x_wconf 88' lang='lat' dir='ltr'><strong>si</strong></span> <span class='ocrx_word' id='word_1_47' title='bbox 1009 811 1136 850; x_wconf 86' lang='lat' dir='ltr'><strong>vero</strong></span> <span class='ocrx_word' id='word_1_48' title='bbox 1167 797 1313 865; x_wconf 86' lang='lat' dir='ltr'><strong>prior</strong></span> <span class='ocrx_word' id='word_1_49' title='bbox 1338 798 1715 866; x_wconf 87' lang='lat' dir='ltr'><strong>propositionis</strong></span> <span class='ocrx_word' id='word_1_50' title='bbox 1747 814 1870 867; x_wconf 91' lang='lat' dir='ltr'><strong>pars</strong></span> <span class='ocrx_word' id='word_1_51' title='bbox 1890 814 1984 853; x_wconf 88' lang='lat' dir='ltr'><strong>au-</strong></span> 
     </span>
    </p>
   </div>
   <div class='ocr_carea' id='block_1_9' title="bbox 410 886 1983 959">
    <p class='ocr_par' dir='ltr' id='par_1_9' title="bbox 410 886 1983 959">
     <span class='ocr_line' id='line_1_9' title="bbox 410 886 1983 959; baseline 0.002 -18"><span class='ocrx_word' id='word_1_52' title='bbox 410 886 629 952; x_wconf 80' lang='lat' dir='ltr'><strong>feratur,</strong></span> <span class='ocrx_word' id='word_1_53' title='bbox 679 888 817 940; x_wconf 91' lang='lat' dir='ltr'><strong>nulla</strong></span> <span class='ocrx_word' id='word_1_54' title='bbox 872 887 975 941; x_wconf 90' lang='lat' dir='ltr'><strong>erit</strong></span> <span class='ocrx_word' id='word_1_55' title='bbox 1031 887 1323 941; x_wconf 89' lang='lat' dir='ltr'><strong>necessitas</strong></span> <span class='ocrx_word' id='word_1_56' title='bbox 1378 889 1698 959; x_wconf 80' lang='lat' dir='ltr'><strong>syllogismi,</strong></span> <span class='ocrx_word' id='word_1_57' title='bbox 1737 890 1787 942; x_wconf 94' lang='lat' dir='ltr'><strong>in</strong></span> <span class='ocrx_word' id='word_1_58' title='bbox 1824 891 1983 944; x_wconf 89' lang='lat' dir='ltr'><strong>tertio</strong></span> 
     </span>
    </p>
   </div>
   <div class='ocr_carea' id='block_1_10' title="bbox 408 977 1978 1050">
    <p class='ocr_par' dir='ltr' id='par_1_10' title="bbox 408 977 1978 1050">
     <span class='ocr_line' id='line_1_10' title="bbox 408 977 1978 1050; baseline 0.002 -18"><span class='ocrx_word' id='word_1_59' title='bbox 408 986 611 1032; x_wconf 85' lang='lat' dir='ltr'><strong>tantum</strong></span> <span class='ocrx_word' id='word_1_60' title='bbox 638 977 794 1031; x_wconf 89' lang='lat' dir='ltr'><strong>modo</strong></span> <span class='ocrx_word' id='word_1_61' title='bbox 826 977 913 1031; x_wconf 92' lang='lat' dir='ltr'><strong>ubi</strong></span> <span class='ocrx_word' id='word_1_62' title='bbox 945 992 1048 1031; x_wconf 91' lang='lat' dir='ltr'><strong>non</strong></span> <span class='ocrx_word' id='word_1_63' title='bbox 1082 977 1206 1032; x_wconf 80' lang='lat' dir='ltr'><strong>facit</strong></span> <span class='ocrx_word' id='word_1_64' title='bbox 1248 979 1617 1034; x_wconf 85' lang='lat' dir='ltr'><strong>necessitatem</strong></span> <span class='ocrx_word' id='word_1_65' title='bbox 1657 981 1978 1050; x_wconf 79' lang='lat' dir='ltr'><strong>complexio,</strong></span> 
     </span>
    </p>
   </div>
   <div class='ocr_carea' id='block_1_11' title="bbox 408 1068 1985 1141">
    <p class='ocr_par' dir='ltr' id='par_1_11' title="bbox 408 1068 1985 1141">
     <span class='ocr_line' id='line_1_11' title="bbox 408 1068 1985 1141; baseline 0.003 -21"><span class='ocrx_word' id='word_1_66' title='bbox 408 1069 501 1121; x_wconf 90' lang='lat' dir='ltr'><strong>sed</strong></span> <span class='ocrx_word' id='word_1_67' title='bbox 537 1069 882 1121; x_wconf 70' lang='lat' dir='ltr'><strong>tertninorum</strong></span> <span class='ocrx_word' id='word_1_68' title='bbox 916 1077 1123 1121; x_wconf 91' lang='lat' dir='ltr'><strong>natura.</strong></span> <span class='ocrx_word' id='word_1_69' title='bbox 1182 1068 1439 1136; x_wconf 85' lang='lat' dir='ltr'><strong>Quocirca</strong></span> <span class='ocrx_word' id='word_1_70' title='bbox 1473 1070 1558 1124; x_wconf 91' lang='lat' dir='ltr'><strong>hic</strong></span> <span class='ocrx_word' id='word_1_71' title='bbox 1601 1086 1814 1141; x_wconf 87' lang='lat' dir='ltr'><strong>quoque</strong></span> <span class='ocrx_word' id='word_1_72' title='bbox 1852 1086 1985 1139; x_wconf 87' lang='lat' dir='ltr'><strong>qua-</strong></span> 
     </span>
    </p>
   </div>
   <div class='ocr_carea' id='block_1_12' title="bbox 407 1160 1977 1230">
    <p class='ocr_par' dir='ltr' id='par_1_12' title="bbox 407 1160 1977 1230">
     <span class='ocr_line' id='line_1_12' title="bbox 407 1160 1977 1230; baseline 0.004 -18"><span class='ocrx_word' id='word_1_73' title='bbox 407 1169 526 1214; x_wconf 87' lang='lat' dir='ltr'><strong>tuor</strong></span> <span class='ocrx_word' id='word_1_74' title='bbox 550 1160 629 1214; x_wconf 87' lang='lat' dir='ltr'><strong>vel</strong></span> <span class='ocrx_word' id='word_1_75' title='bbox 655 1160 890 1230; x_wconf 89' lang='lat' dir='ltr'><strong>quinque</strong></span> <span class='ocrx_word' id='word_1_76' title='bbox 918 1172 1044 1214; x_wconf 91' lang='lat' dir='ltr'><strong>sunt</strong></span> <span class='ocrx_word' id='word_1_77' title='bbox 1095 1161 1419 1230; x_wconf 79' lang='lat' dir='ltr'><strong>syllogismi:</strong></span> <span class='ocrx_word' id='word_1_78' title='bbox 1470 1172 1694 1230; x_wconf 84' lang='lat' dir='ltr'><strong>quatuor</strong></span> <span class='ocrx_word' id='word_1_79' title='bbox 1743 1165 1977 1229; x_wconf 77' lang='lat' dir='ltr'><strong>quidem,</strong></span> 
     </span>
    </p>
   </div>
   <div class='ocr_carea' id='block_1_13' title="bbox 403 1251 1978 1325">
    <p class='ocr_par' dir='ltr' id='par_1_13' title="bbox 403 1251 1978 1325">
     <span class='ocr_line' id='line_1_13' title="bbox 403 1251 1978 1325; baseline 0.004 -22"><span class='ocrx_word' id='word_1_80' title='bbox 403 1252 446 1303; x_wconf 91' lang='lat' dir='ltr'><strong>si</strong></span> <span class='ocrx_word' id='word_1_81' title='bbox 507 1251 739 1307; x_wconf 73' lang='lat' dir='ltr'><strong>seCunda</strong></span> <span class='ocrx_word' id='word_1_82' title='bbox 794 1266 916 1320; x_wconf 90' lang='lat' dir='ltr'><strong>pars</strong></span> <span class='ocrx_word' id='word_1_83' title='bbox 970 1253 1350 1320; x_wconf 86' lang='lat' dir='ltr'><strong>propositionis</strong></span> <span class='ocrx_word' id='word_1_84' title='bbox 1409 1254 1567 1308; x_wconf 79' lang='lat' dir='ltr'><strong>fuerit</strong></span> <span class='ocrx_word' id='word_1_85' title='bbox 1621 1256 1978 1325; x_wconf 85' lang='lat' dir='ltr'><strong>interempta;</strong></span> 
     </span>
    </p>
   </div>
   <div class='ocr_carea' id='block_1_14' title="bbox 402 1343 1981 1414">
    <p class='ocr_par' dir='ltr' id='par_1_14' title="bbox 402 1343 1981 1414">
     <span class='ocr_line' id='line_1_14' title="bbox 402 1343 1981 1414; baseline 0.004 -19"><span class='ocrx_word' id='word_1_86' title='bbox 402 1343 617 1410; x_wconf 83' lang='lat' dir='ltr'><strong>quintus</strong></span> <span class='ocrx_word' id='word_1_87' title='bbox 651 1358 803 1410; x_wconf 84' lang='lat' dir='ltr'><strong>vero,</strong></span> <span class='ocrx_word' id='word_1_88' title='bbox 834 1345 878 1397; x_wconf 87' lang='lat' dir='ltr'><strong>si</strong></span> <span class='ocrx_word' id='word_1_89' title='bbox 909 1359 1030 1397; x_wconf 85' lang='lat' dir='ltr'><strong>cum</strong></span> <span class='ocrx_word' id='word_1_90' title='bbox 1061 1358 1166 1397; x_wconf 89' lang='lat' dir='ltr'><strong>non</strong></span> <span class='ocrx_word' id='word_1_91' title='bbox 1210 1344 1595 1414; x_wconf 85' lang='lat' dir='ltr'><strong>complexionis</strong></span> <span class='ocrx_word' id='word_1_92' title='bbox 1626 1358 1843 1411; x_wconf 88' lang='lat' dir='ltr'><strong>natura,</strong></span> <span class='ocrx_word' id='word_1_93' title='bbox 1887 1346 1981 1403; x_wconf 88' lang='lat' dir='ltr'><strong>sed</strong></span> 
     </span>
    </p>
   </div>
   <div class='ocr_carea' id='block_1_15' title="bbox 402 1434 1982 1504">
    <p class='ocr_par' dir='ltr' id='par_1_15' title="bbox 402 1434 1982 1504">
     <span class='ocr_line' id='line_1_15' title="bbox 402 1434 1982 1504; baseline 0.003 -17"><span class='ocrx_word' id='word_1_94' title='bbox 402 1434 759 1488; x_wconf 89' lang='lat' dir='ltr'><strong>tertninorum</strong></span> <span class='ocrx_word' id='word_1_95' title='bbox 791 1434 1091 1504; x_wconf 79' lang='lat' dir='ltr'><strong>proprietas</strong></span> <span class='ocrx_word' id='word_1_96' title='bbox 1120 1435 1386 1488; x_wconf 86' lang='lat' dir='ltr'><strong>metiatur.</strong></span> <span class='ocrx_word' id='word_1_97' title='bbox 1413 1436 1670 1501; x_wconf 86' lang='lat' dir='ltr'><strong>Quocirca</strong></span> <span class='ocrx_word' id='word_1_98' title='bbox 1690 1437 1733 1490; x_wconf 91' lang='lat' dir='ltr'><strong>si</strong></span> <span class='ocrx_word' id='word_1_99' title='bbox 1762 1452 1829 1490; x_wconf 79' lang='lat' dir='ltr'><strong>ex</strong></span> <span class='ocrx_word' id='word_1_100' title='bbox 1850 1436 1982 1491; x_wconf 90' lang='lat' dir='ltr'><strong>duo-</strong></span> 
     </span>
    </p>
   </div>
   <div class='ocr_carea' id='block_1_16' title="bbox 402 1522 1979 1593">
    <p class='ocr_par' dir='ltr' id='par_1_16' title="bbox 402 1522 1979 1593">
     <span class='ocr_line' id='line_1_16' title="bbox 402 1522 1979 1593; baseline 0.007 -18"><span class='ocrx_word' id='word_1_101' title='bbox 402 1522 501 1575; x_wconf 88' lang='lat' dir='ltr'><strong>bus</strong></span> <span class='ocrx_word' id='word_1_102' title='bbox 526 1525 770 1578; x_wconf 89' lang='lat' dir='ltr'><strong>terminis</strong></span> <span class='ocrx_word' id='word_1_103' title='bbox 802 1525 1097 1593; x_wconf 88' lang='lat' dir='ltr'><strong>propositio</strong></span> <span class='ocrx_word' id='word_1_104' title='bbox 1131 1525 1300 1593; x_wconf 90' lang='lat' dir='ltr'><strong>prima</strong></span> <span class='ocrx_word' id='word_1_105' title='bbox 1328 1535 1558 1592; x_wconf 88' lang='lat' dir='ltr'><strong>constat,</strong></span> <span class='ocrx_word' id='word_1_106' title='bbox 1583 1537 1705 1582; x_wconf 92' lang='lat' dir='ltr'><strong>octo</strong></span> <span class='ocrx_word' id='word_1_107' title='bbox 1744 1540 1869 1584; x_wconf 92' lang='lat' dir='ltr'><strong>sunt</strong></span> <span class='ocrx_word' id='word_1_108' title='bbox 1896 1532 1979 1587; x_wconf 88' lang='lat' dir='ltr'><strong>vel</strong></span> 
     </span>
    </p>
   </div>
   <div class='ocr_carea' id='block_1_17' title="bbox 399 1614 1977 1691">
    <p class='ocr_par' dir='ltr' id='par_1_17' title="bbox 399 1614 1977 1691">
     <span class='ocr_line' id='line_1_17' title="bbox 399 1614 1977 1691; baseline 0.006 -22"><span class='ocrx_word' id='word_1_109' title='bbox 399 1614 610 1680; x_wconf 87' lang='lat' dir='ltr'><strong>decem,</strong></span> <span class='ocrx_word' id='word_1_110' title='bbox 639 1631 739 1671; x_wconf 90' lang='lat' dir='ltr'><strong>nec</strong></span> <span class='ocrx_word' id='word_1_111' title='bbox 786 1617 1013 1686; x_wconf 88' lang='lat' dir='ltr'><strong>amplius</strong></span> <span class='ocrx_word' id='word_1_112' title='bbox 1064 1617 1382 1687; x_wconf 75' lang='lat' dir='ltr'><strong>syllogismi.</strong></span> <span class='ocrx_word' id='word_1_113' title='bbox 1433 1621 1509 1673; x_wconf 83' lang='lat' dir='ltr'><strong>Ac</strong></span> <span class='ocrx_word' id='word_1_114' title='bbox 1550 1619 1617 1674; x_wconf 93' lang='lat' dir='ltr'><strong>de</strong></span> <span class='ocrx_word' id='word_1_115' title='bbox 1657 1620 1738 1674; x_wconf 92' lang='lat' dir='ltr'><strong>his</strong></span> <span class='ocrx_word' id='word_1_116' title='bbox 1763 1622 1977 1691; x_wconf 89' lang='lat' dir='ltr'><strong>quidem</strong></span> 
     </span>
    </p>
   </div>
   <div class='ocr_carea' id='block_1_18' title="bbox 400 1710 1977 1783">
    <p class='ocr_par' dir='ltr' id='par_1_18' title="bbox 400 1710 1977 1783">
     <span class='ocr_line' id='line_1_18' title="bbox 400 1710 1977 1783; baseline 0.004 -17"><span class='ocrx_word' id='word_1_117' title='bbox 400 1710 857 1766; x_wconf 86' lang='lat' dir='ltr'><strong>conditionalibus</strong></span> <span class='ocrx_word' id='word_1_118' title='bbox 910 1712 1252 1783; x_wconf 80' lang='lat' dir='ltr'><strong>syllogismis,</strong></span> <span class='ocrx_word' id='word_1_119' title='bbox 1301 1727 1529 1782; x_wconf 91' lang='lat' dir='ltr'><strong>quorum</strong></span> <span class='ocrx_word' id='word_1_120' title='bbox 1583 1716 1977 1783; x_wconf 86' lang='lat' dir='ltr'><strong>propositiones</strong></span> 
     </span>
    </p>
   </div>
   <div class='ocr_carea' id='block_1_19' title="bbox 2089 524 3676 594">
    <p class='ocr_par' dir='ltr' id='par_1_19' title="bbox 2089 524 3676 594">
     <span class='ocr_line' id='line_1_19' title="bbox 2089 524 3676 594; baseline 0.001 -17"><span class='ocrx_word' id='word_1_121' title='bbox 2089 539 2211 593; x_wconf 70' lang='lat' dir='ltr'><strong>quas</strong></span> <span class='ocrx_word' id='word_1_122' title='bbox 2247 524 2341 587; x_wconf 90' lang='lat' dir='ltr'><strong>ait,</strong></span> <span class='ocrx_word' id='word_1_123' title='bbox 2384 526 2427 575; x_wconf 77' lang='lat' dir='ltr'><strong>si</strong></span> <span class='ocrx_word' id='word_1_124' title='bbox 2476 534 2555 577; x_wconf 89' lang='lat' dir='ltr'><strong>est</strong></span> <span class='ocrx_word' id='word_1_125' title='bbox 2600 542 2631 576; x_wconf 90' lang='lat' dir='ltr'><strong>a</strong></span> <span class='ocrx_word' id='word_1_126' title='bbox 2674 539 2792 578; x_wconf 90' lang='lat' dir='ltr'><strong>cum</strong></span> <span class='ocrx_word' id='word_1_127' title='bbox 2826 526 2891 579; x_wconf 89' lang='lat' dir='ltr'><strong>sit</strong></span> <span class='ocrx_word' id='word_1_128' title='bbox 2924 526 2983 592; x_wconf 85' lang='lat' dir='ltr'><strong>b,</strong></span> <span class='ocrx_word' id='word_1_129' title='bbox 3031 543 3134 581; x_wconf 89' lang='lat' dir='ltr'><strong>non</strong></span> <span class='ocrx_word' id='word_1_130' title='bbox 3166 536 3245 580; x_wconf 88' lang='lat' dir='ltr'><strong>est</strong></span> <span class='ocrx_word' id='word_1_131' title='bbox 3278 543 3325 591; x_wconf 86' lang='lat' dir='ltr'><strong>c,</strong></span> <span class='ocrx_word' id='word_1_132' title='bbox 3367 524 3676 594; x_wconf 74' lang='lat' dir='ltr'><strong>huiusmodi</strong></span> 
     </span>
    </p>
   </div>
   <div class='ocr_carea' id='block_1_20' title="bbox 2089 615 3672 688">
    <p class='ocr_par' dir='ltr' id='par_1_20' title="bbox 2089 615 3672 688">
     <span class='ocr_line' id='line_1_20' title="bbox 2089 615 3672 688; baseline 0.001 -20"><span class='ocrx_word' id='word_1_133' title='bbox 2089 631 2209 670; x_wconf 89' lang='lat' dir='ltr'><strong>esse</strong></span> <span class='ocrx_word' id='word_1_134' title='bbox 2260 615 2545 679; x_wconf 81' lang='lat' dir='ltr'><strong>oportebit,</strong></span> <span class='ocrx_word' id='word_1_135' title='bbox 2596 626 2652 669; x_wconf 87' lang='lat' dir='ltr'><strong>ut</strong></span> <span class='ocrx_word' id='word_1_136' title='bbox 2681 618 2707 669; x_wconf 76' lang='grc' dir='ltr'><em>ὸ</em></span> <span class='ocrx_word' id='word_1_137' title='bbox 2752 616 2966 685; x_wconf 88' lang='lat' dir='ltr'><strong>quidem</strong></span> <span class='ocrx_word' id='word_1_138' title='bbox 3014 628 3207 688; x_wconf 64' lang='lat' dir='ltr'><strong>prteter</strong></span> <span class='ocrx_word' id='word_1_139' title='bbox 3245 634 3277 669; x_wconf 91' lang='lat' dir='ltr'><strong>a</strong></span> <span class='ocrx_word' id='word_1_140' title='bbox 3319 631 3439 671; x_wconf 90' lang='lat' dir='ltr'><strong>esse</strong></span> <span class='ocrx_word' id='word_1_141' title='bbox 3483 616 3672 686; x_wconf 92' lang='lat' dir='ltr'><strong>possit,</strong></span> 
     </span>
    </p>
   </div>
   <div class='ocr_carea' id='block_1_21' title="bbox 2088 706 3675 771">
    <p class='ocr_par' dir='ltr' id='par_1_21' title="bbox 2088 706 3675 771">
     <span class='ocr_line' id='line_1_21' title="bbox 2088 706 3675 771; baseline 0.002 -12"><span class='ocrx_word' id='word_1_142' title='bbox 2088 706 2183 761; x_wconf 88' lang='lat' dir='ltr'><strong>sed</strong></span> <span class='ocrx_word' id='word_1_143' title='bbox 2214 721 2334 760; x_wconf 91' lang='lat' dir='ltr'><strong>cum</strong></span> <span class='ocrx_word' id='word_1_144' title='bbox 2363 706 2521 760; x_wconf 80' lang='lat' dir='ltr'><strong>fuerit</strong></span> <span class='ocrx_word' id='word_1_145' title='bbox 2561 723 2615 771; x_wconf 88' lang='lat' dir='ltr'><strong>a,</strong></span> <span class='ocrx_word' id='word_1_146' title='bbox 2648 722 2867 761; x_wconf 87' lang='lat' dir='ltr'><strong>necesse</strong></span> <span class='ocrx_word' id='word_1_147' title='bbox 2897 707 2965 761; x_wconf 87' lang='lat' dir='ltr'><strong>sit</strong></span> <span class='ocrx_word' id='word_1_148' title='bbox 2994 723 3115 763; x_wconf 85' lang='lat' dir='ltr'><strong>esse</strong></span> <span class='ocrx_word' id='word_1_149' title='bbox 3142 708 3299 762; x_wconf 90' lang='lat' dir='ltr'><strong>etiam</strong></span> <span class='ocrx_word' id='word_1_150' title='bbox 3332 710 3381 762; x_wconf 85' lang='lat' dir='ltr'><strong>b.</strong></span> <span class='ocrx_word' id='word_1_151' title='bbox 3432 707 3500 759; x_wconf 84' lang='lat' dir='ltr'><strong>At</strong></span> <span class='ocrx_word' id='word_1_152' title='bbox 3542 721 3675 762; x_wconf 86' lang='lat' dir='ltr'><strong>vero</strong></span> 
     </span>
    </p>
   </div>
   <div class='ocr_carea' id='block_1_22' title="bbox 2087 796 3673 867">
    <p class='ocr_par' dir='ltr' id='par_1_22' title="bbox 2087 796 3673 867">
     <span class='ocr_line' id='line_1_22' title="bbox 2087 796 3673 867; baseline 0.001 -16"><span class='ocrx_word' id='word_1_153' title='bbox 2087 814 2113 851; x_wconf 76' lang='grc' dir='ltr'><strong>ε</strong></span> <span class='ocrx_word' id='word_1_154' title='bbox 2139 798 2245 853; x_wconf 90' lang='lat' dir='ltr'><strong>tale</strong></span> <span class='ocrx_word' id='word_1_155' title='bbox 2284 798 2355 851; x_wconf 89' lang='lat' dir='ltr'><strong>sit</strong></span> <span class='ocrx_word' id='word_1_156' title='bbox 2400 807 2456 850; x_wconf 89' lang='lat' dir='ltr'><strong>ut</strong></span> <span class='ocrx_word' id='word_1_157' title='bbox 2497 796 2657 850; x_wconf 85' lang='lat' dir='ltr'><strong>simul</strong></span> <span class='ocrx_word' id='word_1_158' title='bbox 2690 797 2902 865; x_wconf 86' lang='lat' dir='ltr'><strong>quidem</strong></span> <span class='ocrx_word' id='word_1_159' title='bbox 2944 814 3067 853; x_wconf 90' lang='lat' dir='ltr'><strong>cum</strong></span> <span class='ocrx_word' id='word_1_160' title='bbox 3097 816 3129 852; x_wconf 76' lang='grc' dir='ltr'><strong>ε</strong></span> <span class='ocrx_word' id='word_1_161' title='bbox 3166 815 3285 854; x_wconf 88' lang='lat' dir='ltr'><strong>esse</strong></span> <span class='ocrx_word' id='word_1_162' title='bbox 3335 814 3439 853; x_wconf 90' lang='lat' dir='ltr'><strong>non</strong></span> <span class='ocrx_word' id='word_1_163' title='bbox 3484 799 3673 867; x_wconf 85' lang='lat' dir='ltr'><strong>possit,</strong></span> 
     </span>
    </p>
   </div>
   <div class='ocr_carea' id='block_1_23' title="bbox 2086 888 3674 957">
    <p class='ocr_par' dir='ltr' id='par_1_23' title="bbox 2086 888 3674 957">
     <span class='ocr_line' id='line_1_23' title="bbox 2086 888 3674 957; baseline 0.003 -16"><span class='ocrx_word' id='word_1_164' title='bbox 2086 903 2207 941; x_wconf 91' lang='lat' dir='ltr'><strong>cum</strong></span> <span class='ocrx_word' id='word_1_165' title='bbox 2239 889 2266 941; x_wconf 87' lang='lat' dir='ltr'><strong>b</strong></span> <span class='ocrx_word' id='word_1_166' title='bbox 2294 902 2422 941; x_wconf 90' lang='lat' dir='ltr'><strong>vero</strong></span> <span class='ocrx_word' id='word_1_167' title='bbox 2460 902 2580 942; x_wconf 90' lang='lat' dir='ltr'><strong>esse</strong></span> <span class='ocrx_word' id='word_1_168' title='bbox 2610 888 2812 956; x_wconf 90' lang='lat' dir='ltr'><strong>possit,</strong></span> <span class='ocrx_word' id='word_1_169' title='bbox 2855 898 2909 941; x_wconf 88' lang='lat' dir='ltr'><strong>et</strong></span> <span class='ocrx_word' id='word_1_170' title='bbox 2940 904 3045 943; x_wconf 91' lang='lat' dir='ltr'><strong>non</strong></span> <span class='ocrx_word' id='word_1_171' title='bbox 3076 904 3216 957; x_wconf 86' lang='lat' dir='ltr'><strong>esse,</strong></span> <span class='ocrx_word' id='word_1_172' title='bbox 3250 890 3343 944; x_wconf 90' lang='lat' dir='ltr'><strong>sed</strong></span> <span class='ocrx_word' id='word_1_173' title='bbox 3388 899 3513 945; x_wconf 91' lang='lat' dir='ltr'><strong>tunc</strong></span> <span class='ocrx_word' id='word_1_174' title='bbox 3559 901 3674 945; x_wconf 90' lang='lat' dir='ltr'><strong>tan-</strong></span> 
     </span>
    </p>
   </div>
   <div class='ocr_carea' id='block_1_24' title="bbox 2089 978 3675 1048">
    <p class='ocr_par' dir='ltr' id='par_1_24' title="bbox 2089 978 3675 1048">
     <span class='ocr_line' id='line_1_24' title="bbox 2089 978 3675 1048; baseline 0.002 -16"><span class='ocrx_word' id='word_1_175' title='bbox 2089 988 2197 1033; x_wconf 91' lang='lat' dir='ltr'><strong>tum</strong></span> <span class='ocrx_word' id='word_1_176' title='bbox 2244 993 2362 1032; x_wconf 89' lang='lat' dir='ltr'><strong>cum</strong></span> <span class='ocrx_word' id='word_1_177' title='bbox 2405 978 2431 1029; x_wconf 79' lang='grc' dir='ltr'><em>ὑ</em></span> <span class='ocrx_word' id='word_1_178' title='bbox 2475 992 2594 1031; x_wconf 90' lang='grc' dir='ltr'>εεεε</span> <span class='ocrx_word' id='word_1_179' title='bbox 2647 992 2751 1031; x_wconf 90' lang='lat' dir='ltr'><strong>non</strong></span> <span class='ocrx_word' id='word_1_180' title='bbox 2805 978 2995 1046; x_wconf 91' lang='lat' dir='ltr'><strong>possit,</strong></span> <span class='ocrx_word' id='word_1_181' title='bbox 3043 979 3255 1048; x_wconf 89' lang='lat' dir='ltr'><strong>quando</strong></span> <span class='ocrx_word' id='word_1_182' title='bbox 3300 979 3329 1032; x_wconf 87' lang='lat' dir='ltr'><strong>b</strong></span> <span class='ocrx_word' id='word_1_183' title='bbox 3360 981 3614 1034; x_wconf 90' lang='lat' dir='ltr'><strong>terminus</strong></span> <span class='ocrx_word' id='word_1_184' title='bbox 3641 1000 3675 1035; x_wconf 88' lang='lat' dir='ltr'><strong>a</strong></span> 
     </span>
    </p>
   </div>
   <div class='ocr_carea' id='block_1_25' title="bbox 2088 1069 3675 1137">
    <p class='ocr_par' dir='ltr' id='par_1_25' title="bbox 2088 1069 3675 1137">
     <span class='ocr_line' id='line_1_25' title="bbox 2088 1069 3675 1137; baseline -0.001 -12"><span class='ocrx_word' id='word_1_185' title='bbox 2088 1071 2372 1125; x_wconf 89' lang='lat' dir='ltr'><strong>terminum</strong></span> <span class='ocrx_word' id='word_1_186' title='bbox 2415 1069 2674 1137; x_wconf 87' lang='lat' dir='ltr'><strong>sequitur,</strong></span> <span class='ocrx_word' id='word_1_187' title='bbox 2726 1078 2785 1122; x_wconf 90' lang='lat' dir='ltr'><strong>ut</strong></span> <span class='ocrx_word' id='word_1_188' title='bbox 2832 1070 2901 1123; x_wconf 90' lang='lat' dir='ltr'><strong>sit</strong></span> <span class='ocrx_word' id='word_1_189' title='bbox 2948 1086 2980 1120; x_wconf 79' lang='grc' dir='ltr'><em>α</em></span> <span class='ocrx_word' id='word_1_190' title='bbox 3030 1069 3212 1134; x_wconf 87' lang='lat' dir='ltr'><strong>homo,</strong></span> <span class='ocrx_word' id='word_1_191' title='bbox 3246 1070 3273 1122; x_wconf 86' lang='lat' dir='ltr'><strong>b</strong></span> <span class='ocrx_word' id='word_1_192' title='bbox 3302 1070 3614 1134; x_wconf 90' lang='lat' dir='ltr'><strong>animatum,</strong></span> <span class='ocrx_word' id='word_1_193' title='bbox 3645 1086 3675 1124; x_wconf 72' lang='grc' dir='ltr'><strong>ε</strong></span> 
     </span>
    </p>
   </div>
   <div class='ocr_carea' id='block_1_26' title="bbox 2086 1159 3673 1229">
    <p class='ocr_par' dir='ltr' id='par_1_26' title="bbox 2086 1159 3673 1229">
     <span class='ocr_line' id='line_1_26' title="bbox 2086 1159 3673 1229; baseline -0.001 -13"><span class='ocrx_word' id='word_1_194' title='bbox 2086 1160 2418 1216; x_wconf 86' lang='lat' dir='ltr'><strong>insensibile.</strong></span> <span class='ocrx_word' id='word_1_195' title='bbox 2445 1159 2681 1229; x_wconf 80' lang='lat' dir='ltr'><strong>Namque</strong></span> <span class='ocrx_word' id='word_1_196' title='bbox 2708 1160 3000 1213; x_wconf 89' lang='lat' dir='ltr'><strong>animatum</strong></span> <span class='ocrx_word' id='word_1_197' title='bbox 3029 1168 3225 1227; x_wconf 63' lang='lat' dir='ltr'><strong>praeter</strong></span> <span class='ocrx_word' id='word_1_198' title='bbox 3252 1159 3520 1213; x_wconf 91' lang='lat' dir='ltr'><strong>hominem</strong></span> <span class='ocrx_word' id='word_1_199' title='bbox 3548 1174 3673 1214; x_wconf 79' lang='lat' dir='ltr'><strong>esse</strong></span> 
     </span>
    </p>
   </div>
   <div class='ocr_carea' id='block_1_27' title="bbox 2088 1252 3669 1320">
    <p class='ocr_par' dir='ltr' id='par_1_27' title="bbox 2088 1252 3669 1320">
     <span class='ocr_line' id='line_1_27' title="bbox 2088 1252 3669 1320; baseline -0.001 -16"><span class='ocrx_word' id='word_1_200' title='bbox 2088 1261 2299 1317; x_wconf 86' lang='lat' dir='ltr'><strong>petest;</strong></span> <span class='ocrx_word' id='word_1_201' title='bbox 2334 1266 2383 1304; x_wconf 85' lang='lat' dir='ltr'><strong>at</strong></span> <span class='ocrx_word' id='word_1_202' title='bbox 2416 1252 2460 1306; x_wconf 88' lang='lat' dir='ltr'><strong>si</strong></span> <span class='ocrx_word' id='word_1_203' title='bbox 2494 1255 2653 1306; x_wconf 92' lang='lat' dir='ltr'><strong>homo</strong></span> <span class='ocrx_word' id='word_1_204' title='bbox 2686 1254 2777 1320; x_wconf 90' lang='lat' dir='ltr'><strong>sit,</strong></span> <span class='ocrx_word' id='word_1_205' title='bbox 2810 1262 2869 1305; x_wconf 93' lang='lat' dir='ltr'><strong>ut</strong></span> <span class='ocrx_word' id='word_1_206' title='bbox 2895 1252 2964 1305; x_wconf 90' lang='lat' dir='ltr'><strong>sit</strong></span> <span class='ocrx_word' id='word_1_207' title='bbox 2992 1252 3283 1305; x_wconf 88' lang='lat' dir='ltr'><strong>animatum</strong></span> <span class='ocrx_word' id='word_1_208' title='bbox 3316 1263 3534 1304; x_wconf 85' lang='lat' dir='ltr'><strong>necesse</strong></span> <span class='ocrx_word' id='word_1_209' title='bbox 3565 1258 3669 1318; x_wconf 91' lang='lat' dir='ltr'><strong>est,</strong></span> 
     </span>
    </p>
   </div>
   <div class='ocr_carea' id='block_1_28' title="bbox 2085 1342 3669 1414">
    <p class='ocr_par' dir='ltr' id='par_1_28' title="bbox 2085 1342 3669 1414">
     <span class='ocr_line' id='line_1_28' title="bbox 2085 1342 3669 1414; baseline 0.001 -18"><span class='ocrx_word' id='word_1_210' title='bbox 2085 1342 2400 1398; x_wconf 77' lang='lat' dir='ltr'><strong>insensibile</strong></span> <span class='ocrx_word' id='word_1_211' title='bbox 2430 1359 2556 1399; x_wconf 89' lang='lat' dir='ltr'><strong>vero</strong></span> <span class='ocrx_word' id='word_1_212' title='bbox 2588 1355 2763 1414; x_wconf 86' lang='lat' dir='ltr'><strong>potest</strong></span> <span class='ocrx_word' id='word_1_213' title='bbox 2802 1359 2926 1400; x_wconf 90' lang='lat' dir='ltr'><strong>esse</strong></span> <span class='ocrx_word' id='word_1_214' title='bbox 2971 1343 3261 1398; x_wconf 85' lang='lat' dir='ltr'><strong>animatum</strong></span> <span class='ocrx_word' id='word_1_215' title='bbox 3302 1353 3357 1397; x_wconf 90' lang='lat' dir='ltr'><strong>et</strong></span> <span class='ocrx_word' id='word_1_216' title='bbox 3393 1358 3499 1397; x_wconf 91' lang='lat' dir='ltr'><strong>non</strong></span> <span class='ocrx_word' id='word_1_217' title='bbox 3527 1357 3669 1398; x_wconf 85' lang='lat' dir='ltr'><strong>esse.</strong></span> 
     </span>
    </p>
   </div>
   <div class='ocr_carea' id='block_1_29' title="bbox 2084 1434 3668 1499">
    <p class='ocr_par' dir='ltr' id='par_1_29' title="bbox 2084 1434 3668 1499">
     <span class='ocr_line' id='line_1_29' title="bbox 2084 1434 3668 1499; baseline -0.002 -9"><span class='ocrx_word' id='word_1_218' title='bbox 2084 1434 2191 1490; x_wconf 90' lang='lat' dir='ltr'><strong>Sed</strong></span> <span class='ocrx_word' id='word_1_219' title='bbox 2245 1443 2373 1489; x_wconf 89' lang='lat' dir='ltr'><strong>tunc</strong></span> <span class='ocrx_word' id='word_1_220' title='bbox 2420 1436 2732 1491; x_wconf 89' lang='lat' dir='ltr'><strong>insensibile</strong></span> <span class='ocrx_word' id='word_1_221' title='bbox 2762 1445 2816 1489; x_wconf 92' lang='lat' dir='ltr'><strong>et</strong></span> <span class='ocrx_word' id='word_1_222' title='bbox 2842 1436 3131 1490; x_wconf 89' lang='lat' dir='ltr'><strong>animatum</strong></span> <span class='ocrx_word' id='word_1_223' title='bbox 3179 1450 3281 1490; x_wconf 94' lang='lat' dir='ltr'><strong>non</strong></span> <span class='ocrx_word' id='word_1_224' title='bbox 3319 1434 3668 1499; x_wconf 90' lang='lat' dir='ltr'><strong>conveniunt,</strong></span> 
     </span>
    </p>
   </div>
   <div class='ocr_carea' id='block_1_30' title="bbox 2084 1525 3670 1596">
    <p class='ocr_par' dir='ltr' id='par_1_30' title="bbox 2084 1525 3670 1596">
     <span class='ocr_line' id='line_1_30' title="bbox 2084 1525 3670 1596; baseline -0.001 -16"><span class='ocrx_word' id='word_1_225' title='bbox 2084 1540 2204 1580; x_wconf 89' lang='lat' dir='ltr'><strong>cum</strong></span> <span class='ocrx_word' id='word_1_226' title='bbox 2236 1525 2438 1580; x_wconf 86' lang='lat' dir='ltr'><strong>idcirco</strong></span> <span class='ocrx_word' id='word_1_227' title='bbox 2468 1537 2550 1579; x_wconf 86' lang='lat' dir='ltr'><strong>est</strong></span> <span class='ocrx_word' id='word_1_228' title='bbox 2601 1527 2916 1591; x_wconf 89' lang='lat' dir='ltr'><strong>animatum,</strong></span> <span class='ocrx_word' id='word_1_229' title='bbox 2957 1527 3078 1595; x_wconf 88' lang='lat' dir='ltr'><strong>quia</strong></span> <span class='ocrx_word' id='word_1_230' title='bbox 3120 1526 3278 1580; x_wconf 88' lang='lat' dir='ltr'><strong>homo</strong></span> <span class='ocrx_word' id='word_1_231' title='bbox 3326 1540 3447 1581; x_wconf 87' lang='lat' dir='ltr'><strong>esse</strong></span> <span class='ocrx_word' id='word_1_232' title='bbox 3476 1525 3670 1596; x_wconf 64' lang='lat' dir='ltr'><strong>praedi-</strong></span> 
     </span>
    </p>
   </div>
   <div class='ocr_carea' id='block_1_31' title="bbox 2085 1618 3668 1688">
    <p class='ocr_par' dir='ltr' id='par_1_31' title="bbox 2085 1618 3668 1688">
     <span class='ocr_line' id='line_1_31' title="bbox 2085 1618 3668 1688; baseline 0.001 -17"><span class='ocrx_word' id='word_1_233' title='bbox 2085 1627 2202 1671; x_wconf 90' lang='lat' dir='ltr'><strong>ctus</strong></span> <span class='ocrx_word' id='word_1_234' title='bbox 2227 1629 2328 1672; x_wconf 90' lang='lat' dir='ltr'><strong>est.</strong></span> <span class='ocrx_word' id='word_1_235' title='bbox 2362 1618 2541 1672; x_wconf 90' lang='lat' dir='ltr'><strong>Tertia</strong></span> <span class='ocrx_word' id='word_1_236' title='bbox 2574 1633 2702 1673; x_wconf 90' lang='lat' dir='ltr'><strong>vero</strong></span> <span class='ocrx_word' id='word_1_237' title='bbox 2734 1618 3027 1688; x_wconf 88' lang='lat' dir='ltr'><strong>propositio</strong></span> <span class='ocrx_word' id='word_1_238' title='bbox 3055 1635 3087 1670; x_wconf 92' lang='lat' dir='ltr'><strong>a</strong></span> <span class='ocrx_word' id='word_1_239' title='bbox 3123 1618 3338 1685; x_wconf 91' lang='lat' dir='ltr'><strong>quidem</strong></span> <span class='ocrx_word' id='word_1_240' title='bbox 3380 1618 3668 1672; x_wconf 90' lang='lat' dir='ltr'><strong>terminum</strong></span> 
     </span>
    </p>
   </div>
   <div class='ocr_carea' id='block_1_32' title="bbox 2083 1707 3667 1780">
    <p class='ocr_par' dir='ltr' id='par_1_32' title="bbox 2083 1707 3667 1780">
     <span class='ocr_line' id='line_1_32' title="bbox 2083 1707 3667 1780; baseline -0.001 -16"><span class='ocrx_word' id='word_1_241' title='bbox 2083 1709 2243 1764; x_wconf 89' lang='lat' dir='ltr'><strong>debet</strong></span> <span class='ocrx_word' id='word_1_242' title='bbox 2271 1709 2499 1777; x_wconf 88' lang='lat' dir='ltr'><strong>habere,</strong></span> <span class='ocrx_word' id='word_1_243' title='bbox 2532 1711 2621 1779; x_wconf 93' lang='lat' dir='ltr'><strong>qui</strong></span> <span class='ocrx_word' id='word_1_244' title='bbox 2652 1726 2920 1779; x_wconf 88' lang='lat' dir='ltr'><strong>nunquam</strong></span> <span class='ocrx_word' id='word_1_245' title='bbox 2960 1710 3118 1764; x_wconf 92' lang='lat' dir='ltr'><strong>simul</strong></span> <span class='ocrx_word' id='word_1_246' title='bbox 3148 1725 3268 1764; x_wconf 90' lang='lat' dir='ltr'><strong>esse</strong></span> <span class='ocrx_word' id='word_1_247' title='bbox 3296 1710 3463 1780; x_wconf 89' lang='lat' dir='ltr'><strong>possit</strong></span> <span class='ocrx_word' id='word_1_248' title='bbox 3488 1725 3608 1764; x_wconf 91' lang='lat' dir='ltr'><strong>cum</strong></span> <span class='ocrx_word' id='word_1_249' title='bbox 3633 1707 3667 1763; x_wconf 73' lang='grc' dir='ltr'><em>ι</em></span> 
     </span>
    </p>
   </div>
   <div class='ocr_carea' id='block_1_33' title="bbox 3688 1416 3694 1446">
    <p class='ocr_par' dir='ltr' id='par_1_33' title="bbox 3688 1416 3694 1446">
     <span class='ocr_line' id='line_1_33' title="bbox 3688 1416 3694 1446; baseline 0 0"><span class='ocrx_word' id='word_1_250' title='bbox 3688 1416 3694 1446; x_wconf 84' lang='lat' dir='ltr'><strong>l</strong></span> 
     </span>
    </p>
   </div>
   <div class='ocr_carea' id='block_1_34' title="bbox 397 1799 2091 1878">
    <p class='ocr_par' dir='ltr' id='par_1_34' title="bbox 397 1803 2091 1878">
     <span class='ocr_line' id='line_1_34' title="bbox 397 1803 2091 1878; baseline 0.008 -24"><span class='ocrx_word' id='word_1_251' title='bbox 397 1814 658 1856; x_wconf 71' lang='lat' dir='ltr'><strong>connexa:</strong></span> <span class='ocrx_word' id='word_1_252' title='bbox 682 1812 830 1867; x_wconf 90' lang='lat' dir='ltr'><strong>sunt,</strong></span> <span class='ocrx_word' id='word_1_253' title='bbox 858 1813 911 1857; x_wconf 91' lang='lat' dir='ltr'><strong>et</strong></span> <span class='ocrx_word' id='word_1_254' title='bbox 945 1818 1009 1857; x_wconf 83' lang='lat' dir='ltr'><strong>ex</strong></span> <span class='ocrx_word' id='word_1_255' title='bbox 1032 1803 1238 1858; x_wconf 90' lang='lat' dir='ltr'><strong>duabus</strong></span> <span class='ocrx_word' id='word_1_256' title='bbox 1261 1805 1612 1873; x_wconf 71' lang='lat' dir='ltr'><strong>prtedicativis</strong></span> <span class='ocrx_word' id='word_1_257' title='bbox 1650 1810 1980 1878; x_wconf 91' lang='lat' dir='ltr'><strong>simplicibus</strong></span> <span class='ocrx_word' id='word_1_258' title='bbox 2010 1806 2059 1867; x_wconf 86' lang='lat' dir='ltr'><strong>B</strong></span> <span class='ocrx_word' id='word_1_259' title='bbox 2090 1816 2091 1821; x_wconf 67' lang='lat'>‘</span> 
     </span>
    </p>
   </div>
   <div class='ocr_carea' id='block_1_35' title="bbox 1975 1799 3669 1878">
    <p class='ocr_par' dir='ltr' id='par_1_35' title="bbox 1975 1799 3669 1869">
     <span class='ocr_line' id='line_1_35' title="bbox 1975 1799 3669 1869; baseline 0.001 -16"><span class='ocrx_word' id='word_1_260' title='bbox 1975 1827 1980 1863; x_wconf 67' lang='grc' dir='ltr'>ι</span> <span class='ocrx_word' id='word_1_261' title='bbox 2010 1806 2059 1867; x_wconf 79' lang='grc' dir='ltr'><strong>Β</strong></span> <span class='ocrx_word' id='word_1_262' title='bbox 2090 1802 2340 1866; x_wconf 83' lang='lat' dir='ltr'><strong>termino,</strong></span> <span class='ocrx_word' id='word_1_263' title='bbox 2392 1819 2420 1853; x_wconf 78' lang='grc' dir='ltr'><strong><em>ο</em></strong></span> <span class='ocrx_word' id='word_1_264' title='bbox 2443 1816 2574 1855; x_wconf 91' lang='lat' dir='ltr'><strong>vero</strong></span> <span class='ocrx_word' id='word_1_265' title='bbox 2602 1802 2887 1855; x_wconf 88' lang='lat' dir='ltr'><strong>terminum</strong></span> <span class='ocrx_word' id='word_1_266' title='bbox 2921 1802 3076 1854; x_wconf 88' lang='lat' dir='ltr'><strong>talem</strong></span> <span class='ocrx_word' id='word_1_267' title='bbox 3123 1815 3243 1856; x_wconf 89' lang='lat' dir='ltr'><strong>esse</strong></span> <span class='ocrx_word' id='word_1_268' title='bbox 3289 1799 3574 1869; x_wconf 85' lang='lat' dir='ltr'><strong>oportebit,</strong></span> <span class='ocrx_word' id='word_1_269' title='bbox 3608 1807 3669 1855; x_wconf 77' lang='lat' dir='ltr'><strong>ut</strong></span> 
     </span>
    </p>
   </div>
   <div class='ocr_carea' id='block_1_36' title="bbox 398 1890 1977 1964">
    <p class='ocr_par' dir='ltr' id='par_1_36' title="bbox 398 1890 1977 1964">
     <span class='ocr_line' id='line_1_36' title="bbox 398 1890 1977 1964; baseline 0.006 -17"><span class='ocrx_word' id='word_1_270' title='bbox 398 1902 684 1958; x_wconf 87' lang='lat' dir='ltr'><strong>constant,</strong></span> <span class='ocrx_word' id='word_1_271' title='bbox 735 1890 1062 1948; x_wconf 88' lang='lat' dir='ltr'><strong>sufllcienter</strong></span> <span class='ocrx_word' id='word_1_272' title='bbox 1118 1894 1424 1964; x_wconf 83' lang='lat' dir='ltr'><strong>expeditum</strong></span> <span class='ocrx_word' id='word_1_273' title='bbox 1479 1907 1583 1964; x_wconf 89' lang='lat' dir='ltr'><strong>est,</strong></span> <span class='ocrx_word' id='word_1_274' title='bbox 1619 1914 1759 1954; x_wconf 91' lang='lat' dir='ltr'><strong>nunc</strong></span> <span class='ocrx_word' id='word_1_275' title='bbox 1783 1900 1850 1956; x_wconf 91' lang='lat' dir='ltr'><strong>de</strong></span> <span class='ocrx_word' id='word_1_276' title='bbox 1894 1901 1977 1957; x_wconf 90' lang='lat' dir='ltr'><strong>his</strong></span> 
     </span>
    </p>
   </div>
   <div class='ocr_carea' id='block_1_37' title="bbox 398 1982 1981 2066">
    <p class='ocr_par' dir='ltr' id='par_1_37' title="bbox 398 1982 1981 2066">
     <span class='ocr_line' id='line_1_37' title="bbox 398 1982 1981 2066; baseline 0.007 -29"><span class='ocrx_word' id='word_1_277' title='bbox 398 1982 728 2054; x_wconf 79' lang='lat' dir='ltr'><strong>syllogismis</strong></span> <span class='ocrx_word' id='word_1_278' title='bbox 752 1982 1038 2039; x_wconf 91' lang='lat' dir='ltr'><strong>dicendum</strong></span> <span class='ocrx_word' id='word_1_279' title='bbox 1068 1994 1171 2051; x_wconf 86' lang='lat' dir='ltr'><strong>est,</strong></span> <span class='ocrx_word' id='word_1_280' title='bbox 1211 1986 1300 2056; x_wconf 91' lang='lat' dir='ltr'><strong>qui</strong></span> <span class='ocrx_word' id='word_1_281' title='bbox 1328 2002 1393 2042; x_wconf 85' lang='lat' dir='ltr'><strong>ex</strong></span> <span class='ocrx_word' id='word_1_282' title='bbox 1422 1988 1761 2057; x_wconf 69' lang='lat' dir='ltr'><strong>praedicativa</strong></span> <span class='ocrx_word' id='word_1_283' title='bbox 1797 2002 1850 2047; x_wconf 92' lang='lat' dir='ltr'><strong>et</strong></span> <span class='ocrx_word' id='word_1_284' title='bbox 1884 1994 1981 2066; x_wconf 84' lang='lat' dir='ltr'><strong>hy-</strong></span> 
     </span>
    </p>
   </div>
   <div class='ocr_carea' id='block_1_38' title="bbox 397 2075 1977 2153">
    <p class='ocr_par' dir='ltr' id='par_1_38' title="bbox 397 2075 1977 2153">
     <span class='ocr_line' id='line_1_38' title="bbox 397 2075 1977 2153; baseline 0.009 -25"><span class='ocrx_word' id='word_1_285' title='bbox 397 2075 693 2144; x_wconf 88' lang='lat' dir='ltr'><strong>pothetica,</strong></span> <span class='ocrx_word' id='word_1_286' title='bbox 716 2076 799 2130; x_wconf 91' lang='lat' dir='ltr'><strong>vel</strong></span> <span class='ocrx_word' id='word_1_287' title='bbox 817 2092 883 2132; x_wconf 77' lang='lat' dir='ltr'><strong>ex</strong></span> <span class='ocrx_word' id='word_1_288' title='bbox 909 2077 1252 2148; x_wconf 87' lang='lat' dir='ltr'><strong>hypothetica</strong></span> <span class='ocrx_word' id='word_1_289' title='bbox 1292 2081 1736 2153; x_wconf 64' lang='lat' dir='ltr'><strong>praedicativaque</strong></span> <span class='ocrx_word' id='word_1_290' title='bbox 1773 2100 1977 2143; x_wconf 84' lang='lat' dir='ltr'><strong>conne-</strong></span> 
     </span>
    </p>
   </div>
   <div class='ocr_carea' id='block_1_39' title="bbox 397 2168 1975 2243">
    <p class='ocr_par' dir='ltr' id='par_1_39' title="bbox 397 2168 1975 2243">
     <span class='ocr_line' id='line_1_39' title="bbox 397 2168 1975 2243; baseline 0.009 -22"><span class='ocrx_word' id='word_1_291' title='bbox 397 2178 633 2222; x_wconf 90' lang='lat' dir='ltr'><strong>ctuutur.</strong></span> <span class='ocrx_word' id='word_1_292' title='bbox 671 2168 873 2224; x_wconf 85' lang='lat' dir='ltr'><strong>Horum</strong></span> <span class='ocrx_word' id='word_1_293' title='bbox 911 2179 1088 2226; x_wconf 91' lang='lat' dir='ltr'><strong>autem</strong></span> <span class='ocrx_word' id='word_1_294' title='bbox 1113 2171 1268 2227; x_wconf 87' lang='lat' dir='ltr'><strong>facile</strong></span> <span class='ocrx_word' id='word_1_295' title='bbox 1307 2175 1709 2243; x_wconf 83' lang='lat' dir='ltr'><strong>complexiones</strong></span> <span class='ocrx_word' id='word_1_296' title='bbox 1739 2180 1975 2235; x_wconf 89' lang='lat' dir='ltr'><strong>omnium</strong></span> 
     </span>
    </p>
   </div>
   <div class='ocr_carea' id='block_1_40' title="bbox 396 2260 1977 2333">
    <p class='ocr_par' dir='ltr' id='par_1_40' title="bbox 396 2260 1977 2333">
     <span class='ocr_line' id='line_1_40' title="bbox 396 2260 1977 2333; baseline 0.009 -20"><span class='ocrx_word' id='word_1_297' title='bbox 396 2260 832 2331; x_wconf 84' lang='lat' dir='ltr'><strong>syllogismorum</strong></span> <span class='ocrx_word' id='word_1_298' title='bbox 875 2264 1225 2332; x_wconf 88' lang='lat' dir='ltr'><strong>apparebunt,</strong></span> <span class='ocrx_word' id='word_1_299' title='bbox 1273 2265 1316 2318; x_wconf 91' lang='lat' dir='ltr'><strong>si</strong></span> <span class='ocrx_word' id='word_1_300' title='bbox 1348 2267 1495 2333; x_wconf 90' lang='lat' dir='ltr'><strong>prius</strong></span> <span class='ocrx_word' id='word_1_301' title='bbox 1517 2282 1701 2323; x_wconf 87' lang='lat' dir='ltr'><strong>earum</strong></span> <span class='ocrx_word' id='word_1_302' title='bbox 1725 2285 1977 2329; x_wconf 87' lang='lat' dir='ltr'><strong>numerus</strong></span> 
     </span>
    </p>
   </div>
   <div class='ocr_carea' id='block_1_41' title="bbox 393 2353 1975 2434">
    <p class='ocr_par' dir='ltr' id='par_1_41' title="bbox 393 2353 1975 2434">
     <span class='ocr_line' id='line_1_41' title="bbox 393 2353 1975 2434; baseline 0.008 -26"><span class='ocrx_word' id='word_1_303' title='bbox 393 2363 714 2422; x_wconf 77' lang='lat' dir='ltr'><strong>exponetur.</strong></span> <span class='ocrx_word' id='word_1_304' title='bbox 739 2353 873 2408; x_wconf 88' lang='lat' dir='ltr'><strong>Sunt</strong></span> <span class='ocrx_word' id='word_1_305' title='bbox 903 2355 1063 2425; x_wconf 88' lang='lat' dir='ltr'><strong>igitur</strong></span> <span class='ocrx_word' id='word_1_306' title='bbox 1091 2358 1298 2426; x_wconf 88' lang='lat' dir='ltr'><strong>priores</strong></span> <span class='ocrx_word' id='word_1_307' title='bbox 1326 2359 1539 2428; x_wconf 89' lang='lat' dir='ltr'><strong>quidem</strong></span> <span class='ocrx_word' id='word_1_308' title='bbox 1577 2378 1694 2431; x_wconf 72' lang='lat' dir='ltr'><strong>quae</strong></span> <span class='ocrx_word' id='word_1_309' title='bbox 1738 2378 1801 2419; x_wconf 79' lang='lat' dir='ltr'><strong>ex</strong></span> <span class='ocrx_word' id='word_1_310' title='bbox 1835 2380 1975 2434; x_wconf 72' lang='lat' dir='ltr'><strong>pra:-</strong></span> 
     </span>
    </p>
   </div>
   <div class='ocr_carea' id='block_1_42' title="bbox 395 2443 1754 2528">
    <p class='ocr_par' dir='ltr' id='par_1_42' title="bbox 395 2443 1754 2528">
     <span class='ocr_line' id='line_1_42' title="bbox 395 2443 1754 2528; baseline 0.01 -31"><span class='ocrx_word' id='word_1_311' title='bbox 395 2443 623 2499; x_wconf 87' lang='lat' dir='ltr'><strong>dicativa</strong></span> <span class='ocrx_word' id='word_1_312' title='bbox 652 2454 813 2515; x_wconf 90' lang='lat' dir='ltr'><strong>atque</strong></span> <span class='ocrx_word' id='word_1_313' title='bbox 844 2447 1183 2517; x_wconf 84' lang='lat' dir='ltr'><strong>hypothetica</strong></span> <span class='ocrx_word' id='word_1_314' title='bbox 1213 2459 1605 2509; x_wconf 90' lang='lat' dir='ltr'><strong>connectuntur</strong></span> <span class='ocrx_word' id='word_1_315' title='bbox 1633 2453 1754 2528; x_wconf 66' lang='lat' dir='ltr'><strong>bas;</strong></span> 
     </span>
    </p>
   </div>
   <div class='ocr_carea' id='block_1_43' title="bbox 394 2554 1143 2626">
    <p class='ocr_par' dir='ltr' id='par_1_43' title="bbox 394 2554 1143 2626">
     <span class='ocr_line' id='line_1_43' title="bbox 394 2554 1143 2626; baseline 0.003 -13"><span class='ocrx_word' id='word_1_316' title='bbox 394 2554 455 2613; x_wconf 88' lang='lat' dir='ltr'><strong>Si</strong></span> <span class='ocrx_word' id='word_1_317' title='bbox 482 2558 554 2610; x_wconf 89' lang='lat' dir='ltr'><strong>sit</strong></span> <span class='ocrx_word' id='word_1_318' title='bbox 579 2573 631 2621; x_wconf 89' lang='lat' dir='ltr'><strong>a,</strong></span> <span class='ocrx_word' id='word_1_319' title='bbox 662 2572 784 2613; x_wconf 92' lang='lat' dir='ltr'><strong>cum</strong></span> <span class='ocrx_word' id='word_1_320' title='bbox 808 2559 878 2613; x_wconf 89' lang='lat' dir='ltr'><strong>sit</strong></span> <span class='ocrx_word' id='word_1_321' title='bbox 908 2565 957 2626; x_wconf 84' lang='lat' dir='ltr'><strong>b,</strong></span> <span class='ocrx_word' id='word_1_322' title='bbox 983 2569 1065 2615; x_wconf 90' lang='lat' dir='ltr'><strong>est</strong></span> <span class='ocrx_word' id='word_1_323' title='bbox 1096 2577 1143 2615; x_wconf 78' lang='grc' dir='ltr'>ε.</span> 
     </span>
    </p>
   </div>
   <div class='ocr_carea' id='block_1_44' title="bbox 392 2649 1277 2719">
    <p class='ocr_par' dir='ltr' id='par_1_44' title="bbox 392 2649 1277 2719">
     <span class='ocr_line' id='line_1_44' title="bbox 392 2649 1277 2719; baseline 0.006 -14"><span class='ocrx_word' id='word_1_324' title='bbox 392 2649 447 2705; x_wconf 91' lang='lat' dir='ltr'><strong>Si</strong></span> <span class='ocrx_word' id='word_1_325' title='bbox 471 2651 539 2704; x_wconf 93' lang='lat' dir='ltr'><strong>sit</strong></span> <span class='ocrx_word' id='word_1_326' title='bbox 566 2666 619 2716; x_wconf 87' lang='lat' dir='ltr'><strong>a,</strong></span> <span class='ocrx_word' id='word_1_327' title='bbox 646 2666 767 2708; x_wconf 90' lang='lat' dir='ltr'><strong>cum</strong></span> <span class='ocrx_word' id='word_1_328' title='bbox 816 2654 888 2707; x_wconf 89' lang='lat' dir='ltr'><strong>sit</strong></span> <span class='ocrx_word' id='word_1_329' title='bbox 911 2654 963 2719; x_wconf 88' lang='lat' dir='ltr'><strong>b,</strong></span> <span class='ocrx_word' id='word_1_330' title='bbox 997 2669 1102 2709; x_wconf 92' lang='lat' dir='ltr'><strong>non</strong></span> <span class='ocrx_word' id='word_1_331' title='bbox 1130 2666 1212 2711; x_wconf 87' lang='lat' dir='ltr'><strong>est</strong></span> <span class='ocrx_word' id='word_1_332' title='bbox 1232 2672 1277 2710; x_wconf 85' lang='lat' dir='ltr'><strong>c.</strong></span> 
     </span>
    </p>
   </div>
   <div class='ocr_carea' id='block_1_45' title="bbox 396 2740 1246 2809">
    <p class='ocr_par' dir='ltr' id='par_1_45' title="bbox 396 2740 1246 2809">
     <span class='ocr_line' id='line_1_45' title="bbox 396 2740 1246 2809; baseline 0.006 -13"><span class='ocrx_word' id='word_1_333' title='bbox 396 2740 453 2796; x_wconf 88' lang='lat' dir='ltr'><strong>Si</strong></span> <span class='ocrx_word' id='word_1_334' title='bbox 482 2740 553 2794; x_wconf 86' lang='lat' dir='ltr'><strong>sit</strong></span> <span class='ocrx_word' id='word_1_335' title='bbox 577 2758 632 2808; x_wconf 81' lang='grc' dir='ltr'><strong>α,</strong></span> <span class='ocrx_word' id='word_1_336' title='bbox 655 2758 775 2797; x_wconf 91' lang='lat' dir='ltr'><strong>cum</strong></span> <span class='ocrx_word' id='word_1_337' title='bbox 799 2758 904 2797; x_wconf 89' lang='lat' dir='ltr'><strong>non</strong></span> <span class='ocrx_word' id='word_1_338' title='bbox 929 2745 998 2797; x_wconf 86' lang='lat' dir='ltr'><strong>sit</strong></span> <span class='ocrx_word' id='word_1_339' title='bbox 1027 2745 1076 2809; x_wconf 70' lang='grc' dir='ltr'><strong>ιι,</strong></span> <span class='ocrx_word' id='word_1_340' title='bbox 1101 2755 1184 2800; x_wconf 84' lang='grc' dir='ltr'>εει</span> <span class='ocrx_word' id='word_1_341' title='bbox 1199 2762 1246 2802; x_wconf 85' lang='lat' dir='ltr'><strong>c.</strong></span> 
     </span>
    </p>
   </div>
   <div class='ocr_carea' id='block_1_46' title="bbox 392 2829 1389 2901">
    <p class='ocr_par' dir='ltr' id='par_1_46' title="bbox 392 2829 1389 2901">
     <span class='ocr_line' id='line_1_46' title="bbox 392 2829 1389 2901; baseline 0.008 -18"><span class='ocrx_word' id='word_1_342' title='bbox 392 2829 448 2883; x_wconf 91' lang='lat' dir='ltr'><strong>Si</strong></span> <span class='ocrx_word' id='word_1_343' title='bbox 477 2831 618 2897; x_wconf 90' lang='lat' dir='ltr'><strong>sita,</strong></span> <span class='ocrx_word' id='word_1_344' title='bbox 643 2846 765 2887; x_wconf 90' lang='lat' dir='ltr'><strong>cum</strong></span> <span class='ocrx_word' id='word_1_345' title='bbox 796 2849 901 2886; x_wconf 88' lang='lat' dir='ltr'><strong>non</strong></span> <span class='ocrx_word' id='word_1_346' title='bbox 931 2835 1001 2895; x_wconf 84' lang='lat' dir='ltr'><strong>sit</strong></span> <span class='ocrx_word' id='word_1_347' title='bbox 1026 2835 1077 2901; x_wconf 84' lang='lat' dir='ltr'><strong>b,</strong></span> <span class='ocrx_word' id='word_1_348' title='bbox 1104 2851 1211 2890; x_wconf 90' lang='lat' dir='ltr'><strong>non</strong></span> <span class='ocrx_word' id='word_1_349' title='bbox 1236 2846 1316 2892; x_wconf 93' lang='lat' dir='ltr'><strong>est</strong></span> <span class='ocrx_word' id='word_1_350' title='bbox 1344 2853 1389 2891; x_wconf 77' lang='grc' dir='ltr'>ε.</span> 
     </span>
    </p>
   </div>
   <div class='ocr_carea' id='block_1_47' title="bbox 390 2916 1255 2992">
    <p class='ocr_par' dir='ltr' id='par_1_47' title="bbox 390 2916 1255 2992">
     <span class='ocr_line' id='line_1_47' title="bbox 390 2916 1255 2992; baseline 0.012 -19"><span class='ocrx_word' id='word_1_351' title='bbox 390 2916 450 2974; x_wconf 90' lang='lat' dir='ltr'><strong>Si</strong></span> <span class='ocrx_word' id='word_1_352' title='bbox 480 2935 585 2975; x_wconf 92' lang='lat' dir='ltr'><strong>non</strong></span> <span class='ocrx_word' id='word_1_353' title='bbox 613 2923 758 2990; x_wconf 90' lang='lat' dir='ltr'><strong>sita,</strong></span> <span class='ocrx_word' id='word_1_354' title='bbox 784 2939 904 2978; x_wconf 91' lang='lat' dir='ltr'><strong>cum</strong></span> <span class='ocrx_word' id='word_1_355' title='bbox 937 2927 1007 2992; x_wconf 88' lang='lat' dir='ltr'><strong>sit</strong></span> <span class='ocrx_word' id='word_1_356' title='bbox 1033 2926 1082 2992; x_wconf 89' lang='lat' dir='ltr'><strong>b,</strong></span> <span class='ocrx_word' id='word_1_357' title='bbox 1104 2937 1186 2982; x_wconf 89' lang='lat' dir='ltr'><strong>est</strong></span> <span class='ocrx_word' id='word_1_358' title='bbox 1209 2946 1255 2983; x_wconf 85' lang='lat' dir='ltr'><strong>c.</strong></span> 
     </span>
    </p>
   </div>
   <div class='ocr_carea' id='block_1_48' title="bbox 385 2991 1390 3080">
    <p class='ocr_par' dir='ltr' id='par_1_48' title="bbox 385 2991 1390 3080">
     <span class='ocr_line' id='line_1_48' title="bbox 385 2991 1390 3080; baseline 0.004 -14"><span class='ocrx_word' id='word_1_359' title='bbox 385 3010 441 3070; x_wconf 65' lang='lat' dir='ltr'><strong>iii</strong></span> <span class='ocrx_word' id='word_1_360' title='bbox 478 3025 583 3067; x_wconf 89' lang='lat' dir='ltr'><strong>non</strong></span> <span class='ocrx_word' id='word_1_361' title='bbox 612 3012 680 3066; x_wconf 92' lang='lat' dir='ltr'><strong>sit</strong></span> <span class='ocrx_word' id='word_1_362' title='bbox 705 3029 759 3080; x_wconf 89' lang='lat' dir='ltr'><strong>a,</strong></span> <span class='ocrx_word' id='word_1_363' title='bbox 783 2995 911 3068; x_wconf 58' lang='lat' dir='ltr'><strong>cum.</strong></span> <span class='ocrx_word' id='word_1_364' title='bbox 932 2991 1006 3070; x_wconf 69' lang='lat' dir='ltr'><strong>sit</strong></span> <span class='ocrx_word' id='word_1_365' title='bbox 1028 3016 1078 3080; x_wconf 86' lang='lat' dir='ltr'><strong>b,</strong></span> <span class='ocrx_word' id='word_1_366' title='bbox 1105 3031 1209 3071; x_wconf 91' lang='lat' dir='ltr'><strong>non</strong></span> <span class='ocrx_word' id='word_1_367' title='bbox 1236 3026 1321 3072; x_wconf 91' lang='lat' dir='ltr'><strong>est</strong></span> <span class='ocrx_word' id='word_1_368' title='bbox 1344 3034 1390 3070; x_wconf 83' lang='lat' dir='ltr'><strong>c.</strong></span> 
     </span>
    </p>
   </div>
   <div class='ocr_carea' id='block_1_49' title="bbox 389 3098 1393 3173">
    <p class='ocr_par' dir='ltr' id='par_1_49' title="bbox 389 3098 1393 3173">
     <span class='ocr_line' id='line_1_49' title="bbox 389 3098 1393 3173; baseline 0.004 -16"><span class='ocrx_word' id='word_1_369' title='bbox 389 3098 448 3157; x_wconf 86' lang='lat' dir='ltr'><strong>Si</strong></span> <span class='ocrx_word' id='word_1_370' title='bbox 475 3118 581 3157; x_wconf 91' lang='lat' dir='ltr'><strong>non</strong></span> <span class='ocrx_word' id='word_1_371' title='bbox 612 3103 763 3169; x_wconf 88' lang='lat' dir='ltr'><strong>sita,</strong></span> <span class='ocrx_word' id='word_1_372' title='bbox 794 3119 914 3160; x_wconf 89' lang='lat' dir='ltr'><strong>cum</strong></span> <span class='ocrx_word' id='word_1_373' title='bbox 937 3122 1041 3160; x_wconf 88' lang='lat' dir='ltr'><strong>non</strong></span> <span class='ocrx_word' id='word_1_374' title='bbox 1065 3107 1136 3161; x_wconf 89' lang='lat' dir='ltr'><strong>sit</strong></span> <span class='ocrx_word' id='word_1_375' title='bbox 1161 3108 1211 3173; x_wconf 83' lang='lat' dir='ltr'><strong>b,</strong></span> <span class='ocrx_word' id='word_1_376' title='bbox 1243 3117 1326 3163; x_wconf 91' lang='lat' dir='ltr'><strong>est</strong></span> <span class='ocrx_word' id='word_1_377' title='bbox 1347 3125 1393 3162; x_wconf 88' lang='lat' dir='ltr'><strong>c.</strong></span> 
     </span>
    </p>
   </div>
   <div class='ocr_carea' id='block_1_50' title="bbox 390 3191 1540 3267">
    <p class='ocr_par' dir='ltr' id='par_1_50' title="bbox 390 3191 1540 3267">
     <span class='ocr_line' id='line_1_50' title="bbox 390 3191 1540 3267; baseline 0.008 -20"><span class='ocrx_word' id='word_1_378' title='bbox 390 3191 449 3248; x_wconf 89' lang='lat' dir='ltr'><strong>Si</strong></span> <span class='ocrx_word' id='word_1_379' title='bbox 477 3209 584 3249; x_wconf 91' lang='lat' dir='ltr'><strong>non</strong></span> <span class='ocrx_word' id='word_1_380' title='bbox 613 3195 759 3263; x_wconf 89' lang='lat' dir='ltr'><strong>sita,</strong></span> <span class='ocrx_word' id='word_1_381' title='bbox 790 3211 910 3252; x_wconf 88' lang='lat' dir='ltr'><strong>cum</strong></span> <span class='ocrx_word' id='word_1_382' title='bbox 943 3212 1048 3253; x_wconf 91' lang='lat' dir='ltr'><strong>non</strong></span> <span class='ocrx_word' id='word_1_383' title='bbox 1072 3199 1140 3253; x_wconf 91' lang='lat' dir='ltr'><strong>sit</strong></span> <span class='ocrx_word' id='word_1_384' title='bbox 1168 3200 1217 3267; x_wconf 88' lang='lat' dir='ltr'><strong>b,</strong></span> <span class='ocrx_word' id='word_1_385' title='bbox 1248 3215 1354 3255; x_wconf 93' lang='lat' dir='ltr'><strong>non</strong></span> <span class='ocrx_word' id='word_1_386' title='bbox 1383 3210 1466 3256; x_wconf 91' lang='lat' dir='ltr'><strong>est</strong></span> <span class='ocrx_word' id='word_1_387' title='bbox 1492 3218 1540 3255; x_wconf 88' lang='lat' dir='ltr'><strong>c.</strong></span> 
     </span>
    </p>
   </div>
   <div class='ocr_carea' id='block_1_51' title="bbox 389 3307 1966 3378">
    <p class='ocr_par' dir='ltr' id='par_1_51' title="bbox 389 3307 1966 3378">
     <span class='ocr_line' id='line_1_51' title="bbox 389 3307 1966 3378; baseline 0.007 -18"><span class='ocrx_word' id='word_1_388' title='bbox 389 3308 469 3361; x_wconf 81' lang='lat' dir='ltr'><strong>Ac</strong></span> <span class='ocrx_word' id='word_1_389' title='bbox 496 3307 726 3375; x_wconf 92' lang='lat' dir='ltr'><strong>primum</strong></span> <span class='ocrx_word' id='word_1_390' title='bbox 755 3325 877 3377; x_wconf 67' lang='lat' dir='ltr'><strong>qua:</strong></span> <span class='ocrx_word' id='word_1_391' title='bbox 898 3311 965 3364; x_wconf 85' lang='lat' dir='ltr'><strong>sit</strong></span> <span class='ocrx_word' id='word_1_392' title='bbox 994 3326 1176 3365; x_wconf 90' lang='lat' dir='ltr'><strong>earum</strong></span> <span class='ocrx_word' id='word_1_393' title='bbox 1209 3321 1414 3378; x_wconf 86' lang='lat' dir='ltr'><strong>natura,</strong></span> <span class='ocrx_word' id='word_1_394' title='bbox 1467 3312 1674 3367; x_wconf 91' lang='lat' dir='ltr'><strong>videtur</strong></span> <span class='ocrx_word' id='word_1_395' title='bbox 1709 3328 1829 3369; x_wconf 88' lang='lat' dir='ltr'><strong>esse</strong></span> <span class='ocrx_word' id='word_1_396' title='bbox 1861 3324 1966 3371; x_wconf 85' lang='lat' dir='ltr'><strong>tra-</strong></span> 
     </span>
    </p>
   </div>
   <div class='ocr_carea' id='block_1_52' title="bbox 388 3397 1969 3474">
    <p class='ocr_par' dir='ltr' id='par_1_52' title="bbox 388 3397 1969 3474">
     <span class='ocr_line' id='line_1_52' title="bbox 388 3397 1969 3474; baseline 0.007 -24"><span class='ocrx_word' id='word_1_397' title='bbox 388 3397 663 3451; x_wconf 88' lang='lat' dir='ltr'><strong>ctandum.</strong></span> <span class='ocrx_word' id='word_1_398' title='bbox 686 3397 872 3468; x_wconf 89' lang='lat' dir='ltr'><strong>Neque</strong></span> <span class='ocrx_word' id='word_1_399' title='bbox 902 3403 1044 3455; x_wconf 92' lang='lat' dir='ltr'><strong>enim</strong></span> <span class='ocrx_word' id='word_1_400' title='bbox 1084 3417 1296 3471; x_wconf 92' lang='lat' dir='ltr'><strong>quoquo</strong></span> <span class='ocrx_word' id='word_1_401' title='bbox 1341 3403 1511 3457; x_wconf 78' lang='lat' dir='ltr'><strong>modo</strong></span> <span class='ocrx_word' id='word_1_402' title='bbox 1538 3404 1773 3459; x_wconf 90' lang='lat' dir='ltr'><strong>conditio</strong></span> <span class='ocrx_word' id='word_1_403' title='bbox 1806 3422 1969 3474; x_wconf 87' lang='lat' dir='ltr'><strong>pona-</strong></span> 
     </span>
    </p>
   </div>
   <div class='ocr_carea' id='block_1_53' title="bbox 391 3489 1970 3561">
    <p class='ocr_par' dir='ltr' id='par_1_53' title="bbox 391 3489 1970 3561">
     <span class='ocr_line' id='line_1_53' title="bbox 391 3489 1970 3561; baseline 0.008 -21"><span class='ocrx_word' id='word_1_404' title='bbox 391 3495 499 3556; x_wconf 91' lang='lat' dir='ltr'><strong>tur,</strong></span> <span class='ocrx_word' id='word_1_405' title='bbox 535 3489 911 3545; x_wconf 87' lang='lat' dir='ltr'><strong>conditionalis</strong></span> <span class='ocrx_word' id='word_1_406' title='bbox 940 3493 1240 3561; x_wconf 88' lang='lat' dir='ltr'><strong>propositio</strong></span> <span class='ocrx_word' id='word_1_407' title='bbox 1270 3494 1381 3559; x_wconf 82' lang='lat' dir='ltr'><strong>ﬁet,</strong></span> <span class='ocrx_word' id='word_1_408' title='bbox 1413 3494 1507 3549; x_wconf 90' lang='lat' dir='ltr'><strong>sed</strong></span> <span class='ocrx_word' id='word_1_409' title='bbox 1555 3497 1600 3551; x_wconf 90' lang='lat' dir='ltr'><strong>si</strong></span> <span class='ocrx_word' id='word_1_410' title='bbox 1648 3497 1735 3551; x_wconf 89' lang='lat' dir='ltr'><strong>illa</strong></span> <span class='ocrx_word' id='word_1_411' title='bbox 1780 3512 1970 3553; x_wconf 84' lang='lat' dir='ltr'><strong>conse-</strong></span> 
     </span>
    </p>
   </div>
   <div class='ocr_carea' id='block_1_54' title="bbox 389 3581 1967 3652">
    <p class='ocr_par' dir='ltr' id='par_1_54' title="bbox 389 3581 1967 3652">
     <span class='ocr_line' id='line_1_54' title="bbox 389 3581 1967 3652; baseline 0.008 -20"><span class='ocrx_word' id='word_1_412' title='bbox 389 3581 601 3646; x_wconf 86' lang='lat' dir='ltr'><strong>quentia</strong></span> <span class='ocrx_word' id='word_1_413' title='bbox 635 3591 855 3650; x_wconf 88' lang='lat' dir='ltr'><strong>propter</strong></span> <span class='ocrx_word' id='word_1_414' title='bbox 881 3584 1107 3652; x_wconf 85' lang='lat' dir='ltr'><strong>positam</strong></span> <span class='ocrx_word' id='word_1_415' title='bbox 1136 3586 1317 3639; x_wconf 84' lang='lat' dir='ltr'><strong>evenit</strong></span> <span class='ocrx_word' id='word_1_416' title='bbox 1343 3586 1737 3652; x_wconf 87' lang='lat' dir='ltr'><strong>conditionem;</strong></span> <span class='ocrx_word' id='word_1_417' title='bbox 1770 3605 1889 3643; x_wconf 91' lang='lat' dir='ltr'><strong>nam</strong></span> <span class='ocrx_word' id='word_1_418' title='bbox 1921 3589 1967 3644; x_wconf 89' lang='lat' dir='ltr'><strong>si</strong></span> 
     </span>
    </p>
   </div>
   <div class='ocr_carea' id='block_1_55' title="bbox 394 3672 1966 3745">
    <p class='ocr_par' dir='ltr' id='par_1_55' title="bbox 394 3672 1966 3745">
     <span class='ocr_line' id='line_1_55' title="bbox 394 3672 1966 3745; baseline 0.01 -23"><span class='ocrx_word' id='word_1_419' title='bbox 394 3672 515 3739; x_wconf 92' lang='lat' dir='ltr'><strong>quis</strong></span> <span class='ocrx_word' id='word_1_420' title='bbox 541 3672 614 3726; x_wconf 91' lang='lat' dir='ltr'><strong>ita</strong></span> <span class='ocrx_word' id='word_1_421' title='bbox 647 3674 810 3743; x_wconf 90' lang='lat' dir='ltr'><strong>dicat,</strong></span> <span class='ocrx_word' id='word_1_422' title='bbox 844 3676 888 3729; x_wconf 93' lang='lat' dir='ltr'><strong>si</strong></span> <span class='ocrx_word' id='word_1_423' title='bbox 922 3675 1083 3729; x_wconf 89' lang='lat' dir='ltr'><strong>homo</strong></span> <span class='ocrx_word' id='word_1_424' title='bbox 1104 3686 1206 3742; x_wconf 90' lang='lat' dir='ltr'><strong>est,</strong></span> <span class='ocrx_word' id='word_1_425' title='bbox 1241 3692 1362 3732; x_wconf 87' lang='lat' dir='ltr'><strong>eum</strong></span> <span class='ocrx_word' id='word_1_426' title='bbox 1408 3680 1477 3733; x_wconf 90' lang='lat' dir='ltr'><strong>sit</strong></span> <span class='ocrx_word' id='word_1_427' title='bbox 1504 3681 1722 3745; x_wconf 80' lang='lat' dir='ltr'><strong>animal,</strong></span> <span class='ocrx_word' id='word_1_428' title='bbox 1763 3683 1966 3742; x_wconf 78' lang='lat' dir='ltr'><strong>anima-</strong></span> 
     </span>
    </p>
   </div>
   <div class='ocr_carea' id='block_1_56' title="bbox 398 3765 1967 3839">
    <p class='ocr_par' dir='ltr' id='par_1_56' title="bbox 398 3765 1967 3839">
     <span class='ocr_line' id='line_1_56' title="bbox 398 3765 1967 3839; baseline 0.008 -26"><span class='ocrx_word' id='word_1_429' title='bbox 398 3769 505 3815; x_wconf 87' lang='lat' dir='ltr'><strong>tum</strong></span> <span class='ocrx_word' id='word_1_430' title='bbox 537 3771 655 3830; x_wconf 88' lang='lat' dir='ltr'><strong>est,</strong></span> <span class='ocrx_word' id='word_1_431' title='bbox 682 3780 787 3818; x_wconf 89' lang='lat' dir='ltr'><strong>non</strong></span> <span class='ocrx_word' id='word_1_432' title='bbox 815 3765 1024 3820; x_wconf 90' lang='lat' dir='ltr'><strong>videtur</strong></span> <span class='ocrx_word' id='word_1_433' title='bbox 1066 3767 1240 3822; x_wconf 85' lang='lat' dir='ltr'><strong>facere</strong></span> <span class='ocrx_word' id='word_1_434' title='bbox 1285 3770 1523 3839; x_wconf 90' lang='lat' dir='ltr'><strong>apposita</strong></span> <span class='ocrx_word' id='word_1_435' title='bbox 1571 3771 1805 3825; x_wconf 88' lang='lat' dir='ltr'><strong>conditio</strong></span> <span class='ocrx_word' id='word_1_436' title='bbox 1834 3788 1967 3827; x_wconf 88' lang='lat' dir='ltr'><strong>con-</strong></span> 
     </span>
    </p>
   </div>
   <div class='ocr_carea' id='block_1_57' title="bbox 396 3856 1966 3929">
    <p class='ocr_par' dir='ltr' id='par_1_57' title="bbox 396 3856 1966 3929">
     <span class='ocr_line' id='line_1_57' title="bbox 396 3856 1966 3929; baseline 0.01 -25"><span class='ocrx_word' id='word_1_437' title='bbox 396 3856 687 3922; x_wconf 68' lang='lat' dir='ltr'><strong>sequentiae</strong></span> <span class='ocrx_word' id='word_1_438' title='bbox 716 3858 1125 3924; x_wconf 86' lang='lat' dir='ltr'><strong>necessitatem;</strong></span> <span class='ocrx_word' id='word_1_439' title='bbox 1158 3874 1278 3913; x_wconf 89' lang='lat' dir='ltr'><strong>nam</strong></span> <span class='ocrx_word' id='word_1_440' title='bbox 1302 3862 1511 3915; x_wconf 87' lang='lat' dir='ltr'><strong>etiamsi</strong></span> <span class='ocrx_word' id='word_1_441' title='bbox 1542 3878 1649 3916; x_wconf 91' lang='lat' dir='ltr'><strong>non</strong></span> <span class='ocrx_word' id='word_1_442' title='bbox 1688 3863 1757 3917; x_wconf 88' lang='lat' dir='ltr'><strong>sit</strong></span> <span class='ocrx_word' id='word_1_443' title='bbox 1785 3864 1966 3929; x_wconf 89' lang='lat' dir='ltr'><strong>homo,</strong></span> 
     </span>
    </p>
   </div>
   <div class='ocr_carea' id='block_1_58' title="bbox 395 3944 1965 4017">
    <p class='ocr_par' dir='ltr' id='par_1_58' title="bbox 395 3944 1965 4017">
     <span class='ocr_line' id='line_1_58' title="bbox 395 3944 1965 4017; baseline 0.006 -19"><span class='ocrx_word' id='word_1_444' title='bbox 395 3944 747 4002; x_wconf 73' lang='lat' dir='ltr'><strong>nihilominus</strong></span> <span class='ocrx_word' id='word_1_445' title='bbox 778 3958 977 4013; x_wconf 88' lang='lat' dir='ltr'><strong>tamen,</strong></span> <span class='ocrx_word' id='word_1_446' title='bbox 1020 3965 1142 4004; x_wconf 89' lang='lat' dir='ltr'><strong>cum</strong></span> <span class='ocrx_word' id='word_1_447' title='bbox 1184 3952 1255 4005; x_wconf 90' lang='lat' dir='ltr'><strong>sit</strong></span> <span class='ocrx_word' id='word_1_448' title='bbox 1282 3952 1497 4017; x_wconf 86' lang='lat' dir='ltr'><strong>animal,</strong></span> <span class='ocrx_word' id='word_1_449' title='bbox 1526 3956 1816 4008; x_wconf 86' lang='lat' dir='ltr'><strong>animatum</strong></span> <span class='ocrx_word' id='word_1_450' title='bbox 1846 3965 1965 4010; x_wconf 84' lang='lat' dir='ltr'><strong>est:</strong></span> 
     </span>
    </p>
   </div>
   <div class='ocr_carea' id='block_1_59' title="bbox 392 4038 1966 4115">
    <p class='ocr_par' dir='ltr' id='par_1_59' title="bbox 392 4038 1966 4115">
     <span class='ocr_line' id='line_1_59' title="bbox 392 4038 1966 4115; baseline 0.01 -27"><span class='ocrx_word' id='word_1_451' title='bbox 392 4047 448 4089; x_wconf 86' lang='lat' dir='ltr'><strong>at</strong></span> <span class='ocrx_word' id='word_1_452' title='bbox 473 4038 517 4090; x_wconf 90' lang='lat' dir='ltr'><strong>si</strong></span> <span class='ocrx_word' id='word_1_453' title='bbox 551 4039 618 4092; x_wconf 87' lang='lat' dir='ltr'><strong>ita</strong></span> <span class='ocrx_word' id='word_1_454' title='bbox 667 4050 915 4109; x_wconf 89' lang='lat' dir='ltr'><strong>ponatur,</strong></span> <span class='ocrx_word' id='word_1_455' title='bbox 960 4042 1006 4097; x_wconf 93' lang='lat' dir='ltr'><strong>si</strong></span> <span class='ocrx_word' id='word_1_456' title='bbox 1062 4046 1129 4097; x_wconf 90' lang='lat' dir='ltr'><strong>sit</strong></span> <span class='ocrx_word' id='word_1_457' title='bbox 1161 4044 1344 4110; x_wconf 90' lang='lat' dir='ltr'><strong>homo,</strong></span> <span class='ocrx_word' id='word_1_458' title='bbox 1401 4062 1521 4101; x_wconf 90' lang='lat' dir='ltr'><strong>cum</strong></span> <span class='ocrx_word' id='word_1_459' title='bbox 1556 4050 1624 4101; x_wconf 92' lang='lat' dir='ltr'><strong>sit</strong></span> <span class='ocrx_word' id='word_1_460' title='bbox 1653 4050 1966 4115; x_wconf 88' lang='lat' dir='ltr'><strong>animatum,</strong></span> 
     </span>
    </p>
   </div>
   <div class='ocr_carea' id='block_1_60' title="bbox 390 4128 1972 4205">
    <p class='ocr_par' dir='ltr' id='par_1_60' title="bbox 390 4128 1972 4205">
     <span class='ocr_line' id='line_1_60' title="bbox 390 4128 1972 4205; baseline 0.006 -22"><span class='ocrx_word' id='word_1_461' title='bbox 390 4136 477 4183; x_wconf 87' lang='lat' dir='ltr'><strong>est</strong></span> <span class='ocrx_word' id='word_1_462' title='bbox 512 4128 732 4196; x_wconf 86' lang='lat' dir='ltr'><strong>animal,</strong></span> <span class='ocrx_word' id='word_1_463' title='bbox 786 4131 1001 4187; x_wconf 86' lang='lat' dir='ltr'><strong>videtur</strong></span> <span class='ocrx_word' id='word_1_464' title='bbox 1043 4139 1439 4205; x_wconf 71' lang='lat' dir='ltr'><strong>consequentia:</strong></span> <span class='ocrx_word' id='word_1_465' title='bbox 1498 4138 1634 4190; x_wconf 87' lang='lat' dir='ltr'><strong>ratio</strong></span> <span class='ocrx_word' id='word_1_466' title='bbox 1691 4139 1740 4191; x_wconf 93' lang='lat' dir='ltr'><strong>in</strong></span> <span class='ocrx_word' id='word_1_467' title='bbox 1787 4140 1972 4193; x_wconf 87' lang='lat' dir='ltr'><strong>condi-</strong></span> 
     </span>
    </p>
   </div>
   <div class='ocr_carea' id='block_1_61' title="bbox 392 4220 1972 4296">
    <p class='ocr_par' dir='ltr' id='par_1_61' title="bbox 392 4220 1972 4296">
     <span class='ocr_line' id='line_1_61' title="bbox 392 4220 1972 4296; baseline 0.008 -22"><span class='ocrx_word' id='word_1_468' title='bbox 392 4220 534 4277; x_wconf 90' lang='lat' dir='ltr'><strong>tione</strong></span> <span class='ocrx_word' id='word_1_469' title='bbox 582 4224 898 4279; x_wconf 86' lang='lat' dir='ltr'><strong>consistere.</strong></span> <span class='ocrx_word' id='word_1_470' title='bbox 924 4225 1107 4296; x_wconf 87' lang='lat' dir='ltr'><strong>Neque</strong></span> <span class='ocrx_word' id='word_1_471' title='bbox 1138 4229 1279 4283; x_wconf 91' lang='lat' dir='ltr'><strong>enim</strong></span> <span class='ocrx_word' id='word_1_472' title='bbox 1312 4244 1532 4284; x_wconf 90' lang='lat' dir='ltr'><strong>necesse</strong></span> <span class='ocrx_word' id='word_1_473' title='bbox 1570 4239 1673 4295; x_wconf 89' lang='lat' dir='ltr'><strong>est,</strong></span> <span class='ocrx_word' id='word_1_474' title='bbox 1704 4245 1825 4284; x_wconf 89' lang='lat' dir='ltr'><strong>cum</strong></span> <span class='ocrx_word' id='word_1_475' title='bbox 1857 4232 1972 4286; x_wconf 89' lang='lat' dir='ltr'><strong>ani-</strong></span> 
     </span>
    </p>
   </div>
   <div class='ocr_carea' id='block_1_62' title="bbox 390 4315 1972 4391">
    <p class='ocr_par' dir='ltr' id='par_1_62' title="bbox 390 4315 1972 4391">
     <span class='ocr_line' id='line_1_62' title="bbox 390 4315 1972 4391; baseline 0.007 -24"><span class='ocrx_word' id='word_1_476' title='bbox 390 4324 595 4368; x_wconf 85' lang='lat' dir='ltr'><strong>matum</strong></span> <span class='ocrx_word' id='word_1_477' title='bbox 622 4315 710 4381; x_wconf 92' lang='lat' dir='ltr'><strong>sit,</strong></span> <span class='ocrx_word' id='word_1_478' title='bbox 764 4316 957 4370; x_wconf 90' lang='lat' dir='ltr'><strong>animal</strong></span> <span class='ocrx_word' id='word_1_479' title='bbox 1001 4334 1142 4384; x_wconf 68' lang='lat' dir='ltr'><strong>esse,</strong></span> <span class='ocrx_word' id='word_1_480' title='bbox 1184 4320 1286 4373; x_wconf 89' lang='lat' dir='ltr'><strong>nisi</strong></span> <span class='ocrx_word' id='word_1_481' title='bbox 1320 4321 1479 4375; x_wconf 89' lang='lat' dir='ltr'><strong>homo</strong></span> <span class='ocrx_word' id='word_1_482' title='bbox 1509 4321 1594 4375; x_wconf 84' lang='lat' dir='ltr'><strong>vel</strong></span> <span class='ocrx_word' id='word_1_483' title='bbox 1637 4322 1833 4391; x_wconf 86' lang='lat' dir='ltr'><strong>aliquid</strong></span> <span class='ocrx_word' id='word_1_484' title='bbox 1867 4322 1972 4378; x_wconf 85' lang='lat' dir='ltr'><strong>tale</strong></span> 
     </span>
    </p>
   </div>
   <div class='ocr_carea' id='block_1_63' title="bbox 390 4400 1971 4481">
    <p class='ocr_par' dir='ltr' id='par_1_63' title="bbox 390 4400 1971 4481">
     <span class='ocr_line' id='line_1_63' title="bbox 390 4400 1971 4481; baseline 0.01 -28"><span class='ocrx_word' id='word_1_485' title='bbox 390 4400 589 4467; x_wconf 85' lang='lat' dir='ltr'><strong>fuerit,</strong></span> <span class='ocrx_word' id='word_1_486' title='bbox 650 4405 791 4472; x_wconf 91' lang='lat' dir='ltr'><strong>quod</strong></span> <span class='ocrx_word' id='word_1_487' title='bbox 866 4408 1158 4463; x_wconf 86' lang='lat' dir='ltr'><strong>animatum</strong></span> <span class='ocrx_word' id='word_1_488' title='bbox 1220 4424 1339 4465; x_wconf 88' lang='lat' dir='ltr'><strong>esse</strong></span> <span class='ocrx_word' id='word_1_489' title='bbox 1412 4413 1767 4481; x_wconf 80' lang='lat' dir='ltr'><strong>proponitur;</strong></span> <span class='ocrx_word' id='word_1_490' title='bbox 1845 4423 1971 4469; x_wconf 91' lang='lat' dir='ltr'><strong>tunc</strong></span> 
     </span>
    </p>
   </div>
   <div class='ocr_carea' id='block_1_64' title="bbox 392 4493 1970 4566">
    <p class='ocr_par' dir='ltr' id='par_1_64' title="bbox 392 4493 1970 4566">
     <span class='ocr_line' id='line_1_64' title="bbox 392 4493 1970 4566; baseline 0.01 -21"><span class='ocrx_word' id='word_1_491' title='bbox 392 4493 537 4547; x_wconf 88' lang='lat' dir='ltr'><strong>enim</strong></span> <span class='ocrx_word' id='word_1_492' title='bbox 596 4496 734 4562; x_wconf 90' lang='lat' dir='ltr'><strong>quod</strong></span> <span class='ocrx_word' id='word_1_493' title='bbox 795 4498 1084 4553; x_wconf 90' lang='lat' dir='ltr'><strong>animatum</strong></span> <span class='ocrx_word' id='word_1_494' title='bbox 1158 4509 1281 4566; x_wconf 88' lang='lat' dir='ltr'><strong>est,</strong></span> <span class='ocrx_word' id='word_1_495' title='bbox 1338 4502 1532 4555; x_wconf 91' lang='lat' dir='ltr'><strong>animal</strong></span> <span class='ocrx_word' id='word_1_496' title='bbox 1583 4517 1703 4558; x_wconf 89' lang='lat' dir='ltr'><strong>esse</strong></span> <span class='ocrx_word' id='word_1_497' title='bbox 1749 4518 1970 4560; x_wconf 88' lang='lat' dir='ltr'><strong>necesse</strong></span> 
     </span>
    </p>
   </div>
   <div class='ocr_carea' id='block_1_65' title="bbox 388 4590 1970 4663">
    <p class='ocr_par' dir='ltr' id='par_1_65' title="bbox 388 4590 1970 4663">
     <span class='ocr_line' id='line_1_65' title="bbox 388 4590 1970 4663; baseline 0.007 -21"><span class='ocrx_word' id='word_1_498' title='bbox 388 4596 492 4654; x_wconf 88' lang='lat' dir='ltr'><strong>est,</strong></span> <span class='ocrx_word' id='word_1_499' title='bbox 526 4590 686 4645; x_wconf 88' lang='lat' dir='ltr'><strong>homo</strong></span> <span class='ocrx_word' id='word_1_500' title='bbox 716 4606 941 4662; x_wconf 87' lang='lat' dir='ltr'><strong>namque</strong></span> <span class='ocrx_word' id='word_1_501' title='bbox 968 4594 1052 4648; x_wconf 85' lang='lat' dir='ltr'><strong>vel</strong></span> <span class='ocrx_word' id='word_1_502' title='bbox 1078 4594 1353 4663; x_wconf 87' lang='lat' dir='ltr'><strong>quodlibet</strong></span> <span class='ocrx_word' id='word_1_503' title='bbox 1380 4595 1523 4649; x_wconf 88' lang='lat' dir='ltr'><strong>aliud</strong></span> <span class='ocrx_word' id='word_1_504' title='bbox 1556 4597 1658 4650; x_wconf 86' lang='lat' dir='ltr'><strong>tale</strong></span> <span class='ocrx_word' id='word_1_505' title='bbox 1680 4597 1970 4653; x_wconf 90' lang='lat' dir='ltr'><strong>animatum</strong></span> 
     </span>
    </p>
   </div>
   <div class='ocr_carea' id='block_1_66' title="bbox 390 4682 1967 4758">
    <p class='ocr_par' dir='ltr' id='par_1_66' title="bbox 390 4682 1967 4758">
     <span class='ocr_line' id='line_1_66' title="bbox 390 4682 1967 4758; baseline 0.005 -21"><span class='ocrx_word' id='word_1_506' title='bbox 390 4690 490 4737; x_wconf 90' lang='lat' dir='ltr'><strong>est.</strong></span> <span class='ocrx_word' id='word_1_507' title='bbox 534 4682 636 4738; x_wconf 89' lang='lat' dir='ltr'><strong>Per</strong></span> <span class='ocrx_word' id='word_1_508' title='bbox 672 4686 913 4755; x_wconf 87' lang='lat' dir='ltr'><strong>singulas</strong></span> <span class='ocrx_word' id='word_1_509' title='bbox 960 4687 1118 4754; x_wconf 88' lang='lat' dir='ltr'><strong>igitur</strong></span> <span class='ocrx_word' id='word_1_510' title='bbox 1170 4688 1562 4756; x_wconf 89' lang='lat' dir='ltr'><strong>propositiones</strong></span> <span class='ocrx_word' id='word_1_511' title='bbox 1588 4689 1819 4743; x_wconf 89' lang='lat' dir='ltr'><strong>cundum</strong></span> <span class='ocrx_word' id='word_1_512' title='bbox 1864 4698 1967 4758; x_wconf 90' lang='lat' dir='ltr'><strong>est,</strong></span> 
     </span>
    </p>
   </div>
   <div class='ocr_carea' id='block_1_67' title="bbox 386 4781 1965 4853">
    <p class='ocr_par' dir='ltr' id='par_1_67' title="bbox 386 4781 1965 4853">
     <span class='ocr_line' id='line_1_67' title="bbox 386 4781 1965 4853; baseline 0.003 -21"><span class='ocrx_word' id='word_1_513' title='bbox 386 4786 443 4832; x_wconf 89' lang='lat' dir='ltr'><strong>et</strong></span> <span class='ocrx_word' id='word_1_514' title='bbox 466 4781 750 4848; x_wconf 88' lang='lat' dir='ltr'><strong>spectanda</strong></span> <span class='ocrx_word' id='word_1_515' title='bbox 779 4791 863 4837; x_wconf 92' lang='lat' dir='ltr'><strong>est</strong></span> <span class='ocrx_word' id='word_1_516' title='bbox 882 4796 1067 4837; x_wconf 90' lang='lat' dir='ltr'><strong>earum</strong></span> <span class='ocrx_word' id='word_1_517' title='bbox 1092 4782 1419 4853; x_wconf 86' lang='lat' dir='ltr'><strong>singularum</strong></span> <span class='ocrx_word' id='word_1_518' title='bbox 1446 4791 1631 4837; x_wconf 87' lang='lat' dir='ltr'><strong>natura</strong></span> <span class='ocrx_word' id='word_1_519' title='bbox 1656 4782 1755 4837; x_wconf 90' lang='lat' dir='ltr'><strong>hoc</strong></span> <span class='ocrx_word' id='word_1_520' title='bbox 1776 4783 1965 4838; x_wconf 91' lang='lat' dir='ltr'><strong>modo:</strong></span> 
     </span>
    </p>
   </div>
   <div class='ocr_carea' id='block_1_68' title="bbox 386 4870 1965 4943">
    <p class='ocr_par' dir='ltr' id='par_1_68' title="bbox 386 4870 1965 4943">
     <span class='ocr_line' id='line_1_68' title="bbox 386 4870 1965 4943; baseline 0.002 -18"><span class='ocrx_word' id='word_1_521' title='bbox 386 4870 563 4927; x_wconf 87' lang='lat' dir='ltr'><strong>Prima</strong></span> <span class='ocrx_word' id='word_1_522' title='bbox 594 4876 889 4943; x_wconf 87' lang='lat' dir='ltr'><strong>propositio</strong></span> <span class='ocrx_word' id='word_1_523' title='bbox 918 4891 1013 4943; x_wconf 91' lang='lat' dir='ltr'><strong>per</strong></span> <span class='ocrx_word' id='word_1_524' title='bbox 1046 4890 1203 4943; x_wconf 91' lang='lat' dir='ltr'><strong>quam</strong></span> <span class='ocrx_word' id='word_1_525' title='bbox 1231 4875 1555 4941; x_wconf 88' lang='lat' dir='ltr'><strong>enuntiatur,</strong></span> <span class='ocrx_word' id='word_1_526' title='bbox 1599 4874 1646 4928; x_wconf 91' lang='lat' dir='ltr'><strong>si</strong></span> <span class='ocrx_word' id='word_1_527' title='bbox 1672 4884 1755 4929; x_wconf 90' lang='lat' dir='ltr'><strong>est</strong></span> <span class='ocrx_word' id='word_1_528' title='bbox 1786 4892 1817 4928; x_wconf 92' lang='lat' dir='ltr'><strong>a</strong></span> <span class='ocrx_word' id='word_1_529' title='bbox 1843 4889 1965 4928; x_wconf 92' lang='lat' dir='ltr'><strong>cum</strong></span> 
     </span>
    </p>
   </div>
   <div class='ocr_carea' id='block_1_69' title="bbox 386 4962 1968 5038">
    <p class='ocr_par' dir='ltr' id='par_1_69' title="bbox 386 4962 1968 5038">
     <span class='ocr_line' id='line_1_69' title="bbox 386 4962 1968 5038; baseline 0.003 -23"><span class='ocrx_word' id='word_1_530' title='bbox 386 4962 456 5015; x_wconf 91' lang='lat' dir='ltr'><strong>sit</strong></span> <span class='ocrx_word' id='word_1_531' title='bbox 481 4966 529 5028; x_wconf 88' lang='lat' dir='ltr'><strong>b,</strong></span> <span class='ocrx_word' id='word_1_532' title='bbox 580 4975 662 5019; x_wconf 90' lang='lat' dir='ltr'><strong>cst</strong></span> <span class='ocrx_word' id='word_1_533' title='bbox 710 4982 756 5030; x_wconf 87' lang='lat' dir='ltr'><strong>c,</strong></span> <span class='ocrx_word' id='word_1_534' title='bbox 811 4966 930 5021; x_wconf 88' lang='lat' dir='ltr'><strong>talis</strong></span> <span class='ocrx_word' id='word_1_535' title='bbox 978 4981 1099 5022; x_wconf 89' lang='lat' dir='ltr'><strong>esse</strong></span> <span class='ocrx_word' id='word_1_536' title='bbox 1139 4968 1333 5033; x_wconf 86' lang='lat' dir='ltr'><strong>debet,</strong></span> <span class='ocrx_word' id='word_1_537' title='bbox 1379 4976 1437 5023; x_wconf 91' lang='lat' dir='ltr'><strong>ut</strong></span> <span class='ocrx_word' id='word_1_538' title='bbox 1489 4968 1517 5021; x_wconf 88' lang='lat' dir='ltr'><strong>b</strong></span> <span class='ocrx_word' id='word_1_539' title='bbox 1546 4966 1761 5038; x_wconf 87' lang='lat' dir='ltr'><strong>quidem</strong></span> <span class='ocrx_word' id='word_1_540' title='bbox 1798 4966 1968 5036; x_wconf 90' lang='lat' dir='ltr'><strong>possit</strong></span> 
     </span>
    </p>
   </div>
   <div class='ocr_carea' id='block_1_70' title="bbox 386 5056 1968 5127">
    <p class='ocr_par' dir='ltr' id='par_1_70' title="bbox 386 5056 1968 5127">
     <span class='ocr_line' id='line_1_70' title="bbox 386 5056 1968 5127; baseline 0.005 -22"><span class='ocrx_word' id='word_1_541' title='bbox 386 5066 507 5107; x_wconf 91' lang='lat' dir='ltr'><strong>esse</strong></span> <span class='ocrx_word' id='word_1_542' title='bbox 536 5056 694 5109; x_wconf 89' lang='lat' dir='ltr'><strong>etiam</strong></span> <span class='ocrx_word' id='word_1_543' title='bbox 724 5065 918 5124; x_wconf 59' lang='lat' dir='ltr'><strong>prater</strong></span> <span class='ocrx_word' id='word_1_544' title='bbox 954 5073 1017 5123; x_wconf 78' lang='grc' dir='ltr'><strong>α,</strong></span> <span class='ocrx_word' id='word_1_545' title='bbox 1048 5058 1091 5111; x_wconf 92' lang='lat' dir='ltr'><strong>si</strong></span> <span class='ocrx_word' id='word_1_546' title='bbox 1126 5066 1304 5115; x_wconf 89' lang='lat' dir='ltr'><strong>tamen</strong></span> <span class='ocrx_word' id='word_1_547' title='bbox 1343 5077 1374 5112; x_wconf 90' lang='lat' dir='ltr'><strong>a</strong></span> <span class='ocrx_word' id='word_1_548' title='bbox 1419 5059 1596 5127; x_wconf 92' lang='lat' dir='ltr'><strong>fuerit,</strong></span> <span class='ocrx_word' id='word_1_549' title='bbox 1631 5060 1659 5114; x_wconf 89' lang='lat' dir='ltr'><strong>b</strong></span> <span class='ocrx_word' id='word_1_550' title='bbox 1705 5074 1812 5115; x_wconf 90' lang='lat' dir='ltr'><strong>non</strong></span> <span class='ocrx_word' id='word_1_551' title='bbox 1846 5072 1968 5114; x_wconf 90' lang='lat' dir='ltr'><strong>esse</strong></span> 
     </span>
    </p>
   </div>
   <div class='ocr_carea' id='block_1_71' title="bbox 384 5148 1968 5222">
    <p class='ocr_par' dir='ltr' id='par_1_71' title="bbox 384 5148 1968 5222">
     <span class='ocr_line' id='line_1_71' title="bbox 384 5148 1968 5222; baseline 0.006 -25"><span class='ocrx_word' id='word_1_552' title='bbox 384 5157 491 5197; x_wconf 88' lang='lat' dir='ltr'><strong>non</strong></span> <span class='ocrx_word' id='word_1_553' title='bbox 514 5148 700 5213; x_wconf 76' lang='lat' dir='ltr'><strong>possit.</strong></span> <span class='ocrx_word' id='word_1_554' title='bbox 730 5148 935 5204; x_wconf 78' lang='lat' dir='ltr'><strong>Rursus</strong></span> <span class='ocrx_word' id='word_1_555' title='bbox 962 5150 1101 5204; x_wconf 90' lang='lat' dir='ltr'><strong>idem</strong></span> <span class='ocrx_word' id='word_1_556' title='bbox 1128 5150 1157 5203; x_wconf 87' lang='lat' dir='ltr'><strong>b</strong></span> <span class='ocrx_word' id='word_1_557' title='bbox 1185 5153 1439 5207; x_wconf 88' lang='lat' dir='ltr'><strong>terminus</strong></span> <span class='ocrx_word' id='word_1_558' title='bbox 1466 5155 1632 5222; x_wconf 92' lang='lat' dir='ltr'><strong>possit</strong></span> <span class='ocrx_word' id='word_1_559' title='bbox 1658 5167 1778 5208; x_wconf 88' lang='lat' dir='ltr'><strong>esse</strong></span> <span class='ocrx_word' id='word_1_560' title='bbox 1805 5154 1968 5208; x_wconf 88' lang='lat' dir='ltr'><strong>etiam</strong></span> 
     </span>
    </p>
   </div>
   <div class='ocr_carea' id='block_1_72' title="bbox 381 5242 1966 5314">
    <p class='ocr_par' dir='ltr' id='par_1_72' title="bbox 381 5242 1966 5314">
     <span class='ocr_line' id='line_1_72' title="bbox 381 5242 1966 5314; baseline 0.006 -27"><span class='ocrx_word' id='word_1_561' title='bbox 381 5249 501 5288; x_wconf 92' lang='lat' dir='ltr'><strong>cum</strong></span> <span class='ocrx_word' id='word_1_562' title='bbox 534 5253 639 5293; x_wconf 90' lang='lat' dir='ltr'><strong>non</strong></span> <span class='ocrx_word' id='word_1_563' title='bbox 671 5249 753 5293; x_wconf 90' lang='lat' dir='ltr'><strong>est</strong></span> <span class='ocrx_word' id='word_1_564' title='bbox 781 5257 827 5304; x_wconf 88' lang='lat' dir='ltr'><strong>c,</strong></span> <span class='ocrx_word' id='word_1_565' title='bbox 857 5256 957 5295; x_wconf 91' lang='lat' dir='ltr'><strong>nec</strong></span> <span class='ocrx_word' id='word_1_566' title='bbox 986 5242 1057 5294; x_wconf 90' lang='lat' dir='ltr'><strong>sit</strong></span> <span class='ocrx_word' id='word_1_567' title='bbox 1086 5257 1308 5297; x_wconf 77' lang='lat' dir='ltr'><strong>necesse</strong></span> <span class='ocrx_word' id='word_1_568' title='bbox 1339 5254 1393 5296; x_wconf 93' lang='lat' dir='ltr'><strong>ut</strong></span> <span class='ocrx_word' id='word_1_569' title='bbox 1421 5244 1448 5295; x_wconf 89' lang='lat' dir='ltr'><strong>b</strong></span> <span class='ocrx_word' id='word_1_570' title='bbox 1481 5246 1653 5314; x_wconf 91' lang='lat' dir='ltr'><strong>posito</strong></span> <span class='ocrx_word' id='word_1_571' title='bbox 1692 5247 1764 5299; x_wconf 91' lang='lat' dir='ltr'><strong>sit</strong></span> <span class='ocrx_word' id='word_1_572' title='bbox 1805 5245 1966 5299; x_wconf 88' lang='lat' dir='ltr'><strong>etiam</strong></span> 
     </span>
    </p>
   </div>
   <div class='ocr_carea' id='block_1_73' title="bbox 382 5329 1967 5403">
    <p class='ocr_par' dir='ltr' id='par_1_73' title="bbox 382 5329 1967 5403">
     <span class='ocr_line' id='line_1_73' title="bbox 382 5329 1967 5403; baseline 0.008 -26"><span class='ocrx_word' id='word_1_573' title='bbox 382 5340 429 5390; x_wconf 86' lang='lat' dir='ltr'><strong>c,</strong></span> <span class='ocrx_word' id='word_1_574' title='bbox 460 5329 555 5381; x_wconf 90' lang='lat' dir='ltr'><strong>sed</strong></span> <span class='ocrx_word' id='word_1_575' title='bbox 588 5337 711 5384; x_wconf 89' lang='lat' dir='ltr'><strong>tunc</strong></span> <span class='ocrx_word' id='word_1_576' title='bbox 744 5341 947 5385; x_wconf 85' lang='lat' dir='ltr'><strong>tantum</strong></span> <span class='ocrx_word' id='word_1_577' title='bbox 980 5346 1201 5386; x_wconf 89' lang='lat' dir='ltr'><strong>necesse</strong></span> <span class='ocrx_word' id='word_1_578' title='bbox 1230 5336 1300 5389; x_wconf 92' lang='lat' dir='ltr'><strong>sit</strong></span> <span class='ocrx_word' id='word_1_579' title='bbox 1329 5350 1450 5389; x_wconf 89' lang='lat' dir='ltr'><strong>esse</strong></span> <span class='ocrx_word' id='word_1_580' title='bbox 1479 5352 1528 5400; x_wconf 89' lang='lat' dir='ltr'><strong>c,</strong></span> <span class='ocrx_word' id='word_1_581' title='bbox 1557 5337 1769 5403; x_wconf 88' lang='lat' dir='ltr'><strong>quando</strong></span> <span class='ocrx_word' id='word_1_582' title='bbox 1798 5336 1826 5387; x_wconf 86' lang='lat' dir='ltr'><strong>b</strong></span> <span class='ocrx_word' id='word_1_583' title='bbox 1856 5342 1967 5389; x_wconf 90' lang='lat' dir='ltr'><strong>ter-</strong></span> 
     </span>
    </p>
   </div>
   <div class='ocr_carea' id='block_1_74' title="bbox 381 5418 1971 5493">
    <p class='ocr_par' dir='ltr' id='par_1_74' title="bbox 381 5418 1971 5493">
     <span class='ocr_line' id='line_1_74' title="bbox 381 5418 1971 5493; baseline 0.006 -24"><span class='ocrx_word' id='word_1_584' title='bbox 381 5418 558 5471; x_wconf 83' lang='lat' dir='ltr'><strong>minus</strong></span> <span class='ocrx_word' id='word_1_585' title='bbox 584 5436 615 5470; x_wconf 90' lang='lat' dir='ltr'><strong>a</strong></span> <span class='ocrx_word' id='word_1_586' title='bbox 644 5423 930 5474; x_wconf 87' lang='lat' dir='ltr'><strong>terminum</strong></span> <span class='ocrx_word' id='word_1_587' title='bbox 974 5424 1233 5490; x_wconf 90' lang='lat' dir='ltr'><strong>sequitur,</strong></span> <span class='ocrx_word' id='word_1_588' title='bbox 1263 5436 1317 5477; x_wconf 93' lang='lat' dir='ltr'><strong>ut</strong></span> <span class='ocrx_word' id='word_1_589' title='bbox 1348 5426 1393 5477; x_wconf 91' lang='lat' dir='ltr'><strong>si</strong></span> <span class='ocrx_word' id='word_1_590' title='bbox 1426 5426 1492 5478; x_wconf 89' lang='lat' dir='ltr'><strong>sit</strong></span> <span class='ocrx_word' id='word_1_591' title='bbox 1523 5443 1554 5478; x_wconf 90' lang='lat' dir='ltr'><strong>a</strong></span> <span class='ocrx_word' id='word_1_592' title='bbox 1584 5426 1765 5493; x_wconf 85' lang='lat' dir='ltr'><strong>homo,</strong></span> <span class='ocrx_word' id='word_1_593' title='bbox 1801 5426 1827 5478; x_wconf 88' lang='lat' dir='ltr'><strong>b</strong></span> <span class='ocrx_word' id='word_1_594' title='bbox 1857 5427 1971 5479; x_wconf 89' lang='lat' dir='ltr'><strong>ani-</strong></span> 
     </span>
    </p>
   </div>
   <div class='ocr_carea' id='block_1_75' title="bbox 380 5509 1967 5583">
    <p class='ocr_par' dir='ltr' id='par_1_75' title="bbox 380 5509 1967 5583">
     <span class='ocr_line' id='line_1_75' title="bbox 380 5509 1967 5583; baseline 0.008 -24"><span class='ocrx_word' id='word_1_595' title='bbox 380 5515 605 5570; x_wconf 86' lang='lat' dir='ltr'><strong>matum,</strong></span> <span class='ocrx_word' id='word_1_596' title='bbox 639 5509 891 5581; x_wconf 84' lang='lat' dir='ltr'><strong>canimal</strong></span> <span class='ocrx_word' id='word_1_597' title='bbox 923 5528 935 5562; x_wconf 91' lang='lat'><strong>:</strong></span> <span class='ocrx_word' id='word_1_598' title='bbox 971 5510 1262 5566; x_wconf 87' lang='lat' dir='ltr'><strong>animatum</strong></span> <span class='ocrx_word' id='word_1_599' title='bbox 1300 5514 1443 5567; x_wconf 91' lang='lat' dir='ltr'><strong>enim</strong></span> <span class='ocrx_word' id='word_1_600' title='bbox 1487 5523 1541 5568; x_wconf 90' lang='lat' dir='ltr'><strong>et</strong></span> <span class='ocrx_word' id='word_1_601' title='bbox 1570 5524 1762 5583; x_wconf 70' lang='lat' dir='ltr'><strong>praeter</strong></span> <span class='ocrx_word' id='word_1_602' title='bbox 1791 5516 1967 5570; x_wconf 82' lang='lat' dir='ltr'><strong>homi-</strong></span> 
     </span>
    </p>
   </div>
   <div class='ocr_carea' id='block_1_76' title="bbox 383 5601 1964 5673">
    <p class='ocr_par' dir='ltr' id='par_1_76' title="bbox 383 5601 1964 5673">
     <span class='ocr_line' id='line_1_76' title="bbox 383 5601 1964 5673; baseline 0.008 -25"><span class='ocrx_word' id='word_1_603' title='bbox 383 5607 506 5649; x_wconf 91' lang='lat' dir='ltr'><strong>nem</strong></span> <span class='ocrx_word' id='word_1_604' title='bbox 539 5607 590 5649; x_wconf 92' lang='lat' dir='ltr'><strong>et</strong></span> <span class='ocrx_word' id='word_1_605' title='bbox 618 5606 812 5664; x_wconf 66' lang='lat' dir='ltr'><strong>praeter</strong></span> <span class='ocrx_word' id='word_1_606' title='bbox 843 5601 1039 5653; x_wconf 89' lang='lat' dir='ltr'><strong>animal</strong></span> <span class='ocrx_word' id='word_1_607' title='bbox 1070 5616 1192 5656; x_wconf 87' lang='lat' dir='ltr'><strong>esse</strong></span> <span class='ocrx_word' id='word_1_608' title='bbox 1223 5613 1415 5673; x_wconf 88' lang='lat' dir='ltr'><strong>potest.</strong></span> <span class='ocrx_word' id='word_1_609' title='bbox 1448 5605 1503 5659; x_wconf 91' lang='lat' dir='ltr'><strong>Si</strong></span> <span class='ocrx_word' id='word_1_610' title='bbox 1528 5621 1655 5659; x_wconf 89' lang='lat' dir='ltr'><strong>vero</strong></span> <span class='ocrx_word' id='word_1_611' title='bbox 1684 5606 1754 5659; x_wconf 91' lang='lat' dir='ltr'><strong>sit</strong></span> <span class='ocrx_word' id='word_1_612' title='bbox 1782 5607 1964 5673; x_wconf 90' lang='lat' dir='ltr'><strong>homo,</strong></span> 
     </span>
    </p>
   </div>
   <div class='ocr_carea' id='block_1_77' title="bbox 381 5686 1965 5758">
    <p class='ocr_par' dir='ltr' id='par_1_77' title="bbox 381 5686 1965 5758">
     <span class='ocr_line' id='line_1_77' title="bbox 381 5686 1965 5758; baseline 0.006 -17"><span class='ocrx_word' id='word_1_613' title='bbox 381 5686 676 5741; x_wconf 86' lang='lat' dir='ltr'><strong>animatum</strong></span> <span class='ocrx_word' id='word_1_614' title='bbox 709 5702 831 5744; x_wconf 88' lang='lat' dir='ltr'><strong>esse</strong></span> <span class='ocrx_word' id='word_1_615' title='bbox 857 5704 1080 5745; x_wconf 89' lang='lat' dir='ltr'><strong>necesse</strong></span> <span class='ocrx_word' id='word_1_616' title='bbox 1111 5702 1214 5758; x_wconf 92' lang='lat' dir='ltr'><strong>est,</strong></span> <span class='ocrx_word' id='word_1_617' title='bbox 1245 5704 1301 5749; x_wconf 89' lang='lat' dir='ltr'><strong>et</strong></span> <span class='ocrx_word' id='word_1_618' title='bbox 1328 5708 1447 5749; x_wconf 90' lang='lat' dir='ltr'><strong>cum</strong></span> <span class='ocrx_word' id='word_1_619' title='bbox 1473 5696 1763 5750; x_wconf 88' lang='lat' dir='ltr'><strong>animatum</strong></span> <span class='ocrx_word' id='word_1_620' title='bbox 1795 5696 1965 5751; x_wconf 71' lang='lat' dir='ltr'><strong>homi~</strong></span> 
     </span>
    </p>
   </div>
   <div class='ocr_carea' id='block_1_78' title="bbox 381 5780 1967 5859">
    <p class='ocr_par' dir='ltr' id='par_1_78' title="bbox 381 5780 1967 5859">
     <span class='ocr_line' id='line_1_78' title="bbox 381 5780 1967 5859; baseline 0.006 -23"><span class='ocrx_word' id='word_1_621' title='bbox 381 5780 465 5836; x_wconf 92' lang='lat' dir='ltr'><strong>nis</strong></span> <span class='ocrx_word' id='word_1_622' title='bbox 518 5782 815 5840; x_wconf 87' lang='lat' dir='ltr'><strong>essentiam</strong></span> <span class='ocrx_word' id='word_1_623' title='bbox 871 5794 1252 5856; x_wconf 84' lang='lat' dir='ltr'><strong>consequatur,</strong></span> <span class='ocrx_word' id='word_1_624' title='bbox 1298 5789 1645 5857; x_wconf 85' lang='lat' dir='ltr'><strong>consequitur</strong></span> <span class='ocrx_word' id='word_1_625' title='bbox 1688 5797 1746 5844; x_wconf 92' lang='lat' dir='ltr'><strong>ut</strong></span> <span class='ocrx_word' id='word_1_626' title='bbox 1793 5788 1967 5859; x_wconf 88' lang='lat' dir='ltr'><strong>ipsum</strong></span> 
     </span>
    </p>
   </div>
   <div class='ocr_carea' id='block_1_79' title="bbox 2084 1892 3664 1965">
    <p class='ocr_par' dir='ltr' id='par_1_79' title="bbox 2084 1892 3664 1965">
     <span class='ocr_line' id='line_1_79' title="bbox 2084 1892 3664 1965; baseline -0.001 -15"><span class='ocrx_word' id='word_1_627' title='bbox 2084 1896 2254 1965; x_wconf 84' lang='lat' dir='ltr'><strong>possit</strong></span> <span class='ocrx_word' id='word_1_628' title='bbox 2280 1911 2399 1950; x_wconf 86' lang='lat' dir='ltr'><strong>esse</strong></span> <span class='ocrx_word' id='word_1_629' title='bbox 2428 1896 2645 1965; x_wconf 88' lang='lat' dir='ltr'><strong>quidem</strong></span> <span class='ocrx_word' id='word_1_630' title='bbox 2676 1906 2729 1952; x_wconf 91' lang='lat' dir='ltr'><strong>et</strong></span> <span class='ocrx_word' id='word_1_631' title='bbox 2770 1912 2874 1950; x_wconf 90' lang='lat' dir='ltr'><strong>non</strong></span> <span class='ocrx_word' id='word_1_632' title='bbox 2904 1910 3044 1960; x_wconf 85' lang='lat' dir='ltr'><strong>esse,</strong></span> <span class='ocrx_word' id='word_1_633' title='bbox 3081 1896 3127 1949; x_wconf 93' lang='lat' dir='ltr'><strong>si</strong></span> <span class='ocrx_word' id='word_1_634' title='bbox 3174 1910 3278 1950; x_wconf 89' lang='lat' dir='ltr'><strong>non</strong></span> <span class='ocrx_word' id='word_1_635' title='bbox 3307 1894 3465 1949; x_wconf 88' lang='lat' dir='ltr'><strong>fuerit</strong></span> <span class='ocrx_word' id='word_1_636' title='bbox 3490 1894 3538 1960; x_wconf 69' lang='grc' dir='ltr'><strong>ὁ,</strong></span> <span class='ocrx_word' id='word_1_637' title='bbox 3567 1892 3664 1949; x_wconf 84' lang='lat' dir='ltr'><strong>sed</strong></span> 
     </span>
    </p>
   </div>
   <div class='ocr_carea' id='block_1_80' title="bbox 2084 1991 3667 2053">
    <p class='ocr_par' dir='ltr' id='par_1_80' title="bbox 2084 1991 3667 2053">
     <span class='ocr_line' id='line_1_80' title="bbox 2084 1991 3667 2053; baseline 0.001 -9"><span class='ocrx_word' id='word_1_638' title='bbox 2084 2000 2208 2045; x_wconf 91' lang='lat' dir='ltr'><strong>tunc</strong></span> <span class='ocrx_word' id='word_1_639' title='bbox 2228 2000 2433 2046; x_wconf 90' lang='lat' dir='ltr'><strong>tantum</strong></span> <span class='ocrx_word' id='word_1_640' title='bbox 2466 2006 2690 2046; x_wconf 87' lang='lat' dir='ltr'><strong>necesse</strong></span> <span class='ocrx_word' id='word_1_641' title='bbox 2719 1993 2787 2045; x_wconf 93' lang='lat' dir='ltr'><strong>sit</strong></span> <span class='ocrx_word' id='word_1_642' title='bbox 2812 2006 2931 2047; x_wconf 91' lang='lat' dir='ltr'><strong>esse</strong></span> <span class='ocrx_word' id='word_1_643' title='bbox 2962 2009 2988 2043; x_wconf 78' lang='grc' dir='ltr'><strong>ε</strong></span> <span class='ocrx_word' id='word_1_644' title='bbox 3020 1991 3325 2053; x_wconf 90' lang='lat' dir='ltr'><strong>terminum,</strong></span> <span class='ocrx_word' id='word_1_645' title='bbox 3356 1991 3400 2045; x_wconf 92' lang='lat' dir='ltr'><strong>si</strong></span> <span class='ocrx_word' id='word_1_646' title='bbox 3431 1991 3458 2043; x_wconf 73' lang='grc' dir='ltr'><em>Ι)</em></span> <span class='ocrx_word' id='word_1_647' title='bbox 3489 1991 3667 2046; x_wconf 78' lang='lat' dir='ltr'><strong>termi-</strong></span> 
     </span>
    </p>
   </div>
   <div class='ocr_carea' id='block_1_81' title="bbox 2082 2083 3663 2153">
    <p class='ocr_par' dir='ltr' id='par_1_81' title="bbox 2082 2083 3663 2153">
     <span class='ocr_line' id='line_1_81' title="bbox 2082 2083 3663 2153; baseline 0.001 -17"><span class='ocrx_word' id='word_1_648' title='bbox 2082 2097 2184 2137; x_wconf 90' lang='lat' dir='ltr'><strong>nus</strong></span> <span class='ocrx_word' id='word_1_649' title='bbox 2215 2099 2317 2137; x_wconf 90' lang='lat' dir='ltr'><strong>non</strong></span> <span class='ocrx_word' id='word_1_650' title='bbox 2350 2083 2439 2150; x_wconf 92' lang='lat' dir='ltr'><strong>sit,</strong></span> <span class='ocrx_word' id='word_1_651' title='bbox 2478 2085 2521 2139; x_wconf 89' lang='lat' dir='ltr'><strong>si</strong></span> <span class='ocrx_word' id='word_1_652' title='bbox 2554 2084 2753 2139; x_wconf 89' lang='lat' dir='ltr'><strong>idcirco</strong></span> <span class='ocrx_word' id='word_1_653' title='bbox 2791 2101 2895 2139; x_wconf 90' lang='lat' dir='ltr'><strong>non</strong></span> <span class='ocrx_word' id='word_1_654' title='bbox 2925 2094 3007 2139; x_wconf 92' lang='lat' dir='ltr'><strong>est</strong></span> <span class='ocrx_word' id='word_1_655' title='bbox 3052 2085 3101 2151; x_wconf 90' lang='lat' dir='ltr'><strong>b,</strong></span> <span class='ocrx_word' id='word_1_656' title='bbox 3132 2086 3385 2153; x_wconf 88' lang='lat' dir='ltr'><strong>quoniam</strong></span> <span class='ocrx_word' id='word_1_657' title='bbox 3414 2102 3447 2137; x_wconf 81' lang='grc' dir='ltr'><em>α</em></span> <span class='ocrx_word' id='word_1_658' title='bbox 3475 2084 3663 2138; x_wconf 78' lang='grc' dir='ltr'><strong>ιεηηίο</strong></span> 
     </span>
    </p>
   </div>
   <div class='ocr_carea' id='block_1_82' title="bbox 2082 2175 3662 2244">
    <p class='ocr_par' dir='ltr' id='par_1_82' title="bbox 2082 2175 3662 2244">
     <span class='ocr_line' id='line_1_82' title="bbox 2082 2175 3662 2244; baseline 0.001 -16"><span class='ocrx_word' id='word_1_659' title='bbox 2082 2188 2181 2228; x_wconf 87' lang='lat' dir='ltr'><strong>nus</strong></span> <span class='ocrx_word' id='word_1_660' title='bbox 2208 2188 2327 2229; x_wconf 86' lang='lat' dir='ltr'><strong>esse</strong></span> <span class='ocrx_word' id='word_1_661' title='bbox 2358 2175 2644 2244; x_wconf 64' lang='lat' dir='ltr'><strong>praedictus</strong></span> <span class='ocrx_word' id='word_1_662' title='bbox 2672 2185 2776 2240; x_wconf 90' lang='lat' dir='ltr'><strong>est,</strong></span> <span class='ocrx_word' id='word_1_663' title='bbox 2810 2190 2866 2231; x_wconf 88' lang='lat' dir='ltr'><strong>ut</strong></span> <span class='ocrx_word' id='word_1_664' title='bbox 2895 2178 2939 2232; x_wconf 92' lang='lat' dir='ltr'><strong>si</strong></span> <span class='ocrx_word' id='word_1_665' title='bbox 2969 2177 3039 2231; x_wconf 91' lang='lat' dir='ltr'><strong>sit</strong></span> <span class='ocrx_word' id='word_1_666' title='bbox 3068 2192 3099 2230; x_wconf 91' lang='lat' dir='ltr'><strong>a</strong></span> <span class='ocrx_word' id='word_1_667' title='bbox 3126 2177 3306 2242; x_wconf 92' lang='lat' dir='ltr'><strong>homo,</strong></span> <span class='ocrx_word' id='word_1_668' title='bbox 3337 2178 3365 2230; x_wconf 70' lang='grc' dir='ltr'><strong>ιτ</strong></span> <span class='ocrx_word' id='word_1_669' title='bbox 3394 2176 3662 2231; x_wconf 86' lang='lat' dir='ltr'><strong>inanima-</strong></span> 
     </span>
    </p>
   </div>
   <div class='ocr_carea' id='block_1_83' title="bbox 2080 2267 3663 2335">
    <p class='ocr_par' dir='ltr' id='par_1_83' title="bbox 2080 2267 3663 2335">
     <span class='ocr_line' id='line_1_83' title="bbox 2080 2267 3663 2335; baseline 0.002 -14"><span class='ocrx_word' id='word_1_670' title='bbox 2080 2276 2215 2335; x_wconf 89' lang='lat' dir='ltr'><strong>tum,</strong></span> <span class='ocrx_word' id='word_1_671' title='bbox 2250 2284 2276 2320; x_wconf 81' lang='grc' dir='ltr'><strong>ε</strong></span> <span class='ocrx_word' id='word_1_672' title='bbox 2305 2267 2577 2324; x_wconf 89' lang='lat' dir='ltr'><strong>sensibile.</strong></span> <span class='ocrx_word' id='word_1_673' title='bbox 2608 2267 2736 2322; x_wconf 85' lang='lat' dir='ltr'><strong>Nam</strong></span> <span class='ocrx_word' id='word_1_674' title='bbox 2766 2268 2810 2324; x_wconf 92' lang='lat' dir='ltr'><strong>si</strong></span> <span class='ocrx_word' id='word_1_675' title='bbox 2839 2278 2923 2324; x_wconf 91' lang='lat' dir='ltr'><strong>est</strong></span> <span class='ocrx_word' id='word_1_676' title='bbox 2948 2270 3127 2335; x_wconf 92' lang='lat' dir='ltr'><strong>homo,</strong></span> <span class='ocrx_word' id='word_1_677' title='bbox 3159 2284 3262 2323; x_wconf 91' lang='lat' dir='ltr'><strong>non</strong></span> <span class='ocrx_word' id='word_1_678' title='bbox 3292 2278 3372 2323; x_wconf 90' lang='lat' dir='ltr'><strong>est</strong></span> <span class='ocrx_word' id='word_1_679' title='bbox 3403 2268 3663 2324; x_wconf 87' lang='lat' dir='ltr'><strong>inanima-</strong></span> 
     </span>
    </p>
   </div>
   <div class='ocr_carea' id='block_1_84' title="bbox 2080 2359 3658 2430">
    <p class='ocr_par' dir='ltr' id='par_1_84' title="bbox 2080 2359 3658 2430">
     <span class='ocr_line' id='line_1_84' title="bbox 2080 2359 3658 2430; baseline 0.001 -18"><span class='ocrx_word' id='word_1_680' title='bbox 2080 2367 2215 2424; x_wconf 90' lang='lat' dir='ltr'><strong>tum,</strong></span> <span class='ocrx_word' id='word_1_681' title='bbox 2249 2359 2506 2415; x_wconf 89' lang='lat' dir='ltr'><strong>sensibile</strong></span> <span class='ocrx_word' id='word_1_682' title='bbox 2533 2375 2660 2415; x_wconf 88' lang='lat' dir='ltr'><strong>vero</strong></span> <span class='ocrx_word' id='word_1_683' title='bbox 2693 2375 2813 2416; x_wconf 86' lang='lat' dir='ltr'><strong>esse</strong></span> <span class='ocrx_word' id='word_1_684' title='bbox 2857 2370 3032 2430; x_wconf 90' lang='lat' dir='ltr'><strong>potest</strong></span> <span class='ocrx_word' id='word_1_685' title='bbox 3075 2362 3230 2416; x_wconf 92' lang='lat' dir='ltr'><strong>simul</strong></span> <span class='ocrx_word' id='word_1_686' title='bbox 3280 2369 3466 2414; x_wconf 91' lang='lat' dir='ltr'><strong>etnon</strong></span> <span class='ocrx_word' id='word_1_687' title='bbox 3516 2375 3658 2427; x_wconf 89' lang='lat' dir='ltr'><strong>esse,</strong></span> 
     </span>
    </p>
   </div>
   <div class='ocr_carea' id='block_1_85' title="bbox 2079 2450 3660 2519">
    <p class='ocr_par' dir='ltr' id='par_1_85' title="bbox 2079 2450 3660 2519">
     <span class='ocr_line' id='line_1_85' title="bbox 2079 2450 3660 2519; baseline 0.002 -17"><span class='ocrx_word' id='word_1_688' title='bbox 2079 2463 2202 2503; x_wconf 92' lang='lat' dir='ltr'><strong>cum</strong></span> <span class='ocrx_word' id='word_1_689' title='bbox 2252 2450 2602 2504; x_wconf 90' lang='lat' dir='ltr'><strong>inanimatum</strong></span> <span class='ocrx_word' id='word_1_690' title='bbox 2636 2467 2743 2505; x_wconf 91' lang='lat' dir='ltr'><strong>non</strong></span> <span class='ocrx_word' id='word_1_691' title='bbox 2783 2450 2873 2511; x_wconf 91' lang='lat' dir='ltr'><strong>sit.</strong></span> <span class='ocrx_word' id='word_1_692' title='bbox 2929 2450 3161 2507; x_wconf 90' lang='lat' dir='ltr'><strong>Possunt</strong></span> <span class='ocrx_word' id='word_1_693' title='bbox 3189 2451 3330 2504; x_wconf 89' lang='lat' dir='ltr'><strong>enim</strong></span> <span class='ocrx_word' id='word_1_694' title='bbox 3361 2464 3481 2505; x_wconf 88' lang='lat' dir='ltr'><strong>esse</strong></span> <span class='ocrx_word' id='word_1_695' title='bbox 3511 2465 3660 2519; x_wconf 70' lang='lat' dir='ltr'><strong>quteo</strong></span> 
     </span>
    </p>
   </div>
   <div class='ocr_carea' id='block_1_86' title="bbox 2077 2538 3659 2608">
    <p class='ocr_par' dir='ltr' id='par_1_86' title="bbox 2077 2538 3659 2608">
     <span class='ocr_line' id='line_1_86' title="bbox 2077 2538 3659 2608; baseline 0.003 -16"><span class='ocrx_word' id='word_1_696' title='bbox 2077 2538 2199 2592; x_wconf 90' lang='lat' dir='ltr'><strong>dam</strong></span> <span class='ocrx_word' id='word_1_697' title='bbox 2230 2555 2347 2608; x_wconf 85' lang='lat' dir='ltr'><strong>quae</strong></span> <span class='ocrx_word' id='word_1_698' title='bbox 2370 2555 2469 2595; x_wconf 90' lang='lat' dir='ltr'><strong>nec</strong></span> <span class='ocrx_word' id='word_1_699' title='bbox 2500 2542 2788 2595; x_wconf 86' lang='lat' dir='ltr'><strong>inanimata</strong></span> <span class='ocrx_word' id='word_1_700' title='bbox 2833 2550 2977 2607; x_wconf 92' lang='lat' dir='ltr'><strong>sunt,</strong></span> <span class='ocrx_word' id='word_1_701' title='bbox 3020 2556 3121 2596; x_wconf 92' lang='lat' dir='ltr'><strong>nec</strong></span> <span class='ocrx_word' id='word_1_702' title='bbox 3139 2540 3450 2606; x_wconf 72' lang='lat' dir='ltr'><strong>sensibilis,</strong></span> <span class='ocrx_word' id='word_1_703' title='bbox 3481 2549 3540 2595; x_wconf 89' lang='lat' dir='ltr'><strong>ut</strong></span> <span class='ocrx_word' id='word_1_704' title='bbox 3564 2555 3659 2598; x_wconf 82' lang='lat' dir='ltr'><strong>ar-</strong></span> 
     </span>
    </p>
   </div>
   <div class='ocr_carea' id='block_1_87' title="bbox 2074 2629 3660 2699">
    <p class='ocr_par' dir='ltr' id='par_1_87' title="bbox 2074 2629 3660 2699">
     <span class='ocr_line' id='line_1_87' title="bbox 2074 2629 3660 2699; baseline 0.001 -15"><span class='ocrx_word' id='word_1_705' title='bbox 2074 2629 2254 2685; x_wconf 88' lang='lat' dir='ltr'><strong>bores.</strong></span> <span class='ocrx_word' id='word_1_706' title='bbox 2284 2630 2425 2685; x_wconf 88' lang='lat' dir='ltr'><strong>ldem</strong></span> <span class='ocrx_word' id='word_1_707' title='bbox 2459 2640 2637 2686; x_wconf 88' lang='lat' dir='ltr'><strong>tamen</strong></span> <span class='ocrx_word' id='word_1_708' title='bbox 2668 2633 2922 2687; x_wconf 83' lang='lat' dir='ltr'><strong>sensibile</strong></span> <span class='ocrx_word' id='word_1_709' title='bbox 2971 2646 3191 2687; x_wconf 89' lang='lat' dir='ltr'><strong>necesse</strong></span> <span class='ocrx_word' id='word_1_710' title='bbox 3239 2640 3322 2686; x_wconf 92' lang='lat' dir='ltr'><strong>est</strong></span> <span class='ocrx_word' id='word_1_711' title='bbox 3363 2645 3503 2699; x_wconf 88' lang='lat' dir='ltr'><strong>esse,</strong></span> <span class='ocrx_word' id='word_1_712' title='bbox 3534 2644 3660 2686; x_wconf 82' lang='lat' dir='ltr'><strong>cum</strong></span> 
     </span>
    </p>
   </div>
   <div class='ocr_carea' id='block_1_88' title="bbox 2066 2722 3658 2789">
    <p class='ocr_par' dir='ltr' id='par_1_88' title="bbox 2066 2722 3658 2789">
     <span class='ocr_line' id='line_1_88' title="bbox 2066 2722 3658 2789; baseline 0.001 -14"><span class='ocrx_word' id='word_1_713' title='bbox 2066 2724 2182 2775; x_wconf 79' lang='lat' dir='ltr'><strong>&#39;non</strong></span> <span class='ocrx_word' id='word_1_714' title='bbox 2212 2723 2283 2776; x_wconf 86' lang='lat' dir='ltr'><strong>sit</strong></span> <span class='ocrx_word' id='word_1_715' title='bbox 2312 2723 2659 2777; x_wconf 90' lang='lat' dir='ltr'><strong>inanimatum</strong></span> <span class='ocrx_word' id='word_1_716' title='bbox 2678 2763 2692 2789; x_wconf 92' lang='lat'><strong>,</strong></span> <span class='ocrx_word' id='word_1_717' title='bbox 2722 2724 2765 2777; x_wconf 90' lang='lat' dir='ltr'><strong>si</strong></span> <span class='ocrx_word' id='word_1_718' title='bbox 2799 2724 2997 2778; x_wconf 88' lang='lat' dir='ltr'><strong>idcirco</strong></span> <span class='ocrx_word' id='word_1_719' title='bbox 3037 2722 3387 2777; x_wconf 75' lang='lat' dir='ltr'><strong>inanimatam</strong></span> <span class='ocrx_word' id='word_1_720' title='bbox 3420 2736 3525 2777; x_wconf 91' lang='lat' dir='ltr'><strong>non</strong></span> <span class='ocrx_word' id='word_1_721' title='bbox 3552 2728 3658 2788; x_wconf 85' lang='lat' dir='ltr'><strong>est,</strong></span> 
     </span>
    </p>
   </div>
   <div class='ocr_carea' id='block_1_89' title="bbox 2074 2813 3660 2883">
    <p class='ocr_par' dir='ltr' id='par_1_89' title="bbox 2074 2813 3660 2883">
     <span class='ocr_line' id='line_1_89' title="bbox 2074 2813 3660 2883; baseline 0.002 -19"><span class='ocrx_word' id='word_1_722' title='bbox 2074 2813 2199 2883; x_wconf 86' lang='lat' dir='ltr'><strong>quia</strong></span> <span class='ocrx_word' id='word_1_723' title='bbox 2228 2813 2390 2868; x_wconf 90' lang='lat' dir='ltr'><strong>homo</strong></span> <span class='ocrx_word' id='word_1_724' title='bbox 2418 2829 2538 2869; x_wconf 89' lang='lat' dir='ltr'><strong>esse</strong></span> <span class='ocrx_word' id='word_1_725' title='bbox 2563 2816 2846 2883; x_wconf 69' lang='lat' dir='ltr'><strong>praedictus</strong></span> <span class='ocrx_word' id='word_1_726' title='bbox 2876 2824 2976 2869; x_wconf 89' lang='lat' dir='ltr'><strong>est.</strong></span> <span class='ocrx_word' id='word_1_727' title='bbox 3008 2814 3214 2869; x_wconf 78' lang='lat' dir='ltr'><strong>Rursus</strong></span> <span class='ocrx_word' id='word_1_728' title='bbox 3242 2823 3431 2883; x_wconf 83' lang='lat' dir='ltr'><strong>quarta</strong></span> <span class='ocrx_word' id='word_1_729' title='bbox 3464 2827 3660 2882; x_wconf 85' lang='lat' dir='ltr'><strong>propo-</strong></span> 
     </span>
    </p>
   </div>
   <div class='ocr_carea' id='block_1_90' title="bbox 2072 2904 3660 2974">
    <p class='ocr_par' dir='ltr' id='par_1_90' title="bbox 2072 2904 3660 2974">
     <span class='ocr_line' id='line_1_90' title="bbox 2072 2904 3660 2974; baseline -0.001 -16"><span class='ocrx_word' id='word_1_730' title='bbox 2072 2904 2197 2959; x_wconf 89' lang='lat' dir='ltr'><strong>sitio</strong></span> <span class='ocrx_word' id='word_1_731' title='bbox 2226 2904 2386 2972; x_wconf 88' lang='lat' dir='ltr'><strong>bujus</strong></span> <span class='ocrx_word' id='word_1_732' title='bbox 2413 2919 2533 2960; x_wconf 90' lang='lat' dir='ltr'><strong>esse</strong></span> <span class='ocrx_word' id='word_1_733' title='bbox 2568 2905 2726 2960; x_wconf 90' lang='lat' dir='ltr'><strong>debet</strong></span> <span class='ocrx_word' id='word_1_734' title='bbox 2755 2904 3096 2974; x_wconf 86' lang='lat' dir='ltr'><strong>proprietatis</strong></span> <span class='ocrx_word' id='word_1_735' title='bbox 3114 2946 3129 2971; x_wconf 93' lang='lat'><strong>,</strong></span> <span class='ocrx_word' id='word_1_736' title='bbox 3158 2913 3218 2958; x_wconf 92' lang='lat' dir='ltr'><strong>ut</strong></span> <span class='ocrx_word' id='word_1_737' title='bbox 3247 2904 3276 2956; x_wconf 72' lang='grc' dir='ltr'><strong>ὁ</strong></span> <span class='ocrx_word' id='word_1_738' title='bbox 3303 2905 3517 2973; x_wconf 89' lang='lat' dir='ltr'><strong>quidem</strong></span> <span class='ocrx_word' id='word_1_739' title='bbox 3550 2913 3660 2957; x_wconf 89' lang='lat' dir='ltr'><strong>ter-</strong></span> 
     </span>
    </p>
   </div>
   <div class='ocr_carea' id='block_1_91' title="bbox 2072 2994 3659 3063">
    <p class='ocr_par' dir='ltr' id='par_1_91' title="bbox 2072 2994 3659 3063">
     <span class='ocr_line' id='line_1_91' title="bbox 2072 2994 3659 3063; baseline -0.002 -15"><span class='ocrx_word' id='word_1_740' title='bbox 2072 2994 2252 3048; x_wconf 87' lang='lat' dir='ltr'><strong>minus</strong></span> <span class='ocrx_word' id='word_1_741' title='bbox 2298 2995 2444 3049; x_wconf 91' lang='lat' dir='ltr'><strong>nullo</strong></span> <span class='ocrx_word' id='word_1_742' title='bbox 2474 2995 2633 3048; x_wconf 93' lang='lat' dir='ltr'><strong>modo</strong></span> <span class='ocrx_word' id='word_1_743' title='bbox 2675 3008 2794 3049; x_wconf 90' lang='lat' dir='ltr'><strong>esse</strong></span> <span class='ocrx_word' id='word_1_744' title='bbox 2822 2994 3018 3063; x_wconf 86' lang='lat' dir='ltr'><strong>possit,</strong></span> <span class='ocrx_word' id='word_1_745' title='bbox 3062 2995 3105 3047; x_wconf 93' lang='lat' dir='ltr'><strong>si</strong></span> <span class='ocrx_word' id='word_1_746' title='bbox 3136 2994 3291 3049; x_wconf 83' lang='lat' dir='ltr'><strong>fuerit</strong></span> <span class='ocrx_word' id='word_1_747' title='bbox 3314 3010 3366 3057; x_wconf 92' lang='lat' dir='ltr'><strong>a,</strong></span> <span class='ocrx_word' id='word_1_748' title='bbox 3396 3003 3451 3046; x_wconf 88' lang='lat' dir='ltr'><strong>at</strong></span> <span class='ocrx_word' id='word_1_749' title='bbox 3478 3008 3602 3047; x_wconf 86' lang='lat' dir='ltr'><strong>vero</strong></span> <span class='ocrx_word' id='word_1_750' title='bbox 3629 3008 3659 3045; x_wconf 87' lang='lat' dir='ltr'><strong>c</strong></span> 
     </span>
    </p>
   </div>
   <div class='ocr_carea' id='block_1_92' title="bbox 2072 3082 3658 3154">
    <p class='ocr_par' dir='ltr' id='par_1_92' title="bbox 2072 3082 3658 3154">
     <span class='ocr_line' id='line_1_92' title="bbox 2072 3082 3658 3154; baseline 0 -17"><span class='ocrx_word' id='word_1_751' title='bbox 2072 3085 2245 3154; x_wconf 90' lang='lat' dir='ltr'><strong>possit</strong></span> <span class='ocrx_word' id='word_1_752' title='bbox 2266 3098 2385 3139; x_wconf 87' lang='lat' dir='ltr'><strong>esse</strong></span> <span class='ocrx_word' id='word_1_753' title='bbox 2410 3094 2593 3139; x_wconf 89' lang='lat' dir='ltr'><strong>etnon</strong></span> <span class='ocrx_word' id='word_1_754' title='bbox 2620 3084 2823 3152; x_wconf 89' lang='lat' dir='ltr'><strong>esse,si</strong></span> <span class='ocrx_word' id='word_1_755' title='bbox 2858 3098 2964 3138; x_wconf 87' lang='lat' dir='ltr'><strong>non</strong></span> <span class='ocrx_word' id='word_1_756' title='bbox 2990 3083 3145 3137; x_wconf 85' lang='lat' dir='ltr'><strong>fuerit</strong></span> <span class='ocrx_word' id='word_1_757' title='bbox 3165 3084 3214 3137; x_wconf 90' lang='lat' dir='ltr'><strong>b.</strong></span> <span class='ocrx_word' id='word_1_758' title='bbox 3247 3082 3354 3137; x_wconf 91' lang='lat' dir='ltr'><strong>Sed</strong></span> <span class='ocrx_word' id='word_1_759' title='bbox 3385 3093 3507 3138; x_wconf 89' lang='lat' dir='ltr'><strong>tunc</strong></span> <span class='ocrx_word' id='word_1_760' title='bbox 3535 3091 3658 3137; x_wconf 87' lang='lat' dir='ltr'><strong>tan-</strong></span> 
     </span>
    </p>
   </div>
   <div class='ocr_carea' id='block_1_93' title="bbox 1995 3171 3657 3241">
    <p class='ocr_par' dir='ltr' id='par_1_93' title="bbox 1995 3171 3657 3241">
     <span class='ocr_line' id='line_1_93' title="bbox 1995 3171 3657 3241; baseline -0.001 -10"><span class='ocrx_word' id='word_1_761' title='bbox 1995 3171 2044 3237; x_wconf 89' lang='lat' dir='ltr'><strong><em>C</em></strong></span> <span class='ocrx_word' id='word_1_762' title='bbox 2079 3187 2188 3231; x_wconf 90' lang='lat' dir='ltr'><strong>tum</strong></span> <span class='ocrx_word' id='word_1_763' title='bbox 2228 3193 2254 3228; x_wconf 79' lang='grc' dir='ltr'><strong>ε</strong></span> <span class='ocrx_word' id='word_1_764' title='bbox 2291 3192 2412 3232; x_wconf 91' lang='lat' dir='ltr'><strong>cum</strong></span> <span class='ocrx_word' id='word_1_765' title='bbox 2452 3192 2560 3230; x_wconf 92' lang='lat' dir='ltr'><strong>non</strong></span> <span class='ocrx_word' id='word_1_766' title='bbox 2601 3176 2759 3230; x_wconf 89' lang='lat' dir='ltr'><strong>fuerit</strong></span> <span class='ocrx_word' id='word_1_767' title='bbox 2796 3176 2845 3239; x_wconf 88' lang='lat' dir='ltr'><strong>b,</strong></span> <span class='ocrx_word' id='word_1_768' title='bbox 2878 3191 2984 3229; x_wconf 91' lang='lat' dir='ltr'><strong>non</strong></span> <span class='ocrx_word' id='word_1_769' title='bbox 3026 3191 3146 3231; x_wconf 91' lang='lat' dir='ltr'><strong>esse</strong></span> <span class='ocrx_word' id='word_1_770' title='bbox 3176 3190 3393 3231; x_wconf 89' lang='lat' dir='ltr'><strong>necesse</strong></span> <span class='ocrx_word' id='word_1_771' title='bbox 3422 3176 3511 3241; x_wconf 89' lang='lat' dir='ltr'><strong>sit,</strong></span> <span class='ocrx_word' id='word_1_772' title='bbox 3539 3177 3580 3229; x_wconf 91' lang='lat' dir='ltr'><strong>si</strong></span> <span class='ocrx_word' id='word_1_773' title='bbox 3627 3174 3657 3230; x_wconf 72' lang='grc' dir='ltr'><strong><em>ὑ</em></strong></span> 
     </span>
    </p>
   </div>
   <div class='ocr_carea' id='block_1_94' title="bbox 2080 3266 3658 3338">
    <p class='ocr_par' dir='ltr' id='par_1_94' title="bbox 2080 3266 3658 3338">
     <span class='ocr_line' id='line_1_94' title="bbox 2080 3266 3658 3338; baseline 0.003 -19"><span class='ocrx_word' id='word_1_774' title='bbox 2080 3268 2343 3322; x_wconf 90' lang='lat' dir='ltr'><strong>terminus</strong></span> <span class='ocrx_word' id='word_1_775' title='bbox 2375 3283 2482 3322; x_wconf 90' lang='lat' dir='ltr'><strong>non</strong></span> <span class='ocrx_word' id='word_1_776' title='bbox 2517 3267 2607 3337; x_wconf 92' lang='lat' dir='ltr'><strong>sit,</strong></span> <span class='ocrx_word' id='word_1_777' title='bbox 2641 3266 2763 3336; x_wconf 88' lang='lat' dir='ltr'><strong>quia</strong></span> <span class='ocrx_word' id='word_1_778' title='bbox 2796 3285 2825 3321; x_wconf 92' lang='lat' dir='ltr'><strong>a</strong></span> <span class='ocrx_word' id='word_1_779' title='bbox 2854 3268 3114 3323; x_wconf 88' lang='lat' dir='ltr'><strong>terminus</strong></span> <span class='ocrx_word' id='word_1_780' title='bbox 3143 3269 3289 3336; x_wconf 89' lang='lat' dir='ltr'><strong>prius</strong></span> <span class='ocrx_word' id='word_1_781' title='bbox 3317 3283 3437 3324; x_wconf 89' lang='lat' dir='ltr'><strong>esse</strong></span> <span class='ocrx_word' id='word_1_782' title='bbox 3465 3283 3658 3338; x_wconf 85' lang='lat' dir='ltr'><strong>propo-</strong></span> 
     </span>
    </p>
   </div>
   <div class='ocr_carea' id='block_1_95' title="bbox 2073 3359 3659 3428">
    <p class='ocr_par' dir='ltr' id='par_1_95' title="bbox 2073 3359 3659 3428">
     <span class='ocr_line' id='line_1_95' title="bbox 2073 3359 3659 3428; baseline -0.001 -12"><span class='ocrx_word' id='word_1_783' title='bbox 2073 3361 2210 3416; x_wconf 68' lang='lat' dir='ltr'><strong>situs</strong></span> <span class='ocrx_word' id='word_1_784' title='bbox 2239 3370 2341 3427; x_wconf 90' lang='lat' dir='ltr'><strong>est,</strong></span> <span class='ocrx_word' id='word_1_785' title='bbox 2371 3372 2429 3416; x_wconf 90' lang='lat' dir='ltr'><strong>ut</strong></span> <span class='ocrx_word' id='word_1_786' title='bbox 2467 3361 2511 3415; x_wconf 87' lang='lat' dir='ltr'><strong>si</strong></span> <span class='ocrx_word' id='word_1_787' title='bbox 2541 3361 2611 3415; x_wconf 93' lang='lat' dir='ltr'><strong>sit</strong></span> <span class='ocrx_word' id='word_1_788' title='bbox 2636 3378 2665 3412; x_wconf 91' lang='lat' dir='ltr'><strong>a</strong></span> <span class='ocrx_word' id='word_1_789' title='bbox 2694 3359 2878 3427; x_wconf 89' lang='lat' dir='ltr'><strong>homo,</strong></span> <span class='ocrx_word' id='word_1_790' title='bbox 2909 3360 2937 3412; x_wconf 91' lang='lat' dir='ltr'><strong>b</strong></span> <span class='ocrx_word' id='word_1_791' title='bbox 2968 3360 3340 3428; x_wconf 88' lang='lat' dir='ltr'><strong>inanimatum,</strong></span> <span class='ocrx_word' id='word_1_792' title='bbox 3372 3377 3399 3413; x_wconf 87' lang='lat' dir='ltr'><strong>c</strong></span> <span class='ocrx_word' id='word_1_793' title='bbox 3428 3361 3659 3417; x_wconf 81' lang='lat' dir='ltr'><strong>insensi-</strong></span> 
     </span>
    </p>
   </div>
   <div class='ocr_carea' id='block_1_96' title="bbox 2075 3449 3654 3516">
    <p class='ocr_par' dir='ltr' id='par_1_96' title="bbox 2075 3449 3654 3516">
     <span class='ocr_line' id='line_1_96' title="bbox 2075 3449 3654 3516; baseline 0.001 -12"><span class='ocrx_word' id='word_1_794' title='bbox 2075 3451 2215 3516; x_wconf 86' lang='lat' dir='ltr'><strong>bile;</strong></span> <span class='ocrx_word' id='word_1_795' title='bbox 2250 3452 2601 3505; x_wconf 90' lang='lat' dir='ltr'><strong>inanimatum</strong></span> <span class='ocrx_word' id='word_1_796' title='bbox 2633 3451 2773 3506; x_wconf 88' lang='lat' dir='ltr'><strong>enim</strong></span> <span class='ocrx_word' id='word_1_797' title='bbox 2807 3466 2910 3504; x_wconf 91' lang='lat' dir='ltr'><strong>non</strong></span> <span class='ocrx_word' id='word_1_798' title='bbox 2941 3454 3044 3504; x_wconf 88' lang='lat' dir='ltr'><strong>erit</strong></span> <span class='ocrx_word' id='word_1_799' title='bbox 3074 3450 3118 3504; x_wconf 92' lang='lat' dir='ltr'><strong>si</strong></span> <span class='ocrx_word' id='word_1_800' title='bbox 3150 3449 3309 3505; x_wconf 86' lang='lat' dir='ltr'><strong>fuerit</strong></span> <span class='ocrx_word' id='word_1_801' title='bbox 3342 3450 3534 3515; x_wconf 85' lang='lat' dir='ltr'><strong>homo;</strong></span> <span class='ocrx_word' id='word_1_802' title='bbox 3568 3449 3654 3506; x_wconf 84' lang='lat' dir='ltr'><strong>in-</strong></span> 
     </span>
    </p>
   </div>
   <div class='ocr_carea' id='block_1_97' title="bbox 2075 3543 3659 3613">
    <p class='ocr_par' dir='ltr' id='par_1_97' title="bbox 2075 3543 3659 3613">
     <span class='ocr_line' id='line_1_97' title="bbox 2075 3543 3659 3613; baseline 0.001 -16"><span class='ocrx_word' id='word_1_803' title='bbox 2075 3544 2328 3599; x_wconf 86' lang='lat' dir='ltr'><strong>sensibile</strong></span> <span class='ocrx_word' id='word_1_804' title='bbox 2376 3558 2506 3598; x_wconf 82' lang='lat' dir='ltr'><strong>vero</strong></span> <span class='ocrx_word' id='word_1_805' title='bbox 2551 3553 2725 3613; x_wconf 90' lang='lat' dir='ltr'><strong>potest</strong></span> <span class='ocrx_word' id='word_1_806' title='bbox 2769 3558 2890 3599; x_wconf 89' lang='lat' dir='ltr'><strong>esse</strong></span> <span class='ocrx_word' id='word_1_807' title='bbox 2931 3552 2986 3597; x_wconf 87' lang='lat' dir='ltr'><strong>et</strong></span> <span class='ocrx_word' id='word_1_808' title='bbox 3031 3557 3134 3596; x_wconf 92' lang='lat' dir='ltr'><strong>non</strong></span> <span class='ocrx_word' id='word_1_809' title='bbox 3187 3556 3340 3608; x_wconf 89' lang='lat' dir='ltr'><strong>esse,</strong></span> <span class='ocrx_word' id='word_1_810' title='bbox 3372 3543 3417 3598; x_wconf 90' lang='lat' dir='ltr'><strong>si</strong></span> <span class='ocrx_word' id='word_1_811' title='bbox 3450 3558 3554 3596; x_wconf 92' lang='lat' dir='ltr'><strong>non</strong></span> <span class='ocrx_word' id='word_1_812' title='bbox 3585 3543 3659 3598; x_wconf 82' lang='lat' dir='ltr'><strong>sit</strong></span> 
     </span>
    </p>
   </div>
   <div class='ocr_carea' id='block_1_98' title="bbox 2075 3634 3656 3690">
    <p class='ocr_par' dir='ltr' id='par_1_98' title="bbox 2075 3634 3656 3690">
     <span class='ocr_line' id='line_1_98' title="bbox 2075 3634 3656 3690; baseline -0.001 -1"><span class='ocrx_word' id='word_1_813' title='bbox 2075 3636 2449 3690; x_wconf 85' lang='lat' dir='ltr'><strong>inanitnatum.</strong></span> <span class='ocrx_word' id='word_1_814' title='bbox 2500 3636 2647 3690; x_wconf 91' lang='lat' dir='ltr'><strong>Tunc</strong></span> <span class='ocrx_word' id='word_1_815' title='bbox 2687 3645 2889 3690; x_wconf 90' lang='lat' dir='ltr'><strong>tantum</strong></span> <span class='ocrx_word' id='word_1_816' title='bbox 2931 3634 3241 3689; x_wconf 89' lang='lat' dir='ltr'><strong>insensibile</strong></span> <span class='ocrx_word' id='word_1_817' title='bbox 3271 3650 3375 3688; x_wconf 91' lang='lat' dir='ltr'><strong>non</strong></span> <span class='ocrx_word' id='word_1_818' title='bbox 3407 3648 3526 3689; x_wconf 91' lang='lat' dir='ltr'><strong>esse</strong></span> <span class='ocrx_word' id='word_1_819' title='bbox 3556 3647 3656 3688; x_wconf 78' lang='lat' dir='ltr'><strong>ne-</strong></span> 
     </span>
    </p>
   </div>
   <div class='ocr_carea' id='block_1_99' title="bbox 2074 3727 3658 3796">
    <p class='ocr_par' dir='ltr' id='par_1_99' title="bbox 2074 3727 3658 3796">
     <span class='ocr_line' id='line_1_99' title="bbox 2074 3727 3658 3796; baseline 0.001 -14"><span class='ocrx_word' id='word_1_820' title='bbox 2074 3744 2225 3783; x_wconf 88' lang='lat' dir='ltr'><strong>cesse</strong></span> <span class='ocrx_word' id='word_1_821' title='bbox 2255 3741 2357 3793; x_wconf 89' lang='lat' dir='ltr'><strong>est,</strong></span> <span class='ocrx_word' id='word_1_822' title='bbox 2384 3746 2503 3785; x_wconf 88' lang='lat' dir='ltr'><strong>cum</strong></span> <span class='ocrx_word' id='word_1_823' title='bbox 2536 3730 2888 3783; x_wconf 77' lang='lat' dir='ltr'><strong>inanimatam</strong></span> <span class='ocrx_word' id='word_1_824' title='bbox 2921 3744 3027 3783; x_wconf 92' lang='lat' dir='ltr'><strong>non</strong></span> <span class='ocrx_word' id='word_1_825' title='bbox 3060 3730 3153 3796; x_wconf 92' lang='lat' dir='ltr'><strong>sit,</strong></span> <span class='ocrx_word' id='word_1_826' title='bbox 3185 3742 3304 3782; x_wconf 91' lang='lat' dir='ltr'><strong>cum</strong></span> <span class='ocrx_word' id='word_1_827' title='bbox 3338 3727 3536 3783; x_wconf 91' lang='lat' dir='ltr'><strong>idcirco</strong></span> <span class='ocrx_word' id='word_1_828' title='bbox 3568 3728 3658 3783; x_wconf 85' lang='lat' dir='ltr'><strong>itt-</strong></span> 
     </span>
    </p>
   </div>
   <div class='ocr_carea' id='block_1_100' title="bbox 2070 3808 3682 3890">
    <p class='ocr_par' dir='ltr' id='par_1_100' title="bbox 2070 3808 3682 3890">
     <span class='ocr_line' id='line_1_100' title="bbox 2070 3808 3682 3890; baseline 0.002 -19"><span class='ocrx_word' id='word_1_829' title='bbox 2070 3821 2362 3875; x_wconf 87' lang='lat' dir='ltr'><strong>animatum</strong></span> <span class='ocrx_word' id='word_1_830' title='bbox 2410 3836 2515 3874; x_wconf 91' lang='lat' dir='ltr'><strong>non</strong></span> <span class='ocrx_word' id='word_1_831' title='bbox 2560 3832 2660 3886; x_wconf 90' lang='lat' dir='ltr'><strong>est,</strong></span> <span class='ocrx_word' id='word_1_832' title='bbox 2693 3821 2814 3889; x_wconf 88' lang='lat' dir='ltr'><strong>quia</strong></span> <span class='ocrx_word' id='word_1_833' title='bbox 2859 3822 3019 3875; x_wconf 88' lang='lat' dir='ltr'><strong>homo</strong></span> <span class='ocrx_word' id='word_1_834' title='bbox 3052 3836 3171 3876; x_wconf 91' lang='lat' dir='ltr'><strong>esse</strong></span> <span class='ocrx_word' id='word_1_835' title='bbox 3218 3822 3497 3890; x_wconf 68' lang='lat' dir='ltr'><strong>prtedictus</strong></span> <span class='ocrx_word' id='word_1_836' title='bbox 3552 3808 3682 3876; x_wconf 66' lang='lat' dir='ltr'><strong>est.&#39;</strong></span> 
     </span>
    </p>
   </div>
   <div class='ocr_carea' id='block_1_101' title="bbox 2072 3896 3682 3981">
    <p class='ocr_par' dir='ltr' id='par_1_101' title="bbox 2072 3896 3682 3981">
     <span class='ocr_line' id='line_1_101' title="bbox 2072 3896 3682 3981; baseline 0.003 -18"><span class='ocrx_word' id='word_1_837' title='bbox 2072 3910 2264 3975; x_wconf 87' lang='lat' dir='ltr'><strong>Quinta</strong></span> <span class='ocrx_word' id='word_1_838' title='bbox 2321 3928 2530 3981; x_wconf 89' lang='lat' dir='ltr'><strong>quoque</strong></span> <span class='ocrx_word' id='word_1_839' title='bbox 2589 3914 2881 3981; x_wconf 84' lang='lat' dir='ltr'><strong>prepositio</strong></span> <span class='ocrx_word' id='word_1_840' title='bbox 2942 3912 3072 3966; x_wconf 89' lang='lat' dir='ltr'><strong>tales</strong></span> <span class='ocrx_word' id='word_1_841' title='bbox 3138 3914 3335 3968; x_wconf 87' lang='lat' dir='ltr'><strong>habere</strong></span> <span class='ocrx_word' id='word_1_842' title='bbox 3392 3896 3682 3968; x_wconf 36' lang='lat' dir='ltr'><strong>terminos.</strong></span> 
     </span>
    </p>
   </div>
   <div class='ocr_carea' id='block_1_102' title="bbox 2074 4001 3658 4071">
    <p class='ocr_par' dir='ltr' id='par_1_102' title="bbox 2074 4001 3658 4071">
     <span class='ocr_line' id='line_1_102' title="bbox 2074 4001 3658 4071; baseline 0.003 -17"><span class='ocrx_word' id='word_1_843' title='bbox 2074 4001 2251 4064; x_wconf 85' lang='lat' dir='ltr'><strong>debet,</strong></span> <span class='ocrx_word' id='word_1_844' title='bbox 2279 4012 2334 4055; x_wconf 88' lang='lat' dir='ltr'><strong>ut</strong></span> <span class='ocrx_word' id='word_1_845' title='bbox 2361 4020 2391 4055; x_wconf 92' lang='lat' dir='ltr'><strong>a</strong></span> <span class='ocrx_word' id='word_1_846' title='bbox 2419 4002 2633 4071; x_wconf 90' lang='lat' dir='ltr'><strong>quidem</strong></span> <span class='ocrx_word' id='word_1_847' title='bbox 2666 4003 2710 4056; x_wconf 84' lang='lat' dir='ltr'><strong>si</strong></span> <span class='ocrx_word' id='word_1_848' title='bbox 2736 4018 2839 4057; x_wconf 93' lang='lat' dir='ltr'><strong>non</strong></span> <span class='ocrx_word' id='word_1_849' title='bbox 2873 4004 2962 4067; x_wconf 91' lang='lat' dir='ltr'><strong>sit,</strong></span> <span class='ocrx_word' id='word_1_850' title='bbox 2993 4017 3214 4058; x_wconf 89' lang='lat' dir='ltr'><strong>necesse</strong></span> <span class='ocrx_word' id='word_1_851' title='bbox 3243 4006 3312 4059; x_wconf 90' lang='lat' dir='ltr'><strong>sit</strong></span> <span class='ocrx_word' id='word_1_852' title='bbox 3340 4021 3461 4060; x_wconf 89' lang='lat' dir='ltr'><strong>esse</strong></span> <span class='ocrx_word' id='word_1_853' title='bbox 3481 4006 3531 4069; x_wconf 88' lang='lat' dir='ltr'><strong>b,</strong></span> <span class='ocrx_word' id='word_1_854' title='bbox 3557 4005 3658 4061; x_wconf 81' lang='lat' dir='ltr'><strong>sib</strong></span> 
     </span>
    </p>
   </div>
   <div class='ocr_carea' id='block_1_103' title="bbox 2071 4074 3681 4173">
    <p class='ocr_par' dir='ltr' id='par_1_103' title="bbox 2071 4074 3681 4173">
     <span class='ocr_line' id='line_1_103' title="bbox 2071 4074 3681 4173; baseline 0.002 -24"><span class='ocrx_word' id='word_1_855' title='bbox 2071 4098 2331 4149; x_wconf 83' lang='lat' dir='ltr'><strong>terminus</strong></span> <span class='ocrx_word' id='word_1_856' title='bbox 2362 4099 2449 4157; x_wconf 91' lang='lat' dir='ltr'><strong>sit,</strong></span> <span class='ocrx_word' id='word_1_857' title='bbox 2482 4096 2650 4163; x_wconf 88' lang='lat' dir='ltr'><strong>possit</strong></span> <span class='ocrx_word' id='word_1_858' title='bbox 2678 4108 2733 4151; x_wconf 89' lang='lat' dir='ltr'><strong>et</strong></span> <span class='ocrx_word' id='word_1_859' title='bbox 2761 4112 2880 4150; x_wconf 63' lang='lat' dir='ltr'><strong>esse</strong></span> <span class='ocrx_word' id='word_1_860' title='bbox 2904 4106 2958 4150; x_wconf 92' lang='lat' dir='ltr'><strong>et</strong></span> <span class='ocrx_word' id='word_1_861' title='bbox 2983 4112 3087 4149; x_wconf 88' lang='lat' dir='ltr'><strong>non</strong></span> <span class='ocrx_word' id='word_1_862' title='bbox 3115 4112 3235 4157; x_wconf 80' lang='lat' dir='ltr'><strong>esse</strong></span> <span class='ocrx_word' id='word_1_863' title='bbox 3264 4114 3309 4150; x_wconf 89' lang='lat' dir='ltr'><strong>c.</strong></span> <span class='ocrx_word' id='word_1_864' title='bbox 3352 4099 3504 4154; x_wconf 84' lang='lat' dir='ltr'><strong>Tunc</strong></span> <span class='ocrx_word' id='word_1_865' title='bbox 3533 4074 3681 4173; x_wconf 56' lang='lat' dir='ltr'><strong>tam:</strong></span> 
     </span>
    </p>
   </div>
   <div class='ocr_carea' id='block_1_104' title="bbox 2075 4187 3658 4253">
    <p class='ocr_par' dir='ltr' id='par_1_104' title="bbox 2075 4187 3658 4253">
     <span class='ocr_line' id='line_1_104' title="bbox 2075 4187 3658 4253; baseline 0.003 -14"><span class='ocrx_word' id='word_1_866' title='bbox 2075 4198 2183 4240; x_wconf 90' lang='lat' dir='ltr'><strong>tum</strong></span> <span class='ocrx_word' id='word_1_867' title='bbox 2211 4204 2238 4239; x_wconf 90' lang='lat' dir='ltr'><strong>c</strong></span> <span class='ocrx_word' id='word_1_868' title='bbox 2266 4202 2384 4242; x_wconf 91' lang='lat' dir='ltr'><strong>esse</strong></span> <span class='ocrx_word' id='word_1_869' title='bbox 2412 4202 2631 4243; x_wconf 89' lang='lat' dir='ltr'><strong>necesse</strong></span> <span class='ocrx_word' id='word_1_870' title='bbox 2662 4189 2751 4253; x_wconf 90' lang='lat' dir='ltr'><strong>sit,</strong></span> <span class='ocrx_word' id='word_1_871' title='bbox 2780 4203 2900 4242; x_wconf 91' lang='lat' dir='ltr'><strong>cum</strong></span> <span class='ocrx_word' id='word_1_872' title='bbox 2933 4187 3093 4243; x_wconf 83' lang='lat' dir='ltr'><strong>fuerit</strong></span> <span class='ocrx_word' id='word_1_873' title='bbox 3118 4188 3166 4252; x_wconf 84' lang='lat' dir='ltr'><strong>b,</strong></span> <span class='ocrx_word' id='word_1_874' title='bbox 3194 4204 3313 4243; x_wconf 91' lang='lat' dir='ltr'><strong>cum</strong></span> <span class='ocrx_word' id='word_1_875' title='bbox 3349 4189 3544 4243; x_wconf 90' lang='lat' dir='ltr'><strong>idcirco</strong></span> <span class='ocrx_word' id='word_1_876' title='bbox 3571 4196 3658 4244; x_wconf 83' lang='lat' dir='ltr'><strong>est</strong></span> 
     </span>
    </p>
   </div>
   <div class='ocr_carea' id='block_1_105' title="bbox 2074 4266 3655 4352">
    <p class='ocr_par' dir='ltr' id='par_1_105' title="bbox 2074 4266 3655 4352">
     <span class='ocr_line' id='line_1_105' title="bbox 2074 4266 3655 4352; baseline 0.005 -22"><span class='ocrx_word' id='word_1_877' title='bbox 2074 4278 2125 4344; x_wconf 90' lang='lat' dir='ltr'><strong>b,</strong></span> <span class='ocrx_word' id='word_1_878' title='bbox 2152 4279 2275 4351; x_wconf 90' lang='lat' dir='ltr'><strong>quia</strong></span> <span class='ocrx_word' id='word_1_879' title='bbox 2317 4298 2349 4332; x_wconf 87' lang='lat' dir='ltr'><strong>a</strong></span> <span class='ocrx_word' id='word_1_880' title='bbox 2380 4281 2641 4334; x_wconf 88' lang='lat' dir='ltr'><strong>terminus</strong></span> <span class='ocrx_word' id='word_1_881' title='bbox 2667 4295 2786 4336; x_wconf 89' lang='lat' dir='ltr'><strong>esse</strong></span> <span class='ocrx_word' id='word_1_882' title='bbox 2816 4293 3036 4351; x_wconf 84' lang='lat' dir='ltr'><strong>negatus</strong></span> <span class='ocrx_word' id='word_1_883' title='bbox 3064 4266 3175 4349; x_wconf 86' lang='lat' dir='ltr'><strong>est,</strong></span> <span class='ocrx_word' id='word_1_884' title='bbox 3199 4290 3255 4335; x_wconf 93' lang='lat' dir='ltr'><strong>ut</strong></span> <span class='ocrx_word' id='word_1_885' title='bbox 3293 4281 3339 4335; x_wconf 87' lang='lat' dir='ltr'><strong>si</strong></span> <span class='ocrx_word' id='word_1_886' title='bbox 3367 4283 3435 4337; x_wconf 90' lang='lat' dir='ltr'><strong>sit</strong></span> <span class='ocrx_word' id='word_1_887' title='bbox 3467 4300 3499 4336; x_wconf 91' lang='lat' dir='ltr'><strong>a</strong></span> <span class='ocrx_word' id='word_1_888' title='bbox 3529 4283 3655 4352; x_wconf 86' lang='lat' dir='ltr'><strong>qui-</strong></span> 
     </span>
    </p>
   </div>
   <div class='ocr_carea' id='block_1_106' title="bbox 2073 4371 3657 4444">
    <p class='ocr_par' dir='ltr' id='par_1_106' title="bbox 2073 4371 3657 4444">
     <span class='ocr_line' id='line_1_106' title="bbox 2073 4371 3657 4444; baseline 0.004 -21"><span class='ocrx_word' id='word_1_889' title='bbox 2073 4371 2194 4424; x_wconf 78' lang='lat' dir='ltr'><strong>dem</strong></span> <span class='ocrx_word' id='word_1_890' title='bbox 2224 4373 2536 4437; x_wconf 89' lang='lat' dir='ltr'><strong>animatum,</strong></span> <span class='ocrx_word' id='word_1_891' title='bbox 2567 4374 2594 4425; x_wconf 89' lang='lat' dir='ltr'><strong>b</strong></span> <span class='ocrx_word' id='word_1_892' title='bbox 2624 4387 2755 4427; x_wconf 83' lang='lat' dir='ltr'><strong>vero</strong></span> <span class='ocrx_word' id='word_1_893' title='bbox 2785 4374 3114 4441; x_wconf 88' lang='lat' dir='ltr'><strong>insensibile,</strong></span> <span class='ocrx_word' id='word_1_894' title='bbox 3144 4391 3170 4426; x_wconf 90' lang='lat' dir='ltr'><strong>c</strong></span> <span class='ocrx_word' id='word_1_895' title='bbox 3201 4375 3437 4429; x_wconf 90' lang='lat' dir='ltr'><strong>invitale.</strong></span> <span class='ocrx_word' id='word_1_896' title='bbox 3490 4374 3657 4444; x_wconf 86' lang='lat' dir='ltr'><strong>Igitur</strong></span> 
     </span>
    </p>
   </div>
   <div class='ocr_carea' id='block_1_107' title="bbox 2077 4464 3658 4533">
    <p class='ocr_par' dir='ltr' id='par_1_107' title="bbox 2077 4464 3658 4533">
     <span class='ocr_line' id='line_1_107' title="bbox 2077 4464 3658 4533; baseline 0.004 -18"><span class='ocrx_word' id='word_1_897' title='bbox 2077 4464 2121 4516; x_wconf 88' lang='lat' dir='ltr'><strong>si</strong></span> <span class='ocrx_word' id='word_1_898' title='bbox 2156 4479 2258 4517; x_wconf 92' lang='lat' dir='ltr'><strong>non</strong></span> <span class='ocrx_word' id='word_1_899' title='bbox 2298 4465 2366 4517; x_wconf 89' lang='lat' dir='ltr'><strong>sit</strong></span> <span class='ocrx_word' id='word_1_900' title='bbox 2409 4465 2735 4529; x_wconf 88' lang='lat' dir='ltr'><strong>animatum,</strong></span> <span class='ocrx_word' id='word_1_901' title='bbox 2779 4468 2955 4519; x_wconf 87' lang='lat' dir='ltr'><strong>statim</strong></span> <span class='ocrx_word' id='word_1_902' title='bbox 2987 4468 3331 4533; x_wconf 89' lang='lat' dir='ltr'><strong>consequitur</strong></span> <span class='ocrx_word' id='word_1_903' title='bbox 3378 4476 3435 4521; x_wconf 94' lang='lat' dir='ltr'><strong>ut</strong></span> <span class='ocrx_word' id='word_1_904' title='bbox 3476 4467 3544 4520; x_wconf 89' lang='lat' dir='ltr'><strong>sit.</strong></span> <span class='ocrx_word' id='word_1_905' title='bbox 3573 4467 3658 4522; x_wconf 85' lang='lat' dir='ltr'><strong>in-</strong></span> 
     </span>
    </p>
   </div>
   <div class='ocr_carea' id='block_1_108' title="bbox 2001 4541 3656 4624">
    <p class='ocr_par' dir='ltr' id='par_1_108' title="bbox 2001 4541 3656 4624">
     <span class='ocr_line' id='line_1_108' title="bbox 2001 4541 3656 4624; baseline 0.002 -15"><span class='ocrx_word' id='word_1_906' title='bbox 2001 4541 2051 4600; x_wconf 84' lang='grc' dir='ltr'>Ῑ)</span> <span class='ocrx_word' id='word_1_907' title='bbox 2077 4554 2354 4619; x_wconf 89' lang='lat' dir='ltr'><strong>sensibile,</strong></span> <span class='ocrx_word' id='word_1_908' title='bbox 2399 4557 2618 4610; x_wconf 85' lang='lat' dir='ltr'><strong>invitale</strong></span> <span class='ocrx_word' id='word_1_909' title='bbox 2654 4566 2828 4610; x_wconf 87' lang='lat' dir='ltr'><strong>autem</strong></span> <span class='ocrx_word' id='word_1_910' title='bbox 2861 4566 3032 4624; x_wconf 80' lang='lat' dir='ltr'><strong>pOleSl</strong></span> <span class='ocrx_word' id='word_1_911' title='bbox 3069 4572 3209 4623; x_wconf 81' lang='lat' dir='ltr'><strong>esse,</strong></span> <span class='ocrx_word' id='word_1_912' title='bbox 3240 4559 3283 4611; x_wconf 90' lang='lat' dir='ltr'><strong>si</strong></span> <span class='ocrx_word' id='word_1_913' title='bbox 3320 4560 3387 4611; x_wconf 91' lang='lat' dir='ltr'><strong>sit</strong></span> <span class='ocrx_word' id='word_1_914' title='bbox 3425 4557 3656 4614; x_wconf 87' lang='lat' dir='ltr'><strong>insensi-</strong></span> 
     </span>
    </p>
   </div>
   <div class='ocr_carea' id='block_1_109' title="bbox 2080 4644 3657 4715">
    <p class='ocr_par' dir='ltr' id='par_1_109' title="bbox 2080 4644 3657 4715">
     <span class='ocr_line' id='line_1_109' title="bbox 2080 4644 3657 4715; baseline 0.005 -17"><span class='ocrx_word' id='word_1_915' title='bbox 2080 4646 2207 4708; x_wconf 88' lang='lat' dir='ltr'><strong>bile,</strong></span> <span class='ocrx_word' id='word_1_916' title='bbox 2236 4654 2292 4699; x_wconf 91' lang='lat' dir='ltr'><strong>ut</strong></span> <span class='ocrx_word' id='word_1_917' title='bbox 2314 4647 2465 4715; x_wconf 77' lang='lat' dir='ltr'><strong>lapis,</strong></span> <span class='ocrx_word' id='word_1_918' title='bbox 2494 4655 2671 4715; x_wconf 88' lang='lat' dir='ltr'><strong>potest</strong></span> <span class='ocrx_word' id='word_1_919' title='bbox 2700 4663 2824 4702; x_wconf 88' lang='lat' dir='ltr'><strong>vero</strong></span> <span class='ocrx_word' id='word_1_920' title='bbox 2853 4664 2957 4701; x_wconf 91' lang='lat' dir='ltr'><strong>non</strong></span> <span class='ocrx_word' id='word_1_921' title='bbox 2984 4644 3102 4703; x_wconf 87' lang='lat' dir='ltr'><strong>esse</strong></span> <span class='ocrx_word' id='word_1_922' title='bbox 3132 4649 3371 4714; x_wconf 89' lang='lat' dir='ltr'><strong>invitale,</strong></span> <span class='ocrx_word' id='word_1_923' title='bbox 3401 4651 3447 4704; x_wconf 90' lang='lat' dir='ltr'><strong>si</strong></span> <span class='ocrx_word' id='word_1_924' title='bbox 3478 4653 3547 4705; x_wconf 90' lang='lat' dir='ltr'><strong>sit</strong></span> <span class='ocrx_word' id='word_1_925' title='bbox 3572 4652 3657 4706; x_wconf 84' lang='lat' dir='ltr'><strong>in-</strong></span> 
     </span>
    </p>
   </div>
   <div class='ocr_carea' id='block_1_110' title="bbox 2076 4734 3658 4810">
    <p class='ocr_par' dir='ltr' id='par_1_110' title="bbox 2076 4734 3658 4810">
     <span class='ocr_line' id='line_1_110' title="bbox 2076 4734 3658 4810; baseline 0.004 -20"><span class='ocrx_word' id='word_1_926' title='bbox 2076 4734 2349 4799; x_wconf 89' lang='lat' dir='ltr'><strong>sensibile,</strong></span> <span class='ocrx_word' id='word_1_927' title='bbox 2385 4746 2439 4790; x_wconf 94' lang='lat' dir='ltr'><strong>ut</strong></span> <span class='ocrx_word' id='word_1_928' title='bbox 2474 4747 2598 4790; x_wconf 87' lang='lat' dir='ltr'><strong>sunt</strong></span> <span class='ocrx_word' id='word_1_929' title='bbox 2640 4738 2879 4791; x_wconf 89' lang='lat' dir='ltr'><strong>arbores.</strong></span> <span class='ocrx_word' id='word_1_930' title='bbox 2912 4737 3014 4791; x_wconf 90' lang='lat' dir='ltr'><strong>Sed</strong></span> <span class='ocrx_word' id='word_1_931' title='bbox 3056 4747 3181 4793; x_wconf 85' lang='lat' dir='ltr'><strong>tunc</strong></span> <span class='ocrx_word' id='word_1_932' title='bbox 3221 4748 3447 4807; x_wconf 87' lang='lat' dir='ltr'><strong>tantum,</strong></span> <span class='ocrx_word' id='word_1_933' title='bbox 3483 4742 3658 4810; x_wconf 77' lang='lat' dir='ltr'><strong>posito</strong></span> 
     </span>
    </p>
   </div>
   <div class='ocr_carea' id='block_1_111' title="bbox 2076 4826 3655 4898">
    <p class='ocr_par' dir='ltr' id='par_1_111' title="bbox 2076 4826 3655 4898">
     <span class='ocr_line' id='line_1_111' title="bbox 2076 4826 3655 4898; baseline 0.005 -19"><span class='ocrx_word' id='word_1_934' title='bbox 2076 4826 2396 4891; x_wconf 88' lang='lat' dir='ltr'><strong>insensibili,</strong></span> <span class='ocrx_word' id='word_1_935' title='bbox 2437 4829 2783 4897; x_wconf 85' lang='lat' dir='ltr'><strong>consequitur</strong></span> <span class='ocrx_word' id='word_1_936' title='bbox 2811 4838 2866 4882; x_wconf 93' lang='lat' dir='ltr'><strong>ut</strong></span> <span class='ocrx_word' id='word_1_937' title='bbox 2899 4830 3117 4885; x_wconf 88' lang='lat' dir='ltr'><strong>invitale</strong></span> <span class='ocrx_word' id='word_1_938' title='bbox 3154 4846 3272 4886; x_wconf 86' lang='lat' dir='ltr'><strong>esse</strong></span> <span class='ocrx_word' id='word_1_939' title='bbox 3313 4847 3532 4888; x_wconf 90' lang='lat' dir='ltr'><strong>necesse</strong></span> <span class='ocrx_word' id='word_1_940' title='bbox 3560 4832 3655 4898; x_wconf 89' lang='lat' dir='ltr'><strong>sit,</strong></span> 
     </span>
    </p>
   </div>
   <div class='ocr_carea' id='block_1_112' title="bbox 2076 4918 3743 4989">
    <p class='ocr_par' dir='ltr' id='par_1_112' title="bbox 2076 4918 3743 4989">
     <span class='ocr_line' id='line_1_112' title="bbox 2076 4918 3743 4989; baseline 0.004 -18"><span class='ocrx_word' id='word_1_941' title='bbox 2076 4933 2194 4971; x_wconf 91' lang='lat' dir='ltr'><strong>cum</strong></span> <span class='ocrx_word' id='word_1_942' title='bbox 2226 4918 2425 4973; x_wconf 84' lang='lat' dir='ltr'><strong>idcirco</strong></span> <span class='ocrx_word' id='word_1_943' title='bbox 2454 4928 2535 4974; x_wconf 92' lang='lat' dir='ltr'><strong>est</strong></span> <span class='ocrx_word' id='word_1_944' title='bbox 2576 4920 2903 4987; x_wconf 86' lang='lat' dir='ltr'><strong>insensibile,</strong></span> <span class='ocrx_word' id='word_1_945' title='bbox 2938 4923 3055 4989; x_wconf 85' lang='lat' dir='ltr'><strong>quia</strong></span> <span class='ocrx_word' id='word_1_946' title='bbox 3087 4938 3190 4976; x_wconf 92' lang='lat' dir='ltr'><strong>non</strong></span> <span class='ocrx_word' id='word_1_947' title='bbox 3223 4933 3302 4978; x_wconf 88' lang='lat' dir='ltr'><strong>est</strong></span> <span class='ocrx_word' id='word_1_948' title='bbox 3339 4924 3651 4979; x_wconf 86' lang='lat' dir='ltr'><strong>animatum.</strong></span> <span class='ocrx_word' id='word_1_949' title='bbox 3734 4943 3743 4987; x_wconf 68' lang='lat'><strong>,;</strong></span> 
     </span>
    </p>
   </div>
   <div class='ocr_carea' id='block_1_113' title="bbox 2076 4996 3744 5081">
    <p class='ocr_par' dir='ltr' id='par_1_113' title="bbox 2076 4996 3744 5081">
     <span class='ocr_line' id='line_1_113' title="bbox 2076 4996 3744 5081; baseline 0.005 -18"><span class='ocrx_word' id='word_1_950' title='bbox 2076 5010 2383 5077; x_wconf 79' lang='lat' dir='ltr'><strong>Sextavero</strong></span> <span class='ocrx_word' id='word_1_951' title='bbox 2406 5011 2697 5080; x_wconf 85' lang='lat' dir='ltr'><strong>propositio</strong></span> <span class='ocrx_word' id='word_1_952' title='bbox 2721 4996 2851 5066; x_wconf 86' lang='lat' dir='ltr'><strong>tales</strong></span> <span class='ocrx_word' id='word_1_953' title='bbox 2872 5011 3068 5068; x_wconf 91' lang='lat' dir='ltr'><strong>habere</strong></span> <span class='ocrx_word' id='word_1_954' title='bbox 3090 5015 3346 5069; x_wconf 89' lang='lat' dir='ltr'><strong>terminos</strong></span> <span class='ocrx_word' id='word_1_955' title='bbox 3362 5014 3654 5081; x_wconf 85' lang='lat' dir='ltr'><strong>desiderat,</strong></span> <span class='ocrx_word' id='word_1_956' title='bbox 3740 5003 3744 5007; x_wconf 53' lang='grc'><em>’</em></span> 
     </span>
    </p>
   </div>
   <div class='ocr_carea' id='block_1_114' title="bbox 2076 5103 3656 5171">
    <p class='ocr_par' dir='ltr' id='par_1_114' title="bbox 2076 5103 3656 5171">
     <span class='ocr_line' id='line_1_114' title="bbox 2076 5103 3656 5171; baseline 0.006 -17"><span class='ocrx_word' id='word_1_957' title='bbox 2076 5110 2134 5155; x_wconf 95' lang='lat' dir='ltr'><strong>ut</strong></span> <span class='ocrx_word' id='word_1_958' title='bbox 2165 5103 2191 5154; x_wconf 88' lang='lat' dir='ltr'><strong>b</strong></span> <span class='ocrx_word' id='word_1_959' title='bbox 2222 5103 2432 5171; x_wconf 84' lang='lat' dir='ltr'><strong>quidem</strong></span> <span class='ocrx_word' id='word_1_960' title='bbox 2462 5119 2579 5157; x_wconf 83' lang='lat' dir='ltr'><strong>esse</strong></span> <span class='ocrx_word' id='word_1_961' title='bbox 2609 5118 2827 5158; x_wconf 88' lang='lat' dir='ltr'><strong>necesse</strong></span> <span class='ocrx_word' id='word_1_962' title='bbox 2856 5106 2943 5171; x_wconf 90' lang='lat' dir='ltr'><strong>sit,</strong></span> <span class='ocrx_word' id='word_1_963' title='bbox 2972 5106 3017 5159; x_wconf 87' lang='lat' dir='ltr'><strong>si</strong></span> <span class='ocrx_word' id='word_1_964' title='bbox 3044 5121 3147 5161; x_wconf 91' lang='lat' dir='ltr'><strong>non</strong></span> <span class='ocrx_word' id='word_1_965' title='bbox 3176 5108 3333 5161; x_wconf 82' lang='lat' dir='ltr'><strong>fuerit</strong></span> <span class='ocrx_word' id='word_1_966' title='bbox 3363 5126 3412 5171; x_wconf 91' lang='lat' dir='ltr'><strong>a,</strong></span> <span class='ocrx_word' id='word_1_967' title='bbox 3445 5116 3500 5162; x_wconf 90' lang='lat' dir='ltr'><strong>at</strong></span> <span class='ocrx_word' id='word_1_968' title='bbox 3526 5121 3656 5164; x_wconf 86' lang='lat' dir='ltr'><strong>vero</strong></span> 
     </span>
    </p>
   </div>
   <div class='ocr_carea' id='block_1_115' title="bbox 2076 5195 3655 5270">
    <p class='ocr_par' dir='ltr' id='par_1_115' title="bbox 2076 5195 3655 5270">
     <span class='ocr_line' id='line_1_115' title="bbox 2076 5195 3655 5270; baseline 0.006 -23"><span class='ocrx_word' id='word_1_969' title='bbox 2076 5210 2104 5247; x_wconf 84' lang='lat' dir='ltr'><strong>c</strong></span> <span class='ocrx_word' id='word_1_970' title='bbox 2135 5196 2393 5248; x_wconf 89' lang='lat' dir='ltr'><strong>terminus</strong></span> <span class='ocrx_word' id='word_1_971' title='bbox 2441 5195 2484 5252; x_wconf 85' lang='lat' dir='ltr'><strong>si</strong></span> <span class='ocrx_word' id='word_1_972' title='bbox 2538 5197 2605 5249; x_wconf 90' lang='lat' dir='ltr'><strong>sit</strong></span> <span class='ocrx_word' id='word_1_973' title='bbox 2649 5198 2698 5261; x_wconf 88' lang='lat' dir='ltr'><strong>b,</strong></span> <span class='ocrx_word' id='word_1_974' title='bbox 2740 5199 2822 5251; x_wconf 91' lang='lat' dir='ltr'><strong>vel</strong></span> <span class='ocrx_word' id='word_1_975' title='bbox 2852 5214 2971 5253; x_wconf 92' lang='lat' dir='ltr'><strong>esse</strong></span> <span class='ocrx_word' id='word_1_976' title='bbox 3020 5201 3100 5254; x_wconf 85' lang='lat' dir='ltr'><strong>vel</strong></span> <span class='ocrx_word' id='word_1_977' title='bbox 3146 5215 3249 5255; x_wconf 86' lang='lat' dir='ltr'><strong>non</strong></span> <span class='ocrx_word' id='word_1_978' title='bbox 3281 5216 3402 5257; x_wconf 89' lang='lat' dir='ltr'><strong>esse</strong></span> <span class='ocrx_word' id='word_1_979' title='bbox 3452 5203 3655 5270; x_wconf 86' lang='lat' dir='ltr'><strong>possit;</strong></span> 
     </span>
    </p>
   </div>
   <div class='ocr_carea' id='block_1_116' title="bbox 2076 5293 3656 5363">
    <p class='ocr_par' dir='ltr' id='par_1_116' title="bbox 2076 5293 3656 5363">
     <span class='ocr_line' id='line_1_116' title="bbox 2076 5293 3656 5363; baseline 0.007 -25"><span class='ocrx_word' id='word_1_980' title='bbox 2076 5294 2202 5339; x_wconf 89' lang='lat' dir='ltr'><strong>tunc</strong></span> <span class='ocrx_word' id='word_1_981' title='bbox 2242 5297 2414 5340; x_wconf 89' lang='lat' dir='ltr'><strong>tamen</strong></span> <span class='ocrx_word' id='word_1_982' title='bbox 2447 5304 2473 5339; x_wconf 90' lang='lat' dir='ltr'><strong>c</strong></span> <span class='ocrx_word' id='word_1_983' title='bbox 2499 5303 2602 5341; x_wconf 92' lang='lat' dir='ltr'><strong>non</strong></span> <span class='ocrx_word' id='word_1_984' title='bbox 2625 5304 2745 5343; x_wconf 49' lang='lat' dir='ltr'><strong>esse</strong></span> <span class='ocrx_word' id='word_1_985' title='bbox 2772 5305 2989 5345; x_wconf 88' lang='lat' dir='ltr'><strong>necesse</strong></span> <span class='ocrx_word' id='word_1_986' title='bbox 3012 5294 3100 5359; x_wconf 90' lang='lat' dir='ltr'><strong>sit,</strong></span> <span class='ocrx_word' id='word_1_987' title='bbox 3128 5308 3246 5346; x_wconf 92' lang='lat' dir='ltr'><strong>cum</strong></span> <span class='ocrx_word' id='word_1_988' title='bbox 3275 5293 3345 5347; x_wconf 89' lang='lat' dir='ltr'><strong>sit</strong></span> <span class='ocrx_word' id='word_1_989' title='bbox 3368 5294 3416 5355; x_wconf 76' lang='grc' dir='ltr'><strong>ὁ,</strong></span> <span class='ocrx_word' id='word_1_990' title='bbox 3442 5296 3656 5363; x_wconf 88' lang='lat' dir='ltr'><strong>quando</strong></span> 
     </span>
    </p>
   </div>
   <div class='ocr_carea' id='block_1_117' title="bbox 2080 5375 3655 5454">
    <p class='ocr_par' dir='ltr' id='par_1_117' title="bbox 2080 5375 3655 5454">
     <span class='ocr_line' id='line_1_117' title="bbox 2080 5375 3655 5454; baseline 0.006 -25"><span class='ocrx_word' id='word_1_991' title='bbox 2080 5375 2282 5430; x_wconf 86' lang='lat' dir='ltr'><strong>idcirco</strong></span> <span class='ocrx_word' id='word_1_992' title='bbox 2307 5378 2588 5445; x_wconf 83' lang='lat' dir='ltr'><strong>estb,quia</strong></span> <span class='ocrx_word' id='word_1_993' title='bbox 2612 5396 2641 5431; x_wconf 83' lang='grc' dir='ltr'><em>α</em></span> <span class='ocrx_word' id='word_1_994' title='bbox 2666 5381 2921 5436; x_wconf 86' lang='lat' dir='ltr'><strong>terminus</strong></span> <span class='ocrx_word' id='word_1_995' title='bbox 2947 5398 3053 5437; x_wconf 88' lang='lat' dir='ltr'><strong>non</strong></span> <span class='ocrx_word' id='word_1_996' title='bbox 3078 5398 3195 5438; x_wconf 89' lang='lat' dir='ltr'><strong>esse</strong></span> <span class='ocrx_word' id='word_1_997' title='bbox 3224 5386 3525 5454; x_wconf 85' lang='lat' dir='ltr'><strong>propositus</strong></span> <span class='ocrx_word' id='word_1_998' title='bbox 3548 5395 3655 5453; x_wconf 89' lang='lat' dir='ltr'><strong>est,</strong></span> 
     </span>
    </p>
   </div>
   <div class='ocr_carea' id='block_1_118' title="bbox 2078 5480 3652 5553">
    <p class='ocr_par' dir='ltr' id='par_1_118' title="bbox 2078 5480 3652 5553">
     <span class='ocr_line' id='line_1_118' title="bbox 2078 5480 3652 5553; baseline 0.01 -22"><span class='ocrx_word' id='word_1_999' title='bbox 2078 5480 2239 5533; x_wconf 88' lang='lat' dir='ltr'><strong>veluti</strong></span> <span class='ocrx_word' id='word_1_1000' title='bbox 2286 5480 2329 5533; x_wconf 89' lang='lat' dir='ltr'><strong>si</strong></span> <span class='ocrx_word' id='word_1_1001' title='bbox 2384 5480 2451 5534; x_wconf 87' lang='lat' dir='ltr'><strong>sit</strong></span> <span class='ocrx_word' id='word_1_1002' title='bbox 2497 5499 2529 5534; x_wconf 91' lang='lat' dir='ltr'><strong>a</strong></span> <span class='ocrx_word' id='word_1_1003' title='bbox 2570 5483 2894 5552; x_wconf 87' lang='lat' dir='ltr'><strong>animalum,</strong></span> <span class='ocrx_word' id='word_1_1004' title='bbox 2948 5487 2975 5538; x_wconf 80' lang='grc' dir='ltr'><strong>ὁ</strong></span> <span class='ocrx_word' id='word_1_1005' title='bbox 3021 5486 3351 5553; x_wconf 88' lang='lat' dir='ltr'><strong>insensibile,</strong></span> <span class='ocrx_word' id='word_1_1006' title='bbox 3401 5507 3427 5541; x_wconf 80' lang='grc' dir='ltr'><strong>ε</strong></span> <span class='ocrx_word' id='word_1_1007' title='bbox 3474 5491 3652 5547; x_wconf 85' lang='lat' dir='ltr'><strong>vitale.</strong></span> 
     </span>
    </p>
   </div>
   <div class='ocr_carea' id='block_1_119' title="bbox 2080 5584 3654 5655">
    <p class='ocr_par' dir='ltr' id='par_1_119' title="bbox 2080 5584 3654 5655">
     <span class='ocr_line' id='line_1_119' title="bbox 2080 5584 3654 5655; baseline 0.006 -17"><span class='ocrx_word' id='word_1_1008' title='bbox 2080 5584 2208 5638; x_wconf 85' lang='lat' dir='ltr'><strong>Nam</strong></span> <span class='ocrx_word' id='word_1_1009' title='bbox 2239 5597 2457 5637; x_wconf 90' lang='lat' dir='ltr'><strong>necesse</strong></span> <span class='ocrx_word' id='word_1_1010' title='bbox 2482 5594 2563 5637; x_wconf 85' lang='lat' dir='ltr'><strong>est</strong></span> <span class='ocrx_word' id='word_1_1011' title='bbox 2588 5600 2709 5639; x_wconf 91' lang='lat' dir='ltr'><strong>esse</strong></span> <span class='ocrx_word' id='word_1_1012' title='bbox 2755 5587 3083 5655; x_wconf 81' lang='lat' dir='ltr'><strong>insensibile,</strong></span> <span class='ocrx_word' id='word_1_1013' title='bbox 3114 5591 3159 5644; x_wconf 89' lang='lat' dir='ltr'><strong>si</strong></span> <span class='ocrx_word' id='word_1_1014' title='bbox 3191 5606 3296 5646; x_wconf 90' lang='lat' dir='ltr'><strong>non</strong></span> <span class='ocrx_word' id='word_1_1015' title='bbox 3328 5592 3487 5647; x_wconf 87' lang='lat' dir='ltr'><strong>fuerit</strong></span> <span class='ocrx_word' id='word_1_1016' title='bbox 3534 5594 3654 5647; x_wconf 86' lang='lat' dir='ltr'><strong>ani-</strong></span> 
     </span>
    </p>
   </div>
   <div class='ocr_carea' id='block_1_120' title="bbox 2079 5688 3655 5769">
    <p class='ocr_par' dir='ltr' id='par_1_120' title="bbox 2079 5688 3655 5763">
     <span class='ocr_line' id='line_1_120' title="bbox 2079 5688 3655 5763; baseline 0.01 -27"><span class='ocrx_word' id='word_1_1017' title='bbox 2079 5694 2306 5748; x_wconf 86' lang='lat' dir='ltr'><strong>matum,</strong></span> <span class='ocrx_word' id='word_1_1018' title='bbox 2336 5701 2455 5739; x_wconf 90' lang='lat' dir='ltr'><strong>cum</strong></span> <span class='ocrx_word' id='word_1_1019' title='bbox 2486 5700 2614 5739; x_wconf 80' lang='lat' dir='ltr'><strong>vero</strong></span> <span class='ocrx_word' id='word_1_1020' title='bbox 2642 5688 2709 5740; x_wconf 88' lang='lat' dir='ltr'><strong>sit</strong></span> <span class='ocrx_word' id='word_1_1021' title='bbox 2741 5689 3069 5755; x_wconf 79' lang='lat' dir='ltr'><strong>insensibile,</strong></span> <span class='ocrx_word' id='word_1_1022' title='bbox 3101 5688 3213 5748; x_wconf 85' lang='lat' dir='ltr'><strong>fieri</strong></span> <span class='ocrx_word' id='word_1_1023' title='bbox 3237 5694 3450 5762; x_wconf 91' lang='lat' dir='ltr'><strong>quidem</strong></span> <span class='ocrx_word' id='word_1_1024' title='bbox 3482 5705 3655 5763; x_wconf 78' lang='lat' dir='ltr'><strong>potest</strong></span> 
     </span>
    </p>
   </div>
   <div class='ocr_carea' id='block_1_121' title="bbox 2078 5788 3653 5865">
    <p class='ocr_par' dir='ltr' id='par_1_121' title="bbox 2078 5788 3653 5865">
     <span class='ocr_line' id='line_1_121' title="bbox 2078 5788 3653 5865; baseline 0.006 -23"><span class='ocrx_word' id='word_1_1025' title='bbox 2078 5792 2261 5842; x_wconf 86' lang='lat' dir='ltr'><strong>utnon</strong></span> <span class='ocrx_word' id='word_1_1026' title='bbox 2289 5788 2453 5854; x_wconf 80' lang='lat' dir='ltr'><strong>vivat,</strong></span> <span class='ocrx_word' id='word_1_1027' title='bbox 2477 5789 2642 5847; x_wconf 82' lang='lat' dir='ltr'><strong>veluti</strong></span> <span class='ocrx_word' id='word_1_1028' title='bbox 2671 5788 2827 5860; x_wconf 84' lang='lat' dir='ltr'><strong>lapis,</strong></span> <span class='ocrx_word' id='word_1_1029' title='bbox 2861 5791 2975 5848; x_wconf 84' lang='lat' dir='ltr'><strong>fieri</strong></span> <span class='ocrx_word' id='word_1_1030' title='bbox 3001 5803 3178 5855; x_wconf 84' lang='lat' dir='ltr'><strong>autem</strong></span> <span class='ocrx_word' id='word_1_1031' title='bbox 3209 5804 3383 5865; x_wconf 82' lang='lat' dir='ltr'><strong>potest</strong></span> <span class='ocrx_word' id='word_1_1032' title='bbox 3413 5808 3470 5852; x_wconf 91' lang='lat' dir='ltr'><strong>ut</strong></span> <span class='ocrx_word' id='word_1_1033' title='bbox 3490 5799 3653 5863; x_wconf 83' lang='lat' dir='ltr'><strong>vivat,</strong></span> 
     </span>
    </p>
   </div>
  </div>
