4290 6272
597 270 695 364 εει

1848 308 1959 365 AN.
2000 308 2205 366 MANL.
2248 307 2395 363 SEV.
2438 309 2661 364 ΒΟΕΤΙΙ

3764 311 3869 365 8ὃῖ

596 419 761 474 veluti
806 419 999 482 arbor;
1051 427 1175 471 tunc
1224 427 1399 474 tamen
1440 432 1662 473 necesse
1704 428 1789 472 est
1840 434 1942 473 non
1975 420 2177 485 vivere,
2212 418 2264 479 Α
2292 419 2585 491 syllogismi
2620 420 2774 493 ﬁunt,
2816 419 2864 475 si
2894 434 3001 474 non
3029 429 3112 476 est
3134 436 3166 473 (ι
3195 432 3319 485 cum
3348 421 3420 476 sit
3445 420 3495 485 b,
3527 430 3657 476 estc
3680 439 3697 487 ;
3724 423 3869 492 atqui

598 524 724 565 cum
764 508 833 562 sit
872 508 1211 573 insensibile,
1240 508 1453 577 quando
1499 509 1696 563 idcirco
1723 521 1805 565 est
1848 511 2177 574 insensibile,

597 599 722 667 quia
766 599 1056 651 animatum
1102 612 1207 652 non
1238 613 1358 653 esse
1394 601 1723 668 propositum
1755 609 1857 656 est.
1911 600 2182 671 Septimus

599 689 794 744 modus
845 689 1037 743 talibus
1084 689 1328 743 terminis
1372 689 1531 745 debet
1580 704 1701 745 esse
1729 698 2031 756 contextus,
2065 699 2123 745 ut
2152 690 2181 743 b

600 777 816 848 quidem
850 779 967 832 sine
996 796 1028 833 a
1053 794 1173 833 esse
1220 794 1323 832 non
1371 779 1561 851 possit,
1595 796 1621 831 ο
1647 789 1824 835 autem
1870 781 1912 833 si
1958 795 2062 837 non
2092 781 2181 845 sit,

604 871 634 924 b
665 883 785 925 esse
825 880 877 923 et
908 885 1011 934 non
1052 884 1172 925 esse
1203 870 1396 939 possit;
1449 879 1575 924 tunc
1605 880 1778 923 tamen
1810 885 2031 925 necesse.
2058 871 2130 924 sit
2159 886 2185 921 c

601 962 888 1016 terminum
918 975 1068 1027 esse,
1102 961 1145 1014 si
1177 976 1279 1015 non
1312 961 1382 1015 sit
1410 960 1457 1027 b,
1491 976 1610 1015 cum
1644 962 1844 1017 idcirco
1874 962 1902 1015 b
1934 978 2037 1016 nou
2068 976 2188 1016 esse

598 1038 832 1123 positum
864 1053 954 1115 sit,
983 1052 1232 1121 quoniam
1256 1070 1288 1105 a
1312 1053 1483 1105 fuerat
1511 1051 1848 1127 denegatum.
1882 1052 1961 1107 Sit
1993 1052 2133 1105 enim
2157 1070 2190 1105 ιι

604 1128 820 1212 quidem
853 1143 1167 1207 animatum,
1201 1144 1228 1196 b
1259 1158 1387 1199 vero
1418 1144 1695 1207 sensibile,
1728 1161 1754 1197 c
1786 1144 2035 1207 invitale;
2068 1159 2190 1198 sen-

606 1237 766 1290 sibile
807 1236 968 1305 igitur
1008 1252 1129 1290 esse
1167 1251 1274 1292 non
1320 1246 1494 1305 potest
1526 1236 1626 1290 nisi
1670 1234 1827 1289 fuerit
1875 1236 2186 1291 animatum.

606 1332 658 1381 Si
711 1328 867 1398 igitur
914 1344 1019 1383 non
1081 1330 1151 1384 sit
1197 1320 1510 1393 animatum,
1547 1344 1650 1387 nOn
1693 1330 1795 1383 erit
1843 1330 2113 1394 sensibile,
2145 1328 2190 1395 si

608 1438 737 1478 vero
770 1440 871 1476 non
906 1424 974 1477 sit
1002 1423 1277 1487 sensibile,
1314 1432 1485 1492 potest
1525 1437 1643 1477 esse
1684 1422 1919 1485 iuvitale,
1959 1422 2102 1475 velut
2139 1425 2188 1475 in

611 1513 905 1583 lapidibus;
937 1514 1073 1568 idem
1110 1524 1284 1583 pote~t
1315 1529 1418 1568 non
1443 1529 1582 1577 esse,
1614 1513 1762 1567 velut
1794 1514 1843 1565 in
1877 1512 2188 1577 arboribus;

613 1617 741 1665 tunc
796 1615 972 1658 tamen
1028 1604 1268 1659 sensibili
1316 1605 1576 1673 denegati)
1611 1603 1827 1657 iuvitale
1869 1618 2085 1669 necesse
2114 1612 2196 1657 est

612 1713 766 1769 esse,
805 1714 925 1752 cum
960 1699 1160 1753 idcirco
1200 1714 1302 1751 non
1340 1697 1406 1751 sit
1435 1698 1704 1761 sensibile,
1755 1697 1872 1766 quin
1907 1697 2195 1749 animatum

2286 526 2392 573 non
2427 521 2508 566 est
2541 529 2593 579 a,
2626 527 2745 566 cum
2786 512 2948 582 igitur
2977 513 3045 566 sit
3078 513 3127 577 ὁ,
3155 523 3238 569 εει
3268 530 3328 580 c;
3356 514 3436 569 vel
3469 514 3540 567 ita
3576 531 3589 569 :
3619 514 3760 583 atqui
3790 525 3874 570 est

2287 620 2339 673 α,
2370 619 2490 657 cum
2524 603 2681 673 igitur
2712 603 2780 657 sit
2813 604 2863 667 b,
2889 617 2994 656 non
3027 612 3108 657 est
3135 604 3305 667 c;vel
3336 604 3406 667 ita
3440 621 3453 657 :
3484 605 3629 674 atqui
3659 619 3778 658 cum
3801 605 3875 659 sit

2282 682 2340 758 Ab,
2372 709 2475 748 non
2521 706 2601 749 est
2630 711 2677 758 c,
2713 704 2793 748 est
2824 694 2985 762 igitur
3010 711 3077 762 a;
3106 695 3191 751 vel
3235 699 3311 751 sic
3341 715 3352 749 :
3394 699 3541 766 atqui
3567 713 3684 755 cum
3726 699 3793 751 sit
3823 698 3870 764 b,

2290 794 2373 841 est
2400 803 2446 853 ο,
2479 800 2582 839 non
2612 794 2696 840 est
2726 785 2887 855 igitur
2915 804 2963 839 α.
2996 787 3146 853 Quod
3180 787 3377 841 idcirco
3397 788 3578 843 evenit
3609 798 3666 843 ut
3694 788 3877 858 hujus-

2294 875 2440 929 modi
2474 875 2771 945 propositio
2812 885 3037 944 quatuor
3074 877 3293 947 colligat
3335 880 3708 950 syllogismos,
3754 881 3876 949 quia

2295 966 2346 1019 in
2382 966 2462 1019 bis
2494 974 2695 1019 tantum
2743 967 2788 1020 si
2818 982 2920 1019 non
2954 967 3023 1029 sit
3054 968 3273 1036 aliquid,
3304 982 3424 1023 esse
3469 969 3613 1024 aliud
3647 971 3876 1039 prOponi

2298 1064 2492 1124 potest,
2520 1057 2568 1108 in
2619 1056 2814 1125 quibus
2859 1058 3125 1112 contraria
3162 1058 3535 1114 medietatibus
3558 1070 3785 1125 carent;
3822 1063 3875 1115 in

2298 1147 2380 1200 bis
2420 1148 2564 1201 enim
2591 1148 2671 1202 vel
2706 1148 3025 1218 interempto
3058 1149 3225 1205 altero
3254 1150 3479 1204 alterum
3524 1152 3757 1220 ponitur,
3793 1153 3878 1205 vel

2294 1240 2471 1315 posito
2493 1239 2680 1306 altero,
2699 1238 2921 1292 alterum
2939 1254 3159 1294 necesse
3179 1250 3260 1295 est
3277 1242 3588 1311 perimatur.
3608 1241 3684 1296 Ex
3700 1252 3876 1308 sexta,

2302 1329 2347 1381 si
2392 1343 2496 1382 non
2528 1328 2597 1380 sit
2639 1345 2688 1391 α,
2723 1344 2842 1382 cum
2866 1329 2934 1383 sit
2962 1329 3012 1397 b,
3044 1344 3148 1384 non
3181 1342 3262 1385 est
3290 1348 3346 1397 c;
3378 1331 3526 1401 atqui
3565 1347 3669 1386 non
3716 1346 3798 1386 cst
3825 1350 3879 1397 α,

2300 1434 2421 1473 cum
2453 1420 2611 1491 igitur
2641 1420 2711 1475 sit
2742 1422 2791 1485 b,
2828 1438 2930 1476 non
2958 1434 3039 1477 est
3061 1424 3118 1489 c,‘
3147 1424 3229 1477 vel
3259 1424 3330 1478 ita
3363 1444 3375 1477 :
3409 1425 3556 1494 atqui
3587 1442 3706 1487 cum
3735 1426 3801 1480 sit
3826 1426 3878 1491 b,

2301 1520 2385 1565 est
2409 1528 2455 1576 c,
2486 1512 2643 1581 igitur
2669 1525 2748 1567 est
2776 1532 2828 1571 α.
2862 1514 2935 1568 Ex
2962 1516 3211 1585 septima,
3238 1518 3283 1571 si
3312 1531 3416 1572 non
3444 1524 3526 1571 est
3544 1535 3599 1591 Aa,
3626 1533 3748 1583 cum
3776 1533 3878 1581 non

2302 1604 2369 1655 sit
2395 1603 2443 1663 ὁ,
2478 1613 2556 1656 εει
2583 1620 2642 1668 c;
2674 1604 2817 1675 atqui
2868 1622 2971 1659 non
3004 1615 3087 1659 est
3112 1622 3178 1673 α,
3224 1621 3342 1673 cum
3393 1606 3553 1675 igitttr
3602 1624 3706 1663 non
3736 1609 3804 1671 sit
3826 1608 3876 1683 bl

2304 1701 2385 1746 est
2418 1709 2474 1757 c;
2508 1695 2587 1745 vel
2623 1696 2689 1746 ita
2721 1710 2734 1745 :
2768 1696 2914 1764 atqui
2942 1706 3021 1749 est
3052 1713 3105 1770 α,
3136 1710 3257 1749 cum
3287 1696 3447 1766 igitur
3474 1711 3579 1751 non
3605 1702 3673 1752 sit
3697 1696 3744 1764 ὑ,
3776 1713 3878 1759 non

604 1804 723 1855 pou
754 1806 874 1845 esse
904 1790 1134 1855 positum
1161 1800 1261 1843 est.
1294 1790 1488 1842 Octava
1522 1788 1813 1857 propositio
1844 1787 1925 1840 bis
1957 1786 2196 1840 terminis
2224 1783 2273 1844 Β
2300 1794 2379 1837 εει
2408 1800 2468 1848 c;
2517 1787 2597 1837 vel
2655 1785 2722 1837 ita
2752 1802 2765 1837 :
2793 1787 2935 1855 atqui
2984 1801 3103 1839 cum
3154 1802 3261 1840 non
3302 1787 3371 1841 sit
3399 1787 3451 1854 b,
3484 1803 3586 1841 non
3616 1798 3696 1855 est
3724 1805 3770 1863 ρ,
3797 1801 3881 1843 εει

615 1880 978 1937 connectenda
1028 1890 1129 1943 est,
1175 1889 1231 1933 ut
1269 1881 1296 1932 b
1330 1882 1591 1933 terminus
1628 1893 1745 1932 esse
1786 1895 1887 1930 non
1927 1878 2115 1945 possit,
2149 1878 2195 1929 si

617 1986 722 2037 non
754 1973 914 2028 fuerit
942 1990 993 2038 a,
1027 1989 1147 2027 cum
1180 1989 1308 2027 vero
1340 1988 1442 2027 non
1475 1974 1542 2026 sit
1570 1973 1621 2037 b,
1656 1972 1915 2025 terminus
1944 1988 1970 2023 c
2000 1981 2054 2024 et
2093 1986 2197 2024 non

617 2079 740 2118 esse
765 2074 819 2118 et
850 2080 968 2119 esse
993 2064 1178 2133 possit.
1226 2065 1330 2119 Sed
1375 2075 1499 2118 tunc
1532 2077 1751 2118 necesse
1779 2063 1848 2116 sit
1867 2078 1893 2115 c
1917 2063 2198 2115 terminum

622 2169 728 2208 non
762 2169 902 2219 esse,
936 2172 1056 2209 cum
1101 2171 1205 2208 non
1238 2156 1394 2209 fuerit
1430 2154 1479 2218 b,
1516 2169 1635 2207 cum
1677 2151 1876 2207 idcirco
1908 2168 2010 2205 non
2054 2154 2121 2205 sit
2149 2153 2196 2216 ὁ,

620 2247 743 2318 quia
774 2263 804 2299 a
835 2247 1092 2302 terminus
1131 2246 1275 2317 prius
1316 2260 1434 2300 esse
1465 2253 1685 2312 negatus
1726 2253 1828 2306 est,
1879 2253 1936 2296 ut
1980 2245 2023 2296 si
2074 2244 2203 2297 sita

618 2340 835 2409 quidem
868 2341 1192 2403 animatum,
1229 2338 1256 2391 b
1282 2353 1409 2395 vero
1439 2336 1715 2398 sensibile,
1755 2352 1781 2387 ι’
1804 2335 1982 2400 vitale,
2030 2337 2202 2389 sensi-

623 2432 727 2489 biYe
775 2433 932 2503 igitur
975 2448 1095 2488 esse
1145 2447 1249 2486 non
1299 2439 1472 2500 potest
1524 2431 1623 2483 nisi
1677 2429 1833 2483 fuerit
1878 2428 2201 2493 animatum;

622 2527 764 2577 idem
807 2535 981 2578 tamen
1015 2524 1270 2578 sensibile
1310 2524 1355 2576 si
1389 2538 1491 2574 non
1524 2522 1609 2584 sit,
1643 2530 1697 2575 et
1722 2534 1841 2574 esse
1872 2529 1924 2573 et
1952 2536 2057 2572 non
2087 2533 2207 2575 esse

624 2614 791 2669 vitale
829 2623 1027 2683 potest,
1080 2629 1185 2667 non
1234 2628 1376 2678 esse,
1428 2623 1484 2666 ut
1533 2611 1755 2681 lapides,
1787 2626 1903 2665 esse
1948 2609 2123 2676 vitale,
2152 2619 2209 2663 ut

625 2707 878 2779 arbores;
934 2714 1059 2760 tunc
1108 2716 1284 2759 tamen
1336 2719 1559 2758 necesse
1616 2713 1699 2758 est
1727 2704 1891 2758 vitale
1932 2721 2035 2758 non
2068 2718 2206 2769 esse,

624 2798 670 2851 si
703 2812 806 2850 non
854 2796 922 2859 sit
951 2795 1203 2851 sensibile
1225 2840 1238 2863 ,
1278 2810 1396 2850 cum
1428 2794 1627 2849 idcirco
1666 2794 1918 2848 sensibile
1968 2809 2071 2849 non
2103 2803 2207 2860 est,

625 2890 748 2960 quia
781 2890 926 2959 prius
949 2889 1240 2951 animatum
1262 2904 1384 2943 esse
1410 2898 1658 2959 negatum
1691 2897 1793 2942 est.
1830 2888 1908 2945 Ex
1940 2887 2020 2940 bis
2050 2888 2213 2956 igitur

625 2962 835 3037 constat
862 2998 889 3035 c
917 2984 1221 3045 terminum,
1253 2996 1466 3059 quoquo
1497 2981 1655 3034 modo
1685 2979 1843 3034 fuerit
1874 2983 1920 3044 b,
1954 2979 2005 3031 in
2032 2979 2214 3032 condi-

629 3074 915 3137 tionalibus
958 3074 1431 3144 propositionibus,
1479 3089 1594 3142 qua:
1627 3072 1679 3137 in
1714 3080 1818 3125 tota
1849 3071 2213 3125 enuntiatione

2305 1876 2462 1941 igitur
2486 1891 2547 1937 a;
2577 1874 2662 1936 vel
2696 1879 2763 1927 ita
2800 1894 2808 1925 :
2840 1878 2985 1944 atqui
3027 1892 3149 1931 cum
3182 1892 3287 1931 non
3311 1878 3378 1931 sit
3410 1878 3461 1939 ὁ,
3492 1890 3569 1941 est
3588 1894 3637 1951 ε,
3665 1894 3770 1943 non
3794 1888 3880 1943 est

2304 1964 2463 2031 igitur
2485 1981 2534 2017 a.
2566 1965 2619 2018 ln
2645 1968 2742 2018 hac
2765 1982 2977 2034 quoque
3002 1968 3373 2037 complexione
3396 1968 3613 2039 propter
3636 1969 3880 2033 eamdem

2304 2073 2516 2110 causam
2545 2067 2773 2127 quatuor
2802 2059 3147 2114 cullectiones
3180 2060 3331 2114 ﬁunt.
3366 2060 3439 2113 Ex
3470 2070 3674 2137 octava,
3706 2061 3748 2116 si
3777 2077 3879 2114 non

2306 2162 2385 2203 est
2412 2168 2461 2212 α,
2497 2165 2617 2204 cum
2658 2166 2763 2205 non
2802 2153 2871 2205 sit
2903 2152 2953 2217 ὁ,
2986 2167 3089 2205 non
3140 2160 3219 2207 est
3254 2168 3315 2216 c;
3365 2153 3509 2222 atqui
3560 2168 3664 2206 non
3712 2163 3793 2217 est
3824 2170 3879 2227 tt,

2306 2257 2423 2296 cum
2471 2243 2633 2312 igitur
2664 2257 2767 2297 non
2811 2243 2947 2307 sitb,
2983 2257 3089 2296 non
3124 2250 3206 2296 est
3232 2258 3289 2308 c;
3319 2243 3397 2296 vel
3429 2242 3500 2295 ita
3535 2258 3550 2297 :
3584 2243 3726 2311 atqui
3758 2257 3880 2295 cum

2310 2354 2413 2390 non
2444 2339 2513 2391 sit
2544 2337 2593 2399 b,
2629 2348 2711 2392 est
2735 2354 2779 2402 c,
2812 2346 2893 2391 est
2935 2338 3093 2406 igitur
3121 2354 3171 2388 α.
3227 2334 3279 2388 in
3306 2334 3388 2387 his
3418 2344 3643 2403 quatuor
3671 2350 3882 2404 quoque

2309 2429 2788 2497 propositionibus,
2811 2428 2854 2481 si
2877 2427 3087 2494 quidem
3116 2443 3146 2478 a
3175 2441 3278 2479 non
3308 2435 3389 2479 est
3408 2440 3525 2479 esse
3555 2436 3882 2491 assumatur,

2312 2537 2338 2571 ε
2369 2520 2628 2573 terminus
2658 2520 2741 2572 vel
2763 2533 2881 2572 esse
2904 2518 2987 2572 vel
3014 2533 3118 2570 non
3148 2531 3268 2571 esse
3290 2515 3646 2570 concluditur.
3676 2515 3733 2570 Si
3757 2530 3887 2570 vero

2314 2626 2341 2663 ο
2370 2624 2488 2663 cum
2516 2618 2598 2663 est
2628 2626 2730 2663 non
2754 2623 2894 2674 esse,
2914 2609 3005 2663 vel
3023 2623 3141 2662 cum
3172 2623 3276 2661 non
3303 2616 3385 2663 εει
3410 2622 3531 2662 esse
3559 2616 3884 2673 assumatur,

2315 2718 2346 2753 a
2370 2703 2627 2755 terminus
2656 2717 2869 2771 semper
2894 2715 3013 2755 esse
3034 2700 3389 2764 concluditur,
3422 2699 3526 2754 nisi
3548 2700 3602 2753 in
3627 2700 3812 2769 quinto
3836 2709 3890 2755 et

2314 2793 2543 2861 septimo
2574 2802 2775 2845 tantum
2804 2791 2995 2856 modis,
3032 2790 3119 2843 ubi
3149 2806 3268 2845 cum
3304 2807 3332 2843 c
3360 2803 3481 2844 esse
3510 2802 3827 2855 assumatur,
3857 2807 3890 2844 a

2315 2901 2422 2938 non
2452 2899 2572 2939 esse
2609 2892 2955 2937 monstratur.
3006 2882 3255 2935 Omnium
3294 2896 3423 2943 vero
3463 2882 3762 2936 communis
3811 2892 3889 2936 est

2316 2979 2472 3041 ratio,
2508 2986 2699 3044 praeter
2740 2977 2980 3043 quintum
3012 2986 3074 3027 ac
3106 2973 3392 3041 septimum
3440 2972 3675 3035 modum,
3704 2982 3761 3026 ut
3787 2974 3829 3026 si
3858 2990 3891 3027 α

2317 3068 2576 3122 terminus
2606 3068 2675 3120 ita
2706 3075 3039 3132 assumatur,
3072 3065 3341 3134 quomodo
3372 3067 3424 3118 in
3460 3065 3626 3133 prima
3652 3064 3893 3119 enuntiao

626 3177 753 3236 post
785 3168 1151 3236 pra‘dicativas
1179 3166 1445 3230 locantur,
1478 3180 1637 3236 posse
1684 3173 1787 3218 tam
1833 3165 1950 3218 loco
1981 3162 2214 3217 aftirtna-
2242 3158 2288 3223 C
2320 3160 2463 3213 tione
2494 3160 2792 3227 propositus
2822 3170 2906 3211 εει
2931 3199 2943 3219 .
2974 3156 3210 3211 conditio
3239 3170 3357 3225 qua:
3389 3157 3649 3225 sequitur,
3686 3157 3736 3210 in
3766 3171 3891 3209 cou-

630 3259 792 3313 tionis
836 3272 996 3327 quam
1026 3258 1323 3333 negatioois
1369 3256 1606 3321 assumi,
1657 3270 1726 3311 ex
1756 3255 1952 3323 quibus
1999 3268 2213 3305 assunt-

635 3350 907 3413 ptiouibus
949 3330 1101 3403 ﬁunt“
1122 3348 1521 3423 complexiones
1553 3346 1713 3400 variae
1758 3345 2213 3414 syllogismorum.

631 3439 723 3497 llis
776 3439 937 3515 igitur
988 3442 1057 3492 ita
1104 3440 1388 3508 expeditis,
1418 3439 1486 3492 de
1531 3439 1777 3490 omnibus
1829 3439 1878 3490 in
1932 3451 2215 3491 commune

632 3528 1050 3598 praecipiendum
1073 3529 1308 3592 videtur;
1335 3544 1453 3583 nam
1474 3544 1593 3582 cum
1623 3527 1731 3580 sint
1754 3537 1873 3581 octo
1895 3527 2214 3595 propositio-

631 3636 727 3679 nes
775 3634 891 3695 quat
934 3634 1006 3677 ex
1036 3618 1378 3695 prtedicativa
1421 3619 1866 3688 bypotlteticaque
1907 3627 2213 3684 nectuntur,

631 3727 750 3780 quae
778 3692 1037 3780 superius
1065 3710 1310 3775 ascripta:
1338 3720 1493 3775 sunt,
1535 3723 1715 3763 earum
1749 3717 1975 3778 quatuor
2016 3709 2087 3762 ita
2140 3710 2217 3762 fa-

632 3803 783 3855 ciunt
803 3802 1262 3868 consequentiam,
1288 3801 1329 3854 si
1354 3818 1383 3852 a
1410 3799 1669 3854 terminus
1700 3800 1801 3863 sit;
1838 3810 2063 3870 quatttor
2090 3816 2217 3857 vero

632 3893 706 3951 ita
747 3893 1107 3955 conditionem
1158 3902 1484 3962 proponunt,
1538 3902 1594 3946 ut
1636 3912 1666 3945 a
1705 3894 1964 3947 terminus
1992 3909 2094 3947 nou
2127 3896 2216 3949 sit.

636 3983 796 4039 Fiunt
828 4000 955 4039 vero
1001 4001 1065 4039 ex
1102 3984 1185 4038 bis
1232 3985 1523 4054 syllogismi
1569 3984 1668 4039 boc
1714 3986 1892 4038 modo.
1936 3987 2010 4038 Ex
2051 3986 2219 4054 prima

635 4078 1018 4148 propositione,
1048 4078 1090 4131 si
1123 4086 1204 4131 est
1227 4093 1279 4138 α,
1325 4092 1446 4131 ειιιιι
1476 4077 1544 4129 sit
1572 4076 1620 4140 b,
1651 4086 1732 4130 est
1764 4093 1822 4141 c;
1874 4077 2017 4146 atqui
2053 4086 2133 4131 est
2163 4095 2215 4145 a,

628 4150 760 4223 ἐιιηι
805 4170 963 4239 igitur
1005 4170 1074 4223 sit
1103 4169 1152 4232 b,
1202 4179 1284 4222 εει
1313 4185 1359 4229 r,
1414 4170 1497 4222 vel
1544 4170 1622 4221 sic
1653 4184 1667 4223 :
1701 4171 1843 4237 atqui
1895 4186 2013 4223 cum
2070 4172 2138 4225 sit
2166 4171 2217 4237 ὁ,

636 4274 738 4314 non
772 4270 854 4313 est
882 4276 926 4322 c,
961 4275 1062 4312 non
1094 4271 1172 4311 εει
1206 4258 1363 4328 igitur
1392 4276 1441 4313 a.
1499 4259 1661 4314 Posse
1699 4272 1881 4314 autem
1915 4263 2218 4330 hujusmodi

635 4366 758 4407 esse
786 4353 1203 4418 assumptionem
1234 4366 1297 4403 ex
1326 4352 1571 4418 superius
1603 4351 1867 4421 descripta
1899 4353 2219 4421 propositio-

638 4458 762 4496 num
792 4454 974 4498 natura
1018 4442 1374 4512 cognoscitur.
1424 4443 1499 4496 Ex
1545 4444 1777 4498 secunda
1824 4446 2213 4516 propositione,

2316 3252 2558 3307 clusione
2601 3250 2859 3305 ﬁrmetur.
2932 3249 2989 3304 Si
3039 3264 3169 3304 vero
3208 3248 3446 3304 conditio
3489 3264 3607 3319 quae
3651 3250 3891 3318 sequitur

2316 3342 2589 3398 contrario
2617 3343 2774 3397 modo
2821 3352 2980 3411 atque
3011 3343 3064 3396 in
3102 3343 3467 3397 enuntiatione
3514 3341 3779 3411 proposita
3807 3350 3893 3395 est

2314 3445 2639 3497 assumatur,
2690 3436 2988 3500 eategorica
3037 3436 3349 3503 propositio,
3398 3449 3517 3501 quas
3559 3435 3728 3503 prima
3780 3444 3894 3502 est,

2316 3526 2672 3581 interimatur.
2731 3524 2785 3577 In
2828 3528 3057 3591 septimo
3096 3540 3227 3579 vero
3255 3525 3335 3579 vel
3361 3524 3549 3594 quinto
3580 3526 3740 3578 modo
3765 3540 3898 3594 qua-

2317 3632 2423 3684 que
2467 3616 2676 3671 ratione
2710 3626 3039 3683 assumptum
3081 3617 3329 3679 alterum,
3366 3617 3417 3670 in
3462 3618 3698 3679 utrisque
3736 3616 3899 3686 parti-

2322 3708 2421 3762 bus
2468 3708 2623 3770 faciet
2668 3709 3094 3763 conclusionem.
3146 3710 3326 3777 Itaque
3375 3710 3507 3763 ﬁunt
3554 3712 3783 3765 sedecim
3813 3712 3895 3765 vel

2325 3800 2503 3870 viginti
2530 3800 2704 3868 potius
2730 3800 3021 3867 syllogismi
3046 3817 3062 3854 :
3089 3809 3212 3853 octo
3228 3801 3464 3870 quidem,
3486 3802 3528 3854 si
3555 3820 3586 3854 a
3616 3801 3894 3863 terminus,

2324 3904 2382 3949 ut
2407 3904 2489 3949 est
2515 3895 2840 3963 propositus,
2891 3903 3222 3957 assumatur;
3255 3906 3377 3949 octo
3404 3910 3553 3959 vero,
3598 3896 3641 3949 si
3672 3912 3697 3947 ε
3719 3895 3899 3948 termi-

2320 4003 2455 4052 nus,
2489 4002 2751 4042 converso
2780 3986 2940 4038 modo
2972 3995 3129 4055 atque
3160 3988 3212 4040 in
3245 3987 3611 4056 propositione
3642 3997 3720 4040 est
3750 3987 3894 4054 posi-

2322 4091 2430 4143 tus,
2461 4089 2781 4135 assumatur.
2830 4080 3071 4144 Quatuor
3118 4094 3247 4134 vero
3280 4095 3342 4133 ex
3374 4082 3601 4144 septimo
3628 4090 3679 4132 et
3710 4080 3899 4147 quinto

2320 4173 2498 4226 modis
2528 4172 2809 4240 utrobique
2840 4170 3154 4225 facientibus
3179 4171 3591 4225 conclusionem.
3651 4171 3896 4238 Reliquis

2328 4279 2453 4316 vero
2482 4262 2944 4329 complexionibus
2976 4263 3116 4317 nulla
3147 4273 3227 4318 est
3255 4260 3631 4329 consequentia
3657 4260 3894 4313 necessi-

2326 4354 2467 4406 tatis.
2512 4352 2578 4406 Ut
2607 4362 2782 4405 autrm
2814 4353 3025 4419 planior
3074 4352 3373 4408 intellectus
3397 4352 3572 4413 ﬁeret,
3600 4351 3742 4421 ipsas
3776 4366 3901 4419 pro-

2326 4442 2619 4511 positiones
2640 4458 2760 4496 cum
2789 4444 2897 4497 suis
2927 4444 3169 4497 terminis
3197 4443 3395 4513 positas
3424 4444 3695 4504 annotavi,
3731 4450 3785 4495 ut
3815 4456 3901 4496 se.

636 4535 679 4587 si
705 4542 786 4587 est
810 4550 841 4585 a
867 4548 989 4587 cum
1018 4534 1086 4587 sit
1110 4535 1157 4599 b,
1194 4550 1297 4586 nou
1316 4543 1411 4588 est
1434 4550 1494 4598 c;
1531 4535 1676 4603 atqui
1711 4545 1793 4588 est
1823 4552 1875 4599 α,
1910 4551 2029 4588 cum
2062 4537 2220 4604 igitur
2248 4532 2299 4591 D
2320 4535 2555 4588 cundum
2588 4534 2867 4600 praedictos
2895 4535 3321 4602 assumptionum
3348 4534 3536 4589 modos
3564 4548 3669 4588 non
3691 4533 3900 4588 ratione

635 4626 703 4679 sit
733 4626 781 4691 b,
816 4641 919 4680 non
950 4638 1030 4680 est
1055 4642 1120 4698 c;
1163 4627 1245 4679 vel
1272 4626 1342 4680 ita
1377 4644 1389 4679 :
1424 4628 1567 4696 atqui
1600 4643 1718 4681 cum
1751 4629 1820 4681 sit
1846 4629 1894 4691 tr,
1920 4639 1997 4681 est
2028 4646 2074 4693 c,
2111 4645 2215 4684 non

635 4725 716 4768 cst
741 4714 902 4783 igitur
925 4732 976 4768 a.
1014 4717 1089 4770 Ex
1117 4716 1297 4780 tertia,
1321 4717 1363 4769 si
1393 4725 1476 4771 est
1505 4733 1556 4781 a,
1581 4731 1703 4771 cum
1734 4734 1839 4771 non
1871 4719 1938 4772 sit
1967 4720 2017 4785 b,
2050 4730 2130 4773 est
2160 4738 2219 4785 c;

631 4807 778 4874 atqui
812 4815 891 4860 est
917 4822 971 4871 a,
1002 4821 1120 4859 cum
1153 4808 1311 4875 igitur
1343 4822 1444 4860 non
1470 4807 1541 4860 sit
1566 4808 1615 4870 b,
1651 4824 1757 4863 non
1785 4819 1868 4863 est
1896 4827 1952 4872 c;
1981 4811 2060 4865 vel
2108 4788 2217 4867 ita‘:

635 4895 783 4961 atqui
813 4910 931 4949 cum
962 4911 1067 4950 non
1095 4896 1164 4949 sit
1192 4897 1242 4964 ὁ,
1273 4911 1379 4951 non
1404 4907 1486 4951 est
1510 4915 1557 4964 c,
1589 4912 1693 4952 non
1725 4910 1807 4953 est
1843 4900 2002 4969 igitur
2030 4922 2081 4954 ιι.
2138 4904 2219 4958 Ex

634 5004 846 5063 quarta,
875 4996 920 5049 si
952 5003 1035 5050 est
1058 5010 1111 5059 a,
1140 5009 1262 5049 cum
1296 5010 1400 5049 non
1433 4996 1505 5048 sit
1532 4995 1583 5058 ὁ,
1618 5011 1723 5049 non
1755 5007 1837 5050 est
1878 5013 1940 5059 c;
1967 5000 2111 5069 atqui
2139 5012 2221 5055 est

634 5112 686 5157 α,
737 5108 857 5148 cum
910 5094 1069 5163 igitur
1115 5107 1219 5147 non
1248 5092 1315 5145 sit
1342 5094 1391 5156 b,
1415 5102 1496 5146 est
1524 5110 1582 5159 c;
1618 5094 1701 5148 vel
1752 5095 1822 5148 ita
1859 5114 1869 5147 :
1903 5099 2048 5165 atqui
2097 5113 2219 5155 cum

637 5199 742 5237 non
777 5184 846 5239 sit
869 5183 917 5248 b,
942 5192 1023 5239 est
1048 5197 1099 5248 c,
1127 5197 1232 5236 non
1252 5192 1332 5235 est
1354 5181 1514 5251 igitur
1538 5200 1591 5238 a.
1622 5184 1676 5237 In
1703 5184 1783 5238 bis
1808 5185 1967 5254 igitur
1994 5200 2220 5257 quatuor

636 5274 1123 5343 propositionibus,
1154 5273 1204 5328 in
1232 5274 1423 5343 quibus
1452 5291 1484 5329 α
1513 5276 1774 5331 terminus
1817 5292 1937 5334 esse
1968 5288 2219 5349 pr0p0ui-

634 5378 741 5434 tur,
770 5370 814 5423 si
842 5380 1170 5440 assumptum
1213 5370 1371 5427 fuerit
1408 5372 1652 5429 eumdem
1694 5392 1723 5426 a
1753 5377 2039 5432 terminum
2074 5394 2212 5447 esse,

634 5474 661 5511 ε
685 5461 941 5516 terminus
969 5463 1055 5519 vel
1085 5477 1203 5520 esse
1234 5462 1319 5519 νει
1351 5477 1457 5519 non
1489 5479 1609 5520 esse
1650 5476 1998 5523 monstratur.
2074 5470 2214 5525 Idem

635 5563 763 5605 vero
790 5552 891 5607 sic
923 5554 1179 5610 terminus
1204 5564 1530 5621 assumatur,
1560 5556 1821 5626 siquidem
1846 5574 1965 5613 cum
1998 5570 2079 5613 est
2109 5577 2213 5615 non

624 5654 776 5704 esse,
802 5643 884 5697 vel
911 5659 1031 5699 cum
1056 5660 1159 5699 non
1188 5654 1272 5701 est
1290 5660 1411 5701 esse
1432 5656 1754 5713 assumatur,
1775 5666 1805 5700 a
1829 5652 2088 5703 terminus
2110 5665 2214 5706 non

633 5737 1184 5795 mmoumabitur.
1219 5738 1297 5791 Ex
1334 5739 1517 5807 quinta
1550 5741 1714 5795 etiam
1745 5745 2111 5813 propositione
2140 5745 2211 5801 ita

2320 4629 2492 4687 solum
2534 4628 2916 4680 demonstratio
2957 4626 3128 4690 ﬁeret,
3168 4642 3353 4681 verum
3400 4627 3558 4685 etiam
3588 4641 3686 4695 per
3719 4640 3900 4680 exem-

2320 4721 2467 4787 plum
2497 4719 2837 4775 currentibus
2857 4718 3099 4774 doctrina
3126 4720 3320 4774 clarior
3346 4721 3698 4775 elucesceret.

2322 4831 2379 4885 Si
2420 4842 2502 4885 est
2537 4849 2570 4885 a
2606 4832 2784 4895 homo,
2825 4846 2944 4885 cum
2987 4832 3053 4885 sit
3093 4832 3121 4883 b
3159 4833 3471 4897 animatum,
3514 4841 3592 4887 est
3623 4848 3649 4883 c
3679 4831 3896 4884 animal.

2326 4920 2382 4975 Si
2424 4930 2504 4976 est
2541 4939 2572 4975 a
2611 4922 2791 4988 homo,
2833 4936 2952 4978 cum
2991 4922 3060 4976 sit
3096 4923 3125 4975 ὁ
3162 4923 3476 4986 animatum,
3512 4936 3614 4975 non
3646 4932 3726 4977 est
3758 4938 3784 4974 c
3813 4923 3895 4975 iu-

2396 5012 2668 5069 sensibile.

2325 5103 2383 5157 Si
2421 5112 2501 5155 est
2538 5120 2571 5156 a
2609 5104 2786 5169 homo,
2828 5118 2946 5158 cum
2986 5119 3092 5158 non
3123 5103 3238 5158 εἰιὸ
3269 5104 3582 5169 animatum,
3614 5114 3693 5157 est
3725 5118 3752 5154 c
3777 5118 3901 5156 seu-

2396 5194 2568 5249 sibile.

2323 5286 2379 5343 Si
2418 5296 2499 5341 est
2536 5304 2567 5339 a
2606 5287 2787 5355 homo,
2829 5303 2949 5343 cum
2992 5303 3093 5343 non
3124 5288 3191 5344 sit
3221 5289 3249 5341 ὁ
3278 5289 3592 5358 animatum,
3629 5302 3733 5342 non
3765 5296 3844 5340 est
3870 5298 3899 5337 ε

2396 5380 2725 5435 insensibile.

2318 5469 2373 5526 Si
2415 5486 2518 5525 non
2560 5480 2643 5526 est
2678 5488 2710 5525 a
2738 5470 3047 5536 animatum,
3083 5486 3203 5527 cum
3233 5471 3305 5525 sit
3335 5472 3363 5525 ὁ
3394 5471 3726 5535 insensibile,
3760 5478 3840 5525 est
3868 5481 3899 5522 θ

2387 5565 2623 5619 invitale.

2318 5654 2373 5711 Si
2415 5673 2520 5711 non
2561 5666 2642 5710 est
2677 5673 2710 5709 η
2746 5655 3056 5721 animatum,
3107 5672 3227 5711 cum
3258 5657 3324 5711 sit
3371 5659 3398 5711 ὸ
3428 5656 3758 5728 insensibile,
3791 5667 3901 5717 non

2389 5755 2473 5801 est
2496 5764 2521 5801 c
2544 5747 2748 5802 vivens.
