4290 6272
399 324 503 379 8'55

1474 308 1562 365 DE
1603 302 2025 363 SYLLOGISMO
2063 300 2560 361 HYPOTHETICO.

3549 284 3672 354 8“.

398 437 452 492 Si
492 448 599 488 non
636 437 719 487 est
756 444 787 483 α
824 426 1135 491 animatum,
1164 434 1283 479 eum
1312 434 1418 477 non
1442 422 1513 477 sit
1542 419 1861 487 bsensibile,
1886 427 1967 474 est
1995 420 2049 481 Α
2078 416 2298 471 Sextam
2344 429 2472 471 vero
2524 414 2943 484 propositionem
2996 408 3117 467 talia
3173 406 3370 467 debent
3411 410 3653 466 membra

466 545 491 580 c
521 525 759 581 invitale.

399 620 454 677 Si
487 635 590 672 non
616 625 698 672 est
725 634 757 670 a
783 615 1245 680 animatumreum
1276 622 1383 665 non
1410 608 1480 663 sit
1506 606 1534 660 ὁ
1560 602 1835 671 sensibile,
1865 617 1973 659 non

468 720 549 764 est
579 726 605 761 c
635 707 808 762 vitale.

401 801 676 868 Expeditis
708 801 864 869 igitur
892 798 975 850 bis
1003 793 1325 867 syllogismis
1345 792 1433 862 qui
1465 806 1531 845 ex
1559 789 1752 843 talibus
1779 801 1975 858 propo-

404 891 686 946 sitionibus
711 891 860 951 ﬁunt,
892 901 1009 956 quae
1028 886 1200 955 prima
1228 882 1591 952 praedicativa,
1621 879 1853 935 secunda
1878 880 1975 948 by-

402 982 670 1050 p0tbetica
699 977 1036 1048 copulantur,
1081 988 1221 1029 nunc
1248 973 1312 1027 ad
1341 987 1440 1029 eos
1484 973 1763 1028 transitum
1814 971 1975 1025 facia-

403 1084 543 1135 mus,
578 1067 668 1139 qui
710 1082 775 1121 ex
808 1068 978 1134 prima
1004 1063 1376 1130 conditionali,
1405 1061 1638 1116 secunda
1670 1075 1799 1115 vero
1838 1074 1976 1130 prae-

401 1162 630 1217 dieativa
715 1164 1037 1222 nectuntur,
1108 1171 1335 1225 quarum
1408 1154 1645 1208 omnium
1724 1166 1977 1206 numerus

403 1254 677 1321 ponendus
722 1258 829 1307 est.
857 1256 917 1300 ut
959 1247 1027 1305 de
1054 1248 1250 1319 quibus
1277 1247 1556 1317 loquamur
1596 1246 1762 1301 lector
1814 1256 1977 1313 agno-

400 1362 490 1407 SC!

408 1477 466 1534 Si
496 1490 617 1532 cum
648 1474 798 1537 sita,
829 1480 909 1523 est
934 1475 983 1533 ο,
1012 1474 1095 1521 εει
1123 1482 1171 1520 c.

410 1570 468 1624 Si
491 1582 613 1622 cum
646 1567 717 1619 sit
745 1581 796 1629 a,
824 1562 969 1624 estb,
1003 1574 1109 1614 non
1149 1566 1230 1610 est
1259 1571 1305 1607 ε.

412 1662 469 1713 Si
499 1676 621 1715 cum
654 1660 725 1712 sit
749 1674 801 1721 α,
833 1670 938 1709 non
968 1660 1053 1707 est
1083 1652 1132 1716 b,
1158 1656 1239 1703 est
1268 1664 1315 1701 ε.

415 1751 472 1805 Si
505 1766 623 1805 cum
654 1748 795 1814 sita,
829 1761 933 1799 non
958 1750 1043 1798 est
1071 1743 1120 1806 b,
1151 1756 1254 1794 non
1282 1746 1363 1792 est
1390 1754 1436 1789 c.

416 1845 472 1895 Si
502 1856 621 1894 cum
656 1854 759 1892 non
789 1836 860 1890 sit
889 1852 941 1901 α,
969 1843 1052 1888 εει
1090 1834 1140 1897 b,
1172 1839 1255 1884 est
1283 1845 1331 1881 ε.

418 1931 473 1985 Si
505 1944 624 1985 cum
667 1944 771 1982 non
804 1926 948 1993 sita,
981 1924 1129 1989 estb,
1157 1935 1260 1975 non
1284 1927 1366 1973 est
1390 1933 1441 1971 c.

421 2028 476 2081 Si
509 2040 629 2079 cum
662 2040 764 2076 nun
793 2020 933 2086 sita,
968 2033 1072 2072 non
1102 2025 1182 2070 est
1206 2015 1255 2081 ὁ,
1291 2020 1373 2066 est
1403 2027 1454 2077 c,

426 2118 479 2172 Si
513 2132 631 2170 eum
658 2129 761 2167 non
788 2113 928 2176 sita,
961 2125 1063 2163 non
1097 2117 1178 2162 est
1208 2107 1257 2171 b,
1290 2108 1501 2159 nonest
1526 2118 1577 2156 ι.

412 2215 588 2271 Prima
615 2216 775 2286 igitur
801 2213 1095 2284 propositio
1126 2213 1257 2268 tales
1281 2213 1481 2268 habere
1512 2209 1778 2266 terminos
1803 2208 1985 2273 debet,

412 2317 470 2362 ut
498 2323 529 2358 a
556 2307 766 2377 quidem
796 2306 964 2375 possit
992 2319 1113 2360 esse
1141 2312 1335 2373 praeter
1366 2303 1393 2356 b
1424 2314 1478 2358 et
1506 2319 1568 2369 c;
1611 2302 1704 2356 sed
1734 2310 1857 2355 tunc
1884 2300 1929 2354 si
1956 2314 1989 2357 α

409 2395 595 2461 fuerit,
627 2413 653 2449 ε
684 2410 803 2450 εεεε
828 2408 1048 2450 ηεεεεεε
1076 2396 1166 2460 sit,
1195 2407 1315 2448 eum
1344 2409 1377 2447 a
1407 2392 1689 2447 terminum
1731 2391 1759 2444 ὁ
1808 2389 1988 2449 termi-

411 2502 514 2544 nus
560 2487 935 2556 subsequatur,
986 2494 1044 2539 ut
1088 2484 1134 2539 si
1184 2485 1255 2539 sit
1292 2500 1323 2537 a
1352 2484 1564 2553 quidem
1614 2482 1928 2546 animatum,
1959 2480 1988 2534 ὁ

413 2578 595 2645 homo,
630 2594 655 2631 c
681 2576 902 2641 animal,
932 2577 1221 2631 animatum
1258 2587 1488 2644 namque
1513 2586 1567 2629 et
1590 2582 1782 2643 praeter
1812 2573 1988 2626 homi-

414 2685 534 2729 nem
562 2678 616 2725 et
644 2679 837 2739 praeter
859 2667 1056 2723 animal
1083 2681 1203 2721 esse
1226 2675 1416 2736 potest.
1445 2665 1597 2719 Tunc
1616 2679 1744 2719 vero
1770 2664 1821 2718 id
1848 2663 1989 2735 quod

414 2768 706 2827 animatum
748 2774 853 2831 est,
898 2777 1019 2818 esse
1046 2762 1242 2815 animal
1283 2774 1504 2839 necesse
1532 2768 1647 2826 est,
1678 2761 1722 2815 si
1766 2759 1818 2813 id
1849 2757 1990 2827 quod

416 2868 499 2914 est
520 2859 836 2922 animatum,
873 2856 1031 2915 homo
1060 2863 1161 2908 εει.
1206 2852 1447 2907 Secunda
1478 2852 1773 2922 propositio
1799 2850 1993 2905 talibus

417 2948 660 3005 terminis
680 2945 1011 3017 conterenda
1040 2957 1144 3011 est,
1180 2953 1240 2999 ut
1265 2962 1297 2999 ιι
1325 2944 1540 3013 quidem
1565 2952 1761 3012 praeter
1781 2942 1809 2994 b
1834 2950 1993 3010 atque

415 3055 466 3109 ρ,
497 3048 551 3095 ει
575 3054 695 3093 cum
725 3039 926 3093 eisdem
954 3051 1072 3093 esse
1098 3037 1297 3106 possit;
1324 3044 1449 3089 tunc
1479 3043 1655 3087 tamen
1683 3046 1901 3088 necesse
1924 3031 1996 3086 sit

418 3144 524 3185 nou
562 3143 685 3185 esse
725 3144 753 3181 ε
794 3142 913 3182 cum
944 3137 1027 3182 est
1054 3144 1104 3195 α,
1135 3125 1181 3183 si
1209 3142 1239 3179 a
1268 3126 1443 3194 posito
1472 3125 1499 3176 b
1528 3123 1903 3194 subsequatur,
1937 3130 1995 3177 ut

416 3225 463 3281 si
510 3239 542 3276 a
582 3225 653 3278 sit
696 3221 1022 3288 animatum,
1073 3221 1101 3275 b
1153 3221 1332 3288 homo,
1381 3235 1409 3272 c
1449 3233 1637 3289 equus.
1689 3217 1995 3272 Animatum

416 3316 636 3383 quippe,
668 3322 726 3368 ut
751 3322 806 3370 et
832 3314 1016 3381 homo,
1046 3312 1129 3373 vel
1156 3326 1323 3380 equus
1352 3312 1419 3367 sit
1444 3311 1559 3365 ﬁeri
1594 3318 1793 3379 potest.
1846 3307 1997 3365 Tunc

412 3422 547 3463 vero
589 3420 810 3461 necesse
857 3414 940 3460 est
988 3404 1040 3458 id
1083 3403 1225 3474 quod
1271 3404 1561 3459 animatum
1593 3410 1696 3468 est,
1726 3416 1833 3457 non
1879 3413 1998 3461 esse

416 3514 635 3569 equum,
664 3499 708 3555 si
733 3497 782 3555 id
812 3499 986 3567 ipsum
1014 3496 1155 3567 quod
1179 3496 1472 3551 animatum
1501 3504 1604 3557 est,
1631 3494 1789 3550 homo
1818 3492 1995 3547 fuerit.

421 3592 601 3645 'l‘ertia
630 3590 922 3661 proposuio
950 3588 1034 3644 liis
1061 3590 1304 3645 terminis
1327 3588 1625 3658 copulatur,
1651 3594 1708 3645 ut
1726 3602 1757 3638 ιι
1782 3584 1997 3655 quidem

420 3698 543 3741 eum
564 3684 592 3735 b
614 3692 668 3736 et
694 3698 722 3737 c
764 3682 848 3737 vel
878 3696 999 3737 esse
1024 3681 1110 3737 vel
1142 3696 1248 3735 non
1298 3695 1418 3735 esse
1449 3680 1638 3749 possit,
1667 3685 1793 3731 tunc
1823 3687 1999 3737 tamen

424 3790 645 3831 necesse
673 3776 743 3830 sit
779 3773 937 3829 simul
976 3788 1095 3829 esse
1124 3787 1245 3827 cum
1284 3787 1345 3837 c,
1387 3772 1430 3825 si
1472 3770 1646 3840 posito
1680 3786 1711 3821 a
1750 3769 1999 3833 termino,

425 3871 452 3922 b
478 3867 737 3922 terminus
764 3866 1052 3931 abnuatur,
1084 3874 1143 3919 ut
1171 3864 1217 3921 si
1237 3866 1306 3918 sit
1326 3882 1357 3918 a
1378 3864 1691 3926 animatum,
1723 3862 1749 3914 b
1780 3860 1998 3927 animal,

426 3975 453 4013 c
478 3958 812 4013 insensibile.
878 3956 1009 4025 Nam
1039 3956 1180 4025 quod
1212 3956 1502 4013 animatum
1534 3963 1636 4019 est,
1668 3954 1751 4008 vel
1783 3951 2001 4017 animal,

428 4052 513 4105 vel
556 4066 662 4105 non
705 4050 924 4117 animal,
956 4050 1040 4106 vel
1072 4050 1399 4113 insensibile,
1431 4050 1514 4104 vel
1553 4062 1655 4102 non
1695 4047 2004 4102 insensibile

426 4156 551 4198 esse
578 4150 788 4210 potest,
819 4139 912 4195 sed
944 4148 1068 4196 tunc
1100 4154 1321 4196 necesse
1346 4148 1429 4195 est
1462 4139 1510 4193 id
1538 4138 1678 4206 quod
1710 4138 2003 4191 animatum

428 4244 513 4290 est
555 4248 676 4289 esse
725 4233 1058 4299 insensibile,
1090 4234 1134 4289 si
1167 4216 1398 4299 animato
1446 4232 1619 4300 posito
1667 4229 1858 4287 animal
1908 4230 2006 4283 ab-

431 4337 641 4379 nuatur.
692 4324 904 4390 Quarta:
945 4324 1326 4393 prepositiouis
1368 4322 1418 4376 lii
1466 4322 1676 4377 termini
1717 4329 1862 4387 sunt,
1893 4331 2007 4374 uta

432 4415 643 4484 quidem
690 4428 809 4468 eum
862 4414 890 4467 ὁ
921 4423 974 4468 ει
1012 4429 1133 4469 cum
1176 4429 1203 4466 ο
1244 4428 1363 4468 εεεε
1406 4422 1461 4468 ει
1506 4428 1608 4467 non
1655 4427 1773 4466 esse
1820 4412 2005 4479 possit,

2076 507 2427 576 conjungere,
2466 515 2522 560 ut
2564 506 2607 559 si
2648 520 2752 561 non
2795 507 2865 560 sit
2894 521 2927 558 a
2972 504 3250 567 terminus,
3282 504 3309 556 b
3334 513 3492 572 atque
3519 516 3547 555 ε
3572 502 3654 555 vel

2076 613 2197 653 esse
2250 598 2331 653 vel
2379 612 2482 652 non
2532 612 2651 652 esse
2697 598 2931 666 possint;
2977 606 3105 651 tunc
3151 611 3277 650 vero
3324 596 3587 664 denegato
3624 608 3659 647 ιι

2077 690 2328 755 termino,
2358 704 2383 740 c
2413 703 2519 740 non
2553 702 2675 741 esse
2704 701 2925 742 necesse
2954 690 3043 751 sit,
3090 703 3211 741 cum
3252 687 3588 757 negationem
3627 701 3659 737 a

2079 779 2313 843 termini,
2348 780 2375 831 b
2405 777 2619 833 termini
2663 777 2950 831 affirmatio
2978 778 3340 843 comitabitur,
3371 787 3429 831 ut
3456 778 3501 830 si
3533 778 3600 829 sit
3628 792 3661 829 ιι

2078 872 2313 935 iuvitale,
2339 873 2367 925 ὁ
2390 871 2573 937 homo,
2598 887 2624 923 ε
2646 884 2831 940 equus.
2863 869 2995 925 Nam
3018 869 3158 939 quod
3183 884 3286 923 non
3308 878 3391 924 est
3418 869 3657 933 invitale,

2082 972 2260 1034 potest
2293 962 2376 1017 vel
2415 962 2577 1016 homo
2630 964 2714 1015 vel
2746 976 2915 1031 equus
2950 975 3070 1015 esse
3104 960 3190 1015 vel
3238 976 3341 1014 non
3380 976 3521 1024 esse,
3566 962 3660 1014 sed

2078 1066 2297 1107 necesse
2335 1062 2417 1107 est
2464 1068 2569 1106 non
2618 1066 2738 1106 esse
2779 1064 2976 1120 equum
3032 1050 3233 1104 invitali
3282 1050 3572 1119 denegato,
3617 1053 3662 1104 si

2078 1144 2411 1213 negationem
2466 1143 2700 1197 invitalis
2750 1142 2982 1196 hominis
3028 1141 3225 1211 positio
3280 1141 3659 1207 subsequatur.

2079 1235 2333 1304 Septima:
2374 1235 2754 1305 pr0positionis
2794 1234 2894 1288 hos
2934 1247 3054 1287 esse
3087 1232 3345 1287 terminos
3371 1231 3661 1299 Oportebit,

2080 1338 2139 1382 ut
2178 1329 2221 1385 si
2265 1342 2372 1381 non
2402 1328 2549 1391 sita,
2582 1326 2797 1380 termini
2842 1327 2868 1378 b
2909 1334 3070 1395 atque
3124 1340 3150 1375 c
3194 1334 3249 1378 et
3306 1336 3425 1377 esse
3465 1331 3517 1376 et
3560 1335 3663 1374 non

2082 1432 2206 1474 esse
2235 1417 2475 1487 possint;
2529 1417 2622 1470 sed
2652 1427 2778 1470 tunc
2807 1429 3029 1471 necesse
3056 1415 3125 1468 sit
3148 1428 3272 1469 esse
3300 1429 3327 1466 c
3356 1412 3665 1477 terminum,

2082 1513 2126 1566 si
2156 1510 2495 1578 negationem
2530 1525 2562 1561 a
2611 1506 2845 1571 termini,
2895 1507 2923 1559 ὁ
2952 1506 3165 1561 termini
3219 1505 3428 1573 negatio
3477 1503 3668 1557 subse-

2083 1611 2295 1671 quatur,
2338 1609 2395 1653 ut
2430 1600 2473 1653 si
2505 1599 2571 1652 sit
2600 1614 2632 1651 a
2662 1598 2890 1664 animal,
2936 1597 2964 1650 b
2997 1596 3312 1660 animatum,
3354 1612 3380 1648 ο
3424 1594 3662 1662 iuvitale,

2083 1692 2279 1746 animal
2316 1692 2528 1761 quidem
2560 1690 2605 1745 si
2633 1704 2737 1744 non
2770 1691 2863 1757 sit,
2892 1688 3185 1743 animatum
3212 1696 3266 1742 et
3294 1688 3516 1742 invitale
3545 1700 3671 1741 esse

2090 1792 2145 1838 et
2177 1799 2280 1837 non
2310 1798 2431 1837 esse
2456 1783 2649 1851 possit.
2678 1783 2829 1836 Tune
2854 1796 2983 1835 vero
3014 1794 3238 1835 necesse
3266 1786 3371 1843 est,
3399 1778 3444 1832 si
3469 1775 3671 1831 animal

2088 1891 2191 1930 non
2221 1876 2311 1940 sit,
2333 1875 2547 1929 invitale
2582 1890 2725 1941 esse,
2753 1875 2988 1944 quando,
3015 1875 3059 1928 si
3088 1873 3282 1928 animal
3312 1887 3417 1929 non
3444 1873 3532 1937 sit,
3562 1886 3671 1927 non

2086 1968 2191 2023 erit
2216 1969 2532 2022 animatum.
2558 1968 2755 2022 Octava
2801 1969 3097 2037 propositio
3125 1976 3206 2022 est
3240 1981 3383 2031 cum,
3417 1975 3608 2035 negato
3637 1980 3671 2019 ιι

2090 2061 2339 2126 termino,
2359 2068 2583 2128 possunt
2605 2069 2659 2114 et
2679 2074 2797 2114 esse
2818 2070 2871 2115 et
2895 2074 2999 2113 non
3024 2060 3185 2113 esseb
3204 2068 3363 2129 atque
3384 2073 3411 2112 c
3434 2055 3666 2112 termini.

2089 2153 2194 2209 Sed
2215 2162 2339 2207 tunc
2366 2167 2588 2207 necesse
2609 2161 2690 2206 est
2709 2152 2751 2206 si
2779 2169 2809 2205 a
2835 2152 3093 2205 terminus
3114 2152 3400 2213 abnuatur,
3422 2165 3528 2205 non
3550 2161 3671 2203 esse

2089 2258 2117 2295 c
2138 2243 2451 2307 terminum,
2480 2256 2598 2295 eum
2625 2242 2959 2311 negationem
2983 2260 3013 2295 a
3042 2242 3252 2296 termini
3277 2243 3485 2311 negatio
3508 2242 3536 2293 ὁ
3559 2251 3672 2293 ter.

2089 2335 2219 2390 mini
2251 2336 2624 2403 snbsequetur,
2652 2344 2707 2388 nt
2728 2335 2797 2389 sit
2818 2353 2847 2387 a
2869 2335 3114 2401 invitale,
3142 2335 3170 2388 b
3195 2334 3412 2398 animal,
3441 2350 3466 2387 c
3487 2332 3671 2388 homo.

2088 2426 2143 2482 Si
2176 2427 2329 2495 igitur
2370 2442 2477 2481 non
2514 2428 2585 2480 sit
2616 2426 2853 2492 invitale,
2891 2434 3067 2495 potest
3096 2436 3149 2481 et
3177 2441 3297 2481 esse
3330 2436 3385 2481 et
3422 2441 3523 2481 non
3552 2438 3674 2481 esse

2090 2517 2285 2572 animal
2337 2525 2391 2571 et
2434 2517 2618 2571 homo.
2665 2516 2759 2571 His
2808 2515 2968 2585 igitur
3016 2517 3086 2570 ita
3133 2515 3421 2585 expeditis,
3450 2514 3578 2569 illud
3617 2512 3673 2568 in

2092 2621 2374 2663 commune
2415 2606 2697 2662 dicendum
2749 2615 2850 2673 est,
2896 2606 3038 2673 quod
3090 2606 3395 2673 supeniores
3445 2613 3676 2674 quatuor

2095 2698 2487 2768 propositiones
2528 2699 2597 2751 ita
2644 2696 2840 2751 faciunt
2888 2696 3282 2761 conditionem,
3314 2696 3358 2751 si
3406 2693 3564 2749 fuerit
3611 2709 3676 2759 a,

2097 2794 2424 2861 posteriores
2471 2804 2601 2845 vero
2646 2790 2689 2844 si
2728 2806 2832 2844 non
2884 2790 3064 2854 fuerit,
3093 2805 3157 2843 ex
3188 2789 3382 2859 quibus
3426 2786 3678 2842 omnibus

2096 2882 2391 2952 syllogismi
2425 2882 2515 2937 tali
2545 2882 2752 2936 ratione
2787 2889 3094 2937 nascuntur.
3127 2879 3204 2933 Ex
3235 2880 3401 2947 prima
3425 2875 3675 2946 proposi-

2096 2975 2260 3038 tione,
2294 2976 2336 3028 si
2366 2988 2486 3027 cum
2514 2974 2582 3027 sit
2608 2990 2659 3036 ιι,
2696 2982 2777 3027 εει
2806 2973 2854 3036 ι,
2886 2982 2969 3026 est
2997 2988 3052 3034 c;
3083 2970 3227 3039 atqui
3271 2982 3391 3023 cum
3416 2967 3565 3031 sita,
3594 2973 3679 3020 est

2097 3068 2145 3135 ὁ,
2179 3078 2261 3123 ιει
2287 3068 2444 3137 igitur
2473 3083 2533 3131 c;
2563 3066 2645 3119 vel
2692 3067 2761 3119 ita
2793 3082 2805 3116 :
2839 3064 2986 3133 atqui
3014 3078 3119 3117 non
3164 3070 3247 3118 est
3274 3077 3322 3125 c,
3353 3074 3473 3115 cum
3515 3059 3679 3126 igitur

2022 3172 2068 3243 ο
2097 3158 2167 3211 sit
2192 3175 2243 3222 a,
2275 3171 2378 3211 non
2408 3164 2490 3209 est
2528 3156 2574 3209 ιι.
2608 3154 2771 3208 Posse
2800 3167 2928 3208 vero
2967 3153 3077 3207 fieri
3108 3151 3241 3205 tales
3283 3148 3675 3209 conclusiones.

2100 3262 2165 3305 ex
2204 3246 2449 3313 superius
2490 3244 2876 3313 descriptarum
2920 3242 3338 3313 propositionum
3370 3250 3559 3296 natura
3587 3254 3680 3295 co-

2099 3335 2406 3404 gnoscimus
2436 3342 2644 3403 poterat
2668 3331 2808 3389 enim
2836 3349 2867 3386 a
2890 3331 3152 3387 terminus
3178 3345 3324 3397 esse;
3350 3341 3403 3386 et
3432 3346 3537 3386 non
3562 3342 3684 3387 esse

2098 3440 2221 3480 cum
2250 3424 2299 3477 ὁ.
2330 3426 2457 3479 Item
2489 3439 2555 3479 ex
2580 3424 2831 3485 secunda.
2865 3423 2908 3478 si
2932 3438 3053 3478 cum
3082 3424 3151 3477 sit
3179 3440 3232 3486 a,
3268 3431 3350 3477 est
3385 3423 3435 3490 ὁ,
3466 3437 3570 3477 non
3598 3427 3685 3477 est

2101 3531 2129 3570 ο
2160 3532 2175 3580 ;
2206 3514 2355 3583 atqui
2379 3528 2500 3568 cum
2531 3513 2601 3567 sit
2626 3528 2680 3579 ιι,
2710 3521 2793 3568 εει
2820 3514 2872 3575 b.
2905 3527 3011 3567 non
3051 3512 3307 3580 estigitur
3339 3528 3400 3576 c;
3438 3510 3523 3566 vel
3568 3510 3643 3566 ita
3664 3526 3683 3564 :

2103 3605 2249 3672 atqui
2294 3612 2376 3659 est
2412 3618 2461 3669 ο,
2512 3616 2632 3657 eum
2679 3602 2837 3671 igitur
2862 3602 3011 3668 sita,
3060 3615 3166 3657 non
3196 3611 3278 3656 est
3308 3601 3354 3655 ὸ.
3420 3599 3497 3655 Ex
3531 3599 3685 3655 tertia

2104 3709 2233 3749 vero
2265 3694 2547 3762 utrobique
2573 3694 2860 3763 assumptis
2891 3692 3132 3748 terminis
3155 3692 3500 3749 collectiones
3529 3692 3683 3756 ﬁunt,

2105 3793 2159 3836 ιιι
2192 3786 2236 3838 si
2267 3798 2390 3838 cum
2420 3792 2502 3838 est
2539 3801 2591 3847 a,
2641 3798 2747 3837 non
2782 3792 2865 3838 est
2891 3785 2939 3849 b,
2986 3793 3147 3851 rstc;
3191 3785 3333 3855 atqui
3376 3799 3496 3840 eum
3539 3785 3608 3840 sit
3628 3800 3683 3849 ο,

2106 3886 2212 3927 non
2239 3881 2324 3926 est
2353 3872 2401 3937 ὁ,
2432 3880 2516 3927 εει
2543 3873 2702 3942 igitur
2730 3888 2792 3937 c;
2838 3874 2919 3927 vel
2951 3874 3022 3928 ita
3054 3891 3065 3927 :
3095 3875 3237 3942 atqui
3281 3889 3401 3930 cum
3426 3875 3497 3930 sit
3520 3892 3573 3941 ιι,
3606 3882 3688 3930 εει

2106 3960 2156 4027 b,
2188 3976 2293 4014 non
2333 3970 2418 4015 est
2455 3962 2613 4029 igitur
2644 3976 2708 4024 c;
2738 3961 2816 4015 vel
2848 3965 2920 4016 ita
2973 3980 2986 4013 :
3021 3964 3163 4030 atqui
3206 3977 3310 4018 non
3357 3973 3445 4020 est
3486 3983 3534 4032 c,
3562 3980 3685 4020 cum

2106 4050 2266 4118 igitur
2291 4050 2362 4103 sit
2387 4065 2438 4113 ιι,
2464 4060 2543 4103 εει
2570 4050 2631 4113 b;
2663 4050 2743 4103 vel
2775 4051 2885 4103 sic:
2920 4050 3065 4122 atqui
3092 4059 3175 4103 est
3199 4067 3245 4112 c.
3281 4065 3402 4106 cum
3435 4052 3593 4121 igitur
3619 4054 3689 4107 sit

2107 4158 2159 4207 a,
2195 4154 2297 4194 non
2330 4150 2414 4195 est
2443 4139 2493 4192 ὁ.
2536 4139 2665 4205 Quae
2698 4139 2894 4193 idcirco
2933 4138 3069 4193 facta
3099 4148 3181 4192 est
3208 4141 3489 4208 utrobique
3518 4141 3686 4195 colle-

2108 4231 2240 4296 ctio,
2268 4230 2516 4299 quoniam
2550 4229 2603 4282 in
2631 4228 2715 4282 his
2743 4229 2985 4284 terminis
3017 4229 3097 4283 Ita:
3122 4230 3513 4298 propositiones
3541 4240 3689 4299 pote-

2109 4330 2231 4376 rant
2256 4323 2402 4389 poni,
2432 4322 2484 4376 in
2508 4319 2699 4391 quibus
2727 4320 3029 4375 immediata
3058 4322 3322 4377 contraria
3349 4322 3690 4392 reperieban-

2110 4421 2215 4468 tur.
2250 4412 2307 4468 ln
2340 4413 2442 4467 illis
2468 4413 2609 4467 enim
2642 4413 2863 4467 alterius
2894 4411 3087 4481 positio
3112 4412 3423 4468 alterutrum
3457 4413 3688 4482 perimee

420 4514 560 4559 tunc
587 4519 715 4559 vero
744 4506 811 4558 ab
860 4519 925 4560 eo
952 4521 978 4558 c
1008 4504 1182 4559 modis
1222 4504 1469 4557 omnibus
1505 4511 1799 4571 separetur,
1839 4502 1883 4556 si
1915 4517 2007 4568 po-
2033 4544 2089 4606 Β
2114 4502 2227 4568 bat,
2274 4512 2330 4557 et
2376 4504 2597 4557 alterius
2640 4502 2979 4572 iuteremptio
3028 4504 3254 4571 ponebat
3306 4505 3551 4559 alterum.
3613 4503 3691 4558 Ex

432 4596 536 4651 sito
568 4612 601 4649 ιι
628 4598 877 4662 termino,
904 4595 931 4650 b
963 4598 1225 4657 terminus
1256 4595 1542 4659 abnuatur,
1574 4604 1630 4649 ut
1659 4596 1704 4649 si
1736 4611 1766 4649 a
1793 4593 2007 4662 quidem

432 4688 746 4757 animatum,
788 4688 816 4743 b
846 4687 1064 4757 animal,
1096 4704 1121 4739 c
1151 4688 1331 4740 homo.
1390 4686 1521 4741 Nam
1553 4686 1692 4756 quod
1715 4685 2007 4741 animatum

432 4788 535 4845 est,
558 4788 612 4833 et
632 4778 830 4835 animal
882 4790 1003 4834 esse
1043 4786 1095 4831 et
1132 4792 1239 4832 non
1267 4790 1408 4841 esse,
1437 4781 1667 4845 Itemque
1697 4776 1860 4832 bomo
1888 4790 2009 4833 esse
2046 4772 2051 4777 ’

432 4878 487 4923 ει
513 4884 617 4922 non
648 4884 769 4925 esse
817 4879 1012 4939 potest,
1046 4878 1171 4923 tunc
1199 4878 1377 4923 tamen
1415 4881 1635 4923 necesse
1659 4876 1742 4923 εει
1767 4876 1843 4932 ιιι,
1880 4882 2005 4923 cum

432 4961 503 5013 sit
528 4960 839 5025 animatum,
891 4975 994 5015 non
1036 4960 1108 5029 sit
1156 4961 1348 5027 homo,
1389 4975 1510 5015 cum
1556 4959 1728 5029 posito
1776 4960 2011 5015 animato

432 5064 551 5105 esse
578 5050 772 5104 animal
817 5050 1134 5122 denegetur.
1184 5052 1377 5119 Quinta
1418 5065 1545 5107 vero
1590 5051 1885 5120 propasitio
1927 5051 2011 5105 his

435 5142 673 5197 terminis
714 5145 1072 5211 connectitur,
1106 5152 1163 5199 ιιι
1200 5144 1245 5199 si
1285 5160 1389 5213 non
1423 5145 1572 5210 sita,
1603 5145 1773 5213 possit
1810 5151 1865 5199 et
1893 5157 2012 5198 esse

433 5242 486 5286 et
516 5249 622 5287 non
649 5248 768 5289 esse
798 5233 825 5287 b
855 5244 1013 5305 atque
1045 5252 1115 5301 c;
1164 5245 1292 5291 tunc
1332 5248 1507 5290 tamen
1537 5251 1657 5290 cum
1703 5250 1807 5293 non
1849 5235 1921 5291 sit
1957 5251 2010 5302 α,

435 5326 719 5378 terminum
750 5340 776 5377 c
799 5339 920 5380 esse
966 5340 1189 5381 necesse
1231 5326 1319 5391 sit,
1346 5327 1393 5380 si
1434 5326 1610 5395 posito
1655 5341 1761 5380 non
1799 5340 1919 5380 esse
1957 5342 2014 5393 ιι,

433 5430 551 5469 εεεε
583 5415 611 5467 b
640 5417 925 5471 terminum
955 5426 1337 5485 consequatur,
1368 5426 1423 5470 ut
1449 5418 1493 5471 si
1525 5416 1596 5471 sit
1623 5432 1655 5469 a
1683 5417 1896 5486 quidem
1932 5419 2015 5472 in-

436 5506 620 5569 vitale,
663 5506 691 5557 b
729 5506 911 5573 homo,
942 5521 968 5558 c
1003 5506 1219 5571 animal.
1263 5506 1393 5561 Nam
1438 5507 1480 5561 si
1525 5522 1628 5561 non
1659 5508 1728 5562 sit
1775 5508 2045 5577 invitale,.

437 5603 562 5649 tunc
599 5604 819 5663 possunt
851 5594 1012 5661 homo
1038 5606 1199 5667 atque
1242 5598 1436 5651 animal
1466 5611 1584 5652 esse
1612 5599 1695 5653 vel
1737 5613 1841 5653 non
1871 5614 2012 5668 esse,

435 5696 489 5740 at
527 5695 653 5740 tunc
697 5699 917 5740 necesse
960 5701 1080 5741 esse
1111 5696 1194 5749 est
1232 5689 1423 5742 animal
1471 5697 1661 5757 negato
1708 5690 1938 5756 invitali,
1970 5694 2014 5757 si

434 5791 555 5834 cum
574 5777 792 5841 invitale
814 5775 1187 5851 denegabitur,
1206 5793 1325 5851 esse
1347 5777 1617 5835 hominem
1634 5779 2010 5855 subsequatur.

2117 4605 2328 4663 quarta,
2354 4594 2400 4648 si
2432 4610 2553 4648 cum
2580 4596 2723 4658 sita,
2751 4610 2858 4648 non
2882 4603 2963 4647 est
2990 4594 3040 4661 ὁ,
3066 4608 3169 4649 non
3200 4606 3282 4650 est
3303 4613 3360 4662 c;
3401 4598 3542 4665 atqui
3571 4612 3693 4652 cum

2119 4686 2266 4751 sita,
2298 4700 2406 4740 non
2436 4696 2515 4740 est
2545 4687 2594 4751 ιι,
2623 4700 2729 4740 non
2760 4694 2845 4743 est
2893 4686 3052 4755 igitur
3077 4702 3143 4752 c;
3174 4688 3254 4743 vel
3288 4689 3357 4745 ita
3394 4706 3406 4741 :
3440 4692 3582 4759 atqui
3609 4700 3694 4745 est

2119 4794 2166 4838 ε,
2191 4790 2309 4830 cum
2341 4776 2499 4846 igitur
2528 4777 2595 4830 sit
2620 4792 2674 4842 α,
2706 4785 2789 4831 εει
2812 4777 2861 4830 b.
2913 4778 2993 4833 Ex
3025 4777 3230 4847 quinta,
3267 4780 3313 4835 si
3342 4794 3461 4837 cum
3494 4796 3597 4836 non
3624 4782 3694 4838 sit

2118 4886 2170 4933 a,
2195 4882 2276 4925 est
2303 4870 2353 4934 b,
2385 4880 2465 4925 est
2495 4887 2521 4922 c
2548 4886 2565 4924 :
2596 4872 2741 4941 atqui
2770 4886 2889 4928 cum
2921 4887 3025 4927 non
3055 4876 3125 4928 sit
3148 4892 3200 4938 a,
3232 4885 3316 4931 est
3339 4876 3389 4941 ὁ,
3426 4885 3509 4932 εει
3536 4878 3696 4947 igitur

2118 4977 2177 5025 c;
2208 4962 2291 5015 vel
2315 4962 2427 5015 sic:
2461 4964 2607 5032 atqui
2637 4978 2740 5017 non
2770 4972 2854 5020 est
2878 4981 2926 5030 c,
2950 4980 3069 5020 eum
3102 4965 3259 5035 igitur
3280 4982 3383 5021 non
3411 4970 3475 5022 sit
3508 4986 3558 5033 a,
3590 4984 3698 5023 non

2123 5062 2206 5107 cst
2235 5052 2284 5107 b.
2319 5054 2395 5107 Ex
2434 5064 2603 5120 sexta,
2633 5054 2677 5109 si
2720 5070 2840 5109 cum
2872 5070 2977 5111 non
3007 5056 3155 5123 sita,
3199 5067 3280 5112 εει
3306 5057 3355 5125 b,
3388 5074 3494 5112 non
3525 5066 3606 5112 est
3634 5074 3695 5123 c;

2120 5145 2267 5212 atqui
2299 5159 2422 5199 cum
2450 5159 2557 5199 non
2583 5145 2653 5199 sit
2680 5162 2734 5211 ιι,
2763 5152 2845 5199 εει
2867 5146 2919 5211 ὁ,
2948 5160 3051 5201 ιιοιι
3083 5157 3162 5202 εει
3190 5147 3348 5216 igitur
3375 5164 3430 5211 c;
3463 5150 3545 5203 vel
3577 5148 3655 5203 sic
3680 5166 3695 5200 :

2123 5237 2272 5305 atqui
2301 5245 2387 5292 est
2412 5255 2457 5304 τ,
2490 5253 2609 5292 ειιιιι
2640 5238 2798 5308 igitur
2827 5254 2930 5294 non
2959 5241 3029 5295 sit
3056 5258 3109 5307 a,
3142 5257 3249 5297 non
3278 5253 3361 5298 est
3390 5249 3441 5299 ὸ.
3490 5245 3566 5298 Ex
3609 5258 3698 5299 se-

2123 5328 2288 5397 ptima
2320 5328 2599 5398 utrobique
2627 5329 2889 5400 colligitur
2908 5332 3020 5387 .Iioc
3048 5332 3229 5401 modo,
3273 5337 3318 5391 si
3344 5350 3463 5392 eum
3487 5352 3595 5390 non
3628 5339 3701 5390 sit

2122 5436 2176 5486 α,
2206 5434 2311 5474 non
2344 5430 2427 5475 est
2448 5421 2499 5486 b,
2544 5431 2625 5476 est
2648 5437 2719 5488 c;
2750 5422 2894 5492 atqui
2936 5438 3058 5478 cum
3083 5439 3186 5477 non
3218 5416 3362 5489 sit'a,
3406 5443 3511 5483 non
3533 5437 3617 5484 est
3644 5427 3701 5496 ὁ,

2120 5520 2200 5565 εει
2229 5512 2387 5580 igitur
2416 5527 2482 5577 c;
2511 5512 2592 5567 vel
2623 5514 2691 5565 ita
2722 5531 2731 5564 :
2770 5515 2915 5582 atqui
2946 5529 3066 5568 cum
3098 5529 3201 5570 non
3232 5517 3378 5584 sita,
3407 5530 3488 5573 est
3512 5519 3559 5584 ὁ,
3589 5535 3700 5575 non

2121 5616 2199 5655 est
2231 5602 2388 5670 igitur
2418 5617 2478 5665 c;
2507 5604 2588 5656 vel
2615 5602 2682 5655 ita
2712 5620 2723 5653 :
2750 5604 2893 5671 atqui
2925 5620 3029 5659 non
3065 5617 3145 5661 est
3174 5624 3220 5670 ο.
3254 5623 3374 5663 cum
3407 5611 3569 5680 igitur
3590 5626 3700 5669 non

2122 5694 2265 5756 sita,
2294 5702 2373 5745 est
2395 5692 2446 5755 ιτς
2476 5692 2559 5746 Vel
2588 5692 2663 5745 sic
2690 5708 2701 5744 :
2728 5694 2870 5763 atqui
2899 5711 2924 5746 ε
2950 5708 3051 5761 εει,
3076 5713 3195 5752 cuin
3228 5701 3385 5768 igizur
3416 5718 3517 5756 non
3547 5704 3696 5771 sita,

2124 5800 2229 5841 non
2258 5794 2341 5839 est
2366 5786 2419 5839 ιι.
2474 5783 2573 5839 Hic
2597 5800 2809 5858 quoque
2848 5796 3063 5858 propter
3101 5790 3341 5847 eamdem
3385 5808 3603 5855 causam
3642 5794 3701 5856 ill
