4290 6272
607 375 715 438 855

1860 378 1947 433 ΑΝ
1989 377 2147 434 MAL.
2192 378 2342 433 SEV.
2387 380 2611 437 BOETI!

3774 389 3879 448 8‘6

3812 424 3834 447 ιι

3812 424 3834 447 ιι

606 494 862 556 alterutra
920 491 1281 561 assumptione
1335 487 1674 561 syllogismus
1732 489 1850 554 ﬁet;
1906 504 2027 543 nam
2067 504 2187 545 esse
2215 494 2263 550 Α
2291 489 2344 543 Si
2377 501 2459 545 est
2483 507 2533 557 a,
2568 505 2674 546 non
2700 501 2785 548 est
2814 496 2863 563 ὁ,
2896 505 2951 552 ει
2980 495 3025 551 si
3052 509 3156 551 non
3176 504 3259 553 est
3290 497 3338 563 ιι,
3361 507 3444 554 εει
3469 515 3516 554 c.

607 587 806 657 aliquid
836 602 954 640 cum
977 585 1117 638 aliud
1150 599 1253 639 non
1286 584 1357 638 sit
1383 584 1434 635 in
1476 580 1797 637 immediatis
1824 590 2025 637 tantum
2048 594 2181 636 eon-

608 678 787 732 trariis
815 675 1111 731 dicebatur;
1146 676 1221 729 Ex
1248 684 1455 738 octava,
1501 672 1545 727 si
1587 688 1706 727 cum
1739 686 1844 727 non
1885 672 2033 738 sita,
2077 688 2183 728 non

605 777 691 825 est
716 772 763 834 b,
798 783 900 822 non
928 777 1009 823 est
1031 784 1059 821 ο
1080 785 1098 834 ;
1123 767 1266 838 atqui
1297 781 1416 821 cum
1449 780 1554 820 non
1583 765 1650 819 sit
1677 782 1730 832 α,
1756 779 1862 819 non
1892 774 1972 820 est
2000 764 2049 831 ὁ,
2078 779 2183 820 non

604 871 687 915 est
723 861 877 929 igitur
899 876 959 927 c;
990 862 1073 914 vel
1122 860 1191 913 ita
1224 876 1236 911 :
1274 856 1419 927 atqui
1449 864 1548 912 εει·
1570 872 1618 923 c,
1643 870 1762 911 cum
1791 856 1952 925 igitur
1981 870 2086 910 non
2113 856 2186 911 sit

603 967 657 1012 a,
690 959 774 1004 est
799 952 846 1003 b.
884 950 938 1004 in
970 949 1220 1003 omnibus
1247 948 1405 1017 igitur
1431 948 1676 1016 superius
1705 945 1987 1015 descriptis
2015 945 2183 1017 syllo-

603 1042 812 1110 gismis,
838 1041 951 1095 haec
974 1042 1107 1095 ratio
1130 1048 1230 1103 est,
1264 1048 1322 1093 ut
1341 1039 1385 1093 si
1410 1038 1439 1091 ὁ
1461 1036 1721 1092 terminus
1758 1045 2077 1099 assumatur,
2109 1034 2184 1089 ita

605 1141 666 1187 ut
706 1134 757 1185 in
806 1131 1172 1200 propositione
1201 1139 1283 1185 est
1319 1129 1543 1199 positus,
1578 1129 1650 1183 ita
1681 1144 1708 1183 ο
1739 1130 2024 1183 terminum
2054 1140 2185 1183 con-

604 1224 808 1288 cludat,
854 1234 912 1278 ut
956 1227 1007 1278 in
1034 1224 1221 1277 eadem
1255 1221 1614 1292 propositione
1654 1223 1825 1277 fuerat
1866 1222 2182 1277 collocatus.

606 1313 678 1366 At
701 1315 741 1365 si
776 1329 802 1364 c
835 1314 1093 1367 terminus
1119 1313 1389 1368 contrario
1419 1313 1578 1367 modo
1604 1321 1905 1366 assumatur
1929 1327 2090 1381 quam
2129 1311 2184 1367 in

605 1405 968 1473 propositione
1002 1406 1158 1459 fuerit
1188 1406 1425 1473 positus,
1454 1405 1724 1459 contrario
1755 1404 1915 1458 modo
1955 1405 1984 1457 ι
2013 1405 2188 1459 termi-

603 1508 708 1547 nus
757 1494 808 1547 in
845 1496 1191 1549 conclusione
1219 1494 1621 1559 monStrabitur,
1650 1503 1845 1562 praeter
1891 1496 2102 1549 tertium
2133 1503 2188 1549 et

604 1588 893 1655 scp'imutn
942 1586 1200 1652 modum,
1249 1586 1300 1639 in
1361 1586 1555 1655 quibus
1598 1587 1807 1640 etiamsi
1855 1586 1883 1636 b
1927 1586 2186 1641 terminus

603 1681 873 1733 contrario
921 1678 1079 1732 modo
1124 1686 1281 1747 atque
1328 1678 1381 1731 in
1430 1677 1794 1746 propositione
1850 1685 1930 1731 est
1977 1678 2184 1745 positus

603 1778 927 1833 assumatur,
952 1784 978 1821 c
1003 1769 1287 1823 terminum
1312 1768 1585 1822 contrario
1612 1767 1772 1822 modo
1792 1776 1953 1837 atque
1979 1766 2183 1837 positus

2288 580 2346 635 Si
2376 592 2457 637 est
2478 598 2529 650 α,
2561 599 2667 639 non
2693 594 2778 640 est
2807 585 2856 651 b,
2885 596 2940 641 et
2970 588 3013 641 si
3045 599 3264 651 non-est
3286 589 3338 657 ὁ,
3368 606 3476 647 non
3505 601 3587 648 est
3612 608 3660 646 c.

2286 671 2339 727 Si
2363 688 2471 725 non
2496 683 2578 728 est
2607 691 2660 741 α,
2691 684 2775 731 est
2815 677 2868 743 ὁ,
2910 687 2963 733 ει
2991 679 3036 734 si
3066 689 3149 735 est
3179 681 3231 747 b,
3262 690 3345 737 est
3372 699 3419 737 c.

2287 763 2344 820 Si
2369 780 2474 820 non
2500 775 2583 821 est
2609 784 2661 835 α,
2705 779 2788 824 εει
2821 770 2869 837 b,
2898 779 2953 825 et
2987 772 3033 828 si
3070 781 3153 828 est
3176 772 3224 840 ὁ,
3259 790 3369 831 non
3396 786 3479 832 est
3504 794 3553 834 c.

2289 854 2343 911 Si
2372 870 2479 911 non
2506 868 2589 913 est
2627 874 2680 925 α,
2712 874 2816 914 non
2845 870 2928 916 est
2954 861 3008 927 ιτ,
3031 870 3088 918 ει
3113 864 3158 918 si
3185 879 3293 920 non
3322 875 3405 922 est
3431 868 3480 933 b,
3506 878 3590 923 est
3611 885 3660 924 ε.

2287 945 2345 1002 Si
2375 961 2479 1002 non
2506 956 2589 1003 est
2608 965 2658 1013 a,
2689 964 2792 1004 non
2820 960 2903 1005 est
2929 951 2981 1017 ιι,
3011 961 3068 1007 ει
3093 953 3139 1008 si
3171 969 3276 1009 non
3305 966 3388 1012 est
3415 958 3466 1023 ὸ,
3498 973 3602 1013 non
3643 967 3726 1014 est
3752 975 3800 1013 c.

2289 1039 2432 1111 Ergo
2463 1042 2507 1095 si
2554 1042 2690 1097 ratio
2736 1043 3058 1114 colligentia:
3112 1047 3231 1103 talis
3258 1048 3352 1113 sit;
3399 1058 3455 1103 ut
3485 1051 3778 1104 constituat
3830 1062 3880 1104 ιιι

2288 1124 2568 1189 confirmet
2595 1137 2888 1205 assumptio
2926 1137 3070 1206 quod
3099 1140 3398 1196 enuntiatio
3434 1143 3604 1212 prima
3636 1158 3877 1211 pronun-

2288 1222 2413 1287 tiat,
2464 1224 2733 1279 sexdecim
2786 1239 3010 1281 necesse
3053 1238 3135 1284 est
3174 1230 3289 1285 ﬁeri
3329 1233 3752 1301 complexiones,
3809 1248 3870 1285 ev

2288 1310 2483 1379 quibus
2512 1320 2633 1366 octo
2663 1321 2862 1368 tantum
2892 1327 3111 1371 servant
3147 1324 3541 1389 consequentia:
3572 1324 3875 1377 necessita~

2292 1409 2396 1455 tem
2416 1444 2432 1468 ,
2472 1402 2695 1473 reliqua:
2723 1419 2854 1459 vero
2903 1414 3026 1461 octo
3057 1409 3187 1462 nihil
3221 1410 3469 1465 idoneum
3500 1412 3750 1466 videntur
3784 1412 3875 1465 ha-

2291 1492 2419 1548 bere
2447 1493 2515 1548 ad
2545 1494 2723 1548 ﬁdem.
2768 1496 2976 1551 Rursus
3006 1498 3051 1551 si
3099 1497 3149 1551 id
3196 1499 3338 1569 quod
3384 1502 3552 1569 prima
3580 1504 3874 1571 propositio

2287 1586 2585 1652 constituit,
2632 1596 2839 1642 evertat
2886 1591 3206 1658 assumptio,
3239 1592 3317 1645 sic
3345 1607 3559 1661 quoque
3604 1592 3870 1647 sexdecim

2290 1691 2507 1732 necesse
2550 1686 2633 1732 est
2677 1678 2792 1733 ﬁeri
2832 1679 3258 1749 complexiones,
3305 1697 3528 1751 quarum
3577 1693 3700 1738 octo
3726 1686 3872 1740 ﬁrma

2288 1767 2577 1822 necessitas
2626 1776 2809 1835 tenet,
2860 1780 2981 1825 octo
3029 1786 3159 1827 vero
3195 1772 3430 1842 reliquas
3474 1773 3633 1828 inﬁda
3678 1777 3873 1845 sapius

604 1870 688 1915 est
725 1862 951 1929 colligit,
981 1861 1062 1914 vel
1094 1861 1137 1915 si
1166 1877 1193 1914 c
1224 1862 1505 1929 terminus,
1540 1862 1609 1913 ita
1660 1870 1716 1913 ut
1743 1860 1794 1914 in
1822 1860 2185 1929 propositione
2216 1842 2263 1902 Β
2290 1859 2515 1913 varietas
2543 1867 2709 1915 tenet.
2752 1861 2912 1916 Fiunt
2961 1877 3088 1917 vero
3118 1864 3433 1934 syllogismi,
3470 1872 3576 1919 tum
3619 1865 3670 1919 in
3701 1842 3871 1933 prima

605 1962 689 2008 est
715 1954 919 2022 positus
945 1963 1270 2018 assumatur,
1307 1954 1468 2008 simili
1499 1953 1659 2007 modo
1690 1954 1717 2005 b
1748 1953 2031 2007 terminum
2059 1966 2187 2007 cott-

605 2046 726 2100 clnd
754 2055 793 2111 t,
830 2056 888 2101 ut
934 2048 985 2100 in
1025 2047 1212 2101 eadem
1255 2046 1616 2115 propositione
1661 2044 1831 2099 fuerat
1869 2044 2183 2100 collocatus.

605 2139 783 2203 Quare
813 2140 1047 2194 sedecim
1081 2140 1293 2207 quidem
1324 2141 1407 2193 vel
1452 2138 1638 2207 viginti
1686 2139 1820 2194 ﬁunt
1862 2138 2184 2209 syllogismi;

607 2232 898 2299 assumptis
955 2248 1184 2302 namque
1230 2231 1416 2302 primis
1465 2230 1823 2302 bypotheticis
1871 2232 2189 2300 propositio—

606 2326 788 2387 nibus,
822 2326 952 2380 fiunt
974 2334 1126 2388 octo;
1155 2332 1277 2379 octo
1310 2337 1437 2377 vero
1478 2322 1523 2376 si
1554 2321 1802 2376 secunda:
1833 2322 2189 2391 praedicativm

608 2427 984 2479 assumantur;
1017 2426 1245 2485 quatuor
1274 2424 1451 2468 autem
1482 2413 1568 2467 his
1596 2413 1957 2481 adjunguntur
1986 2428 2049 2467 ex
2082 2423 2187 2468 ter-

609 2509 688 2563 tio
717 2521 875 2575 atque
903 2508 1131 2575 septimo
1181 2507 1341 2560 modo
1370 2505 1653 2575 utrobique
1701 2506 2097 2574 colligentibus,
2130 2514 2187 2560 ιιι

614 2614 801 2653 omnes
838 2600 997 2652 etiam
1030 2598 1091 2649 in
1138 2598 1220 2651 his
1258 2595 1680 2665 propositionum
1726 2596 2189 2663 complexionibus

614 2690 746 2742 flant
770 2688 1001 2742 sedecim
1035 2687 1115 2741 vel
1150 2687 1335 2755 viginti
1383 2686 1702 2756 syllogismi.
1743 2688 1969 2757 Quoquo
2009 2696 2186 2743 autem

608 2781 717 2834 alio
743 2781 902 2832 modo
931 2779 1325 2847 assumptiones
1350 2778 1595 2842 verteris,
1628 2779 1758 2832 nihil
1786 2780 1965 2833 evenit
2005 2795 2186 2835 neces-

607 2874 830 2928 sarium.
860 2872 930 2927 Ut
961 2880 1138 2926 autem
1181 2870 1355 2926 omnis
1398 2871 1820 2939 propositionum
1850 2880 1903 2925 ct
1937 2872 2185 2942 syllogis-

609 2978 819 3019 morum
863 2963 1005 3018 ratio
1034 2963 1378 3029 collucescat,
1413 2963 1655 3032 exempla
1685 2963 2031 3032 subjecimus,
2071 2965 2188 3034 qui-

608 3055 710 3109 bus
734 3054 943 3109 facilius
971 3054 1019 3108 id
1049 3056 1190 3125 quod
1218 3054 1463 3122 superius
1489 3054 1768 3110 docuimus
1794 3054 2141 3123 colliquescat
2166 3071 2181 3111 :

608 3148 652 3201 si
678 3162 799 3202 cum
830 3148 898 3202 sit
924 3164 977 3210 a,
1001 3148 1290 3201 animatum
1319 3155 1421 3211 est,
1448 3148 1476 3200 b
1508 3147 1666 3202 homo
1693 3157 1795 3211 εει,
1824 3163 1851 3199 c
1881 3147 2105 3212 animal;
2138 3146 2183 3201 si

2289 1948 2474 2019 ﬁgura,
2526 1958 2637 2004 tum
2682 1951 2733 2006 in
2784 1953 3043 2020 secunda,
3097 1962 3207 2009 tum
3236 1970 3364 2010 vero
3392 1956 3443 2009 in
3474 1957 3649 2011 tertia.
3673 1953 3871 2012 Omnes

2286 2039 2445 2110 igitur
2472 2042 2629 2096 trium
2658 2041 2955 2111 ﬁgurarum
3001 2044 3192 2098 modos
3222 2060 3250 2099 a
3280 2047 3467 2115 'prima
3498 2047 3787 2115 ordientes,
3816 2058 3873 2102 ut

2288 2129 2417 2185 nihil
2449 2130 2804 2201 subterfugiat
2850 2133 3206 2203 explicemus.
3259 2135 3356 2191 Est
3401 2137 3544 2191 enim
3584 2138 3769 2206 primae
3810 2138 3872 2191 fi-

2287 2238 2433 2292 gura:
2464 2224 2667 2291 primus
2713 2225 2904 2281 modus
2933 2241 2964 2281 a
2993 2228 3165 2297 prima
3213 2228 3434 2282 veniens
3482 2214 3867 2297 propositione,

2287 2327 2407 2368 cum
2449 2312 2521 2368 ita
2552 2315 2921 2384 proponimus,
2953 2318 2998 2372 si
3038 2329 3117 2372 est
3146 2334 3196 2380 a,
3229 2328 3311 2372 εει
3342 2320 3393 2383 b,
3425 2327 3479 2375 et
3508 2320 3551 2373 si
3581 2333 3659 2374 εει
3687 2321 3734 2383 b,
3772 2336 3867 2375 ne-

2287 2418 2440 2460 cesse
2463 2413 2548 2460 est
2596 2420 2717 2462 esse
2765 2422 2812 2461 ε.
2846 2407 2993 2462 'I‘unc
3022 2409 3161 2462 enim
3192 2410 3236 2462 si
3266 2418 3350 2464 est
3390 2425 3440 2475 α,
3486 2410 3642 2463 etiam
3684 2426 3710 2461 c
3748 2423 3869 2465 esse

2290 2509 2511 2550 necesse
2538 2506 2639 2559 est,
2671 2497 2824 2565 cujus
2854 2498 2967 2553 hzec
2992 2498 3380 2554 demonstratio
3408 2509 3489 2555 est
3514 2517 3525 2553 :
3558 2516 3681 2553 nam
3712 2500 3759 2553 si
3787 2509 3870 2555 est

2289 2604 2340 2652 α,
2383 2588 2729 2658 consequitur
2760 2600 2818 2645 ut
2859 2592 2926 2644 sit
2956 2593 3002 2654 b,
3051 2591 3187 2646 idem
3238 2593 3381 2646 enim
3437 2593 3577 2661 quod
3623 2593 3871 2663 proponit

2290 2680 2459 2750 prima
2508 2684 2826 2750 propositio,
2861 2684 2904 2737 si
2944 2683 3013 2736 sit
3037 2699 3089 2747 a,
3119 2697 3240 2737 esse
3281 2684 3331 2749 b,
3365 2692 3421 2737 at
3448 2684 3491 2738 si
3522 2684 3551 2737 ὁ
3580 2684 3761 2751 fuerit,
3790 2693 3872 2739 est

2289 2786 2336 2834 c,
2364 2769 2412 2823 id
2442 2780 2525 2823 est
2553 2772 2694 2826 enim
2725 2772 2865 2841 quod
2900 2773 3132 2827 secunda
3163 2787 3284 2841 pars
3333 2772 3717 2843 propositionis
3747 2789 3875 2844 pro-

2290 2864 2526 2928 nuntiat,
2551 2863 2594 2917 si
2626 2864 2696 2917 sit
2720 2863 2770 2927 b,
2801 2866 3053 2933 consequi
3087 2866 3394 2920 necessario
3418 2875 3477 2920 ut
3502 2883 3549 2919 c.
3573 2866 3778 2933 Quibus
3804 2869 3873 2923 ita

2288 2954 2577 3020 concessis,
2610 2955 2788 3009 evenit
2817 2965 2873 3008 ut
2905 2970 3026 3009 cum
3053 2957 3197 3020 sita,
3230 2956 3391 3010 etiam
3422 2972 3450 3010 c
3484 2970 3605 3012 esse
3647 2972 3868 3013 necesse

2289 3045 2389 3109 sit;
2422 3044 2793 3113 imperfectum
2849 3059 2980 3099 vero
3033 3045 3176 3099 hunc
3220 3045 3447 3100 dicimus
3485 3047 3873 3117 syllogismum,

2288 3136 2410 3206 quia
2463 3135 2774 3212 testimonio
2819 3135 3150 3204 probationis
3194 3134 3440 3206 indiguit.
3476 3136 3726 3191 Probatio
3748 3151 3878 3193 vero

608 3253 729 3292 cum
753 3248 833 3294 est
862 3257 913 3303 α,
944 3240 1237 3294 animatum
1269 3250 1371 3306 est,
1404 3241 1433 3292 b
1465 3242 1645 3307 homo,
1672 3257 1775 3295 non
1807 3251 1888 3295 est
1914 3257 1941 3294 c
1979 3256 2182 3312 equus;
2209 3207 2257 3270 α
2288 3240 2302 3279 ⁴

2172 3207 2257 3301 ;(Ῐ
2288 3240 2351 3280 ea
2372 3224 2470 3279 fuit
2497 3207 2591 3294 per
2636 3225 3001 3297 syllogismum
3048 3225 3458 3291 demonstratio,
3514 3229 3583 3281 ita
3636 3241 3866 3297 namque

607 3330 653 3382 si
676 3344 797 3383 cum
835 3331 903 3384 sit
938 3346 990 3394 α,
1019 3331 1309 3385 animatum
1353 3346 1458 3386 non
1489 3343 1569 3385 est
1585 3320 1657 3399 ,ὁ
1682 3332 1898 3397 animal,
1931 3342 2013 3387 est
2038 3349 2065 3385 c
2100 3335 2185 3386 in-

607 3419 899 3484 sensibile;
930 3422 973 3473 si
1003 3435 1123 3474 cum
1155 3424 1223 3476 sit
1266 3439 1318 3484 a,
1347 3424 1638 3476 animatum
1669 3437 1773 3476 non
1805 3432 1905 3497 est,
1937 3425 1963 3475 b
1991 3424 2187 3478 animal

608 3518 716 3559 non
748 3515 848 3569 est,
896 3523 923 3557 c
967 3506 1157 3572 homo;
1203 3510 1245 3561 si
1289 3523 1408 3562 cum
1456 3524 1560 3563 non
1594 3511 1661 3563 sit
1702 3525 1734 3562 a
1784 3510 2020 3573 invitale,
2051 3512 2187 3565 estb

610 3601 793 3669 homo,
823 3609 904 3655 est
930 3616 957 3652 c
983 3600 1213 3665 animal;
1256 3603 1298 3654 si
1344 3617 1465 3656 cum
1500 3618 1603 3656 non
1636 3604 1701 3658 sit
1728 3621 1782 3669 a,
1822 3604 2039 3659 invitale
2080 3615 2184 3672 est,

606 3692 637 3744 b
665 3693 846 3756 homo,
877 3707 982 3746 non
1024 3702 1107 3745 est
1135 3709 1162 3745 ε
1186 3707 1386 3761 equus;
1434 3695 1476 3747 si
1508 3708 1628 3747 cum
1681 3710 1786 3749 non
1817 3697 1883 3748 sit
1910 3713 1960 3761 a,
1991 3696 2186 3752 animal

606 3797 713 3836 non
745 3791 848 3845 est,
877 3784 903 3834 b
935 3782 1246 3849 animatum,
1279 3794 1363 3837 est
1390 3801 1417 3837 c
1446 3785 1700 3849 invitale;
1733 3787 1777 3839 si
1809 3800 1929 3840 cum
1974 3802 2078 3842 non
2117 3788 2185 3843 sit

604 3889 640 3924 a
668 3874 904 3941 invitale,
934 3882 1038 3927 non
1062 3884 1145 3927 est
1169 3876 1216 3938 Ι),
1251 3876 1444 3929 animal
1474 3892 1580 3930 non
1609 3887 1712 3945 est,
1744 3893 1771 3929 ο
1803 3877 1981 3931 Ιιοιηο.
2015 3880 2091 3933 Ac
2118 3879 2188 3934 de

609 3966 694 4018 bis
741 3965 953 4034 quidem
1004 3967 1325 4035 syllogismis
1366 3968 1454 4035 qui
1500 3967 1689 4023 talibus
1738 3969 2188 4038 propositionibus

604 4063 1018 4122 conneétuntur,
1069 4075 1186 4128 qua:
1236 4075 1298 4114 ex
1356 4060 1695 4131 ltypothetica
1746 4060 2187 4130 prmdicativaque

604 4152 924 4215 considunt,
965 4151 1293 4205 sufﬁcienter
1339 4151 1539 4205 dictum
1570 4159 1669 4205 est.
1727 4150 1875 4206 Nunc
1902 4151 1967 4206 de
1995 4151 2076 4206 his
2107 4151 2188 4205 di-

605 4244 831 4298 cendum
866 4255 948 4297 est
993 4244 1337 4313 syllogismis,
1383 4259 1608 4313 quorum
1665 4244 2061 4313 propositiones
2116 4244 2186 4297 ita

601 4335 774 4388 tribus
821 4334 1062 4387 terminis
1104 4334 1466 4399 continentur,
1521 4343 1576 4387 ut
1621 4334 1809 4387 media:
1854 4335 1959 4389 sint
2000 4348 2187 4389 earum

603 4441 724 4491 qum
767 4440 830 4480 ex
887 4424 1226 4496 hypotltctica
1293 4425 1737 4494 prtedicativaque
1802 4434 2072 4491 texuntur,
2130 4436 2183 4481 et

605 4532 785 4568 earum
823 4533 940 4583 qua:
991 4532 1054 4571 ex
1105 4516 1311 4570 duabus
1359 4516 1720 4586 hypotheticis
1768 4524 2180 4583 connectuntur,

2287 3316 2561 3371 ﬁrmamus
2583 3317 2701 3370 talis
2724 3316 3121 3386 consequentia:
3148 3318 3542 3373 necessitatem.
3562 3318 3693 3373 Cum
3725 3320 3868 3373 enim

2288 3407 2358 3462 ita
2392 3415 2780 3476 proponeretur
2812 3425 2824 3459 :
2858 3406 2904 3461 si
2934 3417 3017 3461 est
3042 3424 3094 3472 α,
3123 3415 3208 3463 εει
3228 3408 3277 3474 b,
3310 3417 3365 3464 et
3390 3409 3434 3462 si
3460 3416 3543 3463 est
3573 3409 3622 3476 b,
3648 3422 3870 3465 necesse

2284 3508 2367 3555 est
2386 3506 2444 3551 ut
2468 3498 2539 3553 sit
2566 3514 2616 3565 c,
2648 3508 2970 3568 poneretque
3006 3501 3303 3569 assumptio
3331 3499 3382 3556 id
3412 3501 3552 3571 quod
3577 3500 3868 3558 afﬁrmatio

2285 3590 2637 3647 constituerat
2664 3606 2787 3646 esse
2826 3608 2887 3674 αι
2909 3607 3136 3663 eamque
3158 3594 3307 3664 sequi
3337 3597 3759 3665 asSumptionem
3794 3607 3874 3651 ta-

2287 3681 2353 3737 lis
2383 3683 2659 3738 conclusio
2701 3683 2990 3750 diceretur,
3022 3686 3165 3755 quod
3198 3688 3504 3742 necessario
3534 3698 3675 3744 esset
3702 3706 3750 3755 c,
3777 3706 3874 3746 nec

2286 3790 2391 3845 que
2430 3776 2480 3833 id
2521 3785 2666 3831 esset
2712 3790 2778 3831 ex
2808 3776 2991 3846 ipsius
3013 3778 3310 3848 syllogismi
3340 3790 3531 3836 natura
3556 3791 3609 3837 et
3637 3784 3870 3851 proprie-

2289 3873 2397 3921 tate
2424 3866 2790 3936 perspicuum,
2822 3867 3002 3922 addita
3049 3878 3131 3922 est
3184 3870 3429 3937 probatio
3478 3886 3573 3942 per
3623 3873 3873 3943 syllogis-

2289 3972 2434 4011 mum
2465 3957 2566 4010 ltoc
2596 3957 2754 4011 modo
2785 3976 2797 4009 :
2829 3958 2873 4011 si
2915 3966 2999 4013 est
3027 3974 3081 4025 a,
3131 3968 3215 4015 est
3240 3960 3308 4027 b;
3339 3970 3393 4016 at
3421 3963 3481 4017 si
3515 3970 3598 4016 est
3628 3963 3678 4028 ὸ,
3698 3970 3782 4017 εει
3806 3977 3875 4018 c:

2287 4049 2334 4104 si
2392 4049 2551 4119 igitur
2579 4058 2663 4105 est
2692 4067 2742 4117 α,
2777 4064 2997 4106 ιιεεεεεε
3039 4063 3121 4106 εει
3151 4062 3209 4107 ιιι
3237 4054 3307 4108 sit
3335 4070 3383 4110 ο.
3444 4054 3513 4111 Et
3560 4055 3613 4109 in
3659 4056 3876 4125 reliquis

2289 4142 2505 4211 quidem
2535 4143 2777 4198 eamdem
2801 4145 3065 4209 rationem
3097 4147 3398 4214 exspectari
3421 4156 3673 4215 oportere
3703 4146 3875 4201 mani-

2290 4234 2492 4290 festum
2525 4245 2630 4292 est.
2659 4237 2723 4290 Et
2748 4237 2863 4291 haec
2885 4236 3103 4308 quidem
3133 4238 3432 4307 complexio
3451 4252 3511 4292 ea
3536 4248 3637 4302 est,
3672 4253 3792 4305 qua:
3818 4238 3874 4293 id

2289 4326 2429 4394 quod
2463 4327 2636 4394 primo
2660 4327 2712 4380 in
2749 4329 3117 4395 propositione
3146 4329 3370 4399 positum
3405 4327 3598 4396 fuerat,
3640 4328 3883 4383 assumit

2290 4423 2450 4485 atque
2475 4416 2771 4484 constituit,
2801 4418 2942 4485 quod
2968 4421 3010 4473 si
3032 4420 3082 4474 id
3109 4419 3355 4490 ponendo
3374 4420 3492 4489 quis
3514 4419 3654 4490 quod
3674 4434 3875 4490 seque-

2287 4505 2445 4560 batur
2471 4516 2726 4572 assumat,
2788 4508 2930 4562 nulla
2978 4519 3061 4564 est
3113 4514 3405 4566 necessitas
3435 4510 3755 4581 syllogismi,
3784 4525 3875 4565 ve-

603 4620 736 4671 quas
768 4594 964 4659 iitcirco
994 4608 1096 4660 hoc
1122 4606 1240 4661 loco
1271 4609 1639 4677 proponimus,
1671 4608 1793 4678 quia
1844 4618 1900 4663 ut
1944 4608 2184 4678 superio-
2211 4567 2297 4652 Di

2182 4567 2384 4652 .Dluti
2414 4612 2534 4654 cum
2555 4599 2784 4654 dicimus
2818 4617 2829 4651 :
2858 4600 2902 4653 si
2949 4610 3030 4653 est
3057 4616 3107 4663 a,
3155 4609 3239 4655 est
3267 4602 3316 4669 b,
3369 4610 3424 4656 et
3464 4567 3520 4654 si
3559 4611 3640 4654 est
3683 4601 3733 4665 ιι.
3782 4616 3876 4658 ne-

601 4710 711 4759 res,
747 4696 815 4749 ita
850 4696 960 4749 haec
984 4711 1196 4767 quoque
1226 4698 1395 4751 tribus
1447 4698 1691 4752 terminis
1732 4700 2097 4764 continentur,
2130 4709 2185 4754 et

602 4801 634 4839 a
673 4786 937 4840 similibus
976 4788 1041 4841 ad
1070 4788 1261 4841 similia
1305 4787 1510 4842 facilior
1550 4799 1803 4845 tractatus
1835 4789 1944 4844 ﬁet.
1968 4789 2180 4869 .Harum

600 4892 730 4931 vero
787 4887 913 4932 sunt
976 4878 1295 4947 multiplices
1344 4880 1677 4951 syllogismi,
1726 4897 1951 4951 quorum
2003 4881 2181 4937 nullus

600 4972 797 5039 poterit
823 4985 941 5024 esse
964 4972 1251 5039 perfectus,
1278 4985 1400 5026 cum
1431 4988 1531 5028 nec
1554 4989 1648 5042 per
1667 4989 1727 5029 se
1760 4974 2023 5043 perspicui
2051 4976 2179 5040 sint,

602 5070 656 5116 ει
700 5076 750 5115 ιιι
792 5065 872 5117 his
905 5063 1036 5117 ﬁdes
1062 5063 1255 5117 debeat
1295 5066 1709 5129 accommodati,
1748 5065 2058 5133 adjutnento
2086 5081 2181 5120 ex-

597 5155 864 5207 trinsecus
908 5154 1092 5221 νοεὶιεε
1125 5154 1457 5221 probationis
1504 5156 1794 5224 indigeant.
1854 5156 1947 5208 Est
1998 5164 2174 5210 autem

596 5248 842 5313 probatio
891 5247 1073 5301 talium
1114 5247 1549 5316 syllogismorum
1596 5247 1704 5302 alio
1734 5248 2055 5303 constitutus
2083 5263 2176 5303 or-

594 5340 722 5393 dine
751 5340 1128 5410 syllogismus;
1179 5339 1310 5393 ﬁunt
1348 5348 1547 5404 autem,
1586 5340 1865 5394 utdictum
1911 5350 2013 5405 εει,
2062 5349 2173 5395 ιιιιη

597 5444 692 5508 per
720 5433 968 5497 primam,
1004 5439 1113 5483 tum
1146 5442 1240 5498 per
1284 5428 1597 5494 secundam,
1629 5439 1739 5484 tum
1770 5444 1900 5485 vero
1930 5444 2025 5499 per
2070 5442 2177 5484 ter-

595 5521 722 5572 tiam
757 5519 999 5587 ﬁguram.
1044 5520 1178 5575 Sunt
1208 5530 1388 5576 autem
1418 5520 1603 5591 prima!
1646 5523 1827 5592 figura:
1856 5521 2179 5591 propositio-

595 5624 692 5665 nes
723 5612 837 5665 hae:

594 5703 649 5755 Si
679 5715 759 5756 est
793 5722 849 5770 α,
879 5715 961 5758 εει
990 5704 1038 5766 ιι,
1065 5713 1119 5757 ει
1145 5705 1187 5757 si
1220 5713 1299 5758 e..t
1329 5706 1378 5769 ιν,
1405 5715 1486 5760 εει
1511 5723 1557 5758 r.

594 5794 648 5852 Si
676 5804 753 5857 est
776 5811 825 5863 α,
850 5807 931 5855 εει
955 5796 1004 5859 b,
1037 5806 1093 5855 et
1120 5796 1165 5848 si
1195 5805 1275 5851 est
1302 5799 1351 5862 b,
1384 5810 1486 5851 non
1511 5806 1592 5854 est
1621 5813 1670 5856 ι’.

2289 4704 2440 4745 cesse
2476 4700 2558 4745 est
2596 4705 2716 4745 esse
2745 4705 2806 4755 c;
2845 4690 2989 4759 atqui
3024 4699 3109 4745 est
3152 4707 3200 4758 c,
3232 4688 3338 4745 non
3371 4705 3594 4747 necesse
3624 4701 3706 4745 est
3728 4706 3874 4746 esse

2289 4781 2319 4834 ὁ
2349 4781 2433 4835 vel
2466 4796 2569 4835 non
2610 4795 2767 4845 esse;
2800 4780 2893 4835 sed
2926 4795 3046 4835 cum
3094 4794 3200 4835 non
3229 4781 3301 4835 sit
3330 4795 3553 4837 necesse
3584 4781 3613 4834 b
3641 4795 3760 4836 esse
3791 4783 3875 4837 vel

2290 4888 2396 4929 non
2422 4874 2563 4941 esse,
2602 4885 2707 4927 non
2737 4874 2838 4927 erit
2860 4886 3081 4928 necesse
3111 4888 3143 4925 a
3164 4885 3283 4927 esse
3312 4872 3400 4926 vel
3430 4886 3537 4928 non
3554 4887 3706 4937 esse;
3736 4873 3875 4927 idem

2290 4979 2503 5035 quoque
2534 4965 2637 5019 tale
2664 4964 2894 5019 ﬁrmabit
2919 4965 3253 5035 exemplum,
3286 4965 3331 5019 si
3352 4972 3435 5020 est
3465 4964 3645 5034 homo,
3676 4966 3874 5019 animal

2288 5064 2392 5120 est,
2420 5054 2547 5109 etsi
2600 5063 2681 5109 est
2719 5056 2939 5120 animal,
2984 5056 3091 5111 erit
3133 5069 3328 5126 corpus
3377 5055 3699 5119 animatum;
3731 5047 3875 5126 atqui

2286 5156 2369 5203 est
2392 5162 2588 5217 corpus
2612 5149 2902 5204 animatum
2923 5190 2940 5217 ,
2974 5164 3079 5205 non
3110 5163 3333 5205 necesse
3371 5149 3475 5204 erit
3499 5149 3694 5203 animal
3730 5164 3872 5215 esse,

2284 5241 2534 5310 quocirca
2557 5257 2626 5295 ne
2654 5241 2923 5297 hominem
2945 5241 3179 5311 quidem.
3213 5239 3495 5297 Secundus
3523 5255 3738 5309 quoque
3765 5256 3870 5292 mu-

2282 5333 2384 5389 dus
2408 5341 2491 5388 est
2532 5331 2621 5388 hic
2660 5333 2846 5403 prima:
2894 5332 3098 5404 ﬁguras,
3129 5347 3250 5388 cum
3294 5333 3367 5387 ita
3413 5332 3789 5402 proponimus,
3824 5331 3869 5384 si

2282 5431 2367 5480 est
2399 5441 2450 5490 α,
2480 5434 2563 5479 εει
2600 5423 2653 5490 b,
2682 5433 2735 5479 ει
2762 5425 2807 5479 si
2850 5434 2932 5479 est
2958 5423 3011 5492 b,
3042 5438 3261 5481 necesse
3291 5431 3375 5480 est
3420 5439 3528 5479 non
3559 5437 3680 5479 esse
3724 5439 3771 5503 ρ,
3820 5434 3897 5475 at~

2279 5530 2408 5571 vero
2435 5524 2519 5571 est
2544 5532 2598 5584 a,
2630 5529 2739 5573 non
2770 5524 2849 5572 est
2880 5516 3042 5586 igitur
3063 5532 3111 5572 c.
3144 5515 3314 5586 Hujus
3337 5515 3729 5571 demonstratio
3753 5513 3873 5568 talis

2278 5618 2383 5675 est,
2425 5625 2547 5664 nam
2595 5609 2640 5664 si
2693 5618 2776 5664 est
2818 5626 2868 5675 a,
2900 5618 2980 5665 εει
3011 5611 3070 5675 b,
3124 5608 3175 5664 id
3219 5609 3363 5664 enim
3419 5608 3592 5678 prima
3638 5605 3873 5661 conditio

2279 5700 2631 5768 monstrabat,
2654 5715 2770 5771 qua:
2795 5711 2898 5765 est,
2933 5702 2976 5755 si
3010 5702 3078 5758 sit
3107 5719 3138 5755 α
3165 5715 3286 5757 εεεε
3315 5700 3364 5765 b,
3421 5714 3543 5755 eum
3566 5698 3697 5754 vero
3722 5700 3789 5752 sit
3817 5697 3867 5763 ὁ,

2283 5809 2504 5852 necesse
2528 5806 2605 5851 est
2642 5809 2745 5850 non
2794 5809 2913 5853 esse
2963 5813 3010 5852 c.
3044 5796 3100 5855 id
3136 5797 3281 5855 enim
3309 5795 3694 5868 consequentia
3728 5808 3867 5870 pra:-
