4290 6272
388 330 486 388 857

1468 332 1555 389 DE
1597 332 2029 391 SYLLOGISMO
2069 334 2560 420 HYPOTHETICO.

3544 340 3667 413 858,

388 450 613 516 ferebat,
642 451 693 505 in
725 464 827 519 qua
858 450 1326 521 pronuntiabatur,
1355 452 1399 506 si
1425 463 1572 509 esset
1619 458 1667 519 b,
1709 457 1965 525 consequi
1993 458 2043 515 Α
2071 470 2177 509 non
2200 450 2287 509 est
2311 457 2361 520 b,
2408 471 2624 512 necesse
2652 467 2732 513 est
2761 473 2867 513 non
2892 474 3013 516 esse
3051 476 3077 513 ε
3106 475 3124 524 ;
3154 457 3297 533 atqui
3331 470 3436 511 non
3483 466 3565 511 est
3591 472 3648 520 a,

390 560 453 598 ex
486 545 806 599 necoSsitate
837 553 892 597 ut
923 558 1024 598 ton
1054 552 1195 599 esset
1223 543 1382 599 etiam
1437 560 1484 611 c,
1532 544 1578 598 si
1606 546 1764 614 igitur
1804 547 1873 600 sit
1913 566 1966 616 a,

394 654 498 693 non
529 638 629 693 erit
660 656 704 703 c,
737 639 874 706 quod
910 638 953 692 si
989 639 1037 692 id
1068 639 1209 709 quod
1244 638 1536 708 propositio
1564 640 1808 695 ultimum
1839 655 1968 695 con-

389 731 740 799 Stltuitpouat
766 730 1082 800 assumptio,
1114 731 1165 784 id
1201 740 1281 785 est
1316 747 1418 786 non
1453 745 1572 787 esse
1606 748 1653 798 ε,
1688 732 1865 788 nullus
1887 741 1969 788 est

392 824 744 895 syllogismus.
780 822 912 877 Nam
944 824 986 877 si
1033 822 1098 877 de
1128 822 1305 892 aliqua
1336 839 1393 878 re
1427 824 1495 877 ita
1539 833 1891 893 preponatur,
1924 825 1967 880 si

395 915 555 970 homo
601 916 690 983 sit,
722 922 801 969 est
822 912 1038 978 animal,
1081 923 1135 969 et
1163 913 1205 967 si
1236 924 1317 967 est
1363 913 1582 980 animal,
1630 930 1735 969 non
1764 924 1846 970 est
1891 914 1968 969 la-

392 1010 497 1078 pis,
529 1019 583 1063 at
620 1024 725 1062 non
754 1016 835 1061 est
862 1007 1019 1077 lapis,
1052 1022 1157 1063 non
1202 1023 1423 1064 necesse
1453 1010 1557 1065 erit
1605 1020 1697 1064 aut
1724 1025 1846 1065 esse
1877 1019 1971 1065 aut

396 1115 499 1154 non
522 1114 642 1177 esse
667 1099 893 1163 animal;
927 1097 1116 1154 eodem
1150 1099 1309 1155 modo
1342 1114 1443 1156 nec
1469 1099 1761 1167 hominem,
1796 1110 1970 1171 potest

392 1193 532 1248 enim
564 1194 607 1247 si
638 1194 799 1265 lapsis
827 1210 934 1250 non
964 1195 1031 1249 sit
1078 1210 1197 1251 esse
1231 1196 1451 1267 lignum,
1487 1196 1578 1252 vel
1608 1203 1822 1260 caetera,
1850 1211 1971 1267 qua:

394 1299 489 1339 nec
525 1285 772 1340 animalia
803 1298 950 1353 sunt,
1002 1301 1102 1342 nec
1144 1287 1282 1343 inter
1325 1287 1570 1343 homines
1599 1297 1968 1343 numerantur.

392 1374 604 1430 'l‘ertius
647 1391 777 1431 vero
807 1378 996 1431 modus
1033 1387 1114 1431 est
1146 1378 1332 1447 prima:
1386 1376 1591 1447 figurat,
1636 1394 1757 1432 cum
1804 1378 1855 1432 id
1887 1394 1973 1433 as-

393 1468 628 1536 sumptio
657 1468 953 1534 constituit,
1002 1468 1143 1537 quod
1191 1468 1487 1538 propositio
1518 1470 1683 1539 prima
1717 1468 1967 1537 ponebat,
2008 1477 2014 1483 '

392 1557 545 1626 cujus
568 1573 631 1611 ex
659 1558 812 1612 tertia
842 1556 1208 1627 propositione
1251 1558 1571 1628 principium
1620 1566 1703 1614 est
1746 1573 1867 1614 cum
1900 1559 1971 1614 ita

394 1652 737 1720 preponimus
765 1668 777 1703 :
810 1652 852 1704 si
895 1659 977 1707 est
1018 1668 1069 1718 a,
1120 1666 1223 1706 non
1266 1660 1349 1706 est
1396 1652 1446 1717 b,
1478 1660 1533 1707 et
1580 1655 1623 1706 sl
1672 1667 1777 1706 non
1808 1662 1890 1707 est
1922 1654 1973 1719 b,

393 1757 613 1798 necese
642 1751 725 1797 est
750 1756 870 1798 esse
896 1760 941 1795 ε.
994 1743 1090 1797 llic
1114 1744 1257 1799 enim
1307 1758 1514 1807 rursus,
1559 1743 1605 1797 si
1652 1760 1685 1796 a
1715 1744 1974 1799 terminus

2074 562 2177 602 non
2201 558 2282 602 est
2311 549 2469 619 igitur
2499 567 2562 613 c;
2592 552 2731 619 quod
2758 551 2801 605 si
2842 568 2872 607 c
2896 563 3218 620 assumatur,
3260 550 3406 606 nulla
3430 548 3532 606 erit
3557 564 3645 606 ne-

2073 641 2313 695 cessitas.
2344 642 2455 709 Age
2484 642 2626 696 enim
2659 642 2729 695 ita
2771 656 3129 711 proponamus
3157 662 3168 695 :
3204 644 3249 697 si
3291 658 3393 697 non
3426 650 3509 697 est
3532 638 3652 694 ani-

2074 740 2295 797 matum,
2320 746 2425 786 non
2445 740 2527 787 est
2547 731 2766 801 animal,
2790 742 2845 788 et
2864 733 2908 787 si
2938 750 3041 789 non
3086 744 3170 790 est
3189 735 3402 797 animal,
3434 743 3655 789 necesse

2072 832 2155 879 est
2194 839 2300 878 non
2346 839 2467 879 esse
2487 824 2771 889 sensibile;
2804 834 2859 878 at
2886 841 2990 880 non
3020 835 3104 880 est
3128 827 3401 891 sensibile,
3427 841 3531 880 non
3563 838 3659 880 ne-

2074 931 2225 971 cesse
2254 917 2356 972 erit
2386 932 2493 971 non
2518 930 2638 972 esse
2668 918 2981 983 animatum,
3015 927 3072 972 ut
3096 917 3337 983 arbores,
3356 916 3571 982 herbas,
3600 923 3659 970 et

2074 1008 2328 1079 quidquid
2360 1009 2503 1064 vitali
2526 1016 2727 1063 tantum
2759 1008 2953 1074 anima,
2988 1024 3093 1063 non
3121 1009 3282 1062 etiam
3305 1008 3539 1063 sensibili
3561 1022 3655 1063 ve-

2075 1110 2298 1170 getatur.
2332 1102 2387 1155 ln
2418 1102 2587 1172 prima
2612 1102 2771 1169 igitur
2794 1102 2958 1170 figura
2986 1116 3052 1155 ex
3076 1101 3246 1155 tribus
3269 1101 3510 1155 terminis
3528 1099 3657 1153 fiant

2076 1191 2427 1260 hypotheticze
2438 1192 2707 1247 sexdecim
2726 1191 3143 1261 complexiones,
3169 1191 3236 1244 ita
3261 1200 3316 1244 ut
3339 1190 3389 1243 id
3408 1189 3549 1258 quod
3569 1204 3658 1258 ρο⁴

2075 1284 2234 1337 situm
2266 1293 2346 1337 est
2376 1283 2428 1336 in
2463 1283 2840 1351 propositione,
2886 1283 2935 1337 id
2981 1283 3032 1337 in
3057 1282 3422 1349 assumptione
3448 1294 3658 1350 quoque

2080 1383 2304 1444 ponatur
2328 1392 2340 1428 :
2371 1384 2512 1441 octo,
2538 1375 2633 1429 sia
2657 1375 2912 1430 terminus
2935 1375 2985 1430 in
3008 1375 3371 1444 assumptione
3396 1377 3656 1443 ponatur;

2078 1477 2199 1519 octo
2219 1480 2367 1532 vero,
2395 1465 2438 1519 si
2468 1481 2514 1518 c.
2550 1464 2701 1531 Quod
2727 1465 2770 1520 si
2798 1482 2829 1518 α
2859 1464 3111 1520 terminus
3144 1463 3390 1533 ponendo
3416 1474 3659 1517 assuma-

2081 1568 2185 1621 tur,
2213 1568 2368 1613 erunt
2398 1566 2521 1613 octo
2542 1557 2845 1623 jnecessarii
2874 1557 3201 1629 syllogismi;
3237 1558 3284 1613 si
3317 1571 3445 1613 vero
3471 1572 3497 1609 c
3542 1564 3651 1610 ter-

2080 1652 2260 1705 minus
2293 1649 2538 1720 ponendo
2568 1660 2904 1718 assumatur,
2938 1650 3117 1704 nullus
3153 1648 3390 1705 efficitur
3415 1646 3660 1720 syllogis-

2081 1762 2219 1803 mus.
2253 1747 2454 1802 Eodem
2504 1740 2713 1817 quoque
2746 1746 2906 1801 modo
2947 1746 3378 1817 syllogismorum
3427 1740 3664 1811 comple-

393 1846 695 1892 assumatur
715 1876 729 1898 ,
760 1837 828 1889 ita
856 1844 913 1889 ut
942 1836 994 1890 in
1026 1836 1197 1906 prima
1225 1844 1306 1892 est
1336 1837 1703 1891 enuntiatione
1751 1839 1975 1905 positus,
2002 1832 2058 1892 ’Β
2085 1840 2408 1907 trionumque
2462 1838 2594 1892 ordo
2625 1837 2893 1891 constabit
2914 1877 2928 1899 ,
2988 1837 3034 1891 si
3076 1836 3126 1890 id
3173 1836 3226 1890 in
3274 1834 3663 1901 assumptione,

392 1927 463 1981 ita
504 1927 731 1994 dicetur,
779 1928 923 1997 atqui
963 1938 1047 1982 est
1076 1928 1237 1999 igitur
1263 1944 1317 1995 a,
1348 1938 1431 1984 est
1458 1928 1616 1998 igitur
1654 1945 1701 1983 c.
1732 1929 1979 1985 l’rohatio

390 2031 519 2073 vero
558 2019 746 2074 similis
775 2029 856 2074 est
902 2019 1295 2089 superioribus,
1351 2034 1473 2075 nam
1513 2019 1634 2089 quia
1681 2029 1761 2075 est
1788 2037 1840 2086 a,
1873 2036 1977 2075 non

391 2122 476 2167 est
513 2113 561 2178 ι,
603 2120 656 2166 ει
702 2112 823 2182 quia
872 2127 979 2177 non
1021 2120 1105 2167 est
1153 2113 1201 2180 b,
1255 2120 1337 2166 est
1364 2128 1411 2177 c,
1444 2112 1566 2181 quia
1614 2110 1774 2180 igitur
1812 2122 1895 2167 est
1924 2129 1978 2180 a,

391 2213 477 2260 est
502 2222 549 2257 c.
581 2204 731 2271 Quod
776 2204 819 2259 si
868 2220 894 2256 c
942 2204 1207 2259 terminus
1232 2214 1555 2269 assumatur,
1606 2203 1737 2258 nihil
1789 2218 1978 2259 neces-

390 2294 587 2351 sarium
639 2295 746 2361 fiet,
802 2305 859 2348 ut
905 2295 950 2349 si
994 2296 1067 2350 ita
1109 2309 1513 2365 proponamus:
1557 2296 1603 2349 si
1655 2296 1816 2350 homo
1857 2304 1980 2360 est,

393 2399 498 2443 non
530 2395 612 2440 est
657 2384 989 2451 insensibile,
1048 2386 1093 2439 si
1124 2401 1228 2439 non
1276 2394 1361 2441 est
1409 2385 1745 2450 insensibile,
1779 2387 1980 2441 animal

391 2494 495 2547 est,
528 2492 609 2536 est
639 2486 815 2536 autem
847 2479 1065 2549 animal,
1102 2496 1207 2535 non
1261 2488 1342 2535 est
1385 2493 1606 2534 necesse
1649 2493 1771 2534 esse
1812 2478 1985 2533 homi-

396 2592 537 2632 nem.
571 2576 802 2641 Quartus
830 2573 1018 2629 modus
1048 2582 1132 2629 est
1159 2574 1247 2642 qui
1279 2588 1345 2628 ex
1378 2582 1565 2644 quarta
1610 2572 1982 2641 prepositione

398 2670 714 2739 principium
738 2669 899 2735 capit,
925 2668 1011 2736 qui
1046 2683 1111 2721 ex
1143 2667 1230 2720 tali
1261 2666 1629 2736 propositione
1662 2666 1926 2719 formatur
1960 2683 1974 2718 :

394 2761 438 2814 si
463 2769 544 2814 εει
566 2776 619 2823 a,
652 2775 755 2813 non
787 2767 870 2813 est
894 2759 941 2823 b,
966 2768 1019 2811 ct
1047 2759 1090 2811 si
1128 2773 1232 2811 non
1259 2765 1341 2812 est
1376 2757 1428 2821 b,
1460 2772 1564 2811 non
1594 2765 1679 2811 est
1717 2755 1875 2811 etiam
1906 2773 1933 2809 ε
1965 2772 1983 2819 ;

393 2850 482 2905 hic
510 2850 650 2904 enim
681 2852 723 2903 si
755 2867 786 2902 a
834 2858 939 2917 cst,
988 2862 1212 2903 necesse
1242 2858 1326 2903 est
1358 2864 1460 2901 non
1492 2862 1613 2902 esse
1658 2863 1706 2899 ε.
1756 2847 1985 2901 Demon-

393 2944 584 2997 stratio
611 2956 737 2996 vero
763 2940 948 2995 eadem
978 2948 1059 2993 est
1088 2954 1206 3009 quae
1228 2940 1280 2993 in
1310 2938 1578 3008 prioribus
1606 2938 1797 2993 modis.
1831 2937 1984 3006 Quod

393 3032 440 3087 si
471 3047 576 3088 non
604 3046 722 3088 esse
768 3049 795 3085 c
824 3040 1148 3097 assumatur,
1193 3030 1336 3084 nulla
1368 3016 1803 3087 crit'necessitas
1831 3045 1985 3086 com-

394 3124 662 3194 plexionis
709 3124 811 3179 hoc
854 3123 1032 3178 modo.
1071 3127 1179 3193 Age
1218 3124 1363 3178 enim
1414 3132 1765 3193 proponatur,
1808 3124 1853 3178 si
1902 3133 1986 3179 est

2086 1930 2228 2002 quod
2244 1931 2297 1985 in
2317 1930 2684 2000 propositione
2708 1930 2940 1999 positum
2962 1928 3165 1997 fuerat,
3190 1929 3485 1983 auferatur.
3511 1925 3667 1981 Fient

2086 2024 2285 2095 quippe
2366 2022 2642 2078 sexdecim
2716 2021 3116 2090 complexiones
3160 2061 3175 2087 ,
3251 2024 3500 2089 quarum'
3542 2025 3666 2073 octo

2084 2114 2301 2186 quidem
2350 2113 2437 2168 ubi
2471 2114 2523 2169 id
2554 2113 2693 2183 quod
2745 2112 2984 2183 sequitur
3031 2112 3290 2179 aufertur,
3320 2112 3525 2181 integra
3572 2123 3666 2164 ne-

2086 2206 2338 2261 cessitate
2368 2204 2698 2273 perdurant,
2752 2212 2873 2257 octo
2923 2217 3050 2257 vero
3093 2202 3145 2257 in
3190 2201 3385 2272 quibus
3427 2200 3479 2255 id
3522 2196 3663 2268 quod

2088 2294 2347 2364 praecedit
2371 2292 2629 2357 aufertur,
2689 2293 3066 2347 necessitatem
3121 2292 3173 2347 in
3222 2290 3409 2347 eadem
3460 2288 3666 2345 ratione

2086 2396 2424 2443 conservant.
2466 2387 2668 2441 Horum
2711 2401 2839 2441 vero
2868 2386 3106 2440 omnium
3155 2383 3452 2439 subdantur
3478 2397 3666 2438 exem-

2089 2481 2193 2550 pla.
2232 2481 2440 2535 Primus
2474 2480 2631 2550 igitur
2651 2479 2842 2534 modus
2873 2479 2961 2533 hic
3000 2488 3123 2534 est:
3164 2479 3211 2533 si
3238 2486 3318 2533 est
3338 2494 3389 2544 a,
3416 2486 3499 2532 est
3533 2476 3583 2543 b,
3612 2484 3667 2531 et

2088 2575 2132 2628 si
2163 2583 2243 2628 est
2276 2575 2326 2637 ὁ,
2359 2574 2519 2629 etiam
2544 2590 2570 2627 c
2599 2588 2719 2629 esse
2742 2588 2965 2629 necesse
2994 2582 3076 2629 est
3107 2591 3119 2625 :
3150 2557 3339 2628 at'non
3381 2580 3463 2627 est
3492 2586 3539 2637 ε,
3564 2568 3669 2641 igi-

2088 2674 2173 2719 tur
2201 2681 2231 2716 a
2266 2678 2366 2718 neu
2399 2673 2512 2728 est;
2543 2664 2684 2733 quod
2715 2666 2761 2718 si
2809 2677 3186 2730 assumamus,
3243 2670 3300 2717 at
3351 2676 3461 2716 non
3489 2669 3573 2716 est
3610 2676 3665 2729 a,

2089 2759 2221 2813 nihil
2250 2758 2462 2814 eveniet
2490 2757 2875 2813 necessarium.
2912 2757 2994 2813 Sit
3022 2757 3167 2812 enim
3193 2754 3489 2826 propositio
3520 2753 3668 2807 haec:

2089 2849 2134 2905 si
2164 2849 2327 2903 homo
2355 2858 2460 2916 est,
2480 2848 2679 2903 animal
2710 2857 2811 2913 est,
2842 2856 2898 2904 et
2926 2848 2970 2903 si
3017 2847 3213 2902 animal
3242 2855 3344 2913 est,
3370 2847 3661 2900 animatum

2088 2956 2210 2997 esse
2241 2955 2463 2996 necesse
2492 2950 2575 2995 est
2604 2957 2617 2993 :
2644 2940 2789 3009 atqui
2821 2954 2926 2993 non
2979 2948 3063 2994 est
3112 2938 3292 3002 homo,
3350 2950 3458 2990 non
3507 2935 3669 3004 igitur

2087 3048 2310 3089 necesse
2361 3036 2466 3088 erit
2496 3044 2553 3087 ut
2580 3034 2624 3087 si
2656 3033 2739 3087 vel
2782 3047 2886 3086 non
2915 3032 2984 3085 sit
3026 3029 3339 3084 animatum.
3393 3024 3670 3082 Secundus

2092 3124 2281 3179 modus
2307 3131 2391 3179 est
2420 3139 2436 3177 :
2493 3124 2535 3177 si
2567 3132 2649 3177 est
2679 3140 2731 3189 τι,
2758 3131 2841 3177 εει
2886 3123 2934 3189 b,
2969 3129 3023 3176 et
3067 3120 3111 3173 si
3143 3127 3224 3173 est
3261 3120 3312 3184 b,
3363 3131 3469 3172 non
3500 3130 3618 3171 esse
3643 3130 3671 3166 ε

396 3219 575 3282 homo,
610 3231 714 3271 non
756 3227 836 3271 est
869 3215 1195 3281 irrationale,
1242 3225 1296 3269 et
1334 3216 1377 3269 si
1408 3216 1717 3271 irrationale
1745 3231 1850 3270 non
1872 3225 1978 3283 est,
2010 3197 2056 3260 (ἶ
2089 3232 2310 3272 ηεεεεεε
2348 3224 2463 3282 εει;
2508 3215 2654 3285 atqui
2687 3225 2769 3271 est
2798 3231 2843 3280 c,
2878 3213 3042 3284 igitur
3067 3229 3100 3266 a
3136 3227 3243 3267 non
3274 3210 3406 3274 erit;
3453 3207 3591 3280 quod
3624 3205 3671 3262 si

393 3323 500 3363 non
549 3316 633 3363 est
678 3305 1075 3361 inanimatam:
1127 3306 1271 3376 atqui
1323 3321 1428 3360 non
1480 3316 1563 3362 est
1609 3306 1977 3373 inanimatum,

393 3416 497 3457 non
529 3414 751 3456 necesse
798 3409 1039 3455 εειοεεεε
1091 3399 1383 3454 hominem.
1424 3399 1651 3466 Quintus
1678 3400 1868 3454 modus
1899 3410 1984 3455 est

392 3507 458 3547 ex
476 3492 659 3561 quinta
682 3492 1049 3546 enuntiatione
1070 3489 1405 3543 descendens
1425 3529 1440 3556 ,
1475 3489 1629 3559 cujus
1661 3490 1832 3558 prima
1859 3491 1982 3544 talis

394 3590 476 3639 est
500 3582 814 3653 propositio,
844 3582 889 3637 si
920 3597 1025 3637 non
1053 3590 1134 3636 est
1181 3598 1231 3646 a,
1264 3592 1345 3636 est
1384 3582 1432 3645 b,
1470 3582 1514 3634 si
1546 3588 1628 3635 est
1673 3582 1723 3645 b,
1773 3582 1933 3636 etiam
1956 3598 1984 3635 ε

395 3688 614 3730 necesse
640 3683 724 3729 est
760 3688 880 3729 esse
908 3691 919 3727 :
967 3674 1112 3740 atqui
1163 3689 1269 3726 non
1318 3682 1401 3727 εει
1430 3688 1482 3738 a,
1515 3688 1541 3724 c
1571 3672 1732 3741 igitur
1763 3686 1983 3726 necesse

393 3774 474 3820 est
501 3780 642 3820 esse.
667 3764 764 3820 Hic
784 3779 994 3834 quoque
1024 3764 1173 3832 prius
1195 3763 1337 3818 dicta
1375 3762 1615 3818 conditio
1646 3762 1773 3818 facit
1793 3777 1982 3818 conse-

392 3859 669 3928 qucntiam
699 3857 1056 3923 necessitatis,
1084 3864 1135 3909 at
1163 3855 1209 3909 si
1238 3856 1289 3909 id
1321 3854 1461 3925 quod
1484 3864 1569 3909 est
1594 3870 1621 3907 c
1652 3862 1982 3923 assumatur,

396 3949 542 4002 nulla
575 3948 867 4002 necessitas
893 3947 1123 4017 eveniet.
1147 3947 1229 4001 Sit
1257 3945 1399 4000 euim
1430 3945 1727 4015 propositio
1758 3963 1770 3998 :
1798 3945 1845 4001 si
1874 3960 1983 3999 non

395 4048 480 4095 est
506 4040 831 4104 irrationale,
859 4040 1116 4094 rationale
1147 4049 1249 4107 cst,
1276 4048 1329 4095 et
1358 4040 1403 4094 si
1436 4038 1698 4094 rationale
1727 4047 1831 4102 εει,
1864 4038 1984 4091 ani-

396 4132 501 4187 mal
533 4141 637 4197 est,
670 4140 725 4185 et
755 4132 801 4186 si
847 4146 1198 4196 assumamus,
1242 4130 1335 4187 sed
1380 4140 1464 4186 est
1508 4129 1726 4194 animal,
1758 4144 1864 4183 non
1895 4143 1988 4183 ne-

396 4239 549 4281 cesse
575 4224 678 4279 erit
711 4224 794 4279 vel
836 4239 978 4290 esse,
1011 4224 1095 4279 vel
1124 4239 1227 4279 non
1258 4239 1381 4280 esse
1426 4221 1760 4278 irrationale.
1787 4220 1987 4277 Sextus

396 4318 586 4371 modus
627 4326 710 4372 est
768 4334 925 4388 quem
981 4329 1128 4373 sexta
1189 4317 1485 4387 propositio
1541 4316 1667 4370 facit
1721 4332 1734 4367 :
1779 4315 1821 4369 si
1878 4327 1986 4369 non

397 4418 483 4465 est
509 4426 560 4475 α,
592 4419 673 4465 εει
703 4410 753 4475 b,
780 4421 835 4465 ει
877 4413 920 4465 si
953 4421 1034 4466 est
1064 4412 1113 4476 b,
1158 4425 1263 4464 non
1305 4419 1388 4464 est
1417 4424 1466 4474 ε,
1502 4408 1648 4478 atqui
1678 4423 1782 4463 non
1814 4416 1896 4463 est
1932 4402 1987 4473 α,

399 4514 504 4554 non
534 4509 617 4554 εει
660 4500 816 4570 igitur
847 4518 894 4553 c.
939 4501 1143 4556 Similis
1189 4515 1320 4555 vero
1351 4499 1723 4568 superioribus
1752 4508 1835 4553 est
1886 4498 1981 4553 de-

398 4592 744 4656 monStratio;
804 4600 860 4647 at
900 4594 945 4648 si
991 4610 1018 4647 c
1059 4602 1383 4657 assumatur,
1431 4590 1620 4645 eodem
1670 4590 1829 4644 modo
1866 4589 1991 4644 nul-

398 4682 483 4738 lus
533 4693 617 4738 εει
646 4684 1025 4755 syllogismus,
1071 4700 1192 4739 nam
1242 4684 1290 4739 si
1326 4684 1397 4737 sit
1443 4681 1760 4751 propositio,
1790 4682 1833 4734 si
1877 4682 1991 4735 ani-

399 4783 598 4827 matum
657 4789 762 4828 non
793 4783 898 4841 est,
934 4774 1286 4829 inanimatum
1337 4781 1440 4837 εει,
1484 4783 1535 4827 ει
1564 4773 1610 4825 si
1643 4772 1989 4826 inanimatum

399 4872 499 4925 est.
530 4866 785 4922 sensibile
817 4883 923 4922 non
950 4876 1065 4931 est;
1100 4868 1144 4921 si
1190 4880 1551 4930 assumamus,
1584 4866 1731 4934 atqui
1776 4874 1991 4922 nonest

397 4955 669 5019 sensibile,
699 4972 805 5011 non
853 4972 1076 5012 necesse
1112 4957 1215 5012 erit
1241 4958 1322 5012 vel
1346 4972 1466 5012 esse
1496 4957 1578 5011 vel
1606 4972 1711 5011 non
1735 4971 1855 5013 esse
1870 4958 2007 5013 ani-t

398 5054 621 5101 malum.
654 5047 926 5117 Septimus
956 5052 1145 5105 modus
1170 5062 1277 5118 est,
1315 5052 1404 5121 qui
1447 5065 1513 5105 ex
1543 5050 1767 5120 septima
1799 5066 1991 5121 propo-

397 5136 593 5191 sitione
621 5149 724 5204 est,
778 5142 821 5194 si
853 5158 886 5193 a
937 5156 1041 5196 non
1072 5152 1177 5206 est,
1208 5143 1235 5195 b
1270 5157 1374 5197 non
1403 5153 1503 5209 εει,
1539 5153 1592 5199 ει
1622 5144 1668 5199 si
1700 5143 1727 5197 b
1756 5160 1860 5199 non
1886 5154 1990 5215 est,

398 5240 619 5283 necesse
646 5239 729 5284 est
762 5245 884 5287 esse
910 5247 970 5297 c;
1001 5236 1144 5303 atqui
1189 5249 1293 5288 non
1322 5244 1407 5289 εει
1437 5252 1490 5304 a,
1524 5251 1747 5292 necesse
1770 5246 1856 5293 est
1898 5237 1997 5307 igi~

398 5323 487 5370 tur
514 5332 635 5373 esse
665 5336 724 5384 c;
757 5321 899 5389 quod
956 5323 1001 5375 si
1031 5340 1057 5375 ε
1107 5335 1433 5388 assumatur,
1466 5326 1597 5380 nihil
1650 5327 1710 5381 tit
1742 5344 1993 5385 necessa-

397 5408 535 5462 rium
553 5452 568 5476 ,
601 5424 723 5464 nam
749 5412 794 5466 si
828 5427 1215 5481 proponamus,
1241 5417 1284 5470 si
1312 5432 1415 5471 non
1437 5428 1521 5472 est
1547 5423 1860 5485 animatum,
1888 5437 1991 5477 non

396 5508 482 5554 est
507 5501 725 5564 animal,
761 5513 815 5557 et
840 5504 885 5557 si
913 5506 1111 5559 animal
1144 5523 1251 5561 non
1275 5518 1379 5574 est,
1417 5510 1727 5565 insensibile
1753 5522 1870 5577 est;
1911 5528 1999 5569 as-

399 5603 812 5660 Sumamusque,
845 5595 993 5665 atqui
1023 5608 1106 5652 est
1146 5599 1478 5664 insensibile,
1530 5617 1632 5655 non
1664 5617 1886 5660 necesse
1914 5616 1997 5661 est

398 5683 482 5738 vel
510 5685 631 5737 esse
659 5685 740 5738 vel
774 5701 879 5738 non
912 5703 1033 5744 esse
1065 5692 1381 5747 animatum.
1422 5695 1654 5752 Octavus
1700 5698 1887 5754 modus
1912 5708 1996 5755 est

405 5774 497 5848 qui
557 5775 629 5832 ita
662 5782 1023 5851 proponitur:
1056 5783 1100 5837 si
1140 5798 1247 5840 non
1295 5793 1378 5852 est
1427 5804 1478 5854 (ι,
1513 5798 1618 5847 non
1661 5798 1745 5848 est
1784 5792 1834 5861 ὁ,
1867 5793 1995 5851 etsi

2086 3324 2422 3366 assumamus
2450 3309 2521 3363 ita
2559 3326 2571 3360 ε
2604 3308 2751 3378 atqui
2784 3322 2887 3361 non
2929 3317 3010 3362 est
3034 3324 3083 3372 α,
3140 3321 3245 3360 non
3276 3317 3493 3360 necesse
3521 3303 3672 3357 eritc

2086 3416 2208 3458 esse
2229 3401 2314 3456 vel
2342 3415 2445 3453 non
2473 3414 2615 3467 esse,
2642 3413 2763 3453 nam
2787 3399 2832 3454 si
2859 3399 2927 3454 sit
2952 3398 3245 3468 propositio
3270 3397 3408 3459 talis,
3437 3396 3480 3450 si
3506 3395 3671 3450 homo

2087 3494 2412 3562 est,auimal
2457 3503 2561 3561 est,
2593 3493 2713 3547 etsi
2764 3492 2961 3546 animal
3019 3501 3124 3556 εει,
3176 3492 3311 3561 lapis
3339 3504 3445 3545 non
3476 3498 3579 3555 est,
3625 3486 3671 3541 si

2089 3604 2445 3654 assumamus,
2475 3588 2627 3658 atqui
2660 3604 2767 3643 non
2799 3598 2882 3643 est
2939 3586 3121 3653 homo,
3155 3600 3262 3641 non
3303 3597 3523 3639 necesse
3573 3580 3674 3637 erit

2089 3682 2316 3752 lapidem
2349 3696 2468 3736 esse
2514 3682 2597 3734 vel
2629 3694 2733 3733 non
2788 3693 2930 3733 esse.
2980 3676 3192 3732 Tertius
3237 3675 3428 3730 modus
3457 3682 3583 3729 est:
3628 3672 3674 3725 si

2089 3784 2171 3828 est
2196 3792 2247 3835 α,
2283 3789 2386 3827 non
2431 3782 2514 3827 cst
2543 3772 2589 3835 b,
2617 3780 2673 3826 et
2697 3773 2739 3825 si
2769 3786 2873 3825 non
2904 3779 2987 3826 est
3015 3770 3064 3836 b,
3097 3782 3318 3823 necesse
3346 3775 3429 3822 est
3455 3780 3575 3820 esse
3604 3778 3674 3825 c;

2090 3864 2237 3934 atqui
2284 3881 2388 3920 non
2443 3874 2525 3919 est
2567 3880 2628 3930 ε,
2689 3878 2912 3919 necesse
2968 3874 3049 3916 est
3105 3862 3264 3931 igitur
3308 3876 3411 3915 non
3443 3874 3563 3914 esse
3598 3872 3675 3922 a;

2092 3956 2232 4024 quod
2261 3957 2304 4008 si
2335 3974 2365 4007 (ι
2396 3956 2677 4009 terminum
2703 3955 2853 4007 tollat
2873 3954 3190 4020 assumptio,
3216 3952 3347 4006 nihil
3370 3951 3549 4007 evenit
3577 3965 3675 4005 ne-

2091 4048 2404 4100 Cessarium.
2438 4046 2549 4111 Age
2600 4045 2741 4096 enim
2773 4043 2843 4096 sit
2888 4042 3221 4113 propositio:
3275 4043 3320 4096 si
3364 4040 3525 4097 homo
3569 4049 3676 4108 est,

2092 4149 2198 4188 nou
2249 4143 2332 4187 est
2364 4135 2707 4197 inanimatus,
2747 4141 2799 4184 ει
2826 4130 2867 4185 si
2897 4132 3219 4184 inanimatus
3275 4146 3379 4185 non
3408 4141 3513 4196 est,
3561 4130 3678 4184 ani-

2092 4235 2293 4281 matum
2320 4237 2438 4278 esse
2471 4237 2689 4278 necesse
2733 4233 2853 4287 est;
2910 4222 3055 4291 atqui
3087 4236 3191 4276 non
3223 4230 3307 4275 cst
3336 4221 3518 4286 homo,
3568 4235 3677 4275 non

2093 4332 2316 4373 necesse
2355 4326 2435 4372 est
2480 4330 2601 4371 esse
2626 4316 2711 4371 vel
2774 4331 2879 4370 nou
2924 4329 3042 4371 esse
3100 4315 3412 4369 animatum.
3447 4315 3680 4381 Quartus

2094 4407 2285 4463 modus
2312 4426 2323 4459 :
2358 4405 2403 4461 si
2434 4413 2518 4461 est
2543 4422 2597 4472 a,
2642 4420 2747 4461 non
2775 4414 2859 4462 est
2889 4406 2937 4471 b,
2972 4414 3026 4460 et
3052 4406 3095 4459 si
3127 4419 3234 4460 non
3263 4416 3345 4460 est
3366 4406 3416 4471 ὁ,
3458 4418 3680 4461 necesse

2094 4512 2176 4557 est
2208 4517 2313 4555 non
2344 4515 2465 4555 esse
2487 4516 2547 4566 c;
2576 4512 2629 4554 at
2673 4508 2754 4556 est
2775 4517 2823 4567 c,
2846 4500 3009 4570 igitur
3034 4517 3066 4553 a
3120 4514 3226 4553 non
3272 4501 3408 4565 erit;
3457 4498 3599 4569 quod
3632 4497 3681 4554 si

2098 4608 2433 4650 assumamus
2460 4608 2564 4647 non
2596 4609 2716 4649 esse
2744 4610 2796 4662 a,
2825 4595 2966 4647 nulla
3004 4591 3393 4661 complexionis
3442 4590 3681 4647 necessi-

2100 4698 2182 4743 tas
2209 4688 2502 4751 invenitur,
2554 4703 2675 4741 nam
2724 4690 2766 4742 si
2800 4689 2868 4742 sit
2899 4689 3214 4757 propositio,
3269 4689 3313 4744 si
3362 4688 3523 4765 homo
3572 4696 3678 4756 est,

2100 4793 2206 4832 non
2226 4787 2309 4833 est
2332 4776 2664 4844 irrationale,
2684 4779 2727 4831 si
2753 4777 3060 4834 irrationale
3081 4794 3186 4834 non
3203 4789 3307 4846 est,
3331 4782 3682 4837 inanimatum

2102 4884 2223 4923 eum
2254 4884 2359 4923 non
2390 4883 2512 4924 esse
2534 4884 2756 4931 necesse
2786 4880 2903 4936 est;
2940 4872 3087 4940 atqui
3114 4886 3220 4927 non
3258 4883 3341 4929 est
3360 4873 3542 4940 homo,
3574 4889 3683 4928 non

2103 4971 2327 5018 necesse
2377 4973 2460 5017 est
2504 4978 2625 5017 eum
2672 4977 2791 5018 esse
2849 4964 2931 5017 vel
2980 4978 3086 5020 non
3143 4979 3265 5021 esse
3312 4966 3677 5020 inanimatum.

2103 5055 2352 5122 Quintus,
2384 5056 2485 5109 sia
2516 5070 2621 5109 non
2647 5064 2751 5121 est,
2783 5057 2810 5109 ὸ
2836 5065 2941 5121 εει,
2971 5066 3026 5111 ει
3049 5057 3094 5111 si
3125 5056 3152 5109 ὸ
3182 5065 3286 5124 εει,
3320 5056 3481 5111 etiam
3514 5074 3539 5108 c
3563 5071 3684 5112 esse

2104 5162 2326 5201 necesse
2354 5158 2436 5201 est
2469 5163 2483 5211 ;
2537 5147 2681 5217 atqui
2713 5162 2818 5201 non
2847 5156 2931 5202 est
2978 5166 3023 5210 c,
3072 5149 3235 5219 igitur
3260 5166 3290 5202 a
3317 5163 3437 5204 esse
3465 5164 3684 5204 necesse

2105 5247 2218 5302 est;
2249 5239 2386 5308 quod
2421 5241 2465 5293 si
2496 5256 2526 5292 a
2559 5240 2813 5294 terminus
2843 5250 3166 5307 assumatur,
3200 5240 3374 5295 nullus
3407 5241 3496 5295 fiet
3522 5243 3683 5313 syllo-

2104 5334 2309 5401 gismus
2338 5350 2350 5386 :
2382 5335 2452 5388 sit
2495 5334 2635 5388 enim
2669 5334 2984 5403 propositio,
3014 5334 3060 5386 si
3094 5334 3399 5387 irrationale
3431 5349 3534 5388 non
3579 5342 3681 5396 est,

2108 5427 2368 5483 rationale
2397 5439 2499 5492 εει,
2532 5438 2587 5482 ει
2634 5428 2676 5481 si
2707 5427 2965 5481 rationale
2995 5435 3098 5494 est,
3130 5426 3326 5481 animal
3367 5435 3451 5481 est
3480 5445 3494 5492 ;
3538 5428 3685 5496 atqui

2107 5518 2420 5574 irrationale
2457 5529 2560 5584 est,
2594 5535 2698 5573 non
2731 5532 2951 5572 necesse
2993 5518 3094 5571 erit
3124 5532 3244 5573 esse
3304 5519 3386 5573 vel
3432 5534 3535 5573 non
3567 5531 3687 5573 esse

2106 5610 2326 5664 animal.
2349 5611 2561 5674 Sextus,
2610 5610 2652 5663 si
2698 5624 2803 5663 non
2833 5619 2917 5662 est
2962 5626 3014 5675 a,
3060 5618 3144 5664 est
3164 5609 3211 5675 ὸ,
3241 5621 3295 5665 ει
3334 5612 3376 5665 si
3404 5621 3487 5665 est
3512 5611 3573 5677 b,
3601 5625 3670 5666 ne

2105 5716 2259 5756 cesse
2289 5710 2371 5755 εει
2398 5716 2424 5753 c
2455 5716 2557 5755 non
2599 5714 2751 5766 esse;
2799 5703 2946 5768 atqui
2977 5712 3059 5757 est
3082 5720 3129 5769 c,
3166 5704 3324 5773 igitur
3353 5722 3384 5758 a
3427 5719 3546 5758 esse
3597 5718 3681 5761 ne-

2104 5809 2254 5851 cesse
2284 5804 2366 5853 est
2387 5812 2400 5862 ;
2421 5793 2561 5871 quod
2584 5794 2627 5851 si
2650 5811 2679 5851 α
2700 5794 2985 5856 terminum
3018 5812 3244 5871 sumam,
3277 5798 3417 5859 nulla
3447 5797 3689 5881 necessi—
