4290 6272
672 341 734 394 ro
1868 340 1975 397 AN.
2020 338 2229 427 mne.
2267 339 2415 397 sev.
2457 336 2681 395 BOETll

3790 349 3893 405 860

633 465 714 511 tas
741 456 1047 513 invenitur:
1077 453 1145 509 sit
1177 452 1319 509 enim
1346 455 1644 524 propositio
1669 454 1809 523 talis,
1843 453 1887 509 si
1917 456 2213 508 animatum
2246 455 2300 516 Α
2328 467 2483 508 cesse
2519 462 2604 508 est
2633 454 2716 509 vel
2740 468 2863 510 esse
2891 456 3218 524 irrationale,
3246 456 3332 514 vel
3362 472 3466 514 non
3498 474 3638 517 esse.
3667 463 3896 521 Octavus

632 565 737 602 non
767 551 856 613 sit,
890 550 1235 603 inanimatam
1267 556 1370 614 est,
1414 557 1467 603 et
1494 550 1537 603 si
1570 548 1917 603 inanimatam
1947 558 2048 613 est,
2080 550 2208 603 sen-

633 641 787 696 sibile
832 655 936 694 non
968 651 1079 706 est;
1120 641 1265 709 atqui
1318 640 1607 695 animatum
1664 651 1766 709 est,
1824 656 1926 694 non
1970 641 2071 695 erit
2111 657 2208 696 ne-

633 746 786 786 cesse
819 731 900 785 vel
932 746 1052 786 esse
1102 732 1181 786 vel
1214 748 1318 785 non
1351 746 1472 787 esse
1517 733 1790 787 sensibile.
1824 731 2112 800 Septimus,
2162 732 2209 785 si

634 836 739 875 non
771 833 848 874 est
875 839 925 886 a,
954 838 1055 876 non
1090 832 1171 876 est
1194 823 1241 886 b,
1269 834 1321 878 et
1347 825 1387 877 si
1414 840 1520 877 non
1545 834 1627 877 est
1653 824 1701 887 ὁ,
1738 837 1959 878 necesse
1983 830 2065 877 est
2091 836 2209 876 esse

633 929 691 977 c;
714 915 856 984 atqui
890 932 914 966 ε
938 930 1041 983 non
1068 926 1170 982 est,
1205 917 1363 985 igitur
1395 934 1425 969 a
1451 931 1569 971 esse
1600 932 1819 971 necesse
1846 924 1962 976 est;
1997 915 2136 984 quod
2164 917 2208 968 si

631 1021 663 1058 a
694 1006 975 1060 terminum
1008 1009 1415 1076 sumpserimus,
1473 1009 1771 1076 complexio
1824 1007 2023 1060 nullam
2056 1005 2212 1059 faciet

631 1098 934 1154 cessitatem
970 1117 983 1153 :
1017 1102 1085 1154 sit
1110 1102 1250 1155 enim
1306 1102 1596 1171 propositio
1625 1102 1761 1167 talis,
1789 1100 1831 1153 si
1883 1098 2073 1152 animal
2105 1112 2209 1151 non

630 1192 718 1255 sit,
754 1209 855 1247 non
884 1205 967 1248 est
1004 1195 1282 1261 raiionale,
1342 1194 1383 1249 si
1415 1195 1672 1248 ratimiale
1716 1209 1818 1247 non
1849 1203 1949 1257 est,
2004 1192 2209 1246 irratio-

635 1286 753 1340 nale
790 1296 892 1357 est,
917 1296 970 1342 et
994 1302 1360 1354 assumamus,
1394 1288 1538 1359 atqui
1568 1288 1759 1341 animal
1807 1297 1911 1348 est,
1963 1302 2068 1339 non
2113 1298 2211 1338 ne-

2324 544 2513 599 modus
2536 555 2622 599 est
2648 547 2734 615 qui
2769 547 2869 602 hac
2890 551 3254 618 propositione
3282 550 3564 617 formatur,
3599 556 3643 609 si
3685 573 3788 610 non
3815 570 3897 613 cst

2317 652 2369 702 a,
2405 650 2507 689 non
2532 647 2613 690 est
2640 638 2691 701 ὁ,
2718 648 2771 692 ει
2795 640 2837 692 si
2867 639 2894 692 ὁ
2922 656 3027 695 non
3055 651 3157 707 est,
3189 659 3216 695 c
3237 658 3341 696 non
3381 658 3500 698 esse
3540 661 3760 701 necesse
3784 659 3892 716 est;

2316 727 2463 795 atqui
2491 738 2570 781 est
2594 742 2640 791 ο,
2676 729 2834 797 igitur
2862 748 2891 781 ιι
2921 746 3042 785 εεεε
3092 747 3310 786 necesse
3340 743 3443 788 est.
3473 734 3624 801 Quod
3660 738 3753 791 sia
3784 750 3893 793 ter-

2318 826 2517 878 tniuum
2541 828 2850 895 sumpseris,
2880 844 2984 883 non
3019 830 3111 883 ﬁet
3132 831 3235 884 ulla
3282 835 3579 889 necessitas
3611 854 3621 887 :
3655 837 3723 890 sit
3752 840 3892 891 enim

2316 918 2631 988 propositio,
2656 922 2699 974 si
2740 936 2843 974 non
2874 933 2957 975 est
3000 924 3221 988 animal,
3255 939 3365 978 non
3415 936 3499 980 est
3526 927 3710 994 homo,
3754 937 3807 983 et
3850 931 3893 983 si

2316 1025 2422 1064 non
2455 1013 2535 1065 εει
2565 1011 2744 1077 homo,
2777 1027 2996 1067 necesse
3042 1024 3125 1067 est
3178 1028 3282 1067 non
3313 1031 3433 1070 esse
3480 1019 3714 1083 risibilc;
3749 1022 3893 1085 atqui

2315 1111 2396 1156 est
2427 1102 2640 1161 animal.
2675 1118 2778 1156 non
2812 1118 3031 1158 necesse
3051 1104 3154 1158 erit
3174 1119 3294 1158 csse
3320 1106 3400 1159 vel
3430 1122 3531 1159 nou
3562 1124 3684 1162 esse
3717 1110 3899 1164 risibi-

2317 1193 2387 1247 le.
2418 1194 2494 1247 Ac
2519 1192 2586 1247 de
2618 1193 2783 1261 prima
2815 1194 3027 1261 quidem
3082 1195 3243 1263 ﬁgura
3274 1198 3401 1250 satis
3440 1197 3639 1251 dictum
3674 1211 3774 1268 est,
3805 1216 3889 1253 se-

2316 1285 2495 1351 quenti
2531 1298 2656 1337 vero
2687 1285 2959 1338 volumine
2982 1287 3049 1337 de
3076 1287 3308 1340 secunda
3353 1291 3688 1343 tractabitur.

635 1419 3876 1446 W

1679 1529 2049 1629 LIBER
2130 1524 2835 1629 SECUNDUS.

706 1774 1154 1841 Condiijqnajium
1188 1776 1631 1845 propositionum,
1666 1792 1783 1843 qua:
1815 1777 1985 1829 tribus
2022 1778 2205 1829 trrmi-
2240 1776 2286 1836 Β
2314 1774 2452 1827 idem
2488 1774 2513 1825 ὁ
2539 1788 2660 1827 εεεε
2693 1783 2943 1843 ponatur,
2966 1776 3094 1845 nihil
3127 1780 3307 1843 evenit
3354 1781 3735 1838 necessarium.
3779 1790 3890 1857 Age

632 1867 716 1923 nis
744 1875 1011 1933 constant,
1040 1868 1278 1921 secunda
1310 1866 1475 1936 ﬁgura
1518 1878 1600 1921 est
1626 1868 1835 1935 quoties
1865 1882 1985 1921 cum
2007 1868 2206 1937 aliquid

631 1958 847 2025 dicitur,
881 1959 964 2012 vel
993 1972 1113 2013 esse
1150 1958 1235 2012 vel
1278 1974 1383 2011 non
1414 1972 1536 2013 esse
1593 1958 1938 2027 consequitur
1962 2000 1974 2023 ,
2022 1970 2077 2013 ut
2103 1960 2208 2014 duo

631 2048 873 2121 quaedam
904 2049 985 2105 vel
1008 2064 1128 2105 esse
1152 2049 1234 2103 vel
1268 2064 1371 2102 non
1420 2064 1542 2102 esse
1597 2049 1861 2103 dicantur.
1928 2049 2209 2104 Variantur

632 2149 808 2195 autem
854 2141 909 2196 in
940 2140 1071 2210 ipsis
1103 2140 1553 2209 propositionibus
1585 2140 1671 2193 vel
1702 2141 1862 2194 etiam
1911 2141 1962 2193 in
1995 2142 2211 2196 conclu-

632 2233 875 2290 sionibus
932 2233 1224 2299 secundum
1293 2234 1677 2302 assumptionis
1729 2234 1971 2289 ordinem
2032 2235 2211 2289 multis

634 2327 844 2394 modis;
880 2329 1026 2405 quod
1060 2336 1117 2383 ut
1157 2326 1364 2381 facilius
1390 2326 1715 2393 innotescat,
1747 2327 1973 2396 primum
2006 2336 2211 2380 cuncta}

631 2418 1025 2487 propositiones
1074 2417 1125 2472 in
1157 2418 1347 2479 ordine
1371 2416 1707 2486 digerantur,
1770 2418 1821 2471 in
1862 2417 2053 2487 quibus
2082 2417 2211 2471 illud

630 2516 714 2561 est
745 2508 1162 2579 praedicendum,
1196 2507 1334 2576 quod
1361 2521 1502 2576 sit-pe
1548 2507 1860 2578 :equimodze
1893 2509 2214 2575 propositio-

636 2610 732 2650 nes
762 2606 1052 2666 ponuntur,
1073 2612 1219 2665 saepe
1246 2613 1374 2652 vero
1402 2614 1528 2652 non.
1560 2600 1639 2671 Ac
1664 2599 1730 2653 de
1755 2600 2068 2668 :equimodis
2096 2600 2214 2669 qui-

633 2685 755 2740 dem
784 2686 964 2755 nullus
990 2696 1071 2741 est
1097 2687 1468 2759 syllogismus;
1498 2688 1795 2758 :equimoda
1839 2691 1979 2742 enim
2017 2704 2214 2759 propo-

636 2775 760 2828 sitio
782 2784 862 2828 est
891 2774 936 2828 si
961 2776 1028 2828 ita
1052 2764 1313 2839 dicamus,
1340 2777 1381 2829 si
1412 2794 1442 2830 a
1462 2787 1562 2841 est,
1593 2778 1619 2829 b
1646 2788 1748 2843 est,
1781 2787 1834 2832 et
1857 2779 1899 2831 si
1924 2789 2003 2832 est
2033 2795 2083 2843 α,
2110 2793 2213 2832 non

637 2876 719 2918 est
741 2880 797 2933 c;
820 2875 874 2934 at
900 2866 941 2921 si
974 2866 1083 2920 sint
1109 2868 1502 2937 inmquimodm,
1528 2869 1726 2922 iaciunt
1749 2870 2139 2939 syllogismum.
2160 2870 2215 2923 In

633 2956 933 3026 :equimoda
958 2973 1083 3014 vero
1113 2959 1363 3013 secundze
1394 2959 1575 3029 ﬁgurae
1616 2959 1905 3029 propositio
1938 2970 2019 3013 est
2048 2960 2099 3013 in
2135 2961 2215 3013 his

636 3048 1334 3122 syllogismishypotheticis
1365 3066 1590 3120 quorum
1618 3051 2013 3105 enuntiationes
2043 3052 2213 3106 tribus

2313 1866 2452 1917 enim
2487 1865 2553 1917 sit
2594 1864 2656 1929 Ι),
2692 1880 2795 1918 nou
2847 1881 3071 1921 necesse
3120 1878 3204 1937 est
3244 1885 3363 1926 esse
3412 1874 3492 1927 vel
3538 1884 3640 1928 non
3682 1891 3800 1931 esse
3831 1896 3883 1932 α.

2310 1955 2448 2009 Nihil
2478 1956 2635 2024 igitur
2670 1956 2908 2025 sequitur
2936 1960 3325 2029 necessarium,
3381 1973 3437 2018 ιιι
3463 1966 3533 2020 sit
3561 1967 3643 2021 vel
3676 1984 3779 2023 non
3812 1972 3880 2025 sit

2311 2055 2355 2099 r,
2390 2039 2507 2091 utsi
2534 2036 2652 2089 sita
2682 2038 2896 2100 animal,
2933 2039 2961 2090 ὁ
2990 2042 3303 2107 animatum,
3337 2061 3363 2098 c
3390 2045 3733 2103 insensibile:
3767 2066 3888 2108 nam

2311 2117 2353 2167 si
2385 2126 2466 2168 est
2494 2116 2709 2175 animal,
2742 2127 2824 2167 est
2866 2118 3188 2184 animatum;
3224 2123 3265 2173 si
3311 2138 3437 2176 vero
3481 2141 3585 2178 non
3640 2135 3723 2181 est
3773 2130 3892 2184 ani-

2312 2194 2438 2256 mal,
2494 2194 2805 2249 insensibile
2858 2207 2968 2261 est;
3020 2200 3166 2266 atqui
3210 2202 3252 2253 si
3294 2203 3361 2255 sit
3412 2206 3745 2273 animatum,
3781 2224 3888 2265 non

2312 2288 2530 2328 necesse
2561 2284 2783 2327 estesse
2811 2277 3033 2341 animal,
3061 2280 3141 2331 vel
3169 2295 3271 2332 non
3304 2297 3443 2348 esse,
3486 2300 3590 2337 non
3620 2296 3703 2340 est
3728 2287 3890 2355 igitur

2318 2368 2535 2407 necesse
2565 2369 2684 2407 esse
2713 2355 3026 2409 insensibile
3055 2359 3135 2412 vel
3160 2374 3261 2412 non
3295 2375 3444 2426 esse;
3478 2365 3617 2431 quod
3656 2366 3698 2419 si
3731 2381 3758 2418 c
3786 2376 3890 2423 ter-

2315 2435 2491 2488 minus
2518 2443 2842 2499 assumatur,
2870 2436 3133 2503 siquidem
3184 2447 3286 2493 non
3319 2448 3438 2495 esse
3486 2450 3738 2511 ponatur,
3783 2448 3891 2503 erit

2317 2513 2623 2568 necessario
2655 2514 2717 2579 b;
2746 2514 2789 2567 si
2824 2529 2950 2567 vero
2979 2530 3116 2581 esse,
3169 2519 3347 2573 nullus
3395 2523 3499 2575 erit
3528 2525 3893 2596 syllogismus,

2314 2622 2433 2659 nam
2460 2606 2628 2659 sinon
2663 2616 2744 2661 est
2766 2624 2814 2673 ο,
2843 2616 2925 2662 εει
2954 2624 3003 2673 a,
3032 2619 3086 2663 at
3106 2610 3147 2664 si
3177 2613 3260 2666 es't
3282 2629 3332 2678 a,
3354 2623 3435 2668 est
3455 2616 3505 2683 ὁ,
3533 2619 3575 2671 si
3598 2619 3758 2687 igitur
3786 2637 3893 2678 non

2316 2706 2396 2749 est
2421 2712 2465 2758 ε,
2494 2706 2574 2750 εει
2597 2696 2646 2760 b,
2677 2697 2816 2765 quod
2847 2698 2892 2751 si
2918 2708 3001 2753 est
3028 2716 3076 2765 ο,
3102 2716 3207 2756 non
3237 2719 3457 2760 necesse
3477 2716 3563 2762 est
3589 2724 3708 2765 esse
3729 2730 3782 2778 a,
3804 2724 3898 2773 aut

2316 2785 2543 2851 fortasse
2571 2802 2791 2842 necesse
2823 2789 3017 2844 sitnon
3050 2806 3190 2847 esse.
3228 2794 3352 2851 Haec
3381 2798 3524 2853 enim
3576 2806 3890 2871 propositio,

2318 2875 2456 2931 idem
2482 2880 2526 2931 si
2575 2892 2678 2933 non
2703 2888 2787 2934 est
2816 2889 2867 2946 ιι,
2897 2892 2979 2939 εει
3023 2898 3071 2948 c,
3114 2883 3169 2938 in
3208 2886 3402 2943 talibus
3445 2900 3648 2947 tantum
3692 2898 3889 2965 evenit,

2320 2971 2371 3025 in
2405 2971 2594 3041 quibus
2625 2972 2849 3028 alterum
2881 2989 3065 3030 eorum
3114 2991 3236 3045 esse
3285 2996 3510 3038 necesse
3546 2987 3645 3052 sit;
3676 2991 3815 3057 quod
3844 2991 3889 3049 si

2322 3073 2398 3117 est
2431 3080 2476 3125 tr,
2508 3079 2611 3118 non
2642 3066 2744 3119 erit
2773 3081 2824 3130 α,
2853 3066 2898 3120 si
2948 3081 3052 3121 non
3080 3077 3162 3123 est
3209 3086 3261 3138 a,
3296 3072 3426 3128 nihil
3460 3075 3527 3129 ad
3561 3076 3610 3142 ὁ,
3641 3079 3803 3134 veluti
3844 3080 3893 3137 si

638 3142 880 3196 terminis
909 3152 1319 3213 componuntur,
1352 3145 1511 3197 veluti
1542 3160 1660 3198 cum
1704 3144 1776 3197 ita
1830 3144 2213 3213 proponimus:
2242 3134 2288 3197 C
2320 3160 2405 3207 est
2438 3154 2771 3220 insensibile,
2797 3170 2900 3208 non
2929 3157 3033 3210 erit
3055 3156 3275 3225 animal,
3306 3170 3361 3215 at
3388 3163 3433 3219 si
3466 3180 3568 3220 non
3592 3168 3889 3238 sitanimal,

643 3232 688 3286 si
719 3241 800 3287 est
827 3251 880 3299 a,
911 3242 993 3287 est
1021 3228 1072 3299 ὁ,
1104 3235 1146 3287 si
1176 3245 1350 3287 autem
1382 3250 1487 3287 non
1516 3245 1596 3289 est
1622 3251 1674 3297 a,
1706 3243 1786 3287 est
1812 3251 1855 3287 c.
1894 3234 2059 3301 Hujus
2091 3250 2215 3303 pro-

642 3325 919 3393 positionis
948 3326 1051 3378 tale
1091 3325 1414 3393 intelligatur
1440 3326 1765 3393 exemplum,
1799 3325 1845 3378 si
1886 3324 2078 3378 animal
2111 3335 2214 3392 est,

642 3418 932 3471 animatum
965 3428 1066 3482 est,
1099 3418 1143 3472 si
1167 3418 1360 3471 animal
1394 3436 1496 3472 non
1529 3430 1631 3482 est,
1664 3419 1972 3472 insensibile
1996 3430 2100 3484 est,
2133 3420 2216 3472 hic

641 3504 801 3574 igitur
830 3506 1026 3558 animal
1053 3505 1322 3575 quodest,
1353 3523 1382 3558 a
1416 3524 1515 3559 non
1546 3519 1654 3569 eSt;
1691 3523 1796 3560 uno
1832 3509 1989 3561 modo
2021 3523 2217 3576 propo-

644 3596 805 3647 situm
837 3594 889 3647 in
922 3594 1177 3663 utrisque,
1212 3595 1303 3648 sed
1335 3596 1397 3648 ad
1452 3598 1479 3648 b
1512 3596 1725 3665 quidem
1760 3599 2098 3663 al'ﬁrmative,
2150 3598 2219 3651 ad

642 3702 669 3736 ε
702 3700 826 3737 vero
850 3684 1093 3752 negatixe
1124 3685 1485 3756 conjungitur,
1512 3697 1567 3741 ει
1596 3688 1643 3741 id
1670 3698 1889 3742 vocatur
1918 3705 2021 3743 non
2053 3689 2219 3758 aequi-

644 3776 801 3829 mode
835 3776 1135 3843 praedicari.
1168 3778 1319 3844 Quod
1354 3778 1398 3832 si
1426 3780 1473 3832 in
1508 3782 1747 3849 utrisque
1780 3800 1810 3834 a
1835 3797 1956 3836 esse
2006 3783 2083 3836 vel
2113 3796 2219 3835 non

642 3882 763 3922 esse
820 3880 1147 3937 poneretur,
1204 3872 1501 3940 tequimoda
1570 3873 1873 3942 praedicatio
1932 3874 2217 3928 diceretur.

649 3956 1005 4027 Disponantur
1035 3960 1191 4027 igtur
1220 3965 1297 4031 (ut
1320 3963 1521 4016 dictum
1559 3964 1663 4034 est)
1704 3978 1890 4018 munes
1921 3977 2024 4016 non
2058 3966 2221 4033 tequi-

646 4050 819 4102 modze
852 4052 1243 4120 propositiones
1296 4054 1396 4108 hoc
1448 4054 1628 4119 modo,
1661 4055 1705 4108 si
1748 4066 1830 4110 est
1874 4072 1926 4120 a,
1973 4065 2057 4109 est
2084 4056 2132 4120 b,
2176 4057 2221 4110 si

643 4160 749 4199 non
776 4154 858 4199 est
881 4162 929 4211 α,
963 4155 1045 4199 εει
1070 4162 1119 4211 c,
1143 4148 1185 4200 si
1209 4158 1291 4201 est
1313 4166 1364 4212 a,
1394 4158 1476 4202 est
1516 4150 1565 4214 b,
1594 4150 1636 4202 si
1667 4164 1768 4203 non
1811 4160 1893 4204 est
1924 4167 1977 4215 a,
2008 4165 2112 4204 non
2140 4160 2222 4205 est

644 4253 693 4303 ι’,
716 4239 759 4291 si
788 4245 871 4292 est
894 4254 947 4300 a,
981 4253 1085 4292 non
1113 4250 1194 4292 est
1237 4239 1287 4301 b,
1318 4240 1361 4292 si
1394 4255 1496 4293 non
1532 4250 1610 4294 est
1641 4258 1692 4306 a,
1725 4250 1807 4294 est
1851 4259 1897 4308 c,
1953 4243 1995 4295 si
2042 4254 2123 4296 est
2164 4242 2216 4314 α,

645 4342 752 4384 non
782 4338 863 4383 est
884 4329 935 4397 ὁ,
960 4329 1004 4383 si
1029 4345 1131 4383 non
1163 4338 1247 4384 est
1275 4347 1323 4395 α,
1359 4346 1461 4384 non
1494 4342 1575 4384 est
1601 4347 1647 4383 c.
1682 4331 1832 4384 Nunc
1863 4332 2019 4401 igitur
2043 4350 2073 4385 a
2101 4333 2221 4403 qui-

642 4420 767 4495 ,dem
792 4438 909 4477 esse
933 4425 1159 4493 positum
1204 4434 1287 4479 est
1314 4439 1432 4480 cum
1460 4424 1507 4490 b,
1542 4439 1645 4479 non
1675 4439 1794 4479 esse
1845 4441 1970 4480 vero
2022 4441 2143 4482 cum
2171 4445 2218 4483 ε.

2323 3244 2452 3297 nihil
2511 3244 2803 3299 animatum
2835 3248 2915 3301 vel
2947 3262 3064 3302 esse
3092 3250 3175 3304 vel
3219 3267 3323 3307 non
3357 3269 3476 3311 esse
3523 3272 3740 3316 necesse
3769 3265 3893 3318 erit.

2323 3334 2401 3388 Ex
2429 3336 2663 3389 secunda
2692 3352 2876 3392 rursus
2910 3342 3275 3406 propositione
3322 3345 3378 3400 ﬁt
3404 3347 3739 3418 syllogismus
3768 3368 3890 3410 cum

2323 3425 2391 3478 ita
2418 3427 2762 3506 proponimus
2788 3445 2800 3481 :
2829 3428 2873 3481 si
2893 3438 2973 3483 est
3000 3446 3053 3496 a,
3077 3442 3159 3486 est
3184 3433 3233 3497 b,
3267 3436 3311 3489 si
3340 3450 3443 3491 non
3471 3450 3553 3493 est
3583 3458 3633 3505 α,
3668 3457 3773 3498 non
3809 3456 3894 3505 est

2324 3536 2383 3581 c;
2419 3518 2541 3572 dico
2577 3520 2696 3586 quia
2731 3519 2775 3574 si
2822 3536 2927 3576 non
2978 3532 3060 3577 est
3101 3525 3150 3591 b,
3204 3542 3305 3581 non
3357 3539 3439 3585 est
3472 3547 3517 3596 c,
3559 3536 3896 3604 propositum

2324 3608 2519 3677 quippe
2548 3620 2650 3676 est,
2676 3611 2718 3664 si
2746 3620 2830 3665 est
2852 3629 2904 3678 a,
2949 3623 3031 3668 est
3062 3616 3089 3668 b
3113 3632 3131 3681 ;
3157 3617 3287 3671 ordo
3330 3634 3460 3675 vero
3498 3630 3899 3695 consequentiae

2323 3710 2425 3764 est,
2449 3701 2494 3755 si
2524 3715 2625 3755 non
2652 3711 2734 3756 est
2764 3702 2815 3771 b,
2851 3720 2956 3759 non
2995 3716 3077 3760 est
3100 3724 3152 3773 a,
3178 3709 3316 3778 quod
3354 3712 3401 3766 si
3434 3728 3539 3770 non
3563 3725 3647 3772 est
3674 3735 3704 3770 a
3732 3760 3746 3783 ,
3793 3736 3899 3777 non

2322 3802 2405 3876 est
2429 3808 2476 3860 c,
2508 3793 2554 3848 si
2586 3794 2744 3863 igitur
2779 3812 2883 3851 non
2912 3808 2991 3851 est
3025 3799 3076 3866 ὁ,
3106 3816 3212 3855 non
3239 3812 3322 3858 est
3372 3821 3429 3871 c;
3458 3809 3597 3876 quod
3648 3812 3691 3864 si
3743 3813 3899 3867 fuerit

2327 3874 2376 3950 ὁ,
2406 3902 2513 3939 non
2568 3902 2791 3945 necesse
2818 3898 2901 3944 est
2933 3906 3053 3946 esse
3085 3909 3131 3959 ε,
3165 3895 3234 3961 sit
3264 3900 3406 3959 enim
3434 3874 3716 3969 aranimal,
3738 3907 3765 3959 ὁ
3786 3908 3900 3961 ani-

2325 3984 2544 4044 matum,
2573 3994 2600 4031 c
2620 3979 2897 4047 rationale,
2931 3990 2985 4036 et
3013 3994 3358 4055 proponatur,
3382 3991 3424 4045 si
3450 3994 3641 4053 animal
3664 3998 3900 4061 est,ani-

2327 4078 2526 4124 matum
2556 4080 2665 4137 est,
2715 4072 2760 4127 si
2799 4073 2997 4129 animal
3030 4091 3131 4130 non
3180 4089 3296 4148 εει,
3344 4084 3603 4141 rationale
3642 4104 3743 4142 non
3784 4100 3897 4153 est;

2325 4160 2473 4229 atqui
2552 4170 2679 4227 est,
2747 4164 3039 4229 animatum
3128 4184 3234 4227 non
3331 4189 3547 4230 necesse
3619 4187 3700 4232 est
3776 4194 3899 4236 esse

2325 4251 2561 4315 animal,
2625 4266 2730 4320 quo
2780 4254 2838 4307 ﬁt
2896 4264 2953 4309 ut
3018 4272 3085 4313 ne
3148 4262 3402 4317 rationale
3454 4266 3705 4334 quidem;
3755 4270 3897 4337 quod

2325 4342 2368 4395 si
2432 4358 2458 4394 c
2514 4345 2795 4399 terminum
2865 4347 3009 4403 dicat
3071 4356 3365 4423 assumptio
3409 4399 3425 4425 ,
3491 4359 3536 4412 si
3603 4359 3814 4425 quidem
3875 4378 3902 4415 ο

2331 4436 2588 4490 terminus
2630 4436 2925 4495 afﬁrmatus
2978 4442 3161 4511 fuerit,
3208 4449 3308 4503 erit
3359 4450 3424 4515 b;
3471 4453 3609 4520 quod
3664 4454 3712 4507 si
3762 4455 3901 4511 idem

652 4513 855 4568 Rursus
882 4532 913 4567 a
957 4532 1062 4571 non
1097 4533 1214 4573 esse
1242 4533 1501 4586 ponamus
1552 4533 1671 4571 cum
1701 4519 1752 4581 b,
1784 4534 1904 4573 esse
1932 4535 2059 4574 vero
2101 4536 2223 4591 cum
2256 4510 2312 4574 Β
2335 4544 2362 4595 ρ
2429 4528 2685 4583 terminus
2751 4531 3015 4588 abnuatur
3050 4575 3065 4599 ,
3119 4510 3295 4593 nullus
3365 4551 3448 4596 est
3488 4510 3846 4613 syllogismus
3886 4564 3898 4600 :

648 4619 712 4669 c;
740 4606 782 4657 si
807 4620 909 4659 non
933 4616 1017 4679 est
1042 4624 1095 4672 a,
1130 4617 1210 4662 est
1241 4609 1289 4675 ὁ,
1320 4608 1365 4662 si
1388 4618 1469 4662 est
1499 4626 1548 4675 α,
1574 4620 1653 4663 εει
1681 4627 1724 4675 c,
1757 4611 1798 4663 si
1827 4626 1929 4664 non
1954 4622 2035 4666 est
2060 4629 2111 4679 α,
2141 4622 2224 4669 εει

649 4698 698 4761 θ,
729 4700 772 4751 si
797 4708 878 4753 est
905 4716 957 4767 a,
992 4717 1093 4754 non
1116 4711 1194 4756 est
1219 4718 1263 4765 τ,
1298 4704 1339 4755 si
1370 4718 1472 4755 non
1505 4712 1583 4756 est
1606 4721 1656 4769 (ι,
1694 4721 1795 4757 non
1833 4714 1914 4759 est
1941 4705 1991 4770 b,
2024 4706 2051 4758 ὑ
2082 4707 2124 4760 si
2144 4716 2225 4777 est

648 4802 697 4849 a,
728 4799 872 4854 εειε,
897 4790 939 4842 si
973 4805 1075 4844 uon
1106 4802 1187 4845 εει
1219 4810 1270 4857 a,
1296 4809 1400 4846 non
1433 4804 1513 4846 est
1548 4796 1594 4857 ὁ,
1640 4797 1682 4847 si
1731 4804 1813 4849 est
1851 4814 1900 4863 α,
1933 4813 2036 4850 non
2068 4807 2147 4851 est
2176 4815 2220 4851 ε.

650 4879 703 4932 Si
757 4881 913 4950 igitur
959 4899 1064 4937 nou
1124 4884 1192 4937 sit
1232 4887 1526 4953 arquimoda
1584 4890 1897 4957 propositio,
1932 4888 2225 4960 assumpto

653 4970 863 5037 quidem
893 4971 920 5024 b
951 4973 1082 5027 ﬁunt
1108 4974 1378 5027 sexdecim
1403 4980 1824 5044 complexiones,
1854 4996 2077 5047 quarum
2106 4991 2224 5034 tan-

655 5071 765 5118 tum
793 5077 914 5119 octo
942 5076 1066 5120 sunt
1088 5067 1398 5138 syllogismi.
1429 5070 1633 5123 Rursus
1665 5072 1709 5124 si
1747 5085 2045 5126 assumatur
2078 5091 2122 5138 c,
2150 5076 2229 5147 sic

654 5170 865 5228 quoque
892 5160 1162 5215 sexdecim
1210 5162 1611 5232 complexiones
1664 5165 1824 5230 ﬁunt,
1878 5166 1970 5219 sed
2003 5167 2055 5219 in
2110 5178 2230 5243 octo

657 5259 859 5306 tantum
906 5254 1334 5325 syllogismorum
1378 5255 1796 5325 deprehenditur
1850 5259 1997 5312 ﬁrma
2049 5276 2233 5316 neces-

658 5343 806 5397 sitas.
855 5345 937 5401 Sit
962 5346 1119 5416 igitur
1149 5350 1350 5416 primus
1405 5349 1591 5403 modus
1633 5350 1877 5404 secunda:
1923 5352 2102 5422 ﬁgurae
2146 5353 2230 5408 hic

658 5450 723 5492 ex
752 5437 921 5507 prima
949 5442 1167 5495 veniens
1190 5442 1581 5512 propositione,
1613 5442 1654 5497 si
1685 5453 1763 5497 est
1792 5460 1843 5508 α,
1876 5455 1957 5499 εει
1984 5445 2030 5508 b,
2062 5448 2103 5498 si
2145 5462 2231 5499 au-

660 5537 768 5582 tem
794 5546 898 5584 non
930 5542 1009 5584 cst
1034 5550 1087 5597 α,
1125 5543 1206 5587 εει
1239 5550 1297 5598 ε;
1331 5534 1451 5589 dico
1474 5535 1721 5604 quoniam
1757 5536 1799 5589 si
1833 5552 1935 5589 non
1965 5548 2045 5590 est
2070 5538 2119 5603 b,
2147 5546 2233 5592 est

658 5635 704 5685 ε,
733 5624 980 5689 quoniam
1014 5627 1155 5680 enim
1184 5628 1226 5680 si
1257 5637 1339 5681 est
1379 5646 1410 5682 a
1456 5637 1537 5682 est
1566 5628 1614 5693 b,
1640 5629 1930 5683 secundum
1986 5629 2228 5684 ordinem

660 5712 1054 5780 consequentiae
1081 5715 1124 5768 si
1159 5732 1262 5768 non
1289 5727 1369 5769 est
1397 5717 1445 5782 b,
1482 5733 1583 5770 non
1617 5720 1720 5771 erit
1748 5736 1807 5781 a;
1835 5719 1980 5788 atqui
2030 5721 2071 5771 si
2124 5735 2227 5773 non

660 5805 803 5853 esset
824 5814 878 5864 α,
909 5809 1057 5853 esset
1080 5818 1129 5865 c,
1182 5804 1225 5855 si
1258 5804 1416 5872 igitur
1445 5820 1551 5859 non
1592 5807 1661 5860 sit
1691 5808 1751 5873 b,
1785 5810 1886 5861 erit
1912 5824 1972 5873 c;
2011 5808 2149 5880 quod
2182 5810 2229 5868 si

2329 4632 2448 4671 nam
2480 4620 2730 4688 quoniam
2764 4623 2809 4675 si
2841 4632 2923 4677 est
2949 4640 3012 4691 a,
3041 4627 3141 4680 erit
3172 4628 3220 4693 ὁ,
3252 4631 3294 4682 si
3329 4646 3433 4685 non
3463 4620 3628 4698 estin,
3657 4638 3757 4690 erit
3784 4652 3830 4701 c,
3858 4640 3902 4692 si

2329 4718 2407 4765 est
2440 4727 2487 4773 c,
2533 4712 2634 4766 erit
2664 4728 2737 4777 a;
2767 4722 2824 4766 at
2856 4729 2975 4769 cum
3007 4728 3087 4771 est
3132 4736 3193 4783 α,
3239 4731 3320 4791 εει
3350 4724 3398 4789 b,
3439 4723 3486 4778 si
3524 4735 3607 4780 est
3648 4725 3811 4795 igitur
3852 4745 3902 4795 c,

2330 4803 2431 4855 erit
2463 4801 2513 4867 b,
2543 4803 2683 4871 quod
2715 4802 2758 4858 si
2789 4819 2892 4859 non
2922 4806 2991 4859 sit
3023 4824 3069 4872 c,
3105 4808 3233 4863 nihil
3259 4811 3329 4865 sit
3356 4816 3718 4871 necessarium
3738 4857 3753 4881 ,
3784 4832 3906 4872 nam

2333 4894 2383 4947 in
2419 4893 2516 4947 hac
2548 4896 2917 4965 propositione
2946 4913 3063 4969 qua:
3091 4899 3237 4965 dicit,
3257 4901 3304 4956 si
3334 4906 3533 4967 animal
3562 4916 3665 4973 est,
3694 4907 3901 4961 anima-

2335 4994 2441 5037 tum
2470 4994 2583 5053 est,
2628 4987 2671 5041 si
2701 4989 2895 5042 animal
2937 5006 3041 5045 non
3075 5001 3187 5059 est,
3219 4996 3476 5051 rationale
3523 5014 3628 5052 non
3675 5009 3786 5065 εει,
3818 5015 3903 5051 as-

2335 5088 2612 5129 sumamus
2634 5116 2647 5140 ,
2678 5074 2823 5147 atqui
2853 5095 2955 5134 non
2985 5091 3066 5136 est
3098 5084 3375 5151 rationale,
3419 5103 3525 5141 non
3556 5104 3777 5143 necesse
3804 5090 3909 5145 erit

2332 5164 2414 5216 vel
2441 5179 2559 5219 esse
2595 5167 2679 5221 vel
2713 5184 2817 5221 non
2855 5184 2973 5225 esse
3000 5173 3222 5241 animal,
3248 5178 3496 5245 quocirca
3526 5193 3592 5232 ne
3612 5179 3909 5234 animatum

2334 5254 2569 5325 quidem.
2596 5257 2726 5312 item
2758 5274 2819 5315 ex
2853 5262 3005 5316 tertia
3032 5263 3391 5333 propositione
3416 5267 3535 5321 talis
3560 5276 3642 5322 est
3664 5268 3911 5335 syllogis-

2336 5363 2452 5401 mus
2472 5391 2485 5413 ,
2513 5349 2558 5402 si
2588 5359 2669 5403 est
2699 5368 2759 5419 α,
2794 5368 2896 5405 nou
2931 5362 3015 5409 est
3041 5356 3068 5407 ὑ
3087 5395 3101 5420 ,
3127 5364 3181 5409 ει
3210 5356 3255 5410 si
3278 5372 3383 5411 non
3415 5369 3496 5412 est
3520 5375 3572 5422 a.
3600 5369 3683 5414 est
3705 5377 3765 5425 c;
3791 5360 3911 5415 dico

2333 5443 2454 5512 quia
2486 5443 2589 5496 sib
2636 5454 2749 5512 est,
2779 5458 2861 5501 est
2892 5463 2940 5511 ο,
2994 5463 3115 5501 nam
3170 5450 3421 5516 quoniam
3462 5450 3532 5509 ita
3582 5454 3909 5521 propositum

2328 5545 2432 5599 εει,
2460 5535 2504 5588 si
2536 5545 2615 5588 est
2644 5551 2698 5601 a,
2728 5552 2834 5590 non
2861 5548 2940 5593 est
2972 5538 3022 5605 b,
3067 5553 3288 5595 necesse
3326 5552 3408 5596 est
3447 5545 3733 5612 consequi,
3767 5555 3825 5599 ut
3865 5544 3909 5600 si

2330 5626 2393 5677 sit
2421 5626 2470 5691 b,
2504 5642 2607 5679 non
2639 5626 2791 5697 sita;
2821 5638 2874 5681 at
2898 5628 2942 5681 si
2967 5644 3070 5682 non
3104 5632 3249 5698 sita,
3276 5631 3377 5686 erit
3410 5649 3471 5697 c;
3500 5632 3545 5686 si
3578 5634 3738 5703 igitur
3762 5637 3789 5688 ὁ
3821 5636 3909 5702 sit.

2333 5719 2434 5770 erit
2459 5733 2517 5783 c;
2548 5718 2687 5787 quod
2721 5718 2765 5774 si
2814 5735 2919 5773 non
2955 5720 3024 5776 sit
3054 5721 3103 5788 ὁ,
3137 5722 3270 5777 nihil
3304 5734 3385 5777 est
3417 5724 3815 5789 necessarium;
3848 5728 3915 5789 sit

2333 5811 2475 5866 enim
2506 5828 2537 5865 a
2563 5814 2791 5883 animal,
2818 5814 2847 5868 ὁ
2874 5813 3223 5873 inanimatum
3244 5861 3259 5891 ,
3290 5834 3316 5872 ο
3344 5817 3656 5876 insensibile
3691 5838 3703 5875 :
3740 5822 3790 5875 in
3818 5820 3915 5879 hac
