4290 6272
433 366 529 425 sol
1477 365 1575 440 ne
1617 363 2045 421 SYLLOGISMO
2083 365 2123 421 μ

2000 364 2045 419 Ο
2083 364 2580 424 ΗΥΡΟΤΗΕΊῚΟΟ.
3588 374 3694 431 ρει

432 480 792 551 propositione
837 495 957 551 qua:
1000 480 1164 546 dicit,
1193 481 1236 535 si
1279 489 1362 535 est
1388 480 1599 534 animal
1626 521 1641 545 ,
1676 495 1781 533 non
1817 490 1902 534 est
1935 481 2013 533 in-
2039 483 2092 542 Α
2116 478 2403 546 sensibile,
2453 494 2671 535 necesse
2718 464 2802 536 est
2850 496 2957 537 non
3008 494 3130 538 esse
3165 482 3386 539 animal.
3425 482 3533 540 Sed
3580 496 3690 541 non

429 575 758 639 animatum,
782 574 830 629 si
861 588 965 629 non
995 582 1081 629 est
1123 573 1348 640 animal,
1379 582 1460 629 est
1492 573 1821 642 insensibile,
1847 573 1892 627 si
1921 587 2009 627 as-

428 680 722 734 sumamus,
760 680 867 720 non
913 673 998 721 est
1038 665 1424 728 inanimatum,
1474 679 1579 717 non
1630 678 1854 719 necesse
1905 665 2010 718 erit

431 756 627 811 animal
656 770 777 810 esse
814 755 899 810 vel
931 770 1038 811 non
1068 769 1222 819 esse,
1255 769 1423 823 quare
1453 769 1519 808 ne
1548 754 1862 808 insensibile
1891 754 2010 823 qui-

431 844 577 901 dem.
611 847 667 902 Si
696 861 824 901 vero
852 862 881 899 a
924 861 951 898 c
993 848 1220 901 termino
1253 846 1345 900 liat
1364 846 1691 914 assumptio,
1722 847 1768 900 si
1792 844 2006 914 quidem

430 955 537 995 non
578 941 648 994 sit
674 957 722 1004 c,
753 956 859 994 non
888 939 993 994 erit
1020 940 1083 1004 b;
1108 939 1155 993 si
1183 953 1314 993 vero
1347 955 1375 992 c
1403 939 1506 1005 sit,
1536 939 1681 992 nulla
1717 938 2007 993 necessitas

429 1030 533 1085 erit
552 1030 945 1094 conclusionis,
980 1044 1102 1084 nam
1131 1028 1383 1099 quoniam
1414 1029 1488 1083 ita
1533 1029 1861 1098 propositum
1892 1038 2004 1092 est,

430 1132 488 1177 ut
523 1122 566 1176 si
596 1124 663 1175 sit
682 1139 733 1186 α,
762 1137 867 1181 non
894 1122 967 1176 sit
994 1121 1046 1187 b,
1088 1122 1134 1174 si
1162 1135 1294 1175 vero
1324 1136 1434 1174 non
1462 1121 1532 1179 sit
1556 1137 1621 1185 ιι,
1648 1121 1718 1174 sit
1743 1136 1789 1185 c,
1820 1134 1882 1175 ea
1921 1133 2007 1172 re-

426 1228 540 1268 rum
570 1222 653 1269 est
675 1214 1077 1284 consequentia,
1116 1223 1179 1267 ut
1218 1214 1263 1267 si
1296 1227 1401 1266 non
1442 1212 1513 1268 sit
1546 1227 1595 1276 ε,
1628 1213 1698 1265 sit
1728 1228 1792 1274 a;
1824 1211 1878 1263 in
1921 1209 2006 1265 bis

422 1304 565 1358 enim
600 1314 801 1359 tantum
830 1304 1074 1359 terminis
1099 1303 1201 1358 dici
1230 1311 1438 1372 potest,
1465 1304 1553 1372 qui
1582 1302 1869 1361 medietate
1900 1302 2001 1369 pri-

424 1398 534 1453 vati
571 1400 746 1462 sunt;'
771 1407 827 1451 at
851 1399 896 1454 si
930 1398 998 1453 sit
1025 1414 1080 1464 a,
1115 1410 1221 1451 non
1247 1395 1398 1451 estb.
1432 1396 1491 1451 Si
1532 1396 1693 1464 igitur
1724 1412 1829 1449 non
1860 1394 1931 1449 sit
1956 1413 2003 1461 c,

424 1503 533 1543 non
579 1491 681 1543 erit
709 1491 777 1555 b;
804 1491 947 1559 quod
990 1490 1035 1544 si
1083 1491 1154 1545 sit
1190 1506 1237 1553 c,
1276 1488 1455 1543 nullus
1500 1497 1589 1543 est
1629 1488 2000 1558 syllogismus;

426 1597 550 1635 nam
586 1581 638 1635 in
671 1582 771 1636 hac
818 1582 1185 1650 propositione
1226 1596 1345 1650 (ιωε
1376 1580 1533 1646 dicit,
1577 1580 1624 1633 si
1652 1590 1735 1634 est
1772 1580 2001 1644 animal,

426 1686 531 1725 non
559 1681 641 1726 est
672 1672 1051 1739 inanimatam,
1084 1671 1129 1725 si
1160 1685 1287 1725 vero
1326 1685 1429 1724 non
1457 1680 1537 1724 est
1562 1669 1793 1734 animal,
1826 1672 2003 1725 insen-

425 1762 577 1817 sibile
603 1776 715 1830 est,
745 1773 979 1817 assumat
1013 1763 1207 1831 aliquis
1233 1775 1356 1817 esse
1394 1761 1724 1825 insensibile,
1759 1760 2004 1830 sequitur

2115 572 2411 625 animatum
2442 570 2655 639 quidem
2680 573 2764 626 vel
2794 587 2912 627 esse
2935 573 3022 628 vel
3053 588 3157 628 non
3183 589 3303 630 esse
3328 590 3549 631 necesse
3578 587 3689 644 est,

2109 660 2256 728 quod
2299 662 2343 714 si
2391 677 2417 712 c
2449 661 2710 715 terminus
2751 671 3076 730 assumatur,
3102 664 3145 717 si
3173 665 3388 732 quidem
3428 668 3689 736 negative,

2106 752 2269 806 faciet
2316 751 2717 821 syllogismum,
2764 752 3083 807 aﬂirmative
3126 769 3273 821 vero,
3324 756 3472 811 nullo
3503 758 3684 825 modo,

2106 860 2230 901 nam
2258 844 2305 899 si
2330 859 2441 898 non
2473 851 2557 898 est
2595 858 2644 911 ο,
2679 859 2785 898 non
2824 854 2907 899 est
2932 862 2982 897 a.
3011 845 3165 910 Quod
3192 848 3239 900 si
3272 863 3375 902 non
3404 857 3491 903 est
3514 867 3578 914 a,
3607 860 3691 906 est

2104 939 2158 1001 Ι),
2194 938 2241 993 si
2290 937 2453 1008 igitur
2491 954 2540 1001 c,
2570 947 2790 1009 nonest
2822 938 2876 1007 ι,
2900 940 3043 1007 quod
3078 940 3123 993 si
3152 939 3226 993 sit
3244 957 3289 1003 ε,
3319 956 3423 995 non
3472 958 3692 998 necesse

2104 1040 2192 1087 est
2228 1045 2351 1086 esse
2395 1031 2481 1085 vel
2537 1046 2643 1085 non
2698 1044 2820 1087 esse
2864 1048 2928 1096 α,
2959 1045 3064 1099 quo
3113 1030 3172 1086 fit
3205 1039 3259 1083 ut
3302 1048 3369 1089 ne
3410 1034 3438 1086 b
3475 1035 3687 1103 quidem

2102 1140 2229 1193 esse
2255 1126 2335 1179 vel
2365 1140 2473 1179 non
2502 1138 2627 1179 esse
2657 1136 2881 1178 necesse
2907 1122 3008 1189 sit,
3042 1136 3163 1183 nam
3196 1122 3241 1175 si
3262 1130 3347 1176 est
3375 1123 3686 1189 animatum,

2104 1235 2216 1274 non
2244 1234 2468 1275 necesse
2492 1229 2577 1274 est
2609 1234 2729 1291 esse
2753 1219 2838 1273 vel
2864 1232 2971 1273 non
2998 1231 3123 1273 esse
3153 1216 3384 1283 animal,
3410 1232 3531 1272 cum
3562 1234 3689 1275 vero

2108 1311 2306 1365 animal
2338 1327 2446 1366 non
2476 1310 2578 1377 sit,
2606 1326 2713 1365 non
2745 1324 2971 1365 necesse
2991 1319 3075 1365 est
3104 1310 3420 1365 insensibile
3444 1310 3527 1365 vel
3569 1324 3691 1367 esse

2107 1405 2193 1460 vel
2226 1420 2333 1459 non
2368 1420 2510 1459 esse.
2543 1404 2844 1474 Propositio
2874 1418 3003 1459 vero
3037 1403 3223 1457 eadem
3265 1410 3349 1457 cst
3370 1418 3491 1472 quin
3532 1416 3691 1472 ευρεο

2107 1495 2362 1559 riorihus.
2406 1493 2613 1547 Rursus
2640 1510 2705 1547 ex
2749 1501 2899 1547 sexta
2946 1492 3310 1562 pr0positione
3341 1493 3402 1547 lit
3439 1493 3689 1564 syllogisc.

2104 1600 2225 1640 mus
2250 1586 2355 1639 hoc
2382 1586 2542 1638 motio
2569 1603 2579 1636 :
2608 1585 2652 1640 si
2686 1600 2792 1639 non
2822 1595 2904 1639 est
2933 1601 2997 1647 α,
3026 1593 3109 1638 est
3138 1586 3187 1648 b,
3218 1594 3273 1639 et
3299 1585 3343 1640 si
3373 1595 3455 1641 est
3490 1603 3543 1649 α,
3578 1602 3685 1642 non

2106 1666 2193 1732 est
2231 1694 2291 1739 c;
2321 1678 2442 1730 dico
2486 1678 2607 1746 quia
2649 1677 2696 1729 si
2734 1692 2838 1730 non
2880 1685 2963 1731 est
2996 1677 3049 1741 ὁ,
3094 1690 3199 1730 non
3225 1677 3328 1732 erit
3368 1694 3415 1740 ε,
3455 1678 3501 1731 si
3541 1680 3686 1743 enim

2108 1783 2217 1823 non
2245 1776 2325 1821 cst
2347 1761 2397 1830 ὸ,
2425 1776 2506 1821 εει
2526 1784 2590 1829 a,
2619 1774 2675 1820 at
2703 1768 2745 1820 si
2777 1777 2859 1823 cst
2886 1783 2952 1831 a,
2980 1780 3090 1819 non
3121 1777 3201 1820 est
3238 1782 3285 1831 c,
3316 1766 3361 1820 si
3392 1766 3551 1836 igitur
3578 1782 3686 1823 non

423 1855 636 1924 quidem
670 1866 851 1909 utnon
884 1857 952 1909 sit
981 1855 1196 1919 animal,
1223 1855 1315 1909 sed
1348 1871 1450 1908 non
1478 1856 1722 1923 sequitur
1743 1865 1800 1909 ut
1823 1855 1903 1907 vel
1935 1856 2005 1910 sit
2033 1845 2082 1909 Β
2108 1867 2190 1912 εει
2218 1863 2268 1924 b,
2304 1872 2407 1913 non
2440 1857 2543 1911 erit
2572 1873 2619 1919 c,
2666 1856 2806 1924 quod
2845 1857 2889 1910 si
2920 1855 2949 1907 b
2982 1856 3267 1910 terminum
3294 1864 3454 1920 ponat
3480 1870 3688 1911 assume

423 1946 507 2000 νει
549 1963 653 2000 non
696 1948 765 2001 sit
802 1948 1116 2002 animatum.
1159 1946 1237 2001 Ex
1282 1955 1468 2015 quarta
1515 1947 1878 2015 propositione
1920 1955 2003 2000 est

424 2038 760 2107 syllogismus
780 2038 854 2090 ita
882 2056 894 2089 :
921 2040 964 2091 si
993 2047 1070 2093 est
1094 2054 1147 2102 α,
1178 2052 1284 2095 non
1310 2044 1395 2091 est
1420 2037 1472 2102 b,
1498 2039 1545 2091 si
1574 2053 1680 2091 non
1704 2046 1784 2090 est
1811 2054 1864 2102 a,
1897 2052 2000 2091 non

424 2135 505 2181 est
530 2145 588 2191 c;
614 2128 732 2182 dico
770 2128 1019 2195 quoniam
1063 2128 1109 2181 si
1152 2136 1235 2182 est
1263 2128 1314 2191 b,
1345 2143 1449 2182 non
1492 2137 1579 2183 est
1604 2143 1653 2191 ο,
1703 2142 1829 2181 nam
1868 2142 2004 2195 quo-

423 2216 565 2271 niam
592 2218 660 2271 ita
708 2218 1040 2286 propositum
1069 2225 1179 2279 est,
1211 2216 1257 2271 si
1282 2225 1368 2271 est
1405 2233 1459 2282 a,
1488 2233 1598 2271 non
1631 2228 1715 2272 cst
1742 2219 1796 2281 ὁ,
1824 2234 1886 2271 ea
1918 2233 2004 2272 re-

422 2322 538 2363 rum
583 2308 966 2378 consequentia
996 2317 1106 2375 est,
1141 2317 1198 2362 ut
1233 2308 1281 2362 si
1311 2310 1381 2362 sit
1415 2308 1464 2372 b,
1492 2324 1603 2362 non
1648 2311 1717 2363 sit
1757 2325 1829 2370 a;
1856 2308 2001 2377 atqui

424 2413 543 2455 eum
575 2414 680 2454 non
706 2400 774 2453 sit
799 2415 861 2461 α.
892 2399 1123 2467 positum
1152 2400 1327 2453 fuerat
1370 2414 1475 2452 non
1510 2412 1629 2453 esse
1667 2416 1712 2451 ε.
1744 2400 1803 2452 Si
1843 2399 2002 2467 igitur

424 2493 493 2545 sit
512 2490 563 2557 ὁ,
592 2506 696 2544 non
716 2498 802 2544 est
827 2505 885 2556 c;
908 2488 1050 2559 quod
1078 2490 1175 2542 sib
1204 2505 1311 2543 non
1334 2504 1455 2543 esse
1475 2498 1799 2554 assumatur,
1826 2490 2003 2541 nullus

422 2584 526 2637 erit
562 2581 926 2652 syllogismus.
958 2580 1071 2647 Age
1100 2582 1241 2634 enim
1289 2581 1359 2634 sit
1386 2597 1419 2633 a
1446 2581 1667 2649 quidem
1713 2582 1943 2646 animal,
1971 2582 2000 2632 ὁ

424 2672 806 2736 inanimatam,
834 2689 863 2726 ε
910 2672 1195 2735 rationale,
1224 2679 1281 2726 et
1317 2673 1388 2724 sit
1431 2671 1546 2724 hinc
1589 2672 1913 2739 propositio,
1956 2671 1999 2723 si

425 2772 509 2817 est
526 2761 750 2827 animal,
778 2776 890 2817 non
916 2771 1005 2817 est
1032 2762 1385 2816 inanimatam
1405 2800 1421 2825 ,
1458 2761 1507 2815 si
1538 2776 1643 2815 non
1669 2772 1752 2815 est
1778 2744 1999 2825 animal,

426 2867 532 2907 non
556 2860 640 2905 est
662 2850 959 2916 rationale;
990 2866 1324 2905 assumamus
1353 2851 1513 2919 igitur
1537 2864 1645 2905 non
1675 2865 1795 2906 esse
1829 2850 2002 2903 inani-

425 2956 626 3000 matum
645 2985 660 3009 ,
692 2958 795 2999 non
824 2959 1049 3000 necesse
1074 2946 1177 2999 erit
1205 2958 1325 2998 esse
1350 2945 1549 3003 animal
1566 2982 1581 3007 ,
1604 2943 1864 3012 quocirca
1898 2960 1998 2999 nec

422 3035 705 3089 rationale.
754 3035 959 3088 Rursus
988 3034 1084 3088 sic
1122 3032 1382 3091 terminus
1428 3047 1748 3101 assumatur,
1789 3034 1832 3086 si
1882 3034 2000 3100 qui-

424 3126 548 3183 dem
576 3142 696 3182 esse
725 3138 972 3197 ponatur,
996 3142 1218 3183 necesse
1247 3128 1349 3181 erit
1370 3142 1476 3183 non
1506 3143 1626 3183 esse
1651 3129 1701 3182 ὸ.
1730 3130 1798 3182 Αι
1819 3131 1861 3182 si
1890 3146 1998 3183 non

2107 1952 2242 2017 ptio,
2276 1948 2419 2001 nulla
2446 1956 2528 2001 est
2560 1947 2853 2001 necessitas
2882 1946 3258 2010 conclusionis,
3281 1947 3328 2001 si
3358 1946 3500 2002 enim
3530 1955 3615 2002 est
3631 1948 3687 2014 ι,

2106 2054 2209 2092 non
2242 2046 2378 2095 esto
2399 2079 2412 2101 ,
2450 2036 2501 2092 id
2532 2037 2674 2091 enim
2700 2051 2767 2091 ex
2794 2035 3163 2105 superioribus
3196 2036 3532 2091 manifestum
3571 2046 3684 2103 est,

2104 2138 2158 2187 at
2184 2130 2225 2182 si
2259 2143 2364 2182 non
2391 2135 2472 2183 est
2497 2144 2550 2195 a,
2589 2127 2717 2180 nihil
2747 2126 2812 2181 ad
2840 2141 2887 2188 c.
2933 2137 3057 2181 tunc
3081 2126 3229 2181 enim
3260 2142 3286 2178 ε
3314 2140 3423 2181 non
3452 2134 3597 2188 erat,
3633 2124 3685 2183 si

2104 2226 2251 2275 esset
2271 2235 2334 2282 s;
2364 2216 2664 2287 exemplum
2696 2232 2825 2271 vero
2854 2215 2954 2271 hoc
2980 2226 3093 2281 est,
3128 2225 3187 2271 ut
3213 2215 3261 2271 si
3288 2216 3357 2271 sit
3393 2232 3428 2269 ε
3456 2216 3682 2282 animal.

2104 2313 2133 2369 ὁ
2162 2310 2493 2375 insensibile,
2543 2324 2569 2362 ο
2614 2310 2980 2367 inanimatam.
3016 2309 3070 2363 Si
3096 2309 3257 2386 igitur
3282 2309 3350 2363 sit
3393 2306 3683 2376 propositio

2103 2402 2241 2463 talis,
2288 2402 2332 2453 si
2365 2414 2469 2455 non
2511 2409 2594 2454 est
2622 2399 2845 2463 animal,
2872 2406 2959 2459 est
3000 2397 3329 2462 insensibile,
3358 2398 3407 2453 si
3436 2406 3521 2452 est
3560 2397 3680 2453 aui-

2104 2491 2237 2556 mal,
2271 2506 2374 2547 non
2403 2498 2486 2544 est
2514 2489 2881 2551 inanimatam.
2916 2489 3068 2557 Atqui
3100 2498 3183 2543 est
3211 2486 3543 2554 insensibile,
3572 2501 3682 2543 non

2104 2592 2187 2635 est
2232 2580 2395 2648 igitur
2442 2579 2669 2643 animal,
2715 2577 2809 2633 sed
2854 2592 2959 2633 non
3002 2576 3350 2645 consequitur
3393 2582 3453 2630 ut
3491 2576 3563 2633 sit
3600 2575 3685 2637 vel

2104 2687 2210 2726 non
2246 2674 2315 2724 sit
2358 2671 2737 2733 inanimatam,
2768 2670 2909 2739 quod
2954 2670 2999 2724 si
3040 2686 3067 2722 ε
3098 2669 3384 2724 terminum
3432 2681 3679 2737 sumpse-

2104 2764 2292 2823 rimus,
2324 2762 2368 2817 si
2399 2761 2615 2830 quidem
2645 2760 2903 2826 afﬁrmes,
2935 2760 3099 2816 facies
3127 2760 3517 2830 syllogismum,
3561 2774 3685 2818 nam

2103 2853 2150 2911 si
2173 2861 2254 2909 est
2276 2869 2325 2915 ε,
2351 2868 2456 2907 non
2491 2854 2594 2907 erit
2618 2869 2667 2917 α,
2698 2854 2841 2920 quod
2868 2852 2914 2906 si
2940 2868 2972 2904 a
3000 2866 3105 2906 non
3132 2852 3221 2918 sit,
3247 2851 3345 2905 erit
3371 2850 3423 2906 ὁ.
3445 2851 3503 2909 Si
3529 2851 3687 2919 igitur

2104 2941 2352 3006 eluerit,
2394 2941 2495 2996 erit
2536 2941 2585 2994 ὁ.
2616 2944 2684 2996 At
2713 2943 2757 2995 si
2800 2942 3082 3009 negaveris
3121 2957 3167 3005 ιτ,
3202 2939 3336 2995 nihil
3376 2948 3460 2995 est
3499 2954 3687 2999 neces-

2103 3033 2320 3097 sarium.
2356 3030 2411 3087 Si
2456 3032 2600 3085 enim
2642 3045 3007 3097 assumamus,
3037 3030 3183 3100 atqui
3229 3044 3336 3091 non
3384 3040 3466 3085 est
3491 3048 3539 3097 ε,
3570 3046 3681 3093 non

2102 3137 2327 3183 necesse
2374 3124 2480 3175 erit
2523 3136 2643 3176 esse
2700 3122 2785 3176 vel
2835 3136 2943 3176 non
2990 3137 3113 3177 esse
3153 3138 3216 3186 α,
3249 3121 3495 3191 quocirca
3540 3136 3607 3177 ne
3652 3122 3684 3177 ι

421 3227 509 3272 est
531 3234 578 3283 ε,
611 3219 785 3275 nullus
823 3229 907 3274 est
941 3220 1306 3290 syllogismus,
1348 3234 1469 3273 nam
1502 3221 1752 3289 quoniam
1802 3236 1998 3289 propo—
2029 3205 2076 3277 ε
2105 3216 2344 3284 quidem.
2375 3215 2507 3285 Nam
2535 3215 2581 3270 si
2611 3216 2962 3275 inanimatum
2995 3214 3291 3283 negaveris,
3320 3229 3433 3273 non
3461 3227 3684 3275 necesse

420 3309 729 3375 situmest,
761 3311 807 3365 si
850 3311 1010 3377 usis,
1056 3326 1164 3365 non
1213 3326 1334 3366 esse
1364 3313 1412 3373 ὁ,
1455 3311 1562 3365 sia
1598 3326 1705 3365 non
1758 3312 1857 3374 sit,
1894 3328 1998 3366 non

420 3414 546 3456 esse
570 3419 618 3468 ε,
652 3417 874 3458 necesse
903 3411 1104 3467 estut,
1137 3419 1256 3459 cum
1287 3406 1357 3457 sit
1388 3419 1435 3467 c,
1473 3408 1546 3457 sit
1588 3406 1749 3457 etiam
1779 3420 1840 3469 α,
1872 3413 1926 3459 at
1956 3406 2000 3458 si

422 3497 495 3549 sit
524 3513 576 3560 a,
602 3510 714 3550 non
746 3497 815 3549 sit
841 3496 893 3559 ι,
921 3496 964 3549 si
995 3498 1158 3564 igitur
1187 3501 1254 3549 sit
1285 3513 1334 3562 ο,
1369 3510 1475 3563 non
1506 3495 1605 3549 erit
1639 3496 1699 3559 b;
1728 3496 1871 3565 quod
1903 3498 1947 3550 si
1974 3512 2001 3549 ε

424 3598 531 3647 non
572 3600 692 3649 esse
721 3595 972 3655 ponatur,
1007 3586 1187 3641 nullus
1225 3595 1313 3641 est
1359 3586 1720 3657 syllogismus,
1755 3588 1916 3642 veluti
1947 3588 2001 3641 in

425 3676 526 3731 hac
564 3676 954 3745 propositione,
986 3679 1031 3732 si
1071 3687 1157 3731 est
1185 3678 1409 3743 animal,
1459 3692 1566 3732 non
1615 3689 1697 3731 est
1746 3679 2003 3733 inanima-

427 3780 569 3833 tum,
594 3770 645 3823 si
679 3784 782 3823 non
808 3779 894 3824 est
934 3770 1163 3833 animal,
1196 3786 1303 3824 non
1341 3779 1428 3824 est
1473 3770 1753 3825 rationale.
1797 3770 1855 3825 Si
1884 3772 2004 3839 quis

424 3860 583 3929 igitur
620 3869 857 3913 assumat
886 3874 997 3915 non
1034 3875 1159 3916 esse
1187 3861 1466 3922 rationale,
1500 3876 1604 3915 non
1643 3875 1864 3917 necesse
1901 3863 2005 3915 erit

424 3965 548 4004 esse
576 3951 657 4004 vel
686 3966 793 4004 utnon
823 3966 943 4005 esse
986 3954 1204 4017 animal,
1251 3954 1502 4020 quocirca
1549 3968 1615 4009 ne
1657 3955 2002 4011 inanimatum

424 4042 641 4108 quidem
686 4056 814 4096 esse
864 4044 950 4097 vel
1000 4059 1106 4097 non
1152 4060 1292 4099 esse.
1338 4047 1512 4113 Atque
1558 4044 1609 4098 in
1660 4046 1741 4097 bis
1787 4047 2001 4114 quidem

424 4143 658 4201 quatuor
702 4135 1168 4202 propositionibus,
1204 4140 1273 4191 ita
1302 4153 1334 4190 α
1366 4138 1626 4191 terminus
1648 4137 1858 4205 positus
1887 4147 1999 4202 est,

423 4233 483 4277 ut
507 4226 575 4278 ad
612 4226 642 4277 ὸ
672 4226 882 4292 quidem
913 4242 1033 4281 esse
1061 4226 1350 4293 diceretur,
1379 4228 1446 4282 ad
1475 4245 1504 4282 ο
1541 4243 1669 4283 vero
1695 4243 1800 4283 non
1847 4244 1999 4293 esse;

420 4316 564 4385 quod
595 4317 638 4370 si
664 4318 805 4371 ordo
832 4328 1096 4383 mutetur,
1126 4334 1314 4374 rursus
1338 4330 1567 4388 quatuor
1591 4330 1749 4375 erunt
1774 4318 1866 4385 alii
1888 4321 2005 4390 syl-

422 4407 659 4477 iogismi,
685 4411 728 4462 si
758 4411 786 4462 b
804 4413 1073 4465 terminus
1104 4422 1426 4479 assumatur,
1450 4424 1679 4482 quatuor
1700 4414 1863 4469 etiam
1886 4414 1998 4479 alii,

422 4500 470 4555 si
499 4516 561 4563 c;
586 4516 653 4555 ex
677 4512 900 4572 utraque
927 4514 1103 4558 autem
1134 4513 1287 4573 parte
1308 4514 1582 4573 quaterna:
1603 4506 2002 4573 complexiones

2104 3318 2186 3361 est
2216 3322 2334 3361 esse
2363 3306 2448 3360 vel
2490 3321 2592 3359 non
2637 3319 2758 3360 esse
2799 3305 3025 3369 animal,
3068 3306 3316 3375 quocirca
3354 3320 3424 3371 ne
3455 3305 3684 3371 insensi-

2105 3397 2212 3451 bile
2240 3397 2453 3465 quidem
2498 3412 2616 3451 esse
2648 3397 2731 3451 vel
2764 3413 2869 3451 non
2913 3411 3053 3452 esse.
3093 3398 3171 3450 Ex
3216 3396 3441 3465 septima
3490 3411 3687 3466 propo-

2104 3490 2297 3555 sitione
2339 3489 2611 3543 conclusio
2652 3500 2734 3543 est
2778 3503 2905 3543 cum
2954 3490 3025 3542 ita
3073 3490 3440 3558 proponimus,
3487 3488 3533 3542 si
3577 3503 3683 3553 non

2105 3588 2188 3634 est
2225 3597 2279 3645 a,
2322 3597 2426 3633 non
2468 3590 2549 3635 est
2580 3580 2630 3645 b,
2660 3582 2705 3633 si
2737 3590 2818 3634 cst
2844 3596 2896 3646 a,
2932 3589 3013 3634 est
3043 3595 3102 3644 c;
3141 3579 3263 3634 dico
3299 3581 3423 3651 quia
3452 3579 3497 3633 si
3522 3589 3605 3649 est
3631 3579 3685 3647 b,

2105 3674 2211 3727 erit
2237 3689 2282 3738 c,
2312 3688 2432 3726 nam
2461 3675 2711 3743 quoniam
2742 3674 2813 3727 ita
2842 3673 3170 3742 propositum
3198 3680 3301 3735 est,
3334 3670 3380 3725 si
3406 3686 3510 3753 nop
3542 3678 3688 3737 esset

2104 3782 2157 3830 a,
2193 3781 2296 3821 non
2325 3781 2445 3821 esse
2475 3766 2523 3831 b,
2554 3767 2657 3820 erit
2689 3783 2744 3833 a,
2774 3766 2820 3819 si
2860 3766 2929 3819 sit
2955 3765 3005 3821 ὁ.
3036 3765 3194 3834 Atqui
3220 3764 3267 3819 si
3306 3765 3376 3819 sit
3403 3780 3463 3830 α,
3506 3766 3607 3819 erit
3637 3779 3685 3818 ι.

2105 3858 2163 3913 Si
2189 3860 2347 3929 igitur
2372 3861 2443 3915 sit
2472 3859 2649 3924 b,erit
2679 3876 2727 3923 τ,
2770 3858 2911 3926 quod
2952 3858 2995 3910 si
3039 3857 3067 3910 b
3104 3857 3386 3911 terminum
3422 3867 3578 3926 neget
3603 3872 3689 3911 as—

2105 3950 2362 4015 sumptio,
2397 3950 2539 4002 nulla
2583 3950 2685 4023 erit
2718 3948 2767 4000 in
2798 3946 3141 4000 conclusione
3187 3946 3479 4002 necessitas
3516 3963 3527 3997 :
3561 3960 3683 4000 nam

2104 4040 2153 4094 si
2177 4056 2283 4103 non
2310 4039 2379 4092 sit
2407 4040 2456 4104 b,
2492 4039 2621 4091 nihil
2653 4037 2756 4091 erit
2785 4036 3149 4090 necessarium
3175 4050 3294 4089 esse
3326 4036 3410 4090 vel
3440 4052 3543 4089 non
3568 4050 3687 4097 esse

2106 4148 2171 4196 ι,
2205 4133 2453 4198 quocirca
2501 4144 2567 4184 ne
2608 4146 2633 4180 ε
2663 4129 2875 4196 quidem
2921 4127 3060 4179 velut
3103 4127 3157 4179 in
3198 4126 3281 4179 his
3325 4125 3590 4188 terminis,
3636 4126 3685 4180 si

2104 4224 2246 4280 enim
2287 4224 2355 4277 sit
2394 4239 2427 4275 a
2469 4225 2788 4283 animatum,
2821 4220 2849 4272 b
2891 4220 3119 4283 animal,
3167 4234 3195 4272 c
3238 4218 3449 4283 vivere,
3500 4216 3546 4271 si
3593 4217 3676 4274 sic

2106 4313 2472 4379 enuntiemus,
2504 4312 2548 4367 si
2580 4328 2685 4366 non
2727 4320 2811 4367 est
2851 4300 3177 4376 animatum,
3211 4326 3315 4364 non
3346 4317 3428 4363 est
3455 4307 3684 4377 animal,

2107 4408 2152 4461 si
2196 4416 2275 4463 est
2314 4407 2607 4460 animatum
2660 4404 2816 4469 vivit,
2868 4405 2912 4459 si
2943 4404 3104 4473 igitur
3149 4417 3507 4465 assumamus,
3538 4401 3686 4470 atqui

2109 4515 2215 4554 non
2255 4510 2338 4553 est
2364 4499 2593 4566 animal,
2628 4513 2732 4552 non
2776 4511 2999 4552 necesse
3027 4506 3109 4550 est
3150 4510 3270 4550 esse
3297 4495 3381 4549 vel
3431 4509 3535 4549 non
3566 4508 3687 4549 esse

420 4601 617 4657 erunt,
661 4608 781 4662 quae
830 4595 1005 4649 nullos
1062 4595 1264 4649 faciunt
1318 4597 1676 4666 syllogismos.
1729 4596 1808 4652 Sit
1857 4598 1999 4657 enim
2026 4580 2082 4644 D
2108 4592 2433 4653 animatum,
2463 4590 2714 4660 quocirca
2749 4603 2846 4642 nec
2876 4588 3075 4652 vivere,
3107 4587 3247 4656 quod
3277 4587 3320 4641 si
3353 4600 3686 4641 assumamus

420 4683 605 4749 quinta
633 4684 949 4752 propositio,
980 4686 1027 4737 si
1060 4700 1167 4739 non
1194 4694 1278 4739 cst
1299 4701 1364 4751 α,
1390 4696 1474 4739 εει
1499 4686 1549 4749 b,
1577 4686 1622 4739 si
1647 4695 1729 4740 est
1755 4702 1806 4749 a,
1837 4695 1919 4741 est
1941 4703 2000 4751 c;

421 4771 543 4825 dico
586 4773 706 4840 quia
747 4774 790 4826 si
834 4787 937 4827 non
973 4782 1058 4829 est
1099 4774 1150 4839 ὁ,
1198 4774 1300 4828 erit
1340 4790 1399 4837 c;
1440 4784 1780 4830 assumantur
1821 4777 1997 4842 enim,

420 4863 565 4929 atqui
596 4876 701 4917 non
730 4874 813 4918 est
834 4866 885 4929 ὑ,
919 4866 1021 4921 erit
1040 4866 1209 4934 igitur
1232 4881 1286 4930 a,
1320 4864 1406 4920 hic
1432 4865 1576 4921 enim
1604 4870 1998 4936 consequentiae

417 4966 569 5008 ratus
602 4970 721 5010 esse
740 4960 1049 5019 aconstabat.
1081 4957 1187 5013 Sed
1220 4972 1340 5013 cum
1368 4966 1452 5013 est
1476 4974 1530 5025 a,
1564 4968 1646 5014 est
1680 4974 1729 5023 c,
1763 4960 1805 5011 si
1838 4960 2000 5028 igitur

420 5060 525 5098 non
572 5058 650 5101 est
688 5047 739 5111 ὁ,
770 5048 878 5102 erit
916 5048 1136 5117 c,.quod
1178 5050 1223 5104 si
1255 5050 1283 5102 ὁ
1313 5064 1434 5109 εεεε
1475 5058 1721 5119 ponatur,
1755 5050 1888 5104 nihil
1928 5053 2000 5106 sit

418 5140 817 5203 necessarium,
846 5141 894 5193 si
938 5142 1085 5195 enim
1110 5138 1193 5197 est
1224 5142 1283 5207 ὸ,
1334 5157 1439 5203 non
1470 5144 1572 5198 erit
1599 5160 1628 5196 ο
1649 5184 1662 5209 ,
1692 5142 1831 5212 quod
1868 5144 1913 5199 si
1966 5162 1999 5197 a

413 5242 521 5282 non
550 5240 652 5294 est,
687 5230 818 5284 nihil
845 5231 911 5284 ad
938 5248 990 5295 ε,
1025 5235 1273 5301 quocirca
1302 5233 1484 5288 nullus
1514 5244 1598 5289 est
1630 5233 1995 5304 syllogismus.

416 5319 533 5374 Non
581 5335 702 5377 esse
731 5332 910 5375 autem
952 5339 1015 5391 α,
1045 5324 1091 5378 si
1137 5325 1166 5375 ὁ
1196 5324 1296 5391 sit,
1342 5338 1402 5378 ea
1437 5325 1731 5392 propositio
1776 5324 2001 5379 demon-

414 5420 572 5475 strat,
598 5426 693 5478 per
715 5426 874 5479 quam
900 5412 1149 5478 dicimus,
1169 5414 1213 5467 si
1238 5428 1343 5467 non
1366 5423 1447 5468 est
1466 5430 1519 5479 a,
1538 5422 1621 5468 est
1640 5415 1691 5466 b.
1720 5415 1831 5469 lloc
1854 5416 1994 5469 enim

416 5499 469 5552 in
497 5500 825 5555 immediatis
849 5510 1051 5559 tantum
1081 5504 1363 5561 contrariis
1387 5505 1583 5558 evenit.
1611 5507 1722 5573 Age
1753 5505 1895 5558 enim
1926 5505 1997 5560 sit

410 5607 448 5653 α
478 5590 694 5660 quidem
727 5594 950 5659 animal,
983 5596 1011 5649 ὸ
1046 5611 1174 5649 vero
1209 5595 1536 5659 insensibile,
1581 5612 1608 5649 c
1637 5611 1764 5650 vero
1792 5598 2000 5650 anima-

412 5690 551 5747 tum,
581 5692 635 5738 et
669 5694 1016 5753 proponatur,
1062 5686 1105 5739 si
1152 5687 1347 5740 animal
1394 5703 1498 5741 non
1541 5697 1649 5754 est,
1686 5689 1997 5746 insensibile

409 5782 514 5849 est,
546 5774 593 5833 si
616 5773 815 5832 animal
840 5785 945 5845 est,
975 5777 1270 5833 animatum
1299 5786 1404 5849 est,
1433 5785 1487 5836 et
1515 5788 1740 5852 ponatur
1764 5795 1886 5839 esse
1914 5781 1996 5839 in-

2108 4698 2134 4734 c
2157 4682 2463 4747 terminum,
2496 4681 2538 4734 si
2563 4680 2779 4749 quidem
2809 4692 3088 4747 negemus,
3119 4677 3221 4733 erit
3243 4679 3532 4749 syllogismi
3564 4692 3685 4747 per-

2105 4775 2244 4829 fecta
2277 4774 2600 4835 necessitas;
2640 4772 2684 4826 si
2728 4785 2856 4826 vero
2883 4770 3234 4837 al‘lirmemus,
3268 4770 3413 4825 nulla
3444 4780 3527 4825 est
3556 4784 3687 4824 cou-

2105 4865 2302 4921 clusio.
2347 4864 2479 4919 Nam
2512 4865 2555 4917 si
2599 4878 2701 4917 non
2740 4872 2821 4917 est
2852 4880 2899 4929 c,
2932 4862 3035 4917 erit
3056 4878 3118 4928 a,
3148 4862 3190 4916 si
3222 4875 3327 4916 non
3358 4871 3438 4917 est
3468 4878 3530 4927 a,
3574 4876 3681 4916 non

2105 4959 2209 5013 erit
2236 4956 2285 5023 b,
2313 4956 2359 5011 si
2390 4955 2544 5024 igitur
2593 4970 2698 5010 non
2741 4956 2813 5009 sit
2844 4972 2889 5021 c,
2924 4970 3028 5009 non
3075 4955 3175 5009 erit
3203 4954 3255 5023 b,
3292 4954 3431 5023 quod
3463 4956 3505 5008 si
3539 4953 3685 5006 al'lir-

2106 5062 2281 5107 metur
2318 5066 2362 5116 c,
2396 5049 2527 5104 nihil
2579 5058 2661 5103 est
2706 5051 3096 5111 necessarium,
3141 5047 3253 5101 sive
3278 5048 3418 5101 enim
3468 5060 3687 5100 necesse

2105 5154 2352 5209 estesse,
2380 5144 2492 5199 sive
2524 5158 2629 5197 non
2662 5156 2881 5198 necesse
2918 5149 3001 5197 est
3027 5155 3146 5195 esse
3175 5157 3238 5205 a,
3281 5140 3408 5194 nihil
3450 5140 3512 5193 ad
3555 5140 3602 5202 b,
3632 5152 3687 5192 ut

2106 5240 2156 5293 in
2205 5238 2572 5308 superioribus
2621 5237 2863 5292 terminis
2905 5237 3099 5306 poterit
3146 5237 3399 5291 ostendi:
3441 5236 3485 5289 si
3543 5236 3683 5289 cnim

2104 5331 2269 5396 vivit,
2309 5340 2363 5385 et
2405 5332 2449 5385 si
2494 5345 2715 5385 necesse
2761 5341 2842 5384 est
2886 5344 3006 5384 esse
3054 5330 3379 5395 animatum,
3435 5344 3539 5383 non
3590 5345 3686 5381 nc-

2105 5436 2255 5478 cesse
2288 5432 2370 5477 est
2418 5431 2619 5475 tantum
2664 5437 2784 5476 esse
2829 5422 3026 5474 animal
3069 5422 3153 5475 vel
3202 5436 3308 5475 non
3363 5436 3509 5486 csse;
3543 5420 3684 5491 quod

2107 5513 2150 5565 si
2194 5527 2298 5565 non
2337 5520 2421 5566 est
2450 5526 2670 5565 necesse
2713 5524 2832 5565 esse
2861 5512 3181 5579 animatum,
3218 5527 3321 5566 non
3355 5527 3573 5567 necesse
3604 5519 3686 5564 est

2107 5617 2226 5656 esse
2257 5600 2342 5654 vel
2383 5616 2488 5654 non
2531 5615 2650 5655 esse
2690 5602 2917 5667 animal,
2950 5611 3009 5654 ut
3051 5617 3180 5656 vero
3210 5617 3429 5657 necesse
3469 5603 3536 5657 sit
3575 5617 3681 5656 non

2108 5708 2227 5749 esse
2255 5695 2567 5759 animatum,
2613 5693 2723 5747 fieri
2776 5707 2880 5748 nan
2932 5701 3125 5764 potest.
3162 5694 3239 5748 Ex
3271 5704 3455 5748 octava
3486 5709 3686 5765 propo-

2108 5785 2304 5843 sitione
2351 5784 2623 5843 conclusio
2664 5785 2784 5842 talis
2825 5793 2939 5856 est,
2971 5800 3094 5843 cum
3133 5784 3207 5843 ita
3256 5794 3555 5862 proponam
3594 5785 3684 5848 καὶ
