4290 6272
612 343 716 398 865

1825 336 1935 395 AN.
1976 335 2179 392 MANL.
2220 335 2373 394 SEV.
2421 336 2641 394 ΒΟΕΤΙΙ

3760 348 3864 405 868

611 474 717 514 non
744 467 826 513 est
851 473 917 525 a,
960 468 1064 511 non
1093 462 1175 510 est
1203 454 1255 521 ιι,
1284 462 1339 509 ει
1377 454 1423 509 si
1465 438 1550 511 est
1586 472 1646 524 α,
1676 471 1783 513 non
1830 465 1915 510 est
1956 471 2019 520 c;
2060 454 2181 508 dico
2208 453 2265 516 Α
2292 451 2623 521 aequimodas
2652 453 3046 522 propositiones
3078 473 3088 507 :
3122 457 3165 512 si
3192 463 3276 512 est
3303 456 3353 524 ὁ,
3383 466 3464 512 εει
3493 475 3524 511 a
3545 500 3560 526 ,
3606 462 3652 516 si
3680 471 3762 517 est
3801 481 3859 531 c,

612 552 860 622 quoniam
892 551 936 603 si
980 556 1064 604 est
1094 548 1145 612 ὁ,
1188 562 1295 602 non
1337 556 1422 602 est
1449 564 1498 616 c,
1548 563 1669 602 nam
1710 548 1756 602 si
1798 558 1880 603 est
1922 550 1972 612 b,
2006 555 2090 600 est
2125 562 2188 614 a,

610 642 750 713 quod
777 642 823 695 si
851 649 933 695 est
959 656 1022 704 α,
1053 654 1161 694 non
1202 647 1286 695 est
1326 656 1373 708 c,
1406 640 1452 694 si
1480 640 1638 709 igitur
1665 650 1747 696 est
1772 641 1822 707 ὁ,
1852 655 1957 694 non
1999 641 2102 695 erit
2130 657 2191 706 c;

609 732 751 804 quod
781 732 827 786 si
865 732 892 783 ὁ
921 731 1207 787 terminum
1253 739 1410 801 neget
1454 732 1768 801 assumptio,
1816 732 1950 786 nihil
1979 740 2063 787 est
2098 747 2193 788 ne-

610 826 930 889 cessarium,
961 827 1005 880 si
1044 826 1186 880 enim
1232 840 1336 881 non
1377 826 1448 881 sit
1492 827 1551 891 b,
1596 842 1702 882 non
1746 841 1967 883 necesse
2011 829 2115 883 erit
2160 846 2193 883 a

609 929 732 971 esse
771 916 858 988 vel
892 932 995 971 non
1036 931 1178 982 esse,
1207 932 1315 987 quo
1346 918 1405 972 ﬁt
1449 928 1601 975 utne
1639 936 1666 972 c
1692 919 1932 989 quidem,
1963 922 2109 976 velut
2137 920 2192 976 in

611 1007 700 1064 his
732 1009 996 1077 terminis,
1039 1010 1086 1064 si
1115 1010 1185 1065 sit
1215 1027 1247 1063 a
1272 1011 1561 1066 animatum
1581 1052 1597 1077 ,
1626 1012 1655 1064 ὁ
1686 1011 1912 1079 animal,
1954 1030 1981 1067 c
2022 1013 2194 1069 inani-

612 1110 831 1156 matum.
865 1101 920 1155 Si
947 1102 1110 1171 igitur
1140 1116 1515 1171 proponamus,
1542 1102 1588 1158 si
1619 1117 1724 1158 non
1750 1112 1832 1158 est
1861 1105 2151 1160 animatum
2172 1147 2189 1175 ,

613 1203 831 1261 nonest
861 1196 1089 1260 animal,
1122 1194 1169 1248 si
1198 1203 1281 1250 est
1324 1194 1644 1261 animatum,
1690 1211 1794 1250 non
1825 1204 1910 1251 est
1936 1196 2195 1253 inanima-

612 1294 757 1354 tum,
791 1298 845 1340 et
883 1300 1239 1353 assumamus,
1284 1285 1379 1341 sed
1411 1301 1517 1341 non
1549 1296 1632 1341 est
1678 1287 1902 1352 animal,
1945 1302 2052 1344 non
2094 1304 2194 1345 ne-

610 1393 766 1436 cesse
792 1389 877 1435 est
904 1394 1026 1435 esse
1068 1380 1154 1434 vel
1194 1394 1301 1434 non
1330 1394 1451 1435 esse
1489 1381 1810 1447 animatum,
1837 1383 2084 1452 quocirca
2128 1398 2195 1439 ne

611 1471 959 1538 inanimatam
1001 1471 1255 1541 quidem,
1297 1481 1353 1525 at
1392 1473 1436 1527 si
1486 1489 1513 1525 c
1561 1474 1822 1528 terminus
1868 1484 2192 1545 assumatur,

614 1564 661 1618 si
689 1562 904 1633 quidem
946 1578 1066 1617 cum
1110 1563 1465 1620 afﬁrmatione
1495 1575 1742 1634 ponatur,
1769 1568 1869 1622 erit
1903 1571 2196 1624 necessitas

610 1653 933 1725 syllogismi,
967 1668 1088 1707 nam
1118 1654 1161 1708 si
1188 1663 1270 1708 est
1296 1672 1344 1720 c,
1377 1671 1481 1709 non
1522 1663 1605 1711 est
1627 1674 1689 1721 a,
1731 1658 1873 1727 quod
1900 1660 1944 1713 si
1973 1676 2076 1714 non
2109 1642 2193 1716 εει

611 1763 664 1811 a,
694 1761 800 1801 non
827 1754 913 1801 est
944 1746 993 1811 b,
1025 1746 1069 1801 si
1102 1746 1262 1815 igitur
1308 1756 1388 1803 est
1430 1765 1478 1813 c,
1512 1764 1616 1803 non
1647 1758 1729 1804 est
1757 1752 1821 1817 b;
1861 1760 1915 1806 at
1957 1753 2002 1807 si
2030 1770 2057 1806 c
2086 1764 2193 1811 ter-

2283 560 2389 600 non
2431 555 2514 600 est
2541 562 2573 597 a
2594 586 2608 609 ,
2656 547 2699 599 si
2731 558 2811 601 est
2839 547 2888 612 b,
2921 558 2998 604 est
3027 565 3091 614 a,
3123 551 3167 603 si
3208 565 3313 604 non
3353 559 3436 605 est
3463 567 3489 604 c
3511 593 3525 617 ,
3554 568 3659 608 non
3686 563 3771 609 est
3796 572 3859 620 a,

2286 638 2332 692 si
2363 651 2469 691 non
2500 646 2584 691 est
2610 637 2658 700 ὁ,
2689 646 2772 694 εει
2793 656 2854 704 a,
2884 643 2929 693 si
2959 649 3043 695 est
3077 657 3125 708 c,
3158 657 3263 696 non
3291 653 3371 697 cst
3397 661 3429 696 a
3449 683 3464 709 ,
3492 644 3537 698 si
3568 660 3673 700 non
3703 656 3786 701 est
3809 649 3860 713 ὁ,

2285 741 2368 787 εει
2393 748 2459 794 a,
2507 731 2553 785 si
2592 745 2701 786 non
2746 743 2827 788 est
2869 751 2917 798 c,
2962 749 3066 789 non
3108 743 3193 789 est
3236 752 3287 793 a.
3317 736 3385 790 Et
3412 752 3551 792 nunc
3588 739 3801 807 quidem
3827 755 3862 791 ιι

2284 839 2404 881 cum
2447 827 2476 880 b
2507 841 2658 893 esse,
2689 841 2809 881 cum
2839 843 2867 879 ε
2907 840 3035 881 vero
3074 841 3179 881 non
3220 841 3339 883 esse
3378 830 3709 898 propositum
3757 839 3860 884 est.

2288 914 2494 972 Rursus
2524 931 2656 973 vero
2695 934 2727 971 a
2762 916 2977 988 quidem
3004 932 3127 971 cum
3158 916 3186 970 ὁ
3211 932 3317 972 non
3349 933 3498 985 esse,
3530 934 3651 973 cum
3678 936 3706 972 c
3734 932 3864 973 vero

2284 1021 2404 1062 esse
2426 1016 2775 1078 proponatur,
2802 1009 2846 1063 si
2875 1018 2955 1063 est
2977 1009 3025 1073 b,
3050 1023 3157 1063 non
3187 1019 3267 1063 est
3294 1026 3346 1071 a,
3372 1010 3415 1062 si
3444 1019 3528 1064 est
3554 1026 3601 1074 c,
3626 1020 3711 1064 est
3732 1028 3786 1074 a,
3817 1010 3863 1063 si

2282 1107 2364 1152 est
2388 1098 2437 1165 ὸ,
2483 1113 2587 1153 non
2617 1108 2787 1166 esta,
2832 1098 2878 1153 si
2920 1114 3025 1153 non
3069 1108 3152 1154 est
3192 1114 3238 1164 c,
3279 1108 3363 1155 est
3387 1116 3455 1166 a,
3485 1101 3528 1153 si
3564 1116 3667 1152 nou
3698 1108 3783 1153 est
3809 1098 3860 1160 ι,

2282 1201 2388 1242 non
2410 1198 2494 1243 est
2520 1205 2581 1256 a,
2612 1190 2656 1242 si
2688 1196 2772 1243 est
2796 1204 2844 1253 c,
2875 1197 2958 1243 est
2980 1205 3044 1254 α,
3072 1190 3116 1243 si
3148 1203 3254 1243 non
3279 1197 3363 1244 est
3390 1192 3441 1256 b,
3473 1205 3576 1244 non
3600 1199 3686 1244 est
3710 1207 3774 1249 a.
3810 1189 3860 1241 si

2285 1293 2392 1334 non
2441 1288 2527 1335 est
2566 1298 2614 1346 c,
2668 1294 2773 1335 non
2804 1288 2886 1335 est
2927 1296 2980 1334 a.
3011 1279 3205 1335 Tertia:
3234 1280 3392 1350 igitur
3435 1280 3616 1350 figura:
3659 1282 3864 1348 primus

2284 1368 2477 1424 modus
2506 1380 2587 1424 est
2630 1369 2931 1439 huiusmodi
2952 1416 2965 1437 ,
2997 1371 3044 1424 si
3069 1380 3150 1426 est
3190 1370 3242 1436 b,
3270 1382 3352 1425 est
3380 1388 3442 1437 a,
3483 1372 3528 1424 si
3568 1380 3649 1424 est
3676 1386 3727 1435 c,
3756 1385 3863 1423 non

2285 1468 2371 1515 est
2396 1477 2427 1512 a
2447 1500 2463 1526 ,
2498 1460 2588 1529 qui
2612 1459 2825 1528 quidem
2849 1460 3093 1514 diversus
3115 1470 3198 1515 est
3219 1477 3248 1514 a
3274 1461 3523 1516 secundae.
3548 1461 3728 1529 ﬁgura:
3758 1459 3862 1528 pri-

2285 1567 2377 1607 mo
2404 1552 2583 1607 modo.
2615 1550 2728 1605 lllic
2756 1551 2898 1606 enim
2928 1550 2976 1605 si
3009 1567 3042 1603 a
3068 1560 3213 1605 esset
3240 1551 3326 1606 vel
3355 1567 3461 1605 nou
3496 1559 3669 1614 esset,
3702 1550 3729 1602 b
3757 1557 3811 1602 et
3836 1565 3864 1601 ο

2287 1658 2411 1698 εεεε
2440 1642 2773 1697 dicebantur.
2804 1641 2956 1697 Nunc
2981 1656 3112 1697 vero
3140 1643 3186 1696 si
3220 1644 3248 1696 b
3289 1642 3373 1697 vel
3401 1659 3428 1695 c
3468 1637 3696 1706 fueriiit,
3722 1657 3753 1693 a
3778 1639 3863 1693 vel

2283 1750 2402 1791 esse
2429 1736 2509 1790 vel
2536 1750 2640 1789 non
2663 1750 2783 1790 esse
2809 1735 3144 1805 proponitur.
3173 1727 3512 1804 Equiino'dte
3538 1744 3713 1789 autem
3744 1747 3863 1802 pr0~

612 1837 812 1891 mitium
844 1845 1001 1905 neget
1029 1837 1341 1905 assumptio,
1371 1838 1501 1892 nihil
1528 1848 1612 1893 est
1642 1842 2033 1908 necessarium,
2064 1861 2185 1902 nam
2217 1831 2266 1891 Β
2298 1843 2306 1897 1

2166 1863 2185 1902 1
2217 1831 2266 1891 B
2298 1829 2590 1897 positiones
2612 1842 2717 1882 non
2760 1837 2905 1893 sunt,
2932 1844 3049 1899 qua:
3071 1829 3125 1882 in
3157 1828 3257 1882 alia
3283 1838 3432 1898 parte
3460 1844 3490 1879 a
3520 1841 3657 1891 esse,
3678 1827 3728 1879 in
3758 1826 3860 1879 alia

610 1928 657 1984 si
687 1942 791 1981 non
821 1938 902 1981 est
933 1942 981 1989 c,
1015 1942 1119 1980 non
1150 1941 1373 1982 necesse
1401 1929 1504 1988 erit
1541 1943 1661 1983 esse
1694 1930 1780 1985 vel
1822 1946 1926 1985 non
1970 1948 2090 1989 esse
2132 1952 2185 1991 a.

610 2020 729 2086 Quo
760 2020 817 2072 lit
843 2028 899 2072 ut
925 2033 993 2071 ne
1019 2018 1046 2071 b
1073 2017 1317 2087 quidem,
1351 2034 1471 2072 nam
1500 2020 1546 2073 si
1574 2034 1679 2074 non
1707 2031 1789 2075 est
1815 2022 2185 2087 inanimatam,

611 2110 841 2166 fortasse
868 2108 1081 2179 quidem
1108 2111 1177 2164 sit
1204 2124 1426 2165 necesse
1451 2125 1572 2165 esse
1599 2113 1891 2167 animatum
1909 2157 1924 2181 ,
1956 2118 2048 2170 sed
2081 2134 2188 2175 non

610 2215 836 2256 necesse
863 2212 947 2257 est
975 2200 1175 2256 animal
1204 2216 1348 2257 esse.
1398 2202 1739 2259 Invenientur
1767 2216 1944 2261 autem
1978 2209 2189 2266 termini

611 2291 668 2347 in
699 2293 889 2362 quibus
920 2307 1024 2347 non
1054 2307 1277 2365 necesse
1305 2294 1375 2348 sit
1403 2309 1526 2349 esse
1563 2313 1595 2349 (ι
1615 2336 1629 2359 ,
1663 2297 1825 2351 veluti
1854 2298 1899 2351 si
1934 2315 2190 2367 ponamus

611 2399 639 2436 c
660 2384 900 2453 nigrum,
929 2400 960 2437 a
986 2384 1164 2439 album
1185 2428 1198 2450 ,
1248 2386 1461 2455 negatio
1507 2387 1659 2457 nigro
1707 2403 1812 2443 non
1844 2394 2191 2460 consequitur

611 2484 671 2531 ut
712 2473 1008 2529 al'ﬁrmetur
1036 2477 1239 2529 album.
1274 2477 1342 2530 Et
1388 2478 1639 2532 secunda
1667 2479 1880 2548 quidem
1925 2481 2107 2551 ﬁgurae
2136 2484 2189 2539 in

612 2565 943 2635 eqtiimodas
982 2566 1381 2635 complexiones
1411 2583 1601 2623 omnes
1630 2569 1714 2639 (ut
1740 2571 1999 2643 arbitror)
2023 2575 2191 2643 expli-

611 2654 842 2718 cuimus,
868 2654 913 2707 si
957 2669 1085 2709 vero
1122 2656 1437 2724 aquimodaa
1480 2657 1619 2721 sint,
1661 2662 1837 2714 nullus
1876 2663 2096 2716 omnino
2135 2665 2211 2718 lit.

613 2743 977 2815 syllogismus.
1008 2745 1345 2815 Equimodre
1376 2760 1505 2801 vero
1536 2747 1669 2801 ﬁunt
1702 2750 1802 2804 hoc
1832 2751 2031 2806 modo:
2062 2768 2193 2823 quo-

614 2838 929 2907 tiescunque
955 2839 1097 2892 enim
1135 2854 1167 2891 a
1193 2839 1452 2893 terminus
1478 2839 1543 2893 ad
1575 2840 1604 2893 ὁ
1644 2850 1699 2895 ει
1725 2841 1790 2895 ad
1817 2859 1844 2896 c
1869 2844 2028 2898 simul
2073 2861 2193 2903 esse

614 2931 695 2983 vel
729 2945 833 2985 non
862 2946 983 2986 esse
1012 2932 1247 3000 ponitur,
1272 2933 1648 3001 quoquomodo
1675 2936 1703 2987 ὁ
1726 2945 1887 3004 atque
1917 2951 1945 2987 ο
1976 2938 2192 2994 termini

612 3021 906 3075 varientur.
940 3020 1137 3076 Harum
1166 3023 1327 3092 igitur
1357 3039 1476 3092 quae
1506 3025 1817 3094 mquimodzc
1848 3041 1967 3081 esse
2001 3028 2193 3083 dicun-

615 3120 701 3165 tur
725 3111 1145 3181 complexiones,
1178 3112 1320 3167 nulla
1360 3123 1445 3167 est
1468 3114 1893 3183 complectibilis.
1919 3116 2056 3173 Sunt
2096 3134 2196 3175 au-

612 3210 719 3260 tem
747 3220 936 3261 omnes
967 3207 1281 3275 :equimodte
1309 3208 1711 3277 complexiones
1740 3209 1822 3264 ha:
1850 3226 1865 3267 :

612 3314 778 3374 Siest
806 3336 872 3382 a,
899 3328 980 3372 εει
1010 3318 1060 3383 b,
1094 3320 1138 3374 si
1169 3330 1338 3385 esta,
1371 3332 1452 3377 est
1483 3337 1540 3387 c,
1574 3321 1616 3375 si
1647 3332 1814 3391 esta,
1847 3332 1930 3378 est
1958 3323 2008 3391 b,
2037 3324 2082 3380 si
2113 3332 2197 3381 est

688 3427 737 3475 a,
770 3426 877 3464 non
906 3421 987 3465 est
1015 3428 1063 3468 c.

615 3499 675 3557 Si
702 3511 785 3555 est
814 3518 874 3567 a,
918 3516 1021 3555 non
1054 3511 1136 3556 est
1167 3503 1218 3568 b,
1248 3502 1291 3556 si
1319 3513 1399 3558 est
1422 3520 1485 3569 a,
1518 3513 1598 3559 εει
1626 3520 1674 3569 c,
1703 3506 1747 3559 si
1780 3515 1860 3560 est
1885 3523 1944 3571 a,
1979 3522 2083 3562 non
2112 3515 2197 3564 est

691 3591 739 3657 ὁ,
772 3592 816 3645 si
847 3602 928 3646 est
956 3608 1019 3656 a,
1052 3609 1157 3645 non
1190 3604 1271 3647 est
1294 3610 1336 3647 c.

614 3681 676 3741 Si
703 3700 807 3739 non
838 3695 921 3739 est
951 3702 1011 3753 a,
1047 3693 1130 3740 est
1165 3685 1213 3753 b,
1253 3686 1297 3740 si
1325 3702 1429 3741 non
1452 3697 1533 3743 est
1556 3705 1618 3755 a,
1648 3697 1729 3744 est
1752 3704 1802 3757 c,
1830 3690 1873 3744 si
1892 3682 2001 3745 non
2025 3700 2194 3759 esta,

690 3784 774 3829 est
796 3775 845 3830 ιφ.

614 3865 674 3922 Si
704 3882 807 3921 non
838 3876 920 3921 est
951 3891 1010 3933 ιι,
1044 3883 1148 3922 non
1177 3876 1258 3923 ρει
1286 3885 1333 3936 c,
1368 3870 1413 3925 si
1446 3885 1550 3927 non
1596 3881 1679 3927 est
1723 3888 1776 3938 a,
1820 3888 1925 3928 non
1957 3882 2039 3927 est
2065 3872 2114 3938 li,
2148 3872 2195 3927 si

689 3973 792 4014 non
816 3969 897 4014 est
925 3977 981 4025 a,
1016 3970 1095 4015 est
1123 3978 1169 4015 c.

615 4049 670 4107 Si
703 4067 805 4106 nou
837 4060 919 4106 est
946 4070 1008 4117 a,
1038 4068 1140 4107 non
1171 4062 1252 4109 est
1274 4054 1323 4120 b,
1350 4055 1393 4109 si
1424 4070 1525 4110 non
1555 4063 1641 4111 est
1677 4072 1738 4122 a,
1765 4071 1871 4110 non
1897 4063 1978 4111 est
2006 4070 2055 4111 c.

614 4164 846 4231 Quarum
889 4163 1209 4219 imbecillam
1257 4167 1657 4223 conclusionem
1698 4178 1859 4239 atque
1903 4170 2049 4225 omni
2108 4185 2199 4226 ca-

617 4266 820 4311 rentem
850 4258 1192 4322 necessitate,
1217 4274 1281 4313 ex
1314 4261 1767 4331 assumptionibus
1797 4278 2012 4332 quoquo
2038 4263 2198 4319 modo

618 4348 769 4403 faelis
814 4349 1179 4415 inveniamus,
1212 4364 1311 4405 nec
1342 4366 1447 4406 non
1494 4353 1785 4407 secundum
1830 4353 2077 4421 superius
2106 4354 2201 4407 de-

616 4441 843 4509 scriptus
874 4442 1060 4495 modos
1082 4443 1242 4496 etiam
1272 4432 1526 4499 terminos
1556 4444 1805 4499 facillime
1834 4444 2070 4513 reperire
2102 4460 2199 4513 po-

618 4530 871 4596 terimus,
901 4548 997 4601 per
1040 4547 1173 4602 quos
1218 4534 1616 4589 demonstretur
1666 4535 1862 4590 nullam
1906 4537 1959 4593 in
2010 4535 2201 4593 talibus

619 4623 1075 4690 complexionibus
1125 4625 1351 4680 inveniri
1384 4641 1541 4695 posse
1586 4631 1963 4685 constantiam.
2017 4635 2091 4686 Ac
2131 4632 2199 4688 de

617 4718 847 4771 secunda
892 4719 1103 4786 quidem
1148 4718 1344 4787 ﬁgura,
1393 4719 1575 4788 quanti
1617 4720 1724 4775 sint
1766 4730 1820 4776 et
1865 4732 1998 4792 quot
2030 4725 2200 4780 modis

622 4807 750 4861 ﬁant
788 4809 1077 4879 syllogismi
1102 4809 1381 4879 diligenter
1422 4812 1773 4869 ostendimus.
1810 4815 1970 4868 Fiunt
1997 4828 2198 4884 autem,

622 4900 667 4953 si
698 4900 1067 4969 iua'quimodze
1098 4903 1312 4970 quidem
1335 4903 1739 4972 complexiones
1766 4904 1993 4971 fuerint,
2026 4907 2054 4960 b
2095 4917 2201 4963 ter-

619 4992 766 5043 mino
792 5000 1084 5057 asstnupto,
1121 4992 1413 5062 syllogismi
1441 5004 1583 5058 octo,
1606 4995 1932 5063 totidemque
1960 5012 1986 5048 ε
2016 4998 2062 5051 si
2086 4990 2201 5052 ter-

620 5083 795 5134 minus
827 5094 1161 5148 assumatur;
1196 5094 1319 5139 sunt
1350 5085 1508 5153 igitur
1536 5086 1785 5139 secundae
1834 5087 2016 5155 figura:
2045 5088 2201 5144 sede-

618 5178 717 5228 t-im
739 5176 1055 5244 syllogismi,
1084 5176 1302 5231 totidem
1322 5192 1449 5232 vero
1466 5178 1493 5230 b
1512 5186 1671 5246 atque
1692 5195 1717 5230 ε
1740 5180 1988 5242 termino,
2009 5194 2112 5234 non
2131 5181 2203 5237 ita

619 5281 674 5319 ιιι
698 5277 907 5335 oportet
932 5270 1222 5338 assumptis
1245 5268 1647 5337 complexiones
1671 5271 1832 5336 ﬁunt,
1857 5272 2048 5340 quibus
2073 5274 2204 5329 nihil

617 5359 905 5412 admodum
923 5361 1222 5431 colligatur.
1240 5359 1390 5413 Nunc
1408 5360 1567 5429 igitur
1585 5362 1650 5414 de
1671 5362 1824 5417 tertia
1849 5363 2014 5433 ﬁgura
2031 5365 2208 5421 dicen-

619 5451 743 5504 dum
774 5462 873 5505 est.
909 5453 961 5506 in
1004 5468 1105 5522 qua
1146 5452 1358 5520 quidem
1393 5451 1612 5506 totidem
1644 5453 2046 5523 complexiones
2074 5458 2204 5511 ﬁunt

620 5558 675 5605 et
719 5547 938 5601 totidem
986 5547 1319 5619 syllogismi,
1371 5547 1464 5600 sed
1515 5548 1585 5600 ita
1636 5556 1692 5600 ut
1738 5562 1843 5601 non
1888 5550 2203 5619 tequimodze

623 5644 1014 5713 propositiones
1052 5652 1345 5714 ponantur;
1377 5640 1518 5711 quod
1546 5642 1590 5695 si
1630 5640 1947 5711 :eqnimodze
1977 5639 2199 5703 fuerint,

623 5736 800 5808 nullus
824 5738 1040 5791 omnino
1069 5738 1086 5806 (
1112 5745 1169 5790 ut
1192 5737 1245 5790 in
1272 5735 1504 5790 secunda
1545 5736 1708 5805 ﬁgura
1738 5736 1938 5791 dictum
1968 5731 2092 5803 est)
2114 5732 2203 5787 ﬁet

627 5823 986 5907 syllogismus.
1005 5825 1347 5897 Exponamus
1366 5826 1521 5895 igitur
1541 5839 1729 5882 omnes
1749 5826 1930 5896 ﬁgurat:
1951 5822 2125 5882 tertiae
2146 5821 2203 5882 in

2298 1935 2403 1974 non
2437 1934 2557 1976 esse
2585 1922 2945 1985 constituunt,
2969 1920 3114 1976 velut
3138 1920 3191 1974 in
3219 1920 3462 1989 superius
3482 1917 3860 1986 comprehensa

2295 2011 2687 2081 prottositione.
2712 2012 2844 2066 Nam
2872 2012 2917 2066 si
2941 2020 3023 2067 est
3047 2011 3098 2079 ὁ,
3123 2020 3205 2066 εει
3227 2028 3290 2075 a,
3317 2011 3360 2064 si
3391 2020 3472 2065 est
3496 2025 3541 2074 c,
3575 2023 3679 2062 non
3706 2014 3786 2061 est
3810 2021 3862 2058 ιι.

2293 2102 2499 2170 Quibus
2526 2104 2598 2157 ita
2630 2104 2848 2172 positis,
2875 2102 2995 2157 dico
3022 2102 3273 2170 quoniam
3303 2100 3350 2155 si
3374 2110 3455 2155 est
3481 2099 3531 2161 to,
3564 2113 3669 2153 non
3696 2109 3813 2151 esse
3839 2110 3867 2148 ο

2294 2208 2518 2249 necesse
2547 2202 2651 2247 est.
2678 2193 2733 2247 Si
2762 2192 2904 2247 enim
2936 2199 3022 2246 est
3043 2193 3092 2256 b,
3122 2200 3203 2245 est
3227 2207 3259 2243 a
3278 2231 3294 2256 ,
3322 2188 3461 2258 quod
3488 2188 3533 2241 si
3561 2196 3645 2242 est
3666 2202 3696 2237 a
3716 2224 3729 2248 ,
3761 2196 3869 2237 non

2292 2297 2375 2343 est
2401 2303 2450 2351 c,
2486 2287 2528 2339 si
2577 2285 2738 2354 igitur
2764 2293 2848 2340 est
2891 2284 2941 2352 b,
2986 2298 3089 2337 non
3117 2291 3198 2338 est
3222 2297 3283 2347 c;
3311 2279 3449 2350 quod
3477 2279 3573 2333 sib
3606 2276 3868 2331 terminus

2292 2378 2577 2443 abnuatur,
2607 2376 2786 2430 nullus
2814 2385 2896 2431 est
2923 2374 3286 2446 syllogismus,
3317 2380 3400 2441 εει
3426 2369 3593 2434 enim,
3620 2367 3666 2421 si
3696 2368 3725 2420 ὁ
3756 2379 3863 2420 ιιοιι

2292 2468 2396 2533 sit,
2425 2482 2530 2521 non
2557 2480 2779 2522 necesse
2806 2466 2910 2520 erit
2939 2478 3058 2519 esse
3085 2464 3171 2517 vel
3200 2476 3305 2515 non
3331 2473 3450 2515 esse
3475 2474 3529 2511 a.
3558 2457 3667 2513 Nec
3702 2472 3729 2509 c
3771 2455 3867 2525 igi-

2294 2570 2378 2613 tur
2425 2574 2647 2615 necesse
2682 2558 2786 2613 erit
2825 2558 2911 2613 vel
2948 2571 3069 2612 esse
3103 2556 3186 2609 vel
3210 2569 3317 2609 non
3343 2566 3482 2617 esse,
3512 2549 3660 2604 velut
3688 2549 3740 2601 in
3768 2548 3871 2602 hoc

2294 2651 2557 2721 exemplo,
2590 2647 2638 2704 s'i
2664 2649 2736 2704 sit
2761 2650 2789 2702 b
2824 2648 3028 2715 animal
3049 2690 3065 2713 ,
3098 2665 3130 2701 a
3156 2646 3444 2701 animatum
3463 2684 3480 2709 ,
3511 2659 3538 2696 c
3566 2650 3832 2697 mortuum
3851 2677 3871 2704 .

2294 2722 2349 2798 et
2380 2751 2731 2811 proponatur,
2758 2741 2805 2794 si
2832 2738 3029 2793 animal
3054 2746 3157 2805 est,
3191 2736 3482 2791 animatum
3509 2742 3623 2797 est,
3652 2731 3698 2785 si
3725 2743 3874 2784 mor-

2295 2846 2443 2891 tuum
2476 2844 2557 2890 est
2580 2876 2594 2901 ,
2627 2834 2917 2889 animatum
2951 2847 3055 2887 non
3084 2839 3188 2886 est.
3219 2829 3377 2899 Atqui
3406 2842 3513 2881 non
3543 2834 3626 2880 est
3646 2820 3873 2886 animal,

2296 2942 2403 2983 non
2429 2942 2650 2983 necesse
2679 2936 2765 2982 est
2798 2940 2918 2980 esse
2940 2967 2955 2991 ,
2986 2924 3071 2979 vel
3104 2937 3209 2977 non
3240 2935 3361 2979 esse
3390 2919 3704 2974 animatum.
3748 2915 3874 2981 Quae

2295 3020 2438 3073 enim
2483 3033 2589 3073 non
2619 3026 2745 3071 sunt
2784 3015 3069 3081 animalia,
3112 3022 3330 3083 possunt
3361 3025 3483 3066 esse
3526 3008 3787 3070 animata,
3816 3011 3875 3059 ut

2295 3112 2555 3175 arbores;
2586 3118 2812 3180 possunt
2836 3122 2958 3164 esse
2978 3121 3084 3160 non
3106 3105 3339 3159 animata
3359 3144 3374 3169 ,
3404 3111 3461 3157 ut
3483 3101 3706 3171 lapides.
3736 3098 3875 3167 Quo-

2218 3196 2267 3259 C
2299 3201 2439 3256 circa
2466 3201 2512 3255 si
2539 3200 2735 3254 animal
2766 3215 2871 3253 non
2894 3197 3073 3262 fuerit,
3105 3211 3174 3252 ne
3200 3204 3468 3251 mortuum
3498 3192 3729 3263 quidem
3758 3202 3877 3245 esse

2299 3294 2387 3349 vel
2418 3309 2523 3348 non
2554 3308 2675 3348 esse
2704 3305 2925 3347 necesse
2955 3300 3056 3345 est.
3091 3288 3249 3343 Plura
3280 3288 3423 3342 enim
3462 3299 3569 3340 non
3608 3291 3735 3338 sunt
3760 3278 3876 3335 ani-

2301 3387 2492 3451 malia,
2522 3401 2641 3456 qua:
2671 3394 2879 3439 mortua
2908 3398 3013 3437 non
3053 3390 3211 3447 sunt,
3242 3391 3303 3434 ut
3340 3377 3568 3445 lapides,
3601 3374 3689 3428 illa
3730 3370 3874 3428 enim

2299 3487 2512 3535 mortua
2557 3478 2803 3533 dicuntur
2854 3491 2973 3546 qua:
3020 3472 3608 3545 aliquando'vixerunt.
3655 3467 3738 3521 Ab
3784 3479 3876 3522 as-

2301 3570 2607 3640 sumptione
2652 3584 2783 3624 vero
2826 3584 2854 3621 c
2886 3567 3094 3622 termini
3124 3564 3411 3620 afﬁrmatio
3440 3561 3597 3616 faciet
3625 3557 3877 3630 syllogis-

2301 3661 2621 3717 mum.‘Nam
2645 3661 2733 3715 sic
2752 3667 2855 3727 est,
2882 3658 2910 3711 b
2933 3673 3037 3711 non
3061 3656 3193 3723 erit,
3210 3654 3256 3709 si
3276 3654 3420 3709 enim
3437 3660 3580 3716 rest,
3604 3666 3707 3704 non
3727 3657 3875 3703 esto.

2302 3759 2372 3811 At
2398 3756 2445 3809 si
2472 3769 2575 3810 non
2598 3753 2748 3818 sita,
2774 3768 2877 3806 non
2901 3752 3001 3806 erit
3031 3752 3080 3817 ὁ,
3114 3751 3156 3803 si
3184 3748 3344 3817 igitur
3370 3763 3397 3801 c
3422 3754 3537 3810 εει,
3565 3743 3594 3797 b
3620 3757 3724 3797 non
3752 3740 3871 3795 erit.

2300 3846 2522 3918 Negatio
2570 3860 2702 3900 vero
2735 3862 2761 3898 c
2806 3844 2937 3898 nihil
2982 3841 3212 3911 explicat
3252 3837 3611 3895 necessitatis.
3664 3834 3792 3888 Nam
3830 3828 3877 3885 si
3918 3892 3923 3897 ε

2301 3953 2408 3994 non
2439 3947 2522 3993 est
2550 3953 2597 4003 c,
2629 3952 2733 3991 non
2763 3948 2982 3990 necesse
3005 3944 3089 3989 est
3127 3947 3246 3988 esse
3276 3933 3363 3987 vel
3393 3946 3502 3987 non
3531 3942 3654 3985 esse
3680 3944 3731 3979 a.
3762 3925 3877 3992 Quo

2302 4032 2362 4084 lit
2399 4038 2457 4083 ut
2503 4045 2570 4085 ne
2612 4028 2640 4081 ὁ
2686 4027 2901 4098 quidem
2925 4067 2939 4091 ,
2969 4041 3091 4080 nam
3121 4025 3167 4079 si
3204 4039 3310 4078 non
3340 4023 3409 4077 sit
3442 4031 3741 4084 mortuum,
3772 4030 3877 4071 non

2300 4132 2377 4177 est
2428 4134 2650 4176 necesse
2696 4133 2814 4173 esse
2860 4117 3151 4171 animatum
3194 4115 3280 4169 vel
3323 4128 3430 4168 non
3457 4125 3594 4166 esse.
3624 4106 3875 4175 Quaedam

2302 4218 2444 4270 enim
2476 4229 2594 4283 qua:
2620 4228 2726 4267 non
2756 4219 2881 4265 sunt
2907 4220 3117 4265 mortua
3136 4250 3152 4276 ,
3185 4207 3413 4262 animata
3442 4212 3595 4267 sunt,
3627 4209 3683 4255 ut
3711 4199 3875 4253 arbo-

2302 4321 2410 4362 res.
2439 4305 2695 4371 Quaedam
2735 4316 2867 4356 vero
2910 4316 3032 4355 cum
3076 4309 3283 4355 mortua
3312 4311 3416 4350 non
3446 4295 3585 4361 sint,
3612 4305 3717 4346 non
3747 4295 3876 4343 sunt

2302 4399 2557 4461 animata,
2582 4404 2640 4449 ut
2664 4393 2897 4462 lapides,
2925 4408 3031 4461 quo
3053 4393 3110 4445 lit
3136 4401 3196 4445 ut
3216 4404 3281 4444 ne
3301 4386 3495 4442 animal
3516 4383 3730 4455 quidem
3753 4394 3879 4436 esse

2306 4493 2391 4546 vel
2420 4504 2525 4544 non
2551 4502 2672 4544 esse
2702 4499 2924 4541 necesse
2952 4485 3040 4549 sit,
3071 4485 3115 4538 si
3147 4489 3413 4537 mortuum
3440 4479 3764 4534 destruatur.
3801 4472 3878 4528 Ex

2229 4578 2278 4639 D
2307 4581 2543 4639 secunda
2594 4578 2960 4649 propositione
3005 4578 3090 4629 hic
3130 4573 3321 4627 modus
3362 4578 3447 4625 est
3492 4564 3803 4635 colligendi,
3831 4563 3878 4617 si

2304 4684 2388 4731 est
2412 4675 2458 4741 b,
2510 4683 2592 4727 est
2622 4687 2682 4733 a,
2712 4671 2755 4724 si
2789 4683 2890 4722 non
2919 4676 3001 4723 est
3029 4683 3078 4733 c,
3109 4679 3212 4719 non
3241 4670 3324 4718 est
3347 4677 3414 4726 a;
3442 4660 3564 4715 dico
3592 4656 3801 4727 quidem
3831 4653 3878 4711 si

2303 4777 2386 4823 est
2423 4758 2474 4831 lt,
2499 4765 2601 4819 erit
2628 4779 2674 4817 c.
2707 4761 2838 4816 Nam
2866 4759 2909 4814 si
2931 4768 3013 4814 est
3037 4757 3086 4824 b,
3114 4765 3196 4811 εει
3217 4770 3280 4822 ιι,
3304 4752 3443 4823 quod
3468 4752 3514 4805 si
3535 4759 3618 4804 est
3636 4768 3696 4815 (ι,
3723 4755 3808 4801 εει
3829 4759 3877 4797 c.

2309 4861 2382 4915 lta
2416 4862 2559 4913 enim
2592 4856 2923 4912 convertitur
2953 4852 3071 4906 talis
3091 4847 3406 4919 propositio,
3430 4859 3550 4915 quae
3579 4844 3671 4907 ait,
3696 4841 3741 4894 si
3772 4852 3879 4893 non

2304 4959 2390 5006 est
2416 4967 2475 5014 c,
2503 4964 2607 5003 non
2636 4957 2719 5001 est
2747 4937 2812 5011 ας
2839 4945 2883 4999 si
2917 4944 3076 5012 igitur
3100 4950 3182 4994 est
3210 4941 3259 5004 b,
3291 4945 3374 4992 est
3400 4952 3446 4989 c.
3478 4934 3629 5002 Quod
3651 4932 3693 4986 si
3719 4933 3746 4984 ὁ
3777 4939 3882 4983 ter-

2309 5043 2486 5098 minus
2516 5050 2763 5108 negetur,
2797 5036 2937 5091 nulla
2970 5035 3026 5088 tit
3069 5031 3362 5089 necessitas
3406 5024 3718 5097 syllogismi.
3753 5022 3880 5074 Nam

2307 5136 2352 5188 si
2386 5148 2493 5187 non
2519 5140 2597 5186 est
2629 5132 2678 5197 b,
2725 5144 2832 5184 non
2864 5140 3086 5183 necesse
3116 5135 3197 5180 εει
3239 5136 3360 5176 εεεε
3402 5118 3490 5173 vel
3534 5132 3638 5172 non
3680 5129 3799 5169 esse
3828 5129 3879 5164 a.

2306 5224 2570 5293 Quocirca
2616 5238 2685 5277 ue
2719 5220 2783 5275 ad
2816 5237 2841 5274 c
2871 5217 3088 5289 quidem
3119 5217 3224 5271 ulla
3251 5212 3542 5269 necessitas
3575 5207 3847 5277 perveniet
3867 5243 3883 5269 ,

2311 5328 2369 5374 ut
2399 5321 2448 5371 in
2484 5317 2566 5371 his
2597 5316 2838 5371 terminis
2865 5321 3043 5382 patet,
3078 5326 3199 5365 nam
3227 5310 3271 5362 si
3298 5308 3366 5361 sit
3393 5305 3422 5357 ὁ
3451 5303 3682 5364 animal,
3713 5317 3745 5352 (ι
3774 5298 3885 5352 ani-

2316 5421 2546 5476 matum,
2574 5427 2601 5463 c
2629 5422 2977 5477 corporeum,
3010 5414 3064 5459 et
3095 5408 3421 5472 proponatur
3465 5397 3509 5451 si
3540 5406 3623 5451 est
3650 5391 3879 5457 animal,

2310 5523 2392 5567 est
2422 5513 2746 5574 animatum,
2776 5512 2818 5564 si
2852 5524 2957 5563 non
2987 5516 3068 5561 est
3099 5516 3447 5573 corporeum,
3496 5512 3600 5552 non
3650 5504 3731 5549 est
3774 5491 3886 5546 ani-

2306 5608 2554 5683 matum,
2589 5623 2643 5669 et
2670 5625 2989 5678 assumatur,
3033 5607 3177 5677 atqui
3223 5621 3330 5660 tton
3373 5613 3455 5658 est
3500 5600 3731 5661 animal,
3782 5609 3886 5649 non

2314 5732 2533 5772 necesse
2582 5726 2663 5772 est
2704 5729 2824 5770 esse
2873 5713 2954 5770 vel
2997 5727 3102 5766 non
3149 5723 3269 5765 esse
3319 5716 3668 5774 corporeum,
3702 5716 3728 5750 c
3765 5707 3888 5749 vero

2322 5821 2580 5878 terminus
2609 5821 2655 5879 si
2684 5829 2926 5887 negetur,
2957 5817 3061 5875 erit
3087 5812 3380 5872 necessitas
3405 5804 3722 5883 syllogismi.
3756 5800 3886 5858 Nam
