4290 6272
421 366 525 423 865

1487 357 1576 413 DE
1614 354 2039 413 SYLLOGISMO
2079 356 2579 413 HYPOTHET‘ICO.

3567 361 3670 416 866

417 482 461 535 si
490 494 593 535 non
619 485 699 535 est
727 495 774 545 c,
804 491 911 533 non
937 484 1018 532 est
1043 492 1094 528 ε.
1121 473 1272 541 Quod
1296 473 1343 527 si
1368 488 1471 527 non
1501 480 1585 527 est
1607 488 1668 537 a,
1697 486 1803 526 non
1827 480 1909 526 est
1932 470 1982 524 b.
2010 472 2065 530 Α
2090 478 2170 523 εει
2218 470 2529 538 propositio,
2582 470 2629 523 si
2659 478 2741 525 est
2774 471 2823 535 b,
2870 484 2975 526 non
3014 478 3097 527 est
3124 486 3191 538 a,
3222 470 3267 526 si
3299 480 3382 528 est
3409 488 3465 538 c,
3494 482 3577 530 est
3603 493 3668 542 a;

418 572 491 627 Ita
537 572 678 627 enim
717 569 960 624 converti
1008 576 1200 635 potest.
1246 566 1302 621 Si
1344 565 1502 633 igitur
1544 577 1649 617 non
1693 571 1775 617 εει
1802 554 1991 627 ο,ἰιοῐι

421 665 529 721 erit
574 666 622 718 b.
654 664 713 718 Si
743 662 1055 725 alﬁrmetur,
1089 677 1113 713 c
1143 659 1288 713 nulla
1317 667 1397 712 est
1428 656 1719 710 necessitas
1740 695 1754 718 ,
1786 668 1907 707 nam
1947 653 1992 705 si

420 764 506 811 est
547 767 895 823 corporeum,
930 766 1033 804 non
1078 763 1297 805 necesse
1327 757 1412 803 est
1438 748 1729 801 animatum
1760 760 1881 800 esse
1910 744 1993 799 vel

422 862 527 903 non
553 861 692 902 esse.
735 842 994 911 Quocirca
1025 856 1124 895 nec
1150 841 1346 895 animal
1375 838 1591 909 quidem
1626 853 1746 893 esse
1774 838 1858 891 vel
1888 852 1991 891 non

422 955 543 998 esse
565 951 782 993 necesse
812 944 912 990 est.
943 933 1119 988 Tertia
1145 931 1437 1003 propositio
1460 930 1618 986 talem
1643 930 1835 998 recipit
1858 943 1990 983 con-

421 1031 746 1094 clusionem,
778 1030 821 1082 si
853 1043 956 1081 non
987 1035 1071 1082 est
1099 1027 1147 1091 ὁ,
1182 1034 1263 1079 est
1291 1041 1352 1089 α,
1383 1025 1430 1079 si
1460 1031 1541 1077 est
1570 1040 1618 1088 c,
1653 1036 1761 1076 non
1800 1029 1885 1075 est
1923 1037 1990 1085 a;

421 1119 539 1174 dico
563 1118 683 1187 quia
723 1118 766 1169 si
807 1131 911 1170 non
955 1124 1037 1171 est
1063 1115 1113 1179 b,
1145 1130 1251 1169 non
1282 1114 1384 1169 erit
1411 1129 1460 1178 c,
1493 1114 1540 1167 si
1569 1113 1710 1168 enim
1743 1127 1851 1166 non
1884 1110 1986 1179 sit,

420 1223 501 1269 est
541 1213 588 1277 b,
620 1220 779 1283 esea.
819 1211 971 1279 Quod
999 1211 1044 1265 si
1083 1209 1237 1275 sita,
1265 1224 1381 1262 non
1401 1207 1507 1262 erit
1531 1224 1590 1272 ε,
1623 1207 1695 1260 ita
1722 1205 1864 1261 enim
1898 1218 1995 1274 po-

423 1314 558 1359 terat
585 1304 820 1358 converti
849 1319 909 1358 ea
940 1318 1059 1371 pars
1090 1302 1469 1371 propositionis
1488 1342 1503 1364 ,
1532 1315 1674 1369 quae,
1706 1299 1752 1352 si
1787 1284 1935 1353 esset
1965 1312 1993 1350 ο

422 1394 711 1462 terminus,
740 1412 770 1447 a
797 1394 1081 1449 terminum
1108 1408 1214 1447 non
1240 1406 1361 1448 esse
1386 1390 1618 1445 dicebat.
1645 1391 1733 1444 Fit
1757 1390 1917 1460 igitur
1940 1396 1998 1443 ut

420 1489 465 1543 si
497 1504 603 1541 non
632 1488 705 1541 sit
736 1488 786 1553 b,
822 1502 925 1541 non
962 1487 1033 1541 sit
1059 1502 1107 1550 ε,
1140 1484 1282 1555 quod
1310 1486 1357 1539 si
1385 1483 1656 1538 al‘Iirment
1682 1497 1802 1539 esse
1829 1483 1857 1536 ὁ
1890 1492 1998 1538 ter-

424 1580 662 1643 niinum,
711 1579 852 1633 nulla
899 1586 982 1633 est
1024 1579 1317 1632 necessitas
1358 1574 1732 1631 conclusionis.
1775 1574 1907 1628 Nam
1950 1572 1996 1628 si

422 1671 491 1726 sit
537 1673 587 1737 ὁ,
616 1684 839 1726 necesse
868 1678 950 1724 est
987 1668 1203 1739 quidem
1234 1684 1340 1722 non
1381 1682 1501 1722 esse
1539 1684 1603 1733 a,
1634 1667 1727 1721 sed
1759 1680 1863 1720 non
1897 1680 1996 1722 ne-

421 1776 573 1817 cesse
598 1769 681 1816 est
706 1775 825 1815 esse
851 1776 900 1825 c,
925 1769 982 1814 ut
1006 1760 1058 1812 in
1082 1759 1165 1813 his
1190 1757 1452 1822 terminis,
1473 1757 1519 1811 si
1542 1758 1611 1811 sit
1630 1757 1659 1809 ὁ
1679 1756 1991 1819 animatum,

2091 560 2212 614 dico
2252 561 2396 629 quia,
2438 561 2483 613 si
2522 570 2603 614 est
2634 560 2696 623 ιν,
2743 575 2846 615 ιιοη
2894 571 2976 616 εει
3023 580 3079 627 c,
3112 577 3231 616 nam
3279 564 3323 617 si
3370 576 3451 618 est
3482 567 3530 631 ὸ,
3564 581 3670 620 non

2093 659 2175 703 est
2204 666 2252 701 ιι.
2287 649 2343 703 Si
2375 663 2502 703 vero
2532 663 2634 702 non
2667 650 2827 715 sita,
2860 666 2964 703 non
3009 660 3093 706 est
3135 668 3182 710 c.
3218 652 3273 707 Id
3318 654 3458 707 enim
3510 656 3669 709 talem

2094 740 2514 808 propositionem
2566 741 3013 809 consequebatur,
3045 757 3164 810 qua:
3204 745 3249 797 si
3293 754 3435 799 esset
3462 762 3522 811 c,
3559 756 3668 801 ter-

2095 829 2271 884 minus
2316 847 2347 883 a
2388 845 2598 900 quoque
2643 844 2763 885 esse
2807 830 3052 895 dicebat,
3093 832 3136 885 si
3171 844 3252 887 est
3281 836 3439 903 igitur
3482 837 3531 902 b,
3564 853 3669 891 non

2095 932 2178 976 est
2223 939 2269 975 ε.
2303 922 2375 976 At
2420 924 2465 977 si
2518 931 2740 992 negetur
2784 922 2833 986 b,
2877 924 3053 977 nullus
3094 934 3177 978 est
3222 918 3673 997 syllogisnius,lsi

2095 1015 2238 1068 enim
2285 1029 2390 1069 non
2436 1014 2504 1067 sit
2541 1000 2595 1078 ἰ),
2637 1029 2739 1068 non
2786 1029 3007 1069 necesse
3051 1023 3134 1069 est
3161 1031 3280 1071 esse
3307 1034 3356 1070 a.
3390 1020 3505 1085 Quo
3533 1022 3587 1075 Iit
3618 1032 3676 1077 ut

2095 1120 2196 1159 nec
2225 1105 2292 1159 ad
2319 1122 2346 1158 c
2372 1104 2584 1173 quidem
2615 1106 2905 1159 necessitas
2933 1106 3038 1160 ulla
3067 1108 3378 1174 perveniat,
3411 1119 3465 1162 et
3492 1111 3543 1163 in
3569 1120 3675 1165 ter-

2097 1196 2257 1250 minis
2303 1195 2442 1249 idem
2474 1206 2651 1264 patet,
2684 1211 2806 1250 nam
2853 1196 2899 1250 si
2947 1198 3018 1250 sit
3056 1198 3082 1248 b
3129 1197 3343 1266 quidem
3376 1210 3672 1271 mortuum,

2062 1301 2130 1341 ἀ
2156 1287 2480 1352 animatum,
2510 1304 2538 1341 c
2565 1289 2757 1343 animal
2777 1327 2792 1354 ,
2821 1300 2871 1344 et
2902 1290 2971 1343 sit
3014 1289 3084 1344 ita
3126 1294 3451 1360 propesitio,
3499 1295 3546 1348 si
3595 1306 3678 1351 est

2099 1387 2390 1445 mortuum,
2424 1393 2528 1434 non
2563 1390 2647 1434 est
2673 1382 2965 1436 animatum
2988 1424 3003 1447 ,
3041 1384 3085 1436 si
3112 1384 3310 1438 animal
3337 1388 3440 1450 es‘t,
3474 1386 3678 1440 anima-

2100 1478 2211 1524 tum
2233 1478 2349 1534 est,
2377 1479 2430 1525 et
2458 1486 2791 1528 assumamus
2824 1490 2926 1527 non
2956 1487 3077 1529 esse
3105 1486 3369 1531 mortuum
3393 1518 3407 1541 ,
3442 1494 3547 1534 non
3575 1494 3676 1534 ne-

2099 1576 2250 1617 cesse
2294 1572 2377 1616 est
2421 1578 2541 1618 esse
2569 1565 2650 1619 vel
2679 1582 2785 1622 non
2813 1581 2933 1621 esse
2962 1569 3257 1623 animalum
3281 1611 3295 1635 ,
3328 1585 3449 1624 nam
3476 1564 3679 1642 et'qua:

2099 1653 2274 1730 adhuc
2300 1654 2535 1708 animata
2565 1667 2720 1720 sunt,
2753 1666 2810 1711 et
2838 1673 2957 1726 qua:
2990 1673 3258 1728 nunquam
3291 1660 3534 1726 fuerunt,
3570 1678 3676 1718 non

2098 1757 2227 1802 sunt
2253 1756 2492 1814 mortua,
2522 1750 2769 1818 quocirca
2817 1766 2920 1804 non
2964 1752 3203 1821 sequitur
3247 1764 3303 1807 ut
3339 1755 3409 1809 sit
3456 1756 3541 1811 vel
3568 1772 3675 1811 non

423 1872 454 1907 a
482 1854 860 1919 inanimatum,
887 1868 916 1906 ε
942 1850 1163 1906 animal.
1190 1849 1247 1905 Si
1273 1849 1391 1918 quis
1422 1850 1580 1919 igitur
1607 1849 1685 1905 sic
1711 1856 1995 1918 proponat,
2028 1834 2079 1897 Β
2103 1839 2171 1895 sit
2195 1841 2410 1895 animal.
2439 1841 2590 1908 Quod
2619 1842 2761 1897 enim
2787 1854 3052 1898 mortuum
3078 1862 3181 1898 nun
3210 1855 3321 1910 est,
3355 1856 3530 1916 potest
3556 1864 3677 1906 esse

423 1948 467 2002 si
496 1962 599 2001 non
625 1955 710 2002 est
733 1946 1053 2012 animatum,
1083 1945 1429 1999 inanimatam
1457 1951 1573 2010 est,
1598 1941 1645 1997 si
1670 1951 1752 1997 est
1774 1942 1995 2007 animal,

424 2053 528 2093 non
560 2048 643 2092 εει
669 2037 1037 2091 inanimatam.
1082 2036 1141 2092 Si
1182 2036 1341 2106 igitur
1362 2048 1622 2105 ponamus
1647 2048 1767 2088 esse
1794 2035 1998 2088 anima-

424 2141 557 2197 tum,
585 2132 822 2200 sequitur
843 2131 1056 2200 quidem
1081 2139 1137 2185 ut
1161 2144 1266 2184 non
1293 2130 1360 2184 sit
1381 2130 1747 2192 inanimatum,
1775 2127 1866 2184 sed
1892 2142 1996 2182 non

424 2237 643 2277 necesse
668 2232 749 2277 est
770 2232 827 2277 ut
854 2223 923 2277 sit
952 2221 1171 2275 animal.
1198 2221 1256 2277 Si
1283 2237 1309 2273 c
1335 2234 1463 2276 vero
1484 2220 1745 2276 terminus
1768 2218 1999 2274 allirtite-

422 2323 527 2378 tur,
552 2313 641 2368 ﬁet
662 2313 962 2368 necessaria
983 2311 1260 2366 conclusio
1282 2311 1385 2365 hoc
1404 2309 1585 2364 modo.
1610 2309 1742 2364 Nam
1766 2311 1811 2363 si
1838 2318 1917 2363 est
1945 2325 1994 2374 c,

421 2423 524 2461 non
556 2414 636 2462 est
666 2423 731 2471 a,
775 2405 821 2458 si
865 2420 972 2458 non
1000 2413 1082 2459 est
1121 2421 1175 2470 a,
1205 2410 1286 2458 est
1312 2403 1362 2455 b.
1395 2402 1453 2455 Id
1498 2401 1643 2457 enim
1675 2401 1999 2470 sequebatur

420 2513 538 2552 eam
564 2495 1005 2566 propositionem,
1036 2509 1189 2564 quas,
1225 2493 1271 2547 si
1303 2508 1410 2549 non
1456 2500 1599 2547 esset
1642 2492 1670 2544 ὁ
1704 2493 1995 2555 terminus,

422 2608 454 2645 a
482 2590 763 2645 terminum
791 2602 913 2643 esse
944 2587 1177 2642 dicebat.
1210 2586 1265 2641 Si
1294 2585 1454 2655 igitur
1482 2584 1553 2639 sit
1581 2599 1625 2647 ε,
1654 2592 1735 2638 εει
1763 2583 1824 2648 b;
1856 2581 1997 2650 quod

424 2683 469 2737 si
500 2682 639 2736 Idem
668 2697 695 2734 ε
723 2680 983 2735 terminus
1011 2680 1299 2741 abnuatur,
1326 2676 1507 2731 nullus
1529 2683 1612 2730 est
1632 2674 1993 2745 syllogismus.

423 2772 554 2827 Nam
581 2771 628 2825 si
654 2784 759 2824 non
783 2770 851 2824 sit
879 2786 928 2834 c,
956 2783 1062 2823 non
1088 2781 1309 2822 necesse
1330 2776 1412 2821 est
1431 2778 1552 2820 esse
1573 2765 1654 2819 vel
1678 2777 1781 2818 non
1805 2777 1922 2818 esse
1943 2779 1995 2816 a.

424 2864 542 2933 Quo
569 2861 628 2916 lit
654 2870 711 2915 ut
739 2875 807 2915 ne
837 2862 866 2914 ὁ
892 2859 1129 2927 quidem.
1159 2856 1291 2912 Nam
1320 2856 1366 2912 si
1391 2869 1497 2910 non
1524 2863 1609 2909 est
1636 2854 1862 2917 animal,
1892 2869 1996 2906 non

424 2969 648 3012 necesse
686 2960 770 3008 est
802 2967 923 3008 esse
954 2952 1039 3006 vel
1066 2964 1172 3005 non
1194 2965 1316 3004 esse
1340 2949 1709 3003 inanimatam.
1737 2947 1995 3013 Quocirca

425 3065 494 3105 ne
534 3049 825 3103 animatum
864 3045 1102 3115 quidem.
1145 3043 1226 3098 Ex
1256 3050 1442 3112 quarta
1472 3040 1834 3111 propositione
1879 3039 1997 3103 talis

426 3150 507 3196 est
550 3139 927 3210 syllogismus,
973 3136 1019 3189 si
1056 3148 1163 3190 non
1205 3141 1287 3188 est
1324 3133 1375 3198 ὁ,
1401 3144 1484 3187 εει
1510 3148 1575 3195 a,
1607 3131 1651 3186 si
1684 3144 1787 3184 non
1824 3138 1904 3183 est
1931 3146 1992 3195 c,

427 3247 531 3287 non
559 3205 643 3287 est
669 3205 731 3294 a‘;
766 3229 886 3284 dico
909 3228 1030 3297 quia
1056 3225 1102 3281 si
1132 3238 1239 3280 non
1268 3232 1350 3279 est
1379 3222 1428 3289 b,
1460 3231 1539 3277 est
1576 3238 1622 3277 c.
1655 3221 1785 3275 Nam
1814 3221 1858 3273 si
1887 3235 1992 3275 non
2019 3205 2068 3268 C

424 3331 506 3378 est
534 3322 584 3387 ὁ,
614 3329 697 3376 εει
720 3333 787 3387 a_',
816 3319 863 3373 si
887 3331 1019 3373 vero
1047 3333 1079 3369 a
1104 3314 1295 3380 fuerit,
1330 3326 1550 3369 necesse
1587 3319 1671 3366 est
1697 3326 1817 3365 esse
1845 3326 1893 3363 c.
1942 3311 1996 3365 Id

424 3416 565 3471 enim
586 3412 935 3483 consequitur
958 3424 1078 3466 eam
1106 3406 1489 3478 propositionis
1516 3415 1720 3475 partem
1752 3420 1871 3473 quze
1900 3406 1993 3469 ait,

424 3509 469 3563 si
497 3523 604 3563 non
631 3513 715 3562 est
740 3522 795 3571 c,
822 3519 931 3559 non
957 3512 1041 3558 est
1064 3518 1118 3558 a.
1146 3500 1201 3555 Si
1231 3498 1390 3569 igitur
1419 3513 1525 3552 non
1556 3497 1627 3551 sit
1657 3497 1706 3564 ὁ,
1738 3506 1819 3551 εει
1847 3512 1895 3550 c.
1929 3498 1998 3551 At

425 3603 470 3657 si
500 3602 528 3656 b
555 3601 814 3658 terminus
841 3597 1162 3660 alﬁrmetur,
1193 3593 1370 3648 nullus
1399 3600 1481 3646 est
1510 3592 1871 3662 syllogismus.
1898 3588 1996 3645 Se-

426 3692 603 3762 quitur
628 3692 771 3747 enim
801 3697 861 3744 ut
887 3704 995 3743 non
1016 3688 1089 3742 sit
1114 3703 1174 3750 a,
1207 3686 1299 3739 sed
1333 3698 1436 3738 non
1465 3683 1705 3753 sequitur
1731 3691 1787 3736 ut
1812 3683 1881 3736 sit
1911 3682 1995 3738 vel

425 3798 530 3838 non
556 3784 626 3837 sit
655 3798 703 3852 c,
730 3781 878 3837 velut
906 3781 957 3835 in
986 3779 1069 3833 his
1100 3778 1363 3833 terminis.
1394 3775 1525 3829 Nam
1555 3776 1599 3829 si
1627 3777 1697 3829 sit
1726 3776 1754 3828 b
1779 3775 1994 3843 quidem

425 3872 751 3939 insensibile,
796 3888 828 3924 α
866 3871 1089 3935 animal,
1137 3885 1164 3923 c
1208 3868 1527 3933 animatum,
1557 3875 1613 3922 et
1642 3876 1993 3935 proponatur,

424 3964 471 4019 si
496 3979 602 4017 non
631 3972 711 4017 est
735 3960 1074 4026 insensibile,
1104 3969 1186 4015 est
1214 3958 1408 4013 animal
1427 3998 1443 4023 ,
1473 3961 1516 4012 si
1551 3972 1655 4012 non
1687 3967 1769 4012 est
1791 3959 1996 4010 anima-

425 4062 571 4117 tum,
610 4067 719 4107 non
760 4060 842 4107 est
890 4051 1121 4117 animal,
1170 4050 1214 4105 si
1254 4050 1325 4104 sit
1367 4047 1711 4111 insensibile,
1762 4063 1866 4102 non
1911 4056 1997 4102 est

423 4142 655 4209 animal,
705 4141 799 4198 sed
844 4157 951 4197 non
997 4154 1215 4196 necesse
1260 4148 1343 4194 est
1399 4152 1521 4193 esse
1578 4138 1659 4191 vel
1722 4152 1825 4190 non
1875 4151 1996 4191 esse

420 4235 731 4298 animatum,
760 4249 787 4286 ε
838 4246 966 4287 vero
994 4233 1251 4287 terminus
1282 4230 1325 4284 si
1356 4238 1597 4299 negetur,
1634 4229 1725 4283 Iiet
1751 4227 1994 4298 protinus

421 4325 779 4406 syllogismus.
808 4323 938 4378 Nam
982 4324 1027 4377 si
1075 4337 1179 4378 non
1228 4331 1309 4376 cst
1340 4339 1365 4373 c
1385 4365 1399 4390 ,
1433 4336 1539 4375 non
1568 4332 1651 4376 εει
1683 4336 1713 4372 a
1736 4361 1751 4386 ,
1796 4320 1843 4374 si
1888 4334 1993 4373 non

422 4425 506 4471 est
531 4432 562 4468 a
586 4455 601 4480 ,
634 4415 737 4469 erit
763 4413 813 4467 b.
843 4414 896 4467 Id
926 4412 1067 4467 enim
1091 4412 1438 4481 consequitur
1461 4425 1580 4465 eam
1617 4410 1995 4479 propositionis
2022 4408 2027 4409 ⁷

423 4514 624 4576 partem
670 4520 788 4574 qua:
832 4503 987 4567 dicit,
1016 4503 1059 4556 si
1102 4517 1207 4557 non
1239 4512 1321 4556 est
1363 4501 1392 4553 ὸ
1420 4510 1505 4555 εει
1533 4518 1582 4555 a.
1614 4502 1669 4556 Si
1703 4500 1861 4570 igitur
1886 4516 1991 4556 non

2100 1936 2332 2001 animal,
2381 1945 2439 1991 ut
2481 1936 2629 1991 canis
2674 1937 2892 2003 vivens,
2938 1945 2991 1991 et
3021 1953 3126 1991 non
3172 1953 3293 1993 esse
3334 1949 3391 1994 ut
3424 1941 3577 2010 lapis.
3612 1944 3683 1997 At

2100 2026 2145 2079 si
2177 2043 2204 2078 c
2233 2028 2494 2081 terminus
2520 2028 2838 2094 afﬁrmetur,
2876 2027 2979 2083 erit
3010 2028 3240 2098 perfecta
3269 2031 3678 2098 cmiclusionon

2099 2133 2221 2173 esse
2249 2120 2311 2183 b;
2339 2136 2460 2174 nam
2494 2121 2535 2173 si
2566 2122 2636 2175 sit
2661 2138 2720 2185 c,
2753 2130 2836 2175 est
2863 2139 2923 2185 a,
2954 2123 2997 2175 si
3022 2136 3150 2177 vero
3181 2124 3335 2190 sita,
3366 2140 3468 2179 non
3497 2096 3600 2180 erit
3625 2111 3675 2179 6.

2100 2210 2157 2264 Id
2186 2213 2325 2266 enim
2367 2214 2711 2281 consequitur
2754 2214 2998 2283 superius
3030 2214 3258 2283 positunt
3291 2217 3671 2286 propositionis

2100 2303 2347 2369 modum;
2381 2304 2425 2358 si
2457 2305 2615 2374 igitur
2642 2305 2710 2360 sit
2739 2322 2794 2370 ο,
2828 2320 2933 2360 non
2957 2306 3060 2362 erit
3098 2307 3146 2371 ὁ,
3192 2318 3244 2361 at
3290 2308 3334 2362 si
3366 2320 3586 2379 negetur
3611 2327 3677 2375 ε,

2102 2408 2275 2463 neque
2322 2394 2387 2449 ad
2432 2412 2464 2447 a
2511 2411 2683 2465 neque
2709 2396 2774 2450 ad
2804 2396 2832 2450 ὸ
2860 2398 3151 2455 necessitas
3201 2398 3303 2452 ulla
3346 2399 3673 2468 perducitur,

2097 2487 2246 2541 velut
2271 2488 2322 2541 in
2353 2486 2437 2541 his
2469 2488 2741 2554 terminis,
2776 2504 2896 2542 nam
2928 2489 2972 2542 si
3002 2504 3107 2543 non
3132 2500 3212 2545 est
3244 2482 3471 2557 animal,
3501 2506 3674 2560 neque

2099 2577 2425 2645 animatum,
2460 2593 2633 2648 neque
2680 2588 2948 2634 mortuum
3000 2580 3086 2636 vel
3124 2595 3242 2637 esse
3287 2581 3369 2637 vel
3420 2597 3527 2638 non
3553 2598 3679 2640 esse

2101 2682 2323 2725 necesse
2384 2680 2485 2725 est.
2553 2670 2733 2724 Sexta:
2798 2671 3175 2740 propositionis
3240 2671 3355 2729 haec
3405 2677 3594 2730 conclu
3626 2677 3679 2731 io

2100 2768 2211 2827 est,
2258 2762 2303 2815 si
2355 2771 2438 2818 est
2481 2762 2548 2828 ὸ,
2594 2777 2699 2816 non
2748 2770 2833 2817 est
2874 2780 2946 2828 α,
3000 2764 3043 2817 si
3098 2779 3203 2818 non
3248 2773 3332 2821 est
3375 2783 3432 2831 c,
3478 2779 3561 2823 εει
3607 2784 3675 2834 α;

2100 2852 2220 2907 dico
2247 2853 2366 2924 quia
2414 2854 2460 2908 si
2504 2862 2584 2908 est
2610 2856 2667 2919 ὸ,
2704 2855 2811 2909 erit
2849 2871 2911 2919 c,
2945 2869 3067 2910 nam
3096 2855 3141 2909 si
3168 2864 3252 2911 est
3277 2857 3337 2920 b,
3369 2872 3475 2912 non
3502 2870 3585 2915 est
3608 2876 3673 2927 α,

2100 2946 2145 3001 si
2191 2962 2296 3001 non
2338 2948 2407 3002 sit
2445 2964 2509 3013 α,
2555 2948 2661 3001 erit
2703 2963 2750 3000 c.
2801 2946 2946 3002 Talis
2990 2948 3133 3003 enim
3164 2950 3216 3003 in
3244 2949 3344 3004 hac
3373 2959 3523 3019 parte
3552 2966 3679 3021 pro-

2100 3040 2383 3108 positionis
2410 3048 2496 3093 est
2537 3040 2937 3109 consequentia.
2986 3039 3043 3095 Si
3075 3040 3234 3110 igitur
3277 3041 3348 3095 sit
3370 3042 3432 3107 b,
3461 3043 3565 3097 erit
3607 3061 3635 3097 ο
3661 3083 3679 3111 ,

2100 3131 2241 3201 quod
2271 3132 2314 3184 si
2339 3132 2367 3184 ὸ
2394 3132 2652 3186 terminus
2680 3131 2968 3200 abnuatur,
2997 3132 3131 3187 nihil
3160 3136 3517 3191 necessarium
3568 3138 3678 3201 lict,

2100 3238 2223 3277 nam
2268 3223 2311 3277 si
2357 3237 2464 3277 non
2493 3223 2564 3277 sit
2591 3223 2642 3287 ὁ,
2672 3238 2771 3277 ηεε
2825 3240 2858 3275 a
2901 3237 3002 3278 nec
3029 3239 3056 3275 c
3083 3224 3341 3281 terminos
3369 3226 3451 3281 vel
3490 3226 3680 3284 adesse

2101 3316 2184 3369 vel
2217 3329 2322 3369 non
2350 3314 2538 3370 adesse
2566 3315 2808 3385 sequitur
2838 3314 2942 3369 ulla
2968 3316 3257 3371 necessitas
3277 3357 3293 3383 ,
3322 3325 3380 3372 ut
3409 3318 3463 3372 in
3491 3319 3675 3373 termi-

2100 3408 2183 3461 nis
2214 3415 2389 3474 patet,
2415 3421 2537 3461 nam
2565 3406 2611 3461 si
2639 3406 2708 3462 sit
2737 3406 2765 3460 ὁ
2794 3414 3095 3473 mortuum,
3125 3423 3157 3460 a
3186 3406 3507 3476 animatum,
3540 3425 3567 3461 c
3595 3410 3678 3463 in-

2099 3500 2423 3567 animatum,
2454 3509 2513 3555 et
2540 3508 2890 3570 proponatur,
2921 3502 2969 3556 si
3008 3510 3273 3557 mortuum
3312 3510 3428 3568 est,
3458 3519 3562 3558 non
3593 3513 3678 3559 est

2098 3594 2429 3658 animatum,
2474 3594 2519 3649 si
2550 3593 2900 3649 inanimatum
2946 3608 3054 3649 non
3096 3602 3208 3660 est,
3253 3604 3339 3649 est
3362 3595 3675 3661 animatum,

2097 3684 2142 3737 si
2170 3699 2275 3739 non
2297 3684 2367 3739 sit
2389 3694 2680 3755 mortuum,
2708 3698 2813 3741 non
2834 3699 3059 3742 necesse
3079 3694 3163 3741 est
3182 3700 3302 3742 esse
3323 3687 3403 3742 vel
3430 3702 3538 3742 non
3559 3701 3680 3744 esse

2096 3773 2409 3830 animatum.
2437 3776 2696 3843 Quocirca
2728 3791 2795 3832 ne
2829 3777 3177 3832 inanimatum
3204 3778 3456 3847 quidem;
3488 3788 3544 3835 at
3567 3780 3612 3835 si
3651 3795 3679 3833 c

2096 3868 2357 3921 terminus
2381 3878 2710 3931 assumatur,
2741 3868 2785 3921 si
2808 3868 3023 3936 quidem
3056 3869 3107 3921 in
3140 3869 3419 3937 negatione
3438 3870 3506 3926 sit
3528 3871 3675 3939 posi-

2099 3966 2202 4023 tus,
2234 3956 2326 4012 lict
2372 3968 2485 4012 rata
2530 3957 2808 4012 conclusio
2858 3973 2962 4013 non
3002 3972 3123 4013 esse
3152 3960 3180 4011 ὸ
3212 3961 3520 4028 terminum,
3552 3978 3674 4018 nam

2096 4046 2349 4115 quoniam
2382 4063 2488 4101 non
2516 4057 2602 4102 est
2652 4062 2699 4112 c,
2724 4054 2809 4101 εει
2835 4064 2889 4113 a,
2936 4056 2990 4101 at
3018 4048 3065 4101 si
3112 4048 3259 4113 sita,
3295 4064 3399 4105 non
3430 4062 3513 4106 est
3553 4053 3604 4118 b,
3633 4054 3681 4110 si

2097 4139 2256 4207 igitur
2285 4154 2391 4193 non
2423 4140 2493 4193 sit
2520 4155 2568 4207 c,
2599 4153 2705 4195 non
2736 4140 2839 4194 erit
2860 4140 2910 4193 b.
2942 4139 3095 4205 Quod
3125 4140 3170 4194 si
3192 4140 3485 4198 alﬁrmetur
3513 4162 3540 4197 ε
3568 4154 3678 4200 ter-

2098 4230 2294 4296 minus,
2326 4231 2459 4285 nihil
2490 4240 2573 4287 est
2621 4233 3005 4298 necessarium,
3038 4248 3212 4303 neque
3243 4233 3384 4289 enim
3438 4236 3483 4291 si
3527 4238 3598 4293 sit
3624 4256 3674 4305 τ,

2097 4322 2338 4392 quamvis
2364 4340 2397 4376 a
2426 4337 2531 4378 non
2576 4338 2698 4380 esse
2739 4339 2961 4381 necesse
2998 4326 3094 4392 sit,
3120 4325 3187 4380 ad
3211 4326 3239 4380 b
3268 4328 3552 4383 terminum
3582 4344 3675 4385 ne-

2097 4414 2321 4470 cessitas
2362 4415 2502 4470 nulla
2532 4417 2846 4486 perveniet,
2878 4426 2936 4471 ut
2962 4419 3124 4472 etiam
3155 4419 3207 4473 in
3239 4418 3482 4474 terminis
3508 4429 3673 4490 patet,

2101 4522 2222 4560 nam
2250 4508 2294 4561 si
2324 4509 2393 4562 sit
2420 4508 2795 4571 inanimatam,
2823 4523 3047 4564 necesse
3074 4518 3157 4563 est
3186 4522 3292 4562 non
3319 4523 3443 4568 esse
3472 4512 3675 4567 anima-

421 4598 489 4652 sit
514 4611 571 4661 c,
604 4596 705 4651 erit
738 4596 787 4662 b,
819 4594 957 4663 quod
997 4592 1042 4646 si
1070 4593 1138 4647 sit
1164 4608 1212 4657 ε,
1245 4605 1350 4644 ηοη
1382 4604 1601 4644 ιιεεεεεε
1630 4598 1713 4644 εει
1750 4605 1868 4644 esse
1908 4590 1992 4644 vel
2020 4570 2068 4631 D

2062 4577 2073 4625 ’
2104 4610 2236 4664 tum,
2282 4600 2376 4654 sed
2419 4616 2526 4655 non
2558 4615 2779 4656 necesse
2823 4610 2906 4655 est
2942 4614 3063 4656 esse
3091 4610 3378 4657 mortuum.
3422 4602 3677 4673 Septima:

421 4705 525 4744 non
562 4703 682 4743 esse
706 4705 757 4741 a.
791 4686 907 4753 Quo
936 4687 990 4739 ﬁt
1020 4694 1075 4739 ut
1102 4701 1170 4739 ne
1201 4685 1230 4737 b
1259 4683 1494 4753 quidem.
1534 4682 1665 4736 Nam
1696 4683 1740 4736 si
1765 4692 1849 4737 cst
1872 4685 1992 4736 ani-

419 4788 616 4833 matum
638 4818 653 4844 ,
693 4792 796 4832 non
836 4789 1054 4832 necesse
1092 4782 1176 4829 est
1203 4788 1325 4829 esse
1369 4773 1565 4827 animal
1597 4773 1677 4826 vel
1710 4787 1813 4827 non
1846 4787 1985 4828 esse.

418 4873 535 4939 Quo
576 4874 635 4924 Iit
666 4882 721 4925 ut
751 4886 819 4949 ne
848 4868 1158 4925 insensibile
1186 4868 1399 4937 quidem
1428 4881 1547 4923 esse
1594 4866 1678 4921 vel
1723 4882 1829 4920 non
1870 4882 1989 4921 esse

420 4980 640 5021 necesse
666 4964 755 5021 sit.
791 4964 856 5018 Et
894 4963 1154 5019 hactenus
1182 4962 1396 5032 quidem
1426 4971 1652 5029 quatuor
1680 4962 1869 5015 modos
1917 4962 1987 5014 ita

417 5058 800 5128 disposuimus,
825 5065 882 5112 ut
906 5056 973 5112 ad
996 5057 1022 5109 b
1053 5058 1358 5123 terminum,
1387 5068 1599 5126 quoquo
1626 5069 1684 5109 se
1711 5053 1869 5108 modo
1892 5052 1988 5107 ha-

416 5149 546 5215 bet,
573 5165 605 5203 a
631 5151 888 5204 terminus
912 5162 1034 5204 esse
1061 5157 1371 5215 poneretur,
1402 5145 1469 5201 ad
1495 5162 1520 5197 c
1548 5158 1681 5200 vero
1704 5160 1809 5201 non
1841 5160 1983 5201 esse.

416 5241 562 5297 Nunc
611 5243 682 5295 ita
730 5250 1055 5305 statuamus,
1105 5247 1163 5294 ut
1201 5256 1231 5291 a
1261 5237 1521 5293 terminus
1547 5237 1612 5291 ad
1641 5237 1670 5290 b
1701 5238 1986 5292 terminum

417 5349 523 5387 non
573 5348 695 5386 esse
743 5332 973 5398 dicatur,
1020 5328 1087 5383 ad
1134 5344 1161 5381 c
1208 5343 1334 5383 vero
1370 5342 1518 5392 esse,
1550 5315 1738 5383 ordine
1784 5328 1991 5383 scilicet

413 5436 760 5483 commutato.
792 5426 994 5479 Omnes
1021 5436 1151 5479 vero
1197 5435 1316 5477 esse
1358 5436 1463 5475 non
1507 5420 1830 5487 tequimodas
1864 5435 1990 5488 pro-

416 5518 707 5587 positiones
750 5516 877 5569 illud
926 5513 1161 5569 ostendit
1203 5513 1343 5580 quod
1373 5529 1403 5563 a
1429 5511 1641 5580 quidem
1671 5511 1991 5567 afﬁrmative

414 5611 481 5666 ad
514 5611 541 5662 ὁ
569 5618 684 5673 εει,
713 5607 781 5662 ad
818 5624 845 5660 ο
873 5606 1119 5674 negative
1164 5604 1497 5673 proponitur,
1526 5612 1617 5657 aut
1656 5602 1701 5656 si
1746 5602 1989 5672 negative

413 5705 480 5759 ad
509 5704 559 5769 ὁ,
586 5701 961 5755 allirmativam
984 5698 1050 5752 ad
1074 5714 1100 5749 c
1122 5698 1315 5753 retinet
1335 5697 1773 5753 enuntiationem.
1794 5697 1989 5764 Quinta

413 5802 576 5869 igitur
603 5796 897 5869 propositio
931 5792 1090 5851 talem
1130 5791 1253 5849 iacit
1281 5790 1682 5861 syllogismum.
1714 5803 1836 5849 sum
1868 5790 1991 5849 talis

2103 4691 2483 4761 propositionis
2514 4691 2635 4745 talis
2656 4698 2738 4745 est
2763 4691 3124 4761 syllogismus.
3156 4691 3473 4748 Enuntietur
3504 4696 3674 4759 enim,

2099 4782 2145 4836 si
2189 4796 2295 4834 non
2336 4790 2418 4835 est
2447 4780 2496 4843 b,
2530 4796 2637 4835 non
2667 4788 2751 4835 est
2776 4796 2829 4847 a,
2872 4780 2918 4834 si
2948 4790 3031 4835 est
3066 4797 3112 4846 c,
3140 4790 3223 4837 εει
3252 4798 3318 4847 α;
3339 4781 3461 4839 dico
3483 4784 3603 4854 quia
3630 4784 3678 4839 si

2098 4888 2204 4928 non
2239 4882 2322 4928 est
2347 4873 2398 4939 b,
2430 4888 2534 4928 non
2567 4880 2651 4927 est
2680 4888 2726 4938 c,
2759 4873 2812 4926 si.
2829 4871 2969 4926 enim
3016 4888 3120 4928 non
3162 4871 3229 4926 sit
3258 4873 3308 4940 b,
3345 4889 3450 4929 non
3485 4874 3587 4930 erit
3620 4892 3672 4942 a,

2098 4965 2239 5036 quod
2268 4966 2312 5019 si
2341 4982 2373 5017 α
2399 4978 2502 5019 nou
2533 4964 2709 5029 luerit,
2734 4978 2840 5019 non
2865 4963 2969 5019 erit
2998 4980 3046 5019 ε.
3077 4962 3221 5019 Idem
3249 4965 3390 5019 enim
3416 4965 3679 5035 sequeba-

2096 5066 2183 5112 tur
2205 5072 2324 5113 eam
2355 5057 2774 5127 propositionem
2799 5070 2904 5124 qua
2934 5055 3228 5121 dicebatur,
3262 5056 3306 5111 si
3337 5066 3480 5112 esset
3508 5073 3535 5110 ε
3557 5066 3670 5113 ter-

2095 5152 2294 5215 minus,
2323 5167 2355 5203 a
2394 5164 2605 5220 quoque
2631 5150 2884 5219 consequi
2911 5157 2968 5202 ut
2996 5159 3169 5214 esset;
3209 5149 3255 5204 si
3283 5148 3441 5219 igitur
3467 5165 3573 5204 non
3603 5148 3676 5203 sit

2097 5241 2148 5309 ὁ,
2179 5255 2283 5295 non
2312 5241 2414 5295 erit
2441 5256 2488 5305 c;
2514 5239 2652 5310 quod
2684 5240 2728 5294 si
2757 5238 3053 5293 aflirmetur
3084 5238 3133 5307 b,
3166 5238 3297 5293 nihil
3325 5247 3408 5294 est
3430 5253 3674 5295 necessa-

2094 5333 2255 5399 rium,
2284 5346 2456 5402 neque
2480 5333 2622 5386 enim
2645 5330 2688 5384 si
2730 5331 2798 5384 sit
2823 5331 2874 5393 b,
2907 5328 2988 5383 vel
3019 5346 3083 5394 a,
3114 5330 3195 5384 vel
3223 5346 3273 5394 c,
3303 5344 3424 5385 esse
3450 5340 3541 5385 aut
3564 5345 3674 5386 non

2099 5439 2218 5481 esse
2252 5439 2473 5504 necesse
2512 5432 2614 5489 est,
2651 5431 2709 5476 ut
2748 5422 2800 5475 in
2846 5420 3085 5504 terminis
3115 5428 3280 5489 patet,
3315 5436 3436 5476 nam
3474 5422 3519 5477 si
3549 5422 3620 5476 sit
3644 5421 3674 5475 b

2101 5500 2412 5583 animatum,
2440 5532 2470 5568 a
2497 5512 2714 5577 animal,
2743 5528 2770 5565 c
2792 5500 3067 5576 sensibile,
3100 5519 3154 5567 et
3176 5511 3246 5566 sit
3272 5512 3585 5581 propasitio,
3613 5512 3659 5567 si

2101 5613 2386 5666 animatum
2420 5623 2523 5663 non
2554 5617 2655 5671 est,
2684 5620 2789 5659 non
2816 5613 2899 5659 est
2928 5604 3145 5671 animal,
3192 5604 3235 5658 si
3280 5606 3531 5660 sensibile
3571 5616 3675 5673 est,

2099 5701 2294 5757 animal
2319 5706 2418 5762 est,
2447 5697 2495 5751 si
2518 5702 2817 5750 assumatur
2844 5706 2967 5748 esse
3008 5693 3316 5759 animatum,
3359 5709 3532 5765 neque
3559 5696 3680 5749 ani-

2101 5792 2207 5850 mal
2236 5802 2456 5849 necesse
2483 5795 2736 5853 estesse,
2788 5794 2964 5853 neque
3012 5776 3479 5843 sensibileIAtsi
3527 5790 3675 5858 pere
