4290 6272
421 365 523 422 869

1505 369 1592 425 DE
1632 369 2062 429 SYLLOGISMO
2102 371 2598 433 HYPOTIIETICO.

3569 394 3672 449 870

418 494 642 548 malum,
668 480 703 536 ά
743 476 954 537 artifex.
996 482 1180 538 Posito
1205 484 1349 538 enim
1390 483 1606 539 homine
1638 500 1741 539 non
1776 502 1996 540 necesse
2024 489 2075 547 Α
2101 496 2242 550 sunt,
2278 496 2389 571 uta
2412 490 2624 559 quidem
2656 505 2850 562 praeter
2877 497 2903 551 b
2930 514 3048 555 esse
3080 503 3267 570 possit,
3300 517 3327 556 ε
3350 519 3476 562 vero
3501 523 3676 578 neque

419 586 503 628 est
527 584 581 627 ut
605 574 841 629 medicus
871 574 959 639 sit,
993 579 1187 628 etcum
1211 575 1279 628 sit
1309 574 1615 641 animatum,
1644 592 1748 629 non
1773 592 1995 632 necesse

419 678 501 721 est
534 679 589 720 ut
619 667 805 721 artifex
848 668 936 719 sit.
973 666 1040 720 At
1070 667 1113 719 si
1165 666 1321 720 homo
1350 667 1448 733 sit,
1482 681 1702 735 necesse
1732 675 1817 725 est
1846 677 1903 722 ut
1929 668 1995 722 sit

419 760 733 826 animatum,
765 748 818 812 et
842 759 886 811 si
931 757 1167 812 medicus
1197 767 1299 819 est,
1340 756 1560 813 necesSe
1589 770 1669 813 est
1712 768 1767 812 ut
1797 760 1993 815 artifex

421 852 512 906 sit.
548 850 654 903 lloc
684 849 859 918 itaque
889 847 1082 916 posito,
1129 846 1340 901 eveniet
1381 857 1433 902 ut
1466 846 1511 901 si
1537 863 1657 902 cum
1703 848 1863 903 ltomo
1902 852 1990 915 sit,

420 941 658 995 medicus
678 950 779 1004 est,
802 954 921 993 cum
963 939 1033 993 sit
1062 939 1376 1005 animatum,
1407 940 1474 993 sit
1502 936 1714 995 artifex.
1750 942 1991 997 Secunda

422 1032 711 1103 propositio
734 1030 804 1085 ita
829 1043 948 1085 esse
977 1030 1158 1094 debet,
1187 1039 1245 1084 ut
1283 1047 1314 1082 a
1340 1041 1498 1101 atque
1526 1030 1576 1097 ὸ,
1609 1032 1736 1086 item
1768 1050 1794 1085 c
1837 1045 1993 1104 atque

419 1126 453 1176 ά
501 1116 690 1192 printer
729 1117 789 1175 se
836 1135 956 1175 esse
998 1120 1223 1188 possint,
1255 1121 1347 1175 sed
1375 1139 1406 1175 ιι
1450 1128 1644 1191 prmter
1669 1140 1695 1174 ε
1736 1138 1990 1178 essenon

420 1212 615 1279 possit,
666 1215 694 1263 b
731 1220 906 1265 autem
949 1221 1107 1281 atque
1155 1210 1189 1263 ά
1236 1211 1396 1266 simul
1444 1228 1561 1268 esse
1611 1230 1715 1268 non
1761 1214 1988 1283 possint.

416 1305 562 1357 'l‘unc
591 1303 730 1358 enim
777 1301 990 1356 eveniet
1032 1308 1092 1355 ut
1142 1302 1184 1355 si
1233 1304 1406 1369 posito
1455 1320 1485 1355 a
1521 1296 1772 1365 termino,
1806 1307 1834 1358 b
1880 1306 1992 1361 fue-

416 1404 477 1452 l'tl
511 1409 879 1465 consecutum,
917 1399 1089 1467 posito
1128 1414 1155 1451 c
1194 1413 1297 1451 non
1331 1414 1450 1453 esse
1482 1399 1515 1451 ά
1560 1415 1780 1455 necesse
1805 1401 1902 1466 sit,
1938 1412 1994 1456 ut

418 1493 459 1540 si
493 1494 560 1542 sit
595 1508 623 1539 (ι
666 1490 855 1557 homo,
889 1491 917 1542 b
942 1492 1113 1557 niger,
1136 1506 1163 1543 ο
1190 1488 1499 1553 animatum,
1536 1489 1569 1541 ά
1592 1490 1800 1556 album;
1834 1492 1992 1547 homo

420 1597 647 1650 namque
684 1592 876 1651 praeter
908 1583 1135 1650 nigrum,
1177 1590 1230 1637 et
1273 1582 1557 1636 animatum
1590 1592 1785 1652 prmter
1814 1584 1989 1638 album

417 1683 470 1725 et
496 1688 615 1727 esse
642 1683 695 1727 ct
718 1674 819 1727 non
850 1688 971 1727 esse
996 1681 1192 1740 potest,
1226 1673 1384 1727 homo
1412 1688 1541 1727 vero
1572 1684 1766 1742 praeter
1788 1674 1992 1729 anima-

417 1774 530 1819 tum
564 1767 769 1836 nigrum
794 1774 882 1819 aut
915 1782 1035 1820 cum
1056 1765 1179 1819 albo
1210 1780 1328 1820 esse
1355 1781 1457 1819 non
1486 1765 1673 1836 possit,
1703 1767 1987 1837 evenitque

2100 592 2219 630 cum
2244 579 2277 629 ά
2302 595 2472 649 neque
2498 597 2616 635 cum
2643 601 2674 636 a
2703 601 2821 641 esse
2854 588 3037 656 possit,
3067 593 3094 645 ὁ
3118 595 3276 649 etiam
3306 612 3425 651 cum
3457 616 3484 653 c
3511 602 3670 656 simul

2098 681 2343 723 essenon
2371 673 2565 738 possit;
2593 675 2657 727 ita
2681 691 2907 746 namque
2930 684 3175 737 evenitut
3203 686 3267 751 si,
3288 689 3457 755 posito
3481 708 3666 758 aesse,

2098 758 2453 828 bdencgetur,
2480 774 2670 833 negato
2694 783 2716 818 c
2736 770 2985 837 termino,
3015 773 3049 823 d
3067 785 3339 843 sequatur,
3362 782 3477 834 utsi
3500 799 3529 833 a
3555 784 3670 851 qui—

2096 846 2217 903 dem
2240 850 2311 903 sit
2333 853 2647 921 animatum,
2666 856 2691 908 b
2716 870 2919 922 sanum,
2947 860 2973 913 ἑ
3005 860 3372 934 inanimatnm,
3391 874 3424 922 ά
3445 846 3668 942 aegrum.

2096 942 2400 997 Auimatum
2416 947 2629 1015 quidem
2651 952 2844 1017 praeter
2863 953 3143 1008 sanitatem
3162 967 3345 1013 etesse
3362 972 3411 1015 et
3431 980 3533 1018 non
3550 982 3669 1022 esse

2096 1035 2647 1099 potest.lnanimatum
2663 1055 2787 1094 vero
2802 1057 2973 1111 neque
2987 1057 3104 1097 cum
3120 1048 3353 1102 animato
3368 1068 3536 1121 neque
3550 1072 3666 1111 cum

2094 1138 2237 1193 (egro
2252 1130 2536 1183 convenire
2555 1142 2743 1198 putest.
2762 1134 2877 1201 Quo
2896 1136 2952 1189 fit
2969 1146 3024 1190 ιιι
3046 1138 3089 1191 si
3115 1138 3233 1193 cum
3252 1141 3538 1199 animatum
3564 1160 3664 1215 est,

2096 1230 2283 1271 sanum
2318 1232 2420 1274 non
2450 1231 2551 1287 est,
2576 1238 2693 1276 cum
2719 1241 2822 1280 non
2854 1228 2921 1282 sit
2950 1230 3323 1302 inanimatam,
3352 1251 3553 1307 aegrum
3580 1242 3666 1295 sit.
3756 1226 3765 1233 ”

2095 1303 2225 1360 ltem
2248 1319 2435 1364 octava
2454 1306 2757 1382 propositio
2786 1317 2866 1371 bis
2896 1321 3137 1377 terminis
3164 1303 3460 1394 copulanda
3484 1340 3585 1398 est,
3617 1344 3670 1388 ut

2095 1412 2126 1447 α
2156 1398 2370 1466 quidem
2417 1414 2609 1470 praeter
2662 1406 2688 1458 b
2742 1410 3024 1465 terminum
3065 1426 3115 1467 et
3168 1430 3287 1472 csse
3317 1427 3371 1473 et
3402 1436 3504 1475 non
3550 1436 3669 1479 esse

2095 1490 2283 1557 poSsit,
2312 1508 2337 1543 c
2378 1507 2504 1546 vero
2533 1511 2704 1564 neque
2744 1513 2863 1553 cum
2908 1518 2940 1554 a
2986 1518 3156 1573 neque
3183 1523 3301 1561 cum
3333 1508 3367 1561 ά
3396 1525 3515 1567 εεεε
3544 1514 3667 1582 pes-

2095 1581 2186 1649 sit,
2217 1582 2310 1636 sed
2334 1584 2366 1635 d
2395 1594 2591 1653 praeter
2621 1589 2646 1640 ιι
2677 1604 2794 1644 εεεε
2824 1606 2925 1644 non
2974 1595 3158 1663 possit.
3192 1596 3303 1653 Hoc
3341 1602 3483 1657 enim
3513 1612 3668 1674 pacto

2095 1673 2302 1727 eveniet
2346 1686 2401 1727 ut
2437 1677 2479 1729 si
2509 1695 2537 1727 a
2573 1680 2764 1745 posito,
2799 1680 2826 1732 b
2858 1683 3168 1753 denegetur,
3211 1688 3471 1761 denegato
3505 1711 3531 1746 c
3560 1696 3665 1750 ter-

2096 1762 2263 1849 mino,
2290 1764 2323 1815 ά
2347 1769 2609 1821 terminus
2640 1783 2744 1822 non
2774 1771 2863 1839 sit,
2893 1783 2950 1826 ut
2971 1774 3014 1827 si
3043 1774 3113 1829 sit
3138 1792 3169 1829 ιι
3190 1779 3504 1849 animatum,
3529 1783 3556 1836 b
3578 1799 3667 1839 ar-

417 1866 474 1909 ιιι
504 1855 547 1909 si
575 1872 693 1909 cum
721 1858 787 1909 sit
812 1855 993 1923 homo,
1027 1856 1175 1925 niger
1198 1866 1301 1921 est,
1324 1872 1444 1910 cum
1473 1857 1541 1910 sit
1568 1856 1855 1910 animatum
1886 1873 1989 1911 non
2022 1856 2053 1917 I

2851 1827 2862 1839 ,
3142 1827 3164 1829 η
3193 1827 3504 1849 -s------_--...,
3529 1827 3551 1836 -
3578 1827 3629 1839 ...

2067 1827 2253 1915 :‘tii'ex,
2306 1871 2333 1905 c
2372 1856 2749 1927 inanimatum,
2796 1864 2829 1914 ά
2867 1865 3126 1921 medicus.
3176 1868 3480 1927 Animatum
3525 1876 3665 1933 enim

416 1947 484 2002 sit
506 1947 678 2002 albus.
704 1948 831 2002 Item
852 1948 1021 2002 tertia:
1042 1948 1419 2017 propositionis
1444 1949 1573 2003 tales
1599 1951 1852 2003 terminos
1873 1965 1994 2004 esse

415 2036 702 2105 oportebit,
736 2046 792 2091 ut
814 2054 845 2089 a
873 2046 1068 2107 praeter
1099 2038 1126 2092 b
1149 2053 1269 2093 esse
1302 2039 1487 2107 possit,
1519 2054 1544 2090 c
1586 2054 1713 2095 vero
1753 2040 1836 2093 vel
1865 2055 1983 2093 cum

415 2146 446 2181 (ι
476 2129 560 2183 vel
589 2144 709 2183 cum
742 2129 775 2181 ά
817 2144 936 2184 εεεε
963 2146 1069 2184 non
1105 2131 1304 2197 possit;
1343 2126 1591 2199 quocirca
1640 2134 1823 2186 evenit
1861 2136 1918 2186 ut
1947 2133 1991 2187 si

416 2218 591 2288 ι)οεὶιο
634 2236 666 2272 a
713 2219 938 2274 termino
984 2220 1139 2273 fuerit
1172 2220 1230 2283 b,
1263 2232 1453 2289 negato
1484 2238 1509 2273 ε
1541 2224 1771 2275 termino
1810 2224 1843 2275 ά
1870 2237 1992 2277 esse

414 2324 634 2365 necesse
662 2311 753 2376 sit,
793 2321 846 2364 ut
875 2311 917 2365 si
948 2312 1067 2365 sita
1090 2312 1304 2380 quidem
1334 2314 1648 2379 animatum,
1676 2316 1702 2366 b
1731 2313 1987 2380 medicus,

415 2419 442 2455 ε
472 2402 837 2467 inanimatnm,
873 2405 905 2455 ά
934 2402 1457 2464 artifex,animatum
1485 2405 1624 2459 enim
1655 2414 1851 2474 ρι’ςνειει⁸
1878 2421 1990 2460 tne-

417 2493 588 2547 dicum
612 2508 733 2549 esse
763 2502 957 2562 p0test,
984 2495 1332 2548 inanimatnm
1368 2511 1494 2549 vero
1521 2512 1689 2563 neque
1717 2512 1835 2550 cum
1870 2499 1987 2551 ani-

416 2592 561 2637 mato
610 2599 779 2653 neque
808 2599 927 2639 cum
958 2586 1148 2639 artifici
1171 2587 1315 2656 jungi
1359 2598 1562 2655 potest;
1591 2591 1770 2657 itaque
1798 2589 1841 2643 si
1866 2605 1988 2644 cum

416 2673 709 2727 animatum
741 2681 859 2740 est,
904 2676 1141 2729 medicus
1189 2687 1299 2741 est,
1334 2694 1452 2733 cum
1488 2679 1832 2734 inanimatnm
1885 2698 1988 2735 non

420 2767 510 2834 sit,
543 2767 731 2821 artifex
776 2776 877 2821 est.
910 2768 1107 2832 Quarta
1144 2768 1431 2836 propositio
1463 2770 1543 2823 bis
1585 2772 1825 2826 terminis
1860 2786 1987 2825 con-

418 2857 642 2912 texeuda
691 2867 803 2924 est,
847 2866 903 2912 ut
946 2878 975 2911 (ι
1006 2859 1217 2928 quidem
1252 2877 1370 2916 cum
1404 2863 1431 2914 ιι
1464 2866 1724 2929 termino,
1756 2880 1781 2916 c
1814 2874 1987 2919 autem

415 2967 538 3006 cum
580 2952 613 3004 ά
657 2953 737 3007 vel
788 2967 905 3007 esse
937 2952 1018 3007 vel
1063 2970 1164 3008 non
1208 2969 1327 3007 esse
1359 2956 1542 3022 possit.
1584 2953 1765 3025 Neque
1814 2972 1990 3010 veroa

415 3040 535 3095 eum
564 3059 612 3107 c,
639 3057 810 3111 neque
838 3042 865 3096 b
891 3058 1010 3097 eum
1037 3044 1091 3110 d,
1122 3045 1228 3098 ullo
1255 3045 1412 3099 modo
1458 3060 1577 3100 esse
1604 3048 1854 3115 possibile
1894 3049 1982 3103 sit.

417 3130 564 3184 Tunc
609 3132 750 3185 enim
799 3138 979 3186 evenit
1009 3142 1062 3187 ut
1092 3134 1135 3187 si
1177 3151 1208 3187 a
1250 3136 1454 3203 posito,
1485 3139 1511 3188 b
1544 3137 1927 3205 subsequatur,
1961 3155 1987 3191 c

2098 1954 2289 2014 praeter
2332 1950 2612 2005 artificium
2644 1964 2695 2006 et
2723 1969 2842 2009 esse
2873 1967 2925 2010 et
2956 1974 3059 2013 non
3092 1974 3211 2016 esse
3261 1966 3454 2033 potest.
3491 1962 3668 2027 inani-

2096 2052 2295 2092 malum
2327 2055 2454 2095 vero
2482 2056 2655 2112 neque
2678 2058 2797 2099 cum
2825 2050 3076 2115 animato,
3106 2068 3279 2123 neque
3307 2055 3427 2113 cum
3460 2062 3665 2117 meditto

2096 2128 2363 2184 convenit.
2412 2130 2646 2188 Medicus
2690 2150 2817 2190 vero
2862 2150 3056 2205 prmter
3091 2145 3373 2203 artificium
3402 2154 3523 2206 esse
3557 2156 3662 2208 nan

2095 2231 2305 2291 potest,
2332 2224 2471 2278 unde
2502 2227 2678 2280 evenit
2706 2237 2764 2282 ut
2786 2229 2831 2283 si
2854 2244 2973 2284 cum
3004 2235 3293 2292 animatum
3318 2236 3431 2309 est,
3465 2257 3568 2297 non
3595 2244 3667 2300 sit

2094 2314 2307 2380 artifex,
2340 2330 2458 2370 cum
2505 2318 2610 2372 non
2642 2321 2713 2373 sit
2755 2318 3125 2391 inanimatum,
3165 2343 3269 2383 non
3300 2332 3371 2386 sit
3402 2332 3660 2391 medicus.

2094 2407 2241 2461 Nona
2271 2409 2563 2476 propositio
2596 2409 2704 2479 fiet,
2744 2411 2790 2466 si
2819 2428 2849 2465 a
2879 2415 3092 2484 quidem
3120 2429 3277 2489 atque
3299 2421 3327 2474 b
3356 2421 3512 2478 simul
3544 2439 3664 2481 esse

2095 2512 2201 2551 non
2230 2500 2453 2566 possint,
2488 2515 2513 2553 ο
2536 2514 2663 2555 vero
2696 2503 2862 2571 possit
2884 2519 3003 2560 esse
3029 2518 3220 2576 praeter
3250 2508 3304 2577 ά,
3332 2525 3454 2569 cum
3476 2531 3507 2569 a
3534 2521 3663 2572 vero

2094 2602 2212 2641 esse
2245 2603 2349 2643 non
2377 2590 2564 2658 possit.
2599 2590 2749 2646 Tunc
2771 2593 2911 2647 enim
2936 2596 3149 2655 eveniet
3169 2608 3226 2654 ut
3246 2601 3293 2656 si
3322 2618 3352 2656 α
3378 2603 3662 2677 denegata,

2094 2676 2122 2730 ὁ
2149 2693 2269 2733 esse
2310 2681 2673 2750 coiisequitur,
2708 2699 2734 2736 ε
2763 2686 2955 2753 posito,
2991 2688 3024 2738 ιτ
3064 2700 3349 2760 sequatur,
3378 2702 3436 2749 ut
3465 2696 3509 2751 si
3541 2676 3665 2752 sita

2093 2768 2303 2837 quidam
2340 2770 2708 2840 inanimatnm,
2741 2774 2769 2827 b
2796 2776 3054 2843 medicus,
3085 2796 3112 2833 ε
3132 2782 3446 2853 animatum,
3480 2787 3516 2838 d
3538 2786 3667 2839 arti-

2095 2860 2200 2913 fex.
2237 2861 2586 2918 lnanimatum
2619 2866 2814 2935 quippe
2862 2869 3102 2925 medicus
3147 2886 3268 2928 esse
3308 2889 3414 2930 non
3458 2886 3664 2948 potest,

2096 2954 2391 3008 animatum
2424 2970 2550 3011 vero
2583 2967 2757 3025 potest
2785 2975 2888 3015 non
2921 2976 3039 3015 esse
3062 2964 3278 3029 artifex,
3315 2966 3658 3022 inanimatnm

2091 3061 2218 3101 vero
2242 3057 2401 3116 atque
2424 3050 2711 3104 animatum
2745 3048 2901 3106 simul
2929 3067 3049 3107 esse
3078 3068 3182 3108 non
3234 3064 3426 3125 potest.
3459 3059 3574 3126 Quo
3606 3062 3663 3117 fit

2091 3148 2148 3192 ut
2177 3141 2222 3193 si
2246 3155 2365 3193 cum
2391 3155 2494 3195 non
2528 3150 2611 3196 est
2641 3143 3009 3214 inanimatnm,
3044 3146 3279 3201 medicus
3310 3151 3400 3215 sit,
3432 3163 3551 3206 cum
3593 3153 3665 3208 sit

414 3218 630 3293 negato,
655 3232 876 3294 negetur
902 3225 1062 3280 etiam
1094 3227 1147 3287 ά,
1182 3236 1238 3281 ιιι
1260 3228 1304 3281 si
1336 3228 1454 3282 sita
1498 3230 1675 3293 homo,
1706 3232 1733 3283 b
1761 3232 1929 3302 niger,
1960 3250 1987 3287 c
2016 3218 2061 3292 C
2092 3230 2385 3284 animatum
2416 3232 2488 3287 sit
2525 3232 2734 3287 artifex.
2786 3235 3056 3290 Decimam
3090 3241 3504 3307 propositionem
3528 3244 3661 3301 tales

416 3314 785 3386 inanimatnm,
816 3320 850 3371 ά
876 3320 1075 3381 album,
1105 3322 1263 3375 homo
1293 3322 1505 3391 quidem
1534 3334 1724 3392 pra-ter
1749 3328 1977 3395 nigrum,

416 3406 761 3463 inanimatnm
795 3426 919 3465 vero
965 3421 1156 3480 praeter
1187 3413 1361 3469 album
1390 3426 1441 3469 et
1489 3431 1607 3472 esse
1638 3429 1689 3471 et
1731 3430 1833 3472 non
1865 3434 1985 3476 esse

416 3504 616 3568 potest;
664 3516 837 3570 neque
885 3512 1061 3558 tamen
1094 3504 1253 3559 homo
1293 3522 1413 3561 cum
1444 3508 1771 3578 inanimato,
1816 3522 1987 3583 neque

416 3589 622 3660 nigrum
653 3607 773 3645 cum
829 3592 949 3647 albo
978 3608 1097 3648 esse
1140 3597 1394 3664 possibile
1444 3608 1551 3665 est;
1587 3601 1627 3654 si
1659 3610 1832 3658 tamen
1862 3620 1984 3661 cum

414 3678 574 3737 homo
602 3684 700 3750 sit,
729 3684 1267 3757 ttigerest,Sequitttr
1309 3698 1365 3741 ιιι
1410 3706 1528 3744 cum
1578 3707 1679 3746 non
1722 3695 1789 3747 sit
1818 3697 1984 3751 inani-

384 3782 646 3840 'matum,
691 3791 793 3829 non
824 3777 893 3831 sit
938 3777 1137 3831 album.
1187 3778 1395 3846 Quintae
1445 3783 1821 3850 [impositionis
1873 3786 1987 3842 lure

416 3868 656 3922 membra
688 3878 843 3934 sunt,
873 3878 930 3923 ut
958 3888 989 3923 a
1018 3880 1209 3938 praeter
1251 3870 1299 3937 b,
1333 3881 1388 3925 et
1413 3888 1440 3925 c
1487 3884 1682 3941 praeter
1710 3877 1742 3927 ά
1787 3891 1904 3931 εεεε
1934 3890 1987 3931 ει

418 3971 524 4010 non
553 3971 673 4011 esse
699 3958 895 4025 possint
920 3999 935 4023 ,
961 3958 1055 4013 sed
1094 3976 1127 4012 α
1158 3968 1347 4028 printer
1374 3976 1400 4012 ε
1443 3976 1561 4016 esse
1590 3977 1695 4016 non
1731 3965 1912 4031 possit,
1957 3967 1985 4018 ὁ

416 4054 575 4117 atque
598 4047 633 4100 ά
656 4063 922 4117 nunquam
945 4050 1101 4102 simul
1125 4064 1243 4104 esse
1267 4052 1491 4119 possint,
1519 4053 1591 4104 ita
1616 4060 1671 4105 ut
1692 4054 1734 4119 si
1761 4054 1983 4109 alterum

418 4153 522 4192 non
553 4140 641 4205 sit,
671 4140 894 4194 alterum
925 4156 1044 4196 esse
1088 4158 1306 4198 necesse
1336 4145 1422 4209 sit,
1456 4152 1578 4198 tunc
1604 4146 1747 4199 enim
1778 4151 1988 4202 eveniet

417 4243 472 4285 ιιι
515 4232 559 4287 si
596 4250 627 4286 a
656 4235 831 4302 posito
865 4234 892 4287 ὁ
923 4245 1163 4305 negetur,
1199 4254 1223 4289 ε
1249 4237 1422 4304 posito
1449 4238 1483 4290 ά
1510 4239 1862 4308 subsequatur
1886 4280 1899 4304 ,
1932 4250 1986 4293 ut

415 4322 459 4374 si
482 4324 549 4375 sit
577 4339 610 4376 α
638 4325 846 4393 quidem
873 4322 1054 4389 homo,
1089 4324 1117 4379 ὁ
1147 4340 1311 4394 :eger,
1343 4328 1701 4395 canimatum,
1735 4331 1768 4383 ά
1799 4344 1985 4395 sanus,

417 4410 575 4465 homo
602 4414 815 4482 quidem
850 4432 1041 4485 pneter
1086 4420 1452 4491 aegritudinem
1480 4465 1493 4486 ,
1525 4425 1815 4479 animatum
1859 4432 1987 4482 vero

418 4515 611 4573 praeter
637 4507 914 4564 sanitatem
964 4523 1016 4567 et
1043 4528 1161 4568 esse
1187 4523 1241 4569 et
1272 4530 1376 4569 non
1422 4531 1541 4571 esse
1578 4526 1749 4585 potest
1777 4534 1789 4583 ;
1819 4519 1912 4573 sed
1940 4519 1983 4573 si

2094 3323 2303 3376 termini
2333 3323 2687 3393 copulabunt,
2719 3334 2774 3379 ut
2807 3342 2838 3378 a
2859 3327 3069 3395 quidem
3120 3334 3313 3398 praeter
3341 3331 3370 3383 ὁ
3394 3373 3408 3397 ,
3445 3340 3499 3387 at
3536 3344 3664 3392 vero

2091 3430 2118 3467 c
2147 3425 2343 3484 praeter
2371 3417 2405 3469 ά
2434 3430 2553 3471 esse
2582 3420 2764 3485 possit,
2799 3420 2892 3474 sed
2923 3437 2952 3473 a
2980 3437 3100 3477 cum
3133 3440 3180 3490 c,
3204 3432 3255 3479 et
3284 3426 3312 3479 b
3338 3432 3457 3481 eum
3479 3428 3514 3480 ά
3544 3443 3665 3486 esse

2090 3520 2194 3559 non
2228 3508 2424 3575 possit,
2461 3507 2534 3561 ita
2560 3510 2703 3563 enim
2758 3512 3031 3578 proveniet
3071 3521 3128 3568 ut
3153 3517 3195 3568 si
3226 3526 3417 3585 negato
3446 3534 3477 3570 a
3504 3530 3661 3588 esse,

2090 3597 2119 3648 ὁ
2144 3606 2523 3667 consequatur,
2554 3600 2727 3667 posito
2758 3615 2783 3652 ο
2810 3603 3058 3670 termino,
3092 3605 3126 3657 ά
3152 3610 3255 3660 non
3294 3620 3416 3663 esse
3442 3620 3666 3666 necesse

2091 3690 2177 3754 sit,
2209 3701 2264 3744 ιιι
2292 3691 2331 3744 si
2381 3693 2508 3747 sita
2538 3692 2883 3747 inanimatnm
2908 3740 2921 3763 ,
2958 3696 2984 3747 ὁ
3014 3698 3253 3765 nigrum,
3288 3718 3314 3753 ε
3339 3702 3659 3772 animatum,

2089 3780 2123 3833 (Ι
2152 3784 2356 3836 album.
2394 3784 2743 3839 Inanituatutn
2773 3787 2971 3858 Quippe
2994 3796 3186 3855 praeter
3210 3790 3439 3861 nig'rum,
3472 3802 3524 3849 et
3550 3795 3668 3851 ani-

2091 3883 2288 3925 matum
2325 3884 2521 3943 pra-ter
2551 3876 2729 3930 album
2773 3880 2827 3931 et
2882 3886 3003 3933 esse
3033 3888 3087 3933 et
3118 3896 3221 3935 non
3253 3890 3373 3938 esse
3416 3894 3663 3953 possunt.

2089 3962 2193 4017 Sed
2230 3965 2575 4019 inanimatnm
2618 3982 2736 4020 cum
2786 3969 3039 4031 animato,
3073 3979 3125 4022 ct
3152 3972 3359 4038 nigrum
3394 3990 3512 4028 cum
3541 3978 3666 4033 albo

2089 4056 2241 4108 simul
2265 4060 2381 4109 eSse
2413 4072 2515 4108 non
2542 4066 2779 4125 possunt.
2814 4058 2915 4113 Sed
2944 4059 2987 4113 si
3014 4066 3262 4130 negatum
3304 4064 3461 4119 fuerit
3488 4067 3664 4122 inani-

2091 4156 2288 4200 tnatum
2337 4155 2393 4199 et
2434 4156 2778 4203 consecutum
2826 4150 2896 4203 sit
2938 4151 3179 4219 nigrum,
3210 4154 3383 4221 posito
3430 4158 3665 4216 animato

2090 4242 2263 4294 album
2295 4250 2412 4295 esse
2443 4242 2739 4310 negabitur.
2777 4244 2905 4298 Item
2949 4244 3229 4301 undecima
3284 4250 3573 4318 propositio
3599 4266 3661 4308 ea

2058 4352 2061 4357 ·
2090 4332 2187 4397 sit,
2222 4342 2275 4385 ut
2321 4348 2492 4402 neque
2529 4348 2560 4385 a
2589 4348 2708 4388 cum
2742 4334 2801 4400 b,
2834 4342 3005 4405 neque
3036 4352 3061 4389 c
3102 4342 3222 4391 cum
3253 4341 3315 4405 ά,
3357 4340 3511 4394 simul
3543 4346 3665 4398 esse

2093 4424 2277 4490 possit,
2308 4441 2336 4477 a
2364 4439 2490 4479 vero
2522 4426 2636 4480 sine
2668 4442 2716 4492 c,
2741 4436 2796 4481 et
2826 4427 2853 4480 b
2882 4428 2998 4482 sine
3035 4428 3069 4481 ά
3098 4443 3218 4483 εεεε
3244 4446 3347 4483 non
3374 4431 3561 4499 possit,
3595 4432 3664 4486 ita

2091 4518 2232 4569 enim
2256 4517 2297 4570 si
2336 4534 2453 4571 cum
2488 4535 2519 4569 α
2546 4519 2612 4571 sit
2644 4528 2921 4588 negatum,
2958 4519 2985 4572 ιι
3013 4530 3283 4589 sequatur,
3310 4528 3428 4575 cum
3459 4538 3489 4575 α
3516 4537 3666 4591 nega-

416 4594 575 4651 ltomo
604 4598 699 4668 sit,
730 4600 1016 4656 animatum
1050 4620 1168 4658 esse
1203 4620 1423 4661 necesse
1453 4614 1556 4673 est,
1587 4612 1640 4661 et
1689 4610 1733 4662 si
1764 4606 1869 4663 non
1916 4610 1987 4665 sit
2014 4602 2053 4664 Ι]

2067 4605 2251 4671 tbitur,
2287 4608 2321 4660 ά
2361 4620 2479 4661 esse
2530 4622 2751 4663 necesse
2779 4618 2881 4674 est,
2917 4615 2973 4661 ιιι
3011 4610 3055 4662 si
3102 4610 3229 4664 sita
3277 4610 3622 4665 inanimatnm
3646 4652 3664 4678 ,

416 4702 578 4757 aeger,
608 4704 795 4743 sanum
828 4707 947 4747 esse
977 4710 1196 4749 necesse
1224 4705 1307 4750 est
1336 4714 1349 4748 :
1389 4699 1566 4767 itaque
1590 4700 1679 4753 fiet
1708 4707 1762 4753 ιιι
1793 4702 1835 4754 si
1864 4706 1986 4756 etim

418 4777 578 4833 homo
628 4782 727 4845 sit,
781 4798 885 4837 non
921 4786 989 4839 sit
1034 4801 1203 4855 arger,
1257 4802 1375 4841 cum
1422 4790 1490 4843 sit
1537 4790 1864 4856 animatum,
1921 4793 1991 4847 sit

416 4882 601 4924 sanus.
634 4872 791 4927 Sexta
822 4877 1110 4943 propositio
1137 4878 1233 4931 bos
1263 4880 1517 4934 terminos
1546 4879 1745 4935 habere
1778 4881 1990 4937 deside-

412 4970 515 5027 rat,
546 4973 658 5015 uta
682 4972 874 5031 praeter
902 4964 951 5031 ιι,
985 4975 1038 5021 ει
1067 4983 1093 5020 c
1124 4978 1318 5038 praeter
1345 4972 1379 5023 ά
1404 4980 1459 5026 ει
1485 4984 1605 5027 εεεε
1634 4980 1687 5026 ει
1735 4988 1838 5027 non
1870 4987 1989 5029 esse

414 5058 602 5123 possit.
632 5058 775 5112 Idem
803 5074 931 5114 vero
955 5076 987 5113 a
1014 5072 1209 5130 prmter
1229 5082 1275 5133 c,
1299 5074 1352 5121 et
1380 5067 1415 5119 ά
1443 5076 1636 5135 prmter
1663 5068 1712 5135 ὁ,
1742 5081 1987 5122 essenon

414 5147 600 5214 possit.
634 5148 783 5205 Tunc
809 5154 1208 5211 enim,eveniet
1240 5167 1294 5211 ut
1323 5158 1365 5211 si
1397 5174 1425 5208 (ι
1457 5160 1631 5226 posito
1676 5175 1779 5213 non
1811 5170 1892 5214 est
1926 5161 1985 5227 b,

414 5238 587 5305 posito
613 5255 641 5292 c
663 5255 766 5296 non
790 5242 859 5297 sit
889 5244 943 5311 ά,
972 5253 1029 5297 ιιι
1058 5245 1103 5299 si
1135 5248 1262 5301 sita
1294 5248 1473 5315 homo,
1508 5250 1536 5303 b
1566 5250 1785 5315 artifex,
1816 5267 1843 5302 ε
1871 5251 1988 5304 ani-

411 5340 633 5397 matum,
657 5332 691 5384 d
718 5333 977 5402 medicus,
1012 5336 1173 5390 homo
1213 5339 1425 5407 quidem
1457 5350 1649 5407 praeter
1678 5340 1985 5405 artificium,

410 5427 463 5472 et
482 5409 773 5475 animatum
794 5437 923 5477 vero
947 5430 1141 5493 praeter
1167 5426 1488 5482 medicinam
1511 5444 1629 5484 esse
1660 5441 1711 5484 et
1739 5446 1843 5483 non
1867 5446 1988 5487 esse
2047 5438 2053 5444 '

413 5517 617 5575 potest,
659 5524 833 5579 neque
862 5528 992 5568 vero
1032 5515 1192 5568 homo
1242 5525 1436 5585 pratter
1465 5518 1785 5583 animatum,
1813 5534 1985 5590 neque

413 5599 653 5654 medicus
679 5614 876 5669 praeter
916 5604 1198 5660 artificium
1235 5620 1352 5662 csse
1382 5618 1577 5677 potest.
1614 5612 1729 5677 Quo
1761 5612 1815 5665 fit
1859 5623 1914 5665 ut
1940 5616 1984 5668 si

411 5707 531 5748 cum
564 5692 726 5748 homo
754 5703 868 5759 est,
899 5694 1089 5750 artifex
1114 5712 1220 5752 non
1260 5709 1368 5766 est,
1402 5716 1519 5755 cum
1558 5703 1624 5756 sit
1650 5703 1937 5758 animatum
1965 5744 1981 5770 ,

412 5798 517 5841 non
548 5783 620 5840 sit
648 5784 911 5843 medicus.
960 5788 1213 5857 Septima;
1260 5794 1631 5864 prapositionis
1672 5794 1725 5852 hi
1774 5797 1987 5854 termini

2096 4699 2399 4768 bmedicus,
2426 4716 2451 4754 c
2484 4700 2723 4766 invitale,
2757 4702 2789 4753 rt
2820 4684 3035 4766 artifex,
3072 4703 3420 4758 inanimatnm
3451 4704 3667 4773 quidem

2096 4796 2331 4850 medicus
2369 4810 2487 4849 esse
2520 4792 2623 4849 non
2655 4802 2857 4865 potest,
2903 4795 3154 4865 quocirca
3204 4812 3271 4852 ne
3300 4796 3524 4852 invitale
3550 4800 3670 4868 qui-

2095 4885 2213 4941 dem
2250 4882 2440 4939 artifex
2481 4904 2491 4937 :
2532 4885 2625 4941 sed
2657 4886 2798 4955 quod
2840 4884 3189 4943 inanimatnm
3222 4898 3325 4957 est,
3358 4896 3461 4944 non
3494 4897 3670 4959 potest

2054 4994 2055 4997 η
2097 4994 2199 5032 non
2231 4993 2353 5032 esse
2378 4978 2613 5045 invitale,
2663 4979 2897 5047 itemque
2929 4980 3018 5049 qui
3060 4982 3299 5037 medicus
3328 4989 3409 5038 est
3438 4996 3549 5037 non
3571 4996 3670 5051 po-

2087 5079 2199 5127 .test
2241 5085 2345 5124 non
2380 5086 2498 5125 esse
2529 5070 2741 5127 artifex.
2771 5071 2826 5127 Si
2860 5072 3019 5142 igitur
3066 5074 3409 5129 inanimatnm
3446 5080 3669 5146 negetur

2093 5173 2146 5217 et
2171 5164 2434 5219 medicum
2467 5178 2589 5219 esse
2637 5175 3031 5235 consequatur,
3079 5178 3198 5223 cu'm
3231 5170 3506 5240 negabitur
3551 5185 3668 5225 esse

2094 5256 2329 5325 invitale,
2365 5259 2555 5314 artifex
2584 5268 2702 5314 esse
2733 5261 3099 5331 ConsequittJr.
3131 5262 3451 5319 Duodecimn
3479 5270 3671 5333 propo-

2092 5347 2215 5402 sitio
2238 5360 2317 5403 est
2349 5360 2506 5420 quam
2532 5352 2727 5406 talibus
2758 5353 2997 5408 terminis
3020 5356 3269 5410 constare
3295 5358 3579 5427 Oportebit,
3614 5368 3668 5411 ut

2094 5455 2123 5490 a
2152 5438 2364 5507 quidem
2418 5452 2614 5509 praeter
2643 5442 2693 5507 ὁ,
2732 5448 2786 5495 at
2819 5456 2946 5498 vero
2977 5458 3005 5496 c
3028 5448 3223 5514 praeter
3254 5447 3288 5498 ά
3316 5449 3396 5501 vel
3427 5463 3547 5503 esse
3587 5452 3669 5504 vel

2094 5545 2198 5584 non
2227 5543 2347 5583 esse
2380 5531 2574 5599 possit;
2600 5548 2631 5584 a
2659 5546 2784 5586 vero
2810 5535 2924 5589 sine
2955 5550 3001 5603 c,
3033 5545 3083 5589 et
3124 5535 3151 5589 b
3182 5550 3300 5592 cum
3348 5540 3383 5591 ιι
3421 5552 3540 5594 εεεε
3565 5554 3668 5594 non

2052 5636 2057 5641 ·
2094 5621 2319 5689 possint,
2354 5622 2424 5673 ita
2467 5624 2608 5674 enim
2666 5622 2818 5676 cadet
2861 5633 2915 5676 ut
2945 5626 2986 5679 si
3016 5642 3047 5678 a
3078 5636 3291 5695 negato,
3326 5628 3354 5681 ὁ
3380 5640 3665 5700 sequatur,

2095 5727 2120 5762 c
2148 5719 2357 5778 negato,
2391 5712 2423 5762 d
2447 5712 2604 5765 etiam
2629 5723 2872 5783 negetur,
2905 5723 2960 5770 ut
2982 5718 3026 5772 si
3051 5718 3211 5773 fuerit
3238 5736 3269 5772 α
3294 5721 3665 5790 inanimatnm,

2098 5802 2124 5854 b
2158 5800 2355 5869 album,
2386 5819 2413 5855 c
2440 5802 2660 5861 invitale
2682 5849 2695 5876 ,
2729 5806 2763 5861 d
2792 5807 3032 5883 nigrum,
3068 5810 3416 5871 inanimatnm
3456 5817 3669 5886 quidem
