4290 6272
689 330 784 385 871

1886 325 1998 380 AN.
2037 324 2246 381 MANL.
2281 324 2439 383 SEV.
2479 326 2701 384 BOETII

3849 333 3950 390 872

690 457 888 519 printer
911 447 1110 507 album,
1132 443 1348 499 invitale
1371 450 1549 498 autem
1577 449 1771 511 praeter
1794 442 2004 513 nigrum
2038 443 2120 497 vel
2148 457 2268 498 esse
2296 443 2350 505 Α
2374 443 2473 499 bus
2512 453 2744 510 constet,
2792 446 2993 502 idcirco
3023 448 3142 519 qtia
3189 451 3334 517 prior
3356 448 3594 504 conditio
3622 464 3727 506 non
3757 460 3839 507 est
3863 468 3950 509 se-

689 545 773 597 vel
806 558 907 596 non
932 554 1053 595 esse
1078 545 1273 608 potest.
1305 536 1363 591 Si
1397 546 1575 592 tamen
1608 537 1955 590 inanimatam
1987 536 2147 589 homo
2169 536 2261 604 sit,

688 645 741 689 et
770 636 835 686 sit
869 633 1045 685 album
1068 670 1083 693 ,
1109 645 1230 684 cum
1256 630 1474 683 invitale
1501 644 1610 683 non
1635 629 1724 694 sit,
1762 644 1867 683 non
1893 631 1996 683 erit
2029 629 2261 699 nigrum.

688 725 864 777 Tertia
894 723 1101 776 decima
1151 720 1442 790 propositio
1489 719 1575 774 his
1623 720 1865 774 terminis
1896 721 2261 775 connectenda

688 825 802 879 est.
837 825 892 869 ut
929 832 959 867 a
989 813 1203 884 quidem
1242 822 1436 883 praeter
1475 813 1526 877 ὁ,
1560 820 1617 866 at
1645 826 1776 867 vero
1801 828 1828 865 ο
1857 821 2051 882 praeter
2082 813 2118 865 ά
2142 827 2262 868 εεεε

688 906 885 979 possit,
915 923 948 959 a
985 920 1115 960 vero
1144 885 1305 973 atque
1332 921 1358 957 c
1381 943 1396 968 ,
1425 912 1481 959 et
1511 903 1538 955 b
1565 912 1725 973 atque
1746 903 1780 955 ά
1802 945 1817 969 ,
1844 903 1915 957 ita
1946 903 2101 957 simul
2142 917 2260 959 esse

612 1038 619 1045 .
689 1016 793 1053 non
826 997 1049 1067 possint,
1084 1006 1141 1049 ut
1169 995 1215 1050 si
1244 997 1469 1049 alterum
1495 1010 1682 1050 eorum
1716 1009 1820 1049 non
1851 998 2010 1049 luerlt
2039 995 2262 1050 alterum

688 1106 808 1147 csse
837 1103 1059 1145 necesse
1088 1090 1178 1154 sit,
1212 1089 1280 1141 ita
1323 1101 1552 1157 namque
1582 1088 1673 1141 ﬁet
1723 1096 1779 1141 ut
1810 1087 1854 1140 si
1895 1102 2016 1140 cum
2050 1103 2082 1140 a
2104 1102 2265 1156 nega-

690 1194 798 1241 tum
822 1185 908 1249 sit,
943 1182 972 1236 b
1004 1190 1245 1252 negetur.
1274 1195 1396 1237 cum
1426 1196 1452 1233 ο
1479 1179 1804 1234 afﬁrmatum
1842 1179 2025 1246 fuerit,
2057 1180 2090 1232 τι
2119 1179 2265 1234 afﬁr-

691 1284 882 1340 tuetur,
919 1282 975 1326 ut
1005 1273 1048 1326 si
1075 1272 1199 1326 sita
1239 1270 1624 1334 irrationabile,
1653 1269 1680 1323 ὁ
1710 1285 1946 1338 aegrum,
1977 1286 2003 1322 c
2029 1271 2265 1325 rationa-

689 1368 815 1433 bile,
843 1366 876 1419 d
904 1379 1114 1423 sanum.
1148 1362 1520 1418 lrrationabile
1564 1377 1791 1432 namque
1818 1344 2016 1430 praeter
2041 1376 2263 1430 egrum,

689 1467 743 1514 ει
766 1456 1080 1513 rationabile
1103 1463 1297 1524 praeter
1317 1453 1602 1520 sanitatem
1626 1466 1745 1508 esse
1764 1458 1960 1521 potest,
1982 1449 2266 1506 irrationa-

688 1550 796 1605 bile
826 1564 953 1604 vero
981 1556 1141 1617 atque
1170 1544 1490 1600 rationabile
1511 1583 1527 1609 ,
1554 1552 1609 1599 et
1650 1558 1851 1612 mgrum
1883 1554 2040 1611 atque
2076 1558 2263 1598 sanum

688 1642 847 1697 simul
872 1654 990 1695 esse
1015 1654 1119 1693 non
1144 1645 1394 1707 possunt;
1423 1637 1470 1690 si
1494 1645 1670 1691 tamen
1693 1635 1919 1690 alterum
1944 1650 2128 1691 eorum
2155 1650 2263 1691 non

690 1731 866 1795 fuerit,
896 1731 1121 1785 alterum
1150 1742 1269 1783 esse
1300 1741 1520 1782 necesse
1550 1736 1652 1793 est,
1681 1727 1857 1795 itaque
1884 1728 1941 1780 lit
1975 1736 2032 1779 ιιι
2055 1728 2099 1781 si
2124 1727 2262 1782 irra-

690 1824 931 1899 tionabili
955 1822 1218 1897 denegato
1245 1835 1445 1891 aegrum
1466 1821 1782 1891 denegetur,
1815 1820 2055 1877 rationali
2086 1822 2261 1891 posito
2288 1809 2339 1872 B

690 1931 877 1971 sanum
895 1924 1137 1985 ponatur.
1160 1914 1356 1981 Quarta
1379 1912 1584 1968 decima
1610 1913 1901 1982 propositio
1923 1912 2006 1966 his
2032 1915 2259 1971 texenda

688 2006 943 2062 membris
967 2014 1069 2070 est,
1095 2013 1203 2058 uta
1225 2002 1439 2073 quidem
1464 2012 1657 2071 prteter
1682 2004 1730 2066 b,
1749 2012 1850 2059 etc
1874 2014 2068 2072 praeter
2089 2006 2122 2059 ά
2139 1994 2259 2062 εεεε

689 2097 923 2168 possint,
956 2096 1050 2150 sed
1073 2112 1106 2147 a
1132 2104 1288 2164 atque
1312 2109 1340 2145 ε
1368 2093 1525 2147 simul
1550 2107 1669 2148 esse
1700 2109 1805 2149 non
1836 2095 2064 2164 possint,
2096 2094 2167 2153 ita
2202 2105 2260 2152 ut

686 2206 808 2247 cum
837 2189 1064 2245 alterum
1094 2203 1201 2242 non
1241 2186 1421 2253 fuerit,
1467 2188 1692 2246 alterum
1735 2202 1857 2243 esse
1906 2203 2127 2244 necesse
2155 2189 2255 2255 sit,

687 2285 721 2337 d
752 2296 877 2338 vero
910 2291 1103 2352 praeter
1133 2280 1159 2333 b
1190 2293 1311 2334 esse
1336 2292 1440 2333 non
1470 2280 1657 2346 possit.
1687 2277 1771 2332 Fit
1797 2278 1957 2349 igitur
1980 2289 2037 2334 ut
2060 2280 2105 2335 si
2134 2296 2256 2336 cum

685 2376 805 2428 sita
824 2374 1164 2441 denegatum,
1193 2371 1221 2423 ό
1242 2370 1554 2437 denegetur,
1573 2383 1693 2424 cum
1720 2370 1790 2424 sit
1816 2387 1863 2435 ε,
1892 2385 1995 2425 non
2024 2371 2095 2425 sit
2125 2373 2180 2437 ά,
2202 2380 2260 2427 ut

685 2464 730 2517 si
752 2464 823 2517 sit
847 2480 879 2516 a
907 2463 1275 2527 inanimatam,
1309 2459 1336 2512 b
1361 2458 1577 2525 artifex,
1622 2475 1650 2512 ο
1678 2459 1991 2529 animatum,
2025 2463 2062 2513 d
2089 2462 2258 2517 medi-

683 2573 798 2612 cus.
826 2558 1175 2612 lnanimatum
1205 2556 1421 2626 quidem
1447 2565 1641 2625 praeter
1662 2556 1943 2623 artiﬁcem,
1967 2557 2255 2613 animatum

683 2664 813 2704 vero
839 2658 1032 2718 praeter
1057 2647 1322 2703 medicum
1366 2662 1489 2703 esse
1517 2657 1715 2717 potest,
1750 2648 2098 2705 inanimatum
2130 2665 2255 2705 vero

682 2756 802 2795 cum
845 2740 1081 2794 animato
1112 2754 1215 2793 non
1264 2739 1547 2800 convenit.
1581 2748 1634 2792 ct
1663 2729 2006 2795 medicus'ab
2049 2741 2256 2797 artiﬁce

656 2832 829 2905 nullo
876 2830 1035 2885 modo
1078 2838 1376 2901 separatur.
1413 2829 1496 2884 Fit
1528 2828 1688 2901 igitur
1715 2839 1772 2885 ut
1800 2832 1844 2886 si
1871 2846 1994 2886 cum
2035 2847 2141 2887 non
2172 2841 2256 2888 est

683 2924 1052 2988 inanimatam,
1087 2936 1193 2976 non
1223 2921 1290 2976 sit
1320 2922 1538 2989 artifex,
1568 2936 1689 2977 cum
1721 2924 1793 2978 sit
1827 2924 2115 2979 animatum
2147 2940 2254 2980 non

682 3019 751 3075 sit
777 3018 1034 3074 medicus.
1067 3016 1259 3084 Quinta
1288 3015 1494 3070 decima
1539 3015 1837 3086 propositio
1873 3016 1968 3069 hos
1997 3015 2253 3072 terminos

680 3113 876 3169 habere
901 3111 1080 3177 debet,
1120 3119 1177 3165 ut
1205 3126 1238 3163 α
1262 3110 1473 3179 quidem
1498 3110 1541 3164 si
1570 3124 1678 3164 non
1699 3110 1788 3177 sit,
1831 3126 1857 3162 c
1879 3124 1988 3164 non
2018 3124 2138 3165 esse
2166 3124 2253 3166 ne-

678 3222 829 3263 cesse
852 3207 945 3273 sit,
974 3205 1002 3259 b
1034 3219 1164 3260 vero
1189 3212 1351 3273 atque
1395 3205 1428 3257 d
1452 3203 1574 3259 talia
1614 3204 1741 3269 sint,
1773 3214 1829 3258 ut
1859 3204 2029 3259 altero
2064 3220 2250 3260 eorum

678 3308 889 3368 negato,
914 3282 1138 3351 alterum
1162 3310 1347 3351 eorum
1376 3310 1498 3351 esse
1538 3310 1757 3350 necesse
1786 3295 1875 3349 sit.
1907 3294 1978 3349 Ita
2021 3310 2251 3365 namque

679 3392 768 3444 liet
798 3397 855 3442 ut
877 3388 923 3443 si
950 3401 1070 3441 cum
1100 3386 1221 3441 sita
1245 3387 1564 3456 denegatum
1610 3388 1638 3439 ὁ
1669 3397 1914 3456 negetur,
1941 3401 2061 3442 cum
2091 3402 2251 3458 nega-

676 3479 821 3534 bitur
845 3495 891 3543 c,
917 3477 1216 3532 afﬁrmetur
1246 3479 1302 3543 ά,
1332 3487 1390 3531 ιιι
1414 3479 1459 3532 si
1487 3479 1556 3532 sit
1580 3478 1853 3545 a-quidem
1896 3478 2205 3535 irrationale
2231 3520 2247 3544 ,

676 3570 704 3622 b
750 3582 960 3631 sanum,
988 3583 1015 3620 ο
1045 3566 1412 3631 inanimatum,
1447 3567 1481 3618 ά
1509 3581 1740 3635 aegrum,
1776 3567 2088 3623 irrationale
2124 3570 2249 3639 qui-

675 3662 796 3716 dem
827 3660 870 3715 si
901 3672 1007 3714 non
1034 3658 1127 3723 sit,
1172 3670 1276 3711 non
1307 3666 1391 3711 est
1437 3657 1810 3724 inanitnatum,
1855 3671 2045 3713 sanum
2086 3661 2247 3715 etiam

672 3761 832 3821 atque
859 3765 1067 3820 aegrum
1087 3749 1248 3806 simul
1272 3763 1393 3806 esse
1421 3764 1528 3804 non
1571 3759 1811 3817 possunt,
1845 3760 1899 3805 et
1925 3751 2015 3821 qui
2055 3766 2247 3807 sanum

673 3840 944 3911 negaverit
968 3855 1167 3912 :cgrum
1196 3854 1413 3896 necesse
1441 3848 1525 3896 est
1549 3838 1813 3905 afﬁrmet,
1848 3842 2080 3911 itemque
2110 3857 2142 3898 ε
2164 3842 2247 3897 di-

672 3943 975 3997 verso;est
1013 3932 1173 4004 igitur
1217 3941 1274 3987 ut
1302 3933 1353 4019 si
1398 3942 1589 4004 negato
1628 3933 1980 3988 irrattonabili
2021 3942 2246 4005 negetur

668 4042 882 4095 sanum,
913 4036 1102 4096 negato
1125 4025 1417 4082 inanimato
1445 4040 1647 4098 aegrum
1680 4034 1931 4096 ponatur.
1959 4025 2125 4082 Sexta
2145 4026 2246 4083 de-

667 4119 805 4174 cima
856 4117 1145 4188 propositio
1183 4126 1266 4173 est
1292 4132 1410 4188 quae
1459 4117 1542 4174 liis
1574 4118 1819 4174 terminis
1848 4127 2082 4187 constat,
2128 4129 2246 4174 uta

667 4210 880 4281 quidem
909 4220 1101 4280 prreter
1126 4227 1173 4274 ο,
1200 4218 1253 4264 at
1282 4225 1411 4266 vero
1436 4211 1470 4263 ά
1499 4219 1695 4280 praeter
1718 4212 1748 4264 ὁ
1772 4226 1892 4268 εεεε
1913 4226 2018 4268 non
2051 4213 2240 4283 possit,

663 4323 699 4360 a
724 4319 854 4360 vero
878 4318 999 4359 cum
1025 4303 1075 4367 b,
1105 4312 1157 4355 et
1187 4316 1214 4353 c
1251 4316 1371 4355 cum
1399 4303 1432 4354 d
1450 4342 1465 4367 ,
1489 4317 1609 4357 esse
1636 4302 1783 4357 nullo
1826 4306 1987 4359 modo
2019 4315 2238 4373 queant.

668 4395 857 4451 Evenit
884 4393 1042 4463 igitur
1063 4402 1119 4446 ut
1140 4392 1184 4446 si
1216 4408 1249 4444 a
1275 4390 1491 4462 quidem
1521 4402 1732 4462 negato,
1768 4394 2045 4463 negabitur
2068 4396 2116 4462 ὁ,
2148 4394 2242 4450 de-

664 4496 858 4557 negato
879 4485 1182 4539 cterminus
1208 4483 1241 4535 d
1264 4482 1545 4548 abnuatur,
1572 4494 1626 4537 ut
1649 4484 1694 4539 si
1720 4484 1837 4539 sita
1860 4484 2235 4555 inanimatam,

2372 536 2560 591 cundae
2587 552 2746 591 causa
2774 538 3121 603 conditionis,
3157 540 3259 595 hoc
3284 539 3445 611 igitur
3473 542 3722 613 superius
3751 545 3949 612 posita-

2372 638 2542 684 tarum
2578 630 3001 699 propositionum
3045 629 3181 686 rafio
3222 632 3574 701 demonstrat,
3605 636 3947 703 quemadmo-

2369 720 2494 775 dum
2523 721 2603 786 lit,
2635 730 2692 775 ut
2736 721 3099 777 conditionem
3131 722 3369 778 conditio
3410 736 3789 795 consequatur.
3820 729 3946 793 Qua:

2369 828 2489 868 cum
2536 814 2607 866 ita
2644 813 2752 866 sint
2794 812 2862 867 de
2907 828 3090 868 earum
3139 813 3425 869 dicendum
3476 825 3559 870 est
3600 818 3941 888 syllogismis.

2370 905 2455 958 Fit
2501 905 2661 973 igitur
2710 918 2779 960 ει
2834 905 3000 973 prima
3034 905 3401 975 propositione
3452 907 3801 977 syllogismus
3846 910 3948 966 hoc

2370 997 2530 1051 modo
2574 1015 2586 1050 :
2628 998 2674 1051 si
2722 1012 2842 1051 cum
2883 1005 2966 1050 est
3012 1012 3073 1061 α,
3124 1008 3208 1052 εει
3256 997 3315 1062 b,
3369 1014 3490 1053 cum
3536 1000 3605 1054 sit
3645 1018 3705 1067 ε,
3754 1012 3841 1057 εει
3890 1005 3943 1057 d.

2368 1089 2527 1158 Atqui
2558 1101 2679 1143 cum
2709 1089 2861 1152 sita,
2887 1096 2969 1141 est
2999 1088 3049 1154 b,
3082 1102 3202 1141 cum
3235 1088 3395 1158 igitur
3426 1090 3495 1143 sit
3542 1107 3592 1154 c,
3624 1090 3726 1146 erit
3766 1094 3834 1156 d;
3860 1094 3943 1150 vel

2369 1183 2462 1248 ita,
2496 1183 2643 1251 atqui
2672 1195 2793 1235 cum
2822 1182 2892 1234 sit
2915 1197 2962 1246 c,
2996 1196 3099 1234 non
3128 1190 3209 1235 est
3235 1183 3290 1248 d,
3322 1197 3442 1237 cum
3476 1183 3633 1252 igitur
3659 1185 3727 1239 sit
3752 1203 3802 1251 α,
3836 1202 3943 1242 non

2368 1283 2449 1329 est
2480 1275 2528 1327 b.
2562 1273 2727 1327 Posse
2754 1287 2881 1327 vero
2906 1271 3046 1326 hanc
3074 1287 3197 1327 esse
3233 1276 3652 1345 aswmptionem
3694 1279 3945 1344 superius

2368 1364 2632 1433 descripta
2663 1363 3084 1434 propositionum
3116 1372 3305 1418 natura
3328 1364 3682 1421 demonstrat.
3715 1367 3846 1423 item
3872 1383 3941 1423 ex

2348 1455 2601 1531 secunda
2641 1455 3023 1524 propositione,
3046 1453 3093 1509 si
3114 1470 3235 1510 cum
3261 1464 3347 1510 est
3370 1474 3421 1519 a,
3452 1468 3536 1511 εει
3558 1458 3608 1521 b,
3641 1473 3761 1513 cum
3792 1459 3864 1512 sit
3894 1475 3943 1524 c,

2368 1565 2475 1605 non
2505 1558 2588 1605 est
2623 1550 2678 1603 d.
2714 1548 2873 1617 Atqui
2902 1562 3025 1603 cum
3054 1547 3123 1601 sit
3150 1564 3211 1611 α,
3234 1557 3317 1602 εει
3340 1547 3388 1616 b,
3420 1561 3539 1602 cum
3588 1548 3751 1617 igitur
3774 1550 3844 1604 sit
3883 1568 3940 1619 ο,

2368 1650 2578 1697 nonest
2619 1643 2685 1706 d;
2715 1640 2798 1694 vel
2832 1641 2923 1706 ita,
2946 1641 3089 1709 atqui
3118 1654 3237 1693 cum
3265 1638 3335 1693 sit
3357 1654 3406 1705 ε,
3431 1648 3513 1694 εει
3534 1639 3602 1706 d,
3636 1655 3756 1696 cum
3786 1643 3942 1713 igitur

2368 1733 2514 1797 sita,
2559 1745 2663 1785 non
2698 1740 2779 1784 εει
2810 1730 2857 1783 b.
2896 1728 2969 1783 Ex
3000 1727 3177 1791 tertia,
3202 1729 3246 1783 si
3269 1742 3389 1783 cum
3420 1729 3491 1783 sit
3533 1746 3586 1798 a,
3617 1740 3700 1785 est
3723 1732 3780 1798 ὁ,
3823 1749 3938 1789 cum

2367 1840 2473 1881 non
2502 1824 2573 1878 sit
2600 1840 2658 1889 c,
2698 1830 2783 1878 est
2818 1822 2872 1874 ά.
2899 1821 3056 1892 Atqui
3103 1836 3223 1876 cum
3247 1820 3316 1876 sit
3352 1839 3405 1887 a,
3437 1831 3519 1877 est
3550 1824 3598 1889 ι,
3623 1840 3742 1878 cum
3783 1825 3941 1895 igitur

2367 1932 2473 1971 non
2495 1917 2567 1971 sit
2593 1932 2642 1981 ε,
2665 1922 2748 1970 εει
2779 1916 2845 1978 d;
2877 1914 2957 1968 vel
2984 1914 3076 1978 ita,
3098 1914 3243 1983 atqui
3266 1929 3386 1967 cum
3411 1929 3515 1968 non
3542 1916 3611 1968 sit
3637 1932 3684 1979 c,
3718 1932 3825 1970 non
3853 1926 3940 1973 est

2365 2011 2420 2075 ά,
2450 2025 2571 2064 cum
2601 2010 2759 2079 igitur
2779 2009 2920 2075 sita,
2950 2021 3051 2061 non
3079 2017 3161 2063 est
3181 2006 3231 2063 b.
3257 2006 3387 2061 Item
3412 2023 3479 2063 ex
3508 2017 3714 2077 quarta,
3744 2007 3787 2063 si
3814 1992 3934 2064 cum

2362 2103 2433 2157 sit
2460 2118 2515 2167 a,
2546 2107 2629 2156 est
2656 2101 2716 2167 b,
2741 2114 2864 2158 cum
2889 2113 2993 2153 non
3016 2098 3087 2152 sit
3105 2114 3152 2163 c,
3185 2112 3293 2152 non
3314 2108 3398 2153 est
3420 2100 3473 2154 d.
3503 2099 3609 2155 Sed
3638 2115 3758 2155 cum
3785 2101 3855 2154 sit
3881 2117 3937 2169 α,

2363 2205 2448 2250 εει
2476 2194 2526 2258 b,
2554 2209 2673 2249 cum
2720 2193 2879 2263 igitur
2904 2208 3013 2246 non
3043 2192 3110 2247 sit
3138 2208 3185 2261 ε,
3215 2207 3321 2246 non
3353 2201 3435 2247 est
3459 2193 3525 2257 d;
3553 2194 3636 2248 vel
3668 2194 3765 2261 ita,
3795 2196 3937 2263 atqui

2362 2299 2484 2340 cum
2513 2299 2619 2338 non
2645 2283 2717 2337 sit
2745 2299 2795 2347 c,
2827 2291 2911 2336 est
2940 2282 3003 2346 d,
3034 2297 3154 2336 eum
3195 2282 3352 2351 igitur
3371 2282 3517 2347 sita,
3541 2298 3647 2336 non
3670 2294 3755 2337 est
3778 2284 3825 2336 ὁ.
3858 2285 3938 2339 Ex

2362 2374 2550 2443 quinta
2597 2370 2960 2442 propositione
3007 2370 3141 2426 ﬁunt
3180 2383 3404 2441 quatuor
3432 2372 3809 2438 collectiones,
3862 2375 3936 2431 ita

2363 2476 2594 2532 namque
2623 2461 2832 2516 termini
2875 2471 3262 2530 proponuntur,
3308 2468 3365 2515 ut
3392 2461 3672 2532 utrobique
3700 2465 3789 2517 liat
3819 2474 3935 2520 rata

2360 2555 2631 2612 conclusio
2668 2553 2769 2609 hoc
2798 2553 2994 2609 modo:
3025 2556 3068 2609 si
3098 2568 3221 2609 cum
3248 2563 3329 2609 est
3358 2572 3409 2619 α,
3451 2570 3555 2607 non
3587 2564 3671 2609 est
3712 2556 3762 2619 b,
3811 2572 3932 2612 cum

2360 2650 2425 2703 sit
2449 2662 2496 2713 c,
2523 2655 2605 2701 est
2630 2647 2683 2699 d.
2712 2642 2871 2715 Atqui
2895 2660 3015 2700 cum
3043 2647 3113 2700 sit
3141 2662 3193 2710 α,
3225 2660 3331 2699 non
3354 2654 3434 2699 est
3462 2645 3509 2709 b,
3536 2645 3842 2713 cumigitur
3866 2648 3936 2703 sit

2360 2758 2407 2808 c,
2436 2750 2518 2796 est
2561 2740 2628 2803 d;
2655 2738 2739 2795 vel
2768 2739 2838 2793 ita
2859 2784 2873 2806 ,
2920 2740 3063 2808 atqui
3092 2753 3212 2793 cum
3241 2739 3308 2793 sit
3334 2755 3385 2801 α.
3419 2750 3501 2793 εει
3535 2740 3587 2803 b,
3616 2754 3737 2793 cum
3778 2741 3935 2809 igitur

2357 2834 2429 2888 sit
2456 2850 2505 2897 ε,
2535 2848 2643 2888 ηοη
2668 2840 2751 2888 εει
2774 2831 2839 2896 d;
2871 2832 2954 2886 vel
2980 2831 3050 2886 ita
3069 2870 3086 2897 ,
3115 2833 3261 2902 atqui
3290 2846 3409 2886 cum
3444 2832 3513 2884 sit
3541 2847 3597 2896 c,
3630 2846 3739 2887 non
3765 2843 3847 2888 est
3876 2834 3930 2899 ά,

2358 2941 2478 2981 cum
2502 2927 2661 2996 igitur
2681 2926 2750 2980 sit
2777 2942 2829 2990 α,
2861 2933 2945 2981 εει
2966 2925 3129 2989 b;vel
3159 2925 3256 2992 ita,
3287 2925 3433 2995 atqui
3452 2940 3573 2979 cum
3597 2926 3668 2980 sit
3694 2943 3742 2992 c,
3766 2937 3846 2982 est
3872 2928 3926 2995 ά,

2358 3034 2479 3073 cum
2530 3018 2691 3089 igitur
2717 3018 2785 3072 sit
2811 3035 2874 3082 a,
2906 3033 3009 3072 non
3036 3026 3120 3073 est
3146 3016 3196 3069 ί».
3230 3017 3306 3071 Ex
3331 3026 3504 3082 sexta,
3547 3016 3591 3071 si
3612 3033 3733 3073 cum
3759 3027 3838 3074 est
3864 3034 3927 3086 ε,

2358 3125 2463 3165 non
2492 3117 2575 3165 est
2602 3110 2653 3177 b,
2683 3123 2802 3165 cum
2826 3108 2897 3163 sit
2921 3125 2967 3174 c,
3002 3123 3106 3163 non
3134 3117 3217 3163 est
3238 3107 3293 3162 ά.
3320 3108 3484 3178 Atqui
3508 3123 3627 3164 cum
3652 3110 3798 3177 sita,
3824 3124 3928 3167 non

2278 3183 2328 3252 C
2356 3210 2435 3256 est
2458 3200 2509 3266 ὸ,
2541 3215 2661 3255 cum
2689 3200 2849 3270 igitur
2870 3201 2940 3253 sit
2960 3216 3010 3265 c,
3039 3214 3144 3254 non
3171 3208 3255 3253 est
3281 3201 3347 3262 d;
3379 3200 3466 3254 vel
3500 3200 3600 3266 ita,
3635 3201 3781 3270 atqui
3808 3215 3928 3257 cum

2355 3294 2424 3349 sit
2446 3309 2494 3359 c,
2527 3308 2631 3348 non
2658 3301 2739 3348 est
2768 3294 2821 3346 ά.
2850 3292 2982 3347 Cum
3028 3292 3188 3362 igitur
3213 3294 3283 3346 sit
3308 3308 3371 3356 η,
3403 3302 3485 3346 εει
3510 3294 3559 3347 b.
3596 3293 3673 3348 Ex
3700 3294 3929 3364 septima

2354 3387 2481 3442 item
2514 3384 2645 3439 fiunt
2674 3393 2901 3453 quatuor
2924 3384 3215 3455 syllogismi
3245 3384 3345 3439 hoc
3373 3384 3529 3439 modo
3548 3426 3563 3451 ,
3593 3385 3637 3438 si
3675 3401 3796 3439 cum
3841 3395 3929 3455 est

2352 3490 2537 3543 a,,non
2562 3484 2643 3529 est
2684 3474 2733 3541 b,
2762 3490 2884 3530 cum
2914 3489 3020 3529 non
3059 3475 3129 3530 sit
3158 3491 3209 3541 c,
3232 3475 3385 3531 estd.
3408 3475 3575 3544 Atqui
3601 3489 3725 3530 cum
3751 3485 3837 3532 est
3863 3492 3922 3541 α.

2353 3582 2457 3621 non
2480 3575 2562 3621 est
2589 3566 2640 3631 b,
2676 3581 2796 3621 cum
2841 3564 3000 3635 igitur
3028 3581 3134 3620 non
3162 3566 3231 3620 sit
3259 3582 3307 3633 c,
3336 3574 3419 3621 est
3440 3565 3508 3631 d;
3534 3567 3621 3620 vel
3648 3566 3745 3632 ita,
3772 3565 3926 3638 atqui

2352 3672 2472 3714 cum
2503 3658 2573 3712 sit
2599 3675 2650 3727 (ι,
2681 3666 2763 3713 εει
2790 3658 2840 3724 b,
2868 3672 2986 3712 cum
3020 3657 3179 3727 igitur
3199 3672 3305 3713 non
3328 3658 3397 3713 sit
3424 3673 3475 3725 ε,
3510 3673 3616 3714 non
3640 3668 3725 3715 est
3751 3660 3817 3726 d;
3839 3657 3927 3716 vel

2352 3751 2447 3815 ita,
2472 3750 2616 3820 atqui
2647 3763 2768 3804 cum
2801 3763 2905 3803 non
2931 3747 3001 3802 sit
3029 3764 3075 3815 c,
3109 3764 3213 3804 non
3252 3758 3335 3805 est
3365 3750 3422 3814 d,
3444 3764 3567 3803 cum
3594 3748 3755 3820 igitur
3772 3750 3845 3805 sit
3868 3766 3923 3817 α,

2351 3850 2432 3896 εει
2459 3842 2519 3907 b;
2548 3840 2632 3895 vel
2660 3839 2753 3905 ita,
2784 3840 2931 3909 atqui
2959 3854 3078 3893 cum
3111 3855 3219 3894 non
3246 3840 3315 3894 sit
3341 3856 3391 3908 c,
3423 3850 3506 3895 est
3525 3841 3579 3907 ά,
3606 3854 3726 3895 cum
3764 3840 3926 3910 igitur

2352 3952 2384 3988 a
2407 3934 2498 3999 sit,
2523 3947 2628 3988 non
2656 3939 2742 3989 est
2767 3932 2814 3985 ὁ.
2860 3931 2935 3986 Et
2968 3940 3156 3987 octava
3187 3932 3576 4001 propositione,
3608 3932 3651 3986 si
3680 3946 3800 3986 cum
3838 3940 3923 3986 est

2348 4043 2398 4094 a,
2424 4039 2529 4080 non
2558 4032 2641 4078 est
2662 4025 2711 4091 ὁ,
2743 4037 2868 4078 cum
2895 4037 3001 4078 non
3029 4022 3100 4076 sit
3125 4038 3172 4085 ε,
3202 4036 3310 4077 non
3332 4033 3417 4079 est
3441 4026 3495 4077 α.
3523 4023 3681 4094 Atqui
3705 4038 3824 4079 cum
3852 4022 3922 4077 sit

2348 4136 2402 4186 a,
2429 4133 2532 4174 non
2554 4126 2635 4173 est
2658 4118 2707 4181 b,
2730 4130 2852 4171 cum
2875 4115 3034 4185 igitur
3056 4129 3159 4169 non
3183 4113 3253 4168 sit
3273 4131 3321 4179 c,
3343 4122 3426 4169 εει
3449 4116 3484 4165 d
3497 4130 3519 4179 ,-
3540 4115 3623 4169 vel
3655 4116 3747 4178 ita,
3771 4117 3917 4185 atqui

2348 4226 2469 4266 cum
2499 4225 2602 4265 non
2624 4211 2695 4265 sit
2714 4225 2759 4275 c,
2785 4216 2868 4263 est
2889 4208 2943 4271 Δ,
2968 4221 3089 4261 cum
3117 4205 3275 4275 igitur
3294 4206 3361 4259 sit
3385 4221 3437 4267 a,
3460 4212 3544 4259 est
3566 4204 3611 4257 ὁ.
3644 4205 3918 4273 llactenus

2347 4303 2560 4373 quidem
2588 4317 2656 4357 ex
2696 4299 3000 4370 ltujusmodi
3047 4296 3496 4370 propositionibus
3518 4337 3534 4362 ,
3564 4311 3684 4366 quae
3718 4313 3751 4349 α
3793 4312 3918 4353 εεεε

2347 4394 2743 4467 proponebant,
2775 4399 2935 4462 atque
2962 4392 3034 4445 ita
3060 4400 3281 4446 caeteros
3310 4388 3569 4443 terminos
3598 4387 3917 4443 afﬁrmando

2347 4488 2695 4559 negandoqne
2720 4485 3019 4552 variabant,
3052 4482 3380 4538 ostendimus
3411 4481 3497 4552 qui
3526 4479 3715 4536 ﬁerent
3746 4481 3915 4553 syllo-

663 4579 692 4630 b
721 4556 927 4641 artifex,
957 4592 983 4628 c
1013 4575 1250 4641 invitale,
1296 4574 1329 4627 ιι
1369 4573 1643 4639 medicus;
1691 4573 2043 4630 inanimatum
2074 4576 2238 4647 igitur
2264 4556 2319 4618 D
2342 4556 2521 4650 gismi.
2544 4556 2693 4632 Nunc
2708 4592 2771 4632 ex
2802 4575 2884 4632 his
2906 4573 3356 4647 propositionibus
3378 4572 3595 4643 quinam
3619 4573 3913 4644 syllogismi

665 4674 856 4735 praeter
885 4665 1101 4720 invitale
1130 4672 1185 4719 et
1214 4663 1453 4720 medicus
1480 4674 1677 4732 prmter
1694 4666 1956 4720 artiﬁcem
1983 4681 2102 4722 esse
2128 4683 2235 4723 non

662 4768 859 4827 potest,
877 4757 1225 4812 inanimatum
1256 4772 1383 4812 vero
1410 4772 1528 4812 cum
1551 4757 1762 4813 artifice
1783 4766 1839 4813 et
1871 4759 2083 4814 invitale
2112 4774 2233 4815 cum

663 4849 868 4905 medico
898 4864 1018 4904 esse
1046 4863 1153 4902 non
1180 4848 1391 4917 poterit.
1420 4847 1474 4902 Si
1506 4846 1686 4917 igitur,
1723 4858 1918 4917 negato
1943 4849 2235 4905 inanimato

661 4953 884 5016 negetur
925 4942 1144 5005 artifex,
1195 4950 1388 5011 negato
1434 4941 1636 4994 invitali
1696 4952 1924 5010 negetur
1974 4943 2233 4999 medicus.

659 5040 830 5107 Atque
850 5037 964 5088 ltzec
994 5032 1207 5102 quidem
1231 5034 1363 5086 ratio
1396 5032 1844 5101 propositionum,
1882 5046 2109 5100 quarum
2140 5049 2228 5088 su-

659 5133 837 5201 perius
860 5128 1101 5197 exempla
1129 5124 1533 5194 descripsimus,
1568 5122 1771 5178 idcirco
1795 5123 2119 5193 intelligatur
2146 5112 2231 5179 as-

655 5230 886 5291 sumpta,
914 5230 969 5273 ut
991 5231 1174 5273 earum
1211 5223 1396 5271 natura
1428 5215 1769 5280 claresceret,
1809 5229 1913 5269 non
1938 5230 2044 5285 quo
2074 5216 2230 5272 aliter

655 5316 831 5369 inesse
861 5310 1074 5365 termini
1098 5323 1217 5365 esse
1257 5323 1359 5363 non
1403 5308 1626 5379 possint.
1662 5307 1796 5363 Nam
1821 5348 1835 5373 ,
1886 5318 1941 5361 ut
1985 5311 2230 5379 superius

652 5409 849 5463 dictum
882 5415 986 5471 est,
1018 5418 1124 5459 non
1170 5402 1366 5458 sufﬁcit
1402 5402 1645 5473 quolibet
1679 5401 1841 5456 modo
1865 5402 2093 5472 jungere
2125 5413 2231 5458 ter-

653 5501 848 5566 minos,
884 5508 933 5551 ut
980 5500 1109 5551 ﬁant
1131 5496 1487 5566 ltypotheticae
1516 5496 1911 5565 pr0positiones
1932 5509 1996 5550 ex
2021 5494 2227 5550 duabus

651 5588 1099 5645 conditionalibus
1126 5588 1439 5657 conjugatte.
1483 5588 1599 5642 Non
1643 5589 1786 5643 enim
1815 5588 1861 5642 si
1890 5588 2011 5657 quis
2042 5587 2222 5653 dicat,

651 5679 694 5729 si
727 5694 847 5732 cum
879 5678 1035 5732 homo
1066 5686 1175 5739 est,
1222 5678 1417 5730 animal
1444 5688 1554 5743 εει,
1601 5694 1722 5732 cum
1754 5678 1870 5732 dies
1899 5686 2012 5738 est,
2047 5676 2251 5742 lucet,-

654 5770 812 5819 ulum
843 5768 1025 5822 fuerit
1064 5766 1481 5836 propositionem
1523 5785 1640 5835 qua)
1668 5769 1873 5824 duabus
1898 5765 2227 5824 conditionh

2344 4673 2474 4725 liant
2491 4667 2772 4725 dicendum
2795 4658 2898 4736 est,
2917 4684 3034 4739 quae
3061 4668 3133 4723 ita
3155 4674 3382 4722 exteros
3405 4664 3660 4719 terminos
3681 4664 3915 4731 variant,

2343 4772 2400 4817 ut
2455 4780 2486 4815 α
2529 4762 2742 4832 quidem
2791 4776 2894 4817 non
2930 4776 3051 4817 esse
3091 4747 3410 4831 proponant.
3448 4757 3528 4813 Ex
3587 4773 3724 4812 nona
3770 4760 3914 4813 enim

2343 4853 2708 4922 propositione
2757 4852 2814 4907 ﬁt
2840 4852 3178 4923 syllogismus
3220 4851 3324 4916 ita,
3366 4849 3409 4904 si
3438 4864 3558 4904 cum
3588 4863 3693 4904 non
3723 4859 3807 4903 est
3848 4867 3912 4917 η,

2342 4954 2423 4999 εει
2453 4944 2503 5009 b,
2536 4961 2657 5000 cum
2690 4944 2760 4999 sit
2778 4959 2823 5007 c,
2851 4950 2933 4997 est
2965 4942 3021 4994 d.
3054 4942 3210 5013 Atqui
3248 4957 3370 4996 cum
3398 4958 3505 4995 non
3541 4941 3613 4995 sit
3659 4958 3710 5007 a,
3741 4950 3823 4996 est
3852 4942 3911 5008 b,

2338 5052 2459 5092 cum
2490 5036 2648 5106 igitur
2677 5036 2743 5089 sit
2765 5050 2812 5100 ε,
2838 5042 2920 5087 εει
2948 5033 3016 5098 d;
3037 5033 3118 5087 vel
3164 5034 3257 5098 ita,
3284 5032 3428 5102 atqui
3460 5047 3579 5086 cum
3606 5032 3674 5087 sit
3698 5049 3725 5085 c
3744 5072 3758 5096 ,
3804 5048 3910 5088 non

2338 5144 2420 5189 est
2462 5135 2531 5201 ά,
2581 5148 2701 5189 cum
2744 5132 2901 5202 igitur
2952 5146 3056 5185 non
3105 5131 3174 5185 sit
3216 5146 3288 5196 α,
3320 5144 3424 5183 non
3449 5140 3533 5183 est
3563 5130 3612 5183 b.
3657 5130 3787 5186 Item
3845 5146 3911 5187 ex

2337 5224 2567 5288 decima,
2600 5224 2644 5279 si
2673 5238 2793 5279 eum
2826 5238 2930 5277 non
2958 5232 3039 5277 est
3068 5238 3118 5286 α,
3148 5230 3231 5276 εει
3257 5214 3321 5286 b,
3352 5235 3472 5275 eum
3499 5220 3569 5274 sit
3594 5236 3641 5289 c,
3676 5238 3780 5275 non
3830 5230 3913 5276 est

2338 5321 2391 5373 d.
2424 5319 2579 5387 Atqui
2608 5332 2726 5371 cum
2760 5330 2862 5370 non
2887 5324 3039 5379 esta,
3072 5324 3153 5370 est
3175 5314 3225 5379 b,
3258 5328 3378 5367 cttm
3412 5312 3572 5382 igitur
3599 5314 3670 5367 sit
3700 5330 3756 5382 c,
3800 5328 3905 5368 non

2337 5421 2422 5468 est
2447 5413 2513 5476 d;
2543 5412 2623 5467 vel
2656 5410 2749 5473 ita,
2781 5409 2924 5479 atqui
2953 5424 3074 5463 cum
3106 5408 3174 5463 sit
3194 5424 3246 5473 c,
3268 5415 3350 5462 est
3371 5408 3426 5474 α,
3458 5421 3578 5461 cum
3612 5406 3772 5474 igitur
3804 5419 3905 5460 non

2333 5501 2402 5556 sit
2431 5519 2482 5566 a,
2515 5519 2616 5555 non
2641 5510 2723 5555 est
2746 5500 2795 5554 b.
2822 5499 2895 5552 Ex
2932 5498 3236 5564 undecima,
3260 5501 3303 5552 si
3337 5513 3457 5553 cum
3490 5511 3597 5552 non
3625 5506 3707 5551 est
3733 5514 3795 5560 a,
3826 5502 3909 5550 est

2333 5590 2382 5656 b,
2406 5606 2525 5645 cum
2548 5605 2651 5645 non
2691 5590 2759 5645 sit
2788 5607 2844 5656 ε,
2877 5600 2959 5645 εει
2988 5590 3041 5643 d.
3078 5590 3236 5658 Atqui
3269 5604 3390 5643 cum
3436 5604 3541 5643 non
3563 5587 3633 5643 sit
3658 5605 3712 5654 a,
3742 5596 3823 5641 est
3853 5586 3901 5650 ὁ,

2330 5697 2450 5737 cum
2483 5682 2639 5752 igitur
2678 5696 2783 5735 non
2810 5682 2880 5734 sit
2914 5698 2961 5743 c,
2993 5690 3073 5736 εει
3103 5681 3169 5746 d;
3204 5679 3288 5735 vel
3312 5679 3382 5734 ita
3404 5719 3418 5743 ,
3450 5686 3506 5733 at
3533 5693 3655 5734 cum
3698 5692 3804 5731 non
3832 5676 3904 5731 sit

2330 5786 2379 5837 ε,
2430 5788 2534 5827 non
2586 5782 2669 5826 est
2696 5773 2753 5833 ά,
2796 5787 2913 5827 cum
2954 5773 3112 5840 igitur
3152 5786 3258 5827 non
3301 5772 3442 5831 sita.
3475 5785 3580 5825 non
3620 5778 3703 5824 est
3744 5770 3792 5821 ὁ.
3821 5765 3902 5820 Ex
