4290 6272
392 301 494 356 875
1489 294 1574 353 DE
1611 293 2034 353 SYLLOGISMO
2075 293 2571 351 HYPOTHETICO.
3559 298 3660 354 874

392 409 727 479 duodecima,
760 410 806 467 si
835 423 958 468 cum
984 422 1090 466 non
1137 409 1208 466 sit
1242 424 1305 479 ιι,
1335 417 1420 466 εει
1443 409 1498 477 b,
1525 425 1647 467 cum
1674 426 1784 466 non
1815 420 1884 468 sit
1907 429 1964 478 ε,
1993 417 2047 480 Α
2069 427 2117 478 c,
2139 425 2244 464 non
2277 420 2360 464 est
2403 413 2438 461 ά
2458 451 2474 477 ,
2504 422 2624 463 cum
2674 408 2835 479 igitur
2858 423 2965 467 non
3006 396 3157 477 sita,
3198 418 3283 466 est
3324 428 3383 478 o;
3416 413 3502 469 vel
3549 415 3619 470 ita
3641 457 3658 482 ,

393 522 498 561 non
525 514 607 560 est
634 504 691 574 ά,
719 505 866 573 atqui
887 519 1006 561 cum
1037 521 1143 561 non
1172 505 1245 561 sit
1264 521 1317 572 α,
1346 511 1430 561 εει
1448 504 1500 570 b,
1524 517 1644 560 cum
1667 505 1830 576 igitur
1856 521 1964 561 non
2081 502 2224 573 atqui
2246 516 2367 557 cum
2396 515 2501 556 non
2531 501 2602 556 sit
2622 517 2673 565 ε,
2701 511 2784 558 εει
2807 502 2864 570 d,
2891 517 3010 558 cum
3036 504 3195 573 igitur
3220 519 3327 559 non
3367 505 3437 560 sit
3465 523 3515 572 α,
3551 523 3658 563 non

395 600 464 655 Iit
510 615 559 666 c,
593 614 698 655 non
726 611 808 654 est
829 600 892 665 d;
917 600 1000 657 vel
1029 600 1124 668 ita,
1153 601 1300 670 atqui
1327 617 1448 657 cum
1478 616 1588 656 non
1616 600 1684 657 sit
1704 617 1752 669 ι,
1783 610 1867 657 εει
1917 603 1975 669 d,
2082 604 2160 652 est
2192 594 2241 647 ὁ.
2279 594 2355 648 Ex
2405 601 2557 648 sexta
2581 592 2787 649 decima
2816 597 3182 666 propositione
3209 615 3220 650 :
3246 598 3291 652 si
3313 612 3433 653 cum
3463 614 3567 654 non
3593 605 3663 655 sit

395 703 514 747 cum
541 690 700 761 igitur
731 706 838 746 non
867 692 936 746 sit
963 708 1014 756 α,
1059 707 1164 746 non
1212 701 1294 748 est
1332 692 1380 746 b.
1421 692 1501 746 Ex
1542 692 1699 748 tertia
1730 692 1938 749 decima
1958 731 1976 761 ,
2082 705 2136 756 α,
2162 704 2267 744 non
2285 697 2367 744 est
2390 686 2441 754 ὁ,
2469 703 2589 743 ειιιιι
2609 703 2715 742 non
2741 687 2812 742 sit
2837 704 2883 756 c,
2911 705 3015 744 non
3040 699 3122 745 est
3147 691 3199 744 ά.
3223 691 3381 762 Atqui
3406 707 3525 747 cum
3554 709 3661 748 non

397 797 513 854 quae
542 794 768 853 quatuor
798 784 1000 852 colligit
1021 784 1365 854 syllogismos
1392 785 1494 840 hoc
1526 785 1686 840 modo
1718 803 1733 840 :
1769 785 1814 841 si
1851 800 1975 841 cum
2081 785 2152 839 sit
2182 800 2236 848 a,
2269 797 2373 838 non
2405 791 2487 837 est
2510 782 2562 850 b,
2591 798 2712 838 eum
2744 783 2904 852 igitur
2934 799 3039 839 non
3069 785 3138 839 sit
3159 802 3205 849 c,
3236 802 3340 841 nou
3363 798 3445 842 est
3475 789 3544 854 d;
3572 790 3660 845 vel
3701 855 3706 860 _

399 889 501 930 non
553 885 634 931 est
671 892 724 941 α,
771 891 875 930 non
920 883 1003 930 est
1028 877 1079 940 ὑ,
1111 891 1233 931 cum
1263 877 1334 932 sit
1371 893 1430 944 c,
1460 888 1540 933 est
1562 878 1618 933 ά.
1656 878 1814 949 Atqui
1854 893 1976 934 cum
2081 874 2176 943 ita,
2209 874 2357 941 atqui
2383 887 2505 928 cum
2534 889 2642 928 non
2670 873 2740 927 sit
2770 890 2817 938 c,
2847 883 2931 929 est
2958 875 3014 928 d.
3041 875 3173 928 Cum
3197 876 3355 944 igitur
3376 892 3480 933 non
3511 881 3581 934 sit
3606 897 3660 945 α,

400 981 505 1022 ιιοιι
534 968 604 1022 sit
631 985 681 1031 a,
709 982 814 1021 non
845 977 925 1022 est
956 968 1006 1037 ὑ,
1032 983 1154 1022 ευιιι
1179 968 1249 1023 sit
1270 985 1320 1031 ε,
1350 970 1519 1034 estd;
1543 969 1630 1024 vel
1675 970 1778 1037 ita’,
1828 971 1974 1041 atqui
2081 976 2164 1022 est
2189 967 2239 1019 ὁ.
2284 965 2359 1018 Ex
2393 965 2586 1031 quibus
2612 964 2864 1020 omnibus
2891 965 3237 1036 quadraginta
3286 973 3664 1028 conclusiones
3699 980 3707 989 ‘

403 1075 520 1117 cum
556 1076 658 1115 non
689 1061 758 1115 sit
788 1078 839 1125 a,
863 1070 944 1115 est
974 1064 1022 1125 b,
1055 1061 1360 1132 cumigitur
1387 1063 1533 1128 site,
1566 1076 1671 1118 non
1700 1061 1871 1128 estd;
1892 1063 1978 1116 vel
2081 1057 2234 1113 ﬁunt.
2267 1056 2512 1113 Sedecim
2545 1057 2762 1127 quidem
2803 1048 3073 1126 assumpta
3113 1058 3280 1126 prima
3320 1059 3661 1126 conditione,

399 1152 490 1219 ita,
513 1154 659 1225 atqui
687 1167 809 1208 cum
839 1156 909 1208 sit
937 1170 985 1218 c,
1021 1164 1106 1209 est
1132 1156 1189 1218 ά,
1214 1169 1334 1209 cum
1361 1155 1524 1225 igitur
1548 1170 1652 1210 non
1680 1153 1752 1211 sit
1781 1171 1833 1219 a,
1867 1171 1976 1212 non
2083 1150 2154 1204 ita
2176 1159 2236 1204 ut
2268 1150 2318 1203 in
2350 1150 2520 1220 prima
2543 1150 2914 1220 propositione
2943 1161 3025 1205 est
3049 1150 3243 1217 posita.
3269 1151 3514 1207 Sedecim
3537 1169 3665 1211 vero

397 1257 480 1302 est
503 1246 567 1313 b;
598 1246 682 1302 vel
716 1247 808 1310 ita,
835 1247 982 1314 atqui
1008 1262 1128 1302 cum
1164 1247 1235 1301 sit
1263 1264 1310 1314 ε,
1337 1262 1442 1302 non
1471 1259 1556 1304 est
1585 1250 1641 1312 ά,
1667 1263 1790 1303 cum
1813 1249 1976 1319 igitur
2083 1250 2357 1309 assumpta
2397 1242 2628 1295 secunda
2663 1241 2968 1296 conditione
3013 1243 3283 1296 contrario
3322 1242 3480 1297 modo
3505 1254 3665 1314 atque

399 1352 503 1394 non
530 1339 675 1402 sita,
708 1347 793 1392 est
818 1336 867 1391 b.
899 1336 1031 1392 Item
1065 1353 1134 1393 ex
1166 1346 1353 1408 quarta
1378 1338 1614 1405 decima,
1641 1338 1687 1393 si
1715 1353 1836 1393 cum
1869 1353 1977 1394 non
2032 1380 2038 1385 ι
2083 1333 2136 1388 in
2170 1333 2534 1402 propositione
2576 1342 2660 1388 est
2689 1333 2970 1388 collocata.
3023 1333 3155 1389 Octo
3189 1349 3318 1390 vero
3353 1349 3419 1390 ex
3447 1337 3663 1405 quinta,

400 1440 479 1487 εει
506 1446 537 1482 a
557 1469 573 1491 ,
623 1443 728 1483 non
759 1437 841 1484 est
881 1429 932 1494 b,
962 1445 1082 1484 cum
1126 1430 1196 1484 sit
1221 1445 1270 1495 c,
1303 1445 1410 1484 non
1438 1439 1521 1485 εει
1551 1430 1603 1485 d.
1653 1429 1813 1501 Atqui
1857 1445 1979 1485 cum
2085 1427 2311 1496 septima
2333 1467 2350 1492 ,
2382 1426 2537 1481 tertia
2567 1425 2770 1481 decima
2801 1437 2854 1480 et
2884 1427 3066 1495 quinta
3098 1427 3305 1483 decima
3338 1428 3664 1498 propositio-

402 1533 506 1575 non
529 1529 610 1576 est
631 1537 683 1583 a,
716 1534 824 1573 non
849 1527 932 1575 est
962 1520 1011 1586 b,
1034 1535 1154 1575 cum
1179 1521 1338 1591 igitur
1364 1522 1433 1575 sit
1463 1537 1508 1586 c,
1545 1536 1651 1575 non
1690 1531 1773 1576 est
1807 1521 1874 1586 d;
1897 1520 1980 1576 vel
2086 1519 2240 1574 nibus
2287 1519 2417 1572 ﬁunt
2463 1519 2753 1588 assumptis
2801 1518 2986 1588 primis
3010 1519 3225 1589 quidem
3261 1520 3662 1577 conditionibus

403 1611 497 1678 ita,
527 1613 672 1684 atqui
694 1628 817 1668 cum
840 1614 974 1680 sitc,
994 1624 1076 1668 est
1097 1614 1150 1675 ά,
1170 1630 1291 1669 cum
1320 1615 1483 1684 igitur
1504 1631 1608 1670 non
1638 1615 1709 1670 sit
1739 1632 1792 1684 a,
1818 1625 1901 1671 est
1927 1614 1976 1667 ὁ.
2085 1613 2353 1669 contrario
2375 1613 2554 1678 modo,
2581 1621 2742 1684 atque
2766 1613 2818 1668 in
2841 1615 3208 1684 propositione
3231 1609 3661 1683 proferebantur,

403 1703 596 1773 Quinta
649 1703 855 1760 decima
886 1721 1070 1760 rursus
1096 1713 1326 1776 quatuor
1352 1706 1557 1776 colligit
1597 1707 1937 1777 syllogismos
1960 1748 1976 1773 ,
2086 1705 2336 1762 secundis
2365 1721 2492 1760 vero
2521 1705 2920 1762 conditionibus
2946 1704 3136 1761 eodem
3166 1706 3326 1760 modo
3348 1707 3664 1775 assumptis,

405 1792 504 1851 hoc
529 1796 687 1851 modo
715 1814 728 1849 :
760 1797 804 1850 si
828 1811 947 1851 cum
970 1812 1076 1852 non
1107 1805 1192 1851 est
1218 1815 1271 1862 a,
1297 1812 1402 1851 non
1431 1807 1515 1852 est
1541 1798 1589 1858 b,
1623 1812 1746 1852 cum
1774 1812 1878 1852 non
1912 1796 1980 1851 sit
2013 1810 2062 1870 Β
2088 1799 2226 1852 utin
2254 1796 2617 1867 propositione
2665 1798 2876 1853 fuerant
2920 1798 3218 1854 collocata».
3252 1796 3322 1854 Ut
3365 1798 3523 1876 igitur
3550 1811 3664 1852 om~

406 1904 449 1956 ο,
483 1897 564 1944 εει
589 1890 643 1942 d.
677 1890 834 1959 Atqui
863 1904 984 1944 cum
1009 1904 1115 1944 non
1145 1890 1216 1945 sit
1241 1907 1305 1956 α,
1334 1905 1437 1944 non
1469 1897 1552 1945 est
1577 1890 1628 1956 b,
1650 1903 1770 1944 cum
1816 1889 1980 1959 igitur
2089 1892 2234 1946 nium
2258 1891 2682 1958 propositionum
2699 1892 3207 1962 conclusionumque
3221 1892 3358 1947 ratio
3378 1892 3665 1957 clarescat,

411 1994 506 2037 Ion
528 1982 598 2035 sit
639 1997 688 2046 c,
720 1990 802 2036 est
825 1981 890 2046 d;
914 1981 998 2036 vel
1021 1982 1092 2036 ita
1114 2022 1130 2047 ,
1171 1981 1318 2052 atqui
1345 1996 1470 2036 cum
1499 1997 1605 2036 non
1627 1982 1696 2036 sit
1725 1998 1785 2047 a,
1817 1992 1899 2037 est
1927 1982 1978 2050 b,
2089 1995 2276 2035 omnes
2308 1980 2610 2048 huiusmodi
2634 1981 3030 2038 enuntiationes
3059 1997 3180 2038 cum
3216 1980 3445 2051 propriis
3470 1994 3662 2052 propoc

418 2080 523 2130 him
545 2075 704 2145 igitur
731 2089 834 2129 non
861 2075 930 2129 sit
950 2091 999 2138 ε,
1028 2083 1110 2129 εει
1131 2075 1198 2138 d;
1227 2075 1312 2128 vel
1340 2077 1434 2140 ita,
1467 2074 1611 2144 atqui
1635 2089 1756 2131 cum
1783 2091 1886 2129 non
1913 2076 1984 2130 sit
2090 2077 2296 2131 suimus
2322 2077 2599 2146 exemplis.

621 2166 680 2223 Si
709 2182 830 2223 cum
858 2167 928 2222 sit
955 2185 985 2221 ιι
1017 2167 1207 2230 homo,
1229 2175 1312 2222 est
1341 2168 1368 2219 ὁ
1391 2166 1651 2232 medicus,
1683 2182 1804 2221 cum
1836 2166 1908 2220 sit
1937 2182 1964 2219 c
1989 2165 2284 2221 animatum
2302 2207 2316 2233 ,
2343 2177 2425 2223 est
2454 2169 2488 2222 d
2515 2167 2722 2224 artifex.

617 2257 673 2313 Si
693 2272 815 2312 cum
832 2259 903 2312 sit
929 2276 960 2311 a
990 2257 1174 2323 homo,
1204 2265 1286 2312 est
1315 2257 1342 2310 b
1366 2258 1538 2327 niger,
1570 2273 1690 2312 cum
1721 2260 1790 2313 sit
1815 2273 1842 2310 c
1871 2257 2159 2324 animatus,
2190 2274 2295 2315 nou
2324 2270 2407 2315 est
2433 2260 2467 2312 ά
2496 2261 2670 2315 albus.

618 2346 670 2402 Si
698 2363 816 2402 cum
846 2349 916 2403 sit
958 2367 989 2402 α
1017 2351 1331 2412 animatum,
1362 2360 1446 2403 est
1470 2349 1497 2402 b
1519 2349 1782 2411 medicus,
1810 2365 1931 2404 cum
1962 2365 2068 2406 non
2099 2351 2214 2406 sitc
2246 2351 2615 2420 inanimatum,
2649 2359 2732 2407 est
2759 2352 2793 2404 ά
2819 2353 3028 2408 artifex.

618 2439 674 2496 Si
699 2455 820 2495 cum
841 2442 912 2495 sit
939 2459 971 2495 a
1001 2441 1180 2511 homo,
1208 2453 1291 2500 est
1317 2447 1345 2499 b
1372 2445 1544 2514 niger,
1573 2461 1692 2499 cum
1727 2460 1833 2501 non
1855 2446 1926 2500 sit
1950 2463 1977 2499 c
2005 2446 2348 2512 inanimatus,
2379 2463 2485 2503 non
2513 2457 2598 2503 est
2625 2448 2659 2500 d
2681 2448 2851 2503 albus.

617 2534 672 2590 Si
703 2550 822 2590 cum
855 2536 924 2590 sit
951 2553 983 2588 a
1013 2538 1193 2602 homo,
1227 2553 1332 2592 non
1362 2548 1445 2594 est
1467 2539 1494 2590 ὸ
1519 2551 1679 2608 aeger,
1707 2554 1826 2594 cum
1856 2543 1924 2594 sit
1954 2555 1981 2592 ε
2010 2540 2294 2607 animatus,
2326 2550 2408 2597 est
2438 2542 2471 2593 ά
2500 2555 2680 2597 sanus.

621 2627 675 2682 Si
707 2640 827 2682 cum
853 2627 924 2681 sit
950 2645 983 2681 a
1008 2630 1190 2695 homo,
1223 2647 1327 2684 non
1350 2641 1432 2685 est
1457 2630 1484 2683 ὁ
1513 2631 1727 2694 artifex,
1753 2644 1874 2683 cum
1899 2629 1971 2682 sit
1999 2645 2024 2681 c
2054 2630 2342 2697 animatus,
2368 2646 2475 2685 non
2498 2639 2579 2686 est
2610 2631 2644 2684 ἀ
2670 2630 2926 2687 medicus.

617 2717 672 2773 Si
699 2732 820 2772 cum
851 2719 922 2771 sit
949 2735 980 2770 a
1008 2719 1226 2783 animal,
1252 2735 1355 2774 non
1378 2732 1461 2774 est
1491 2722 1519 2773 b
1541 2735 1734 2786 sanus,
1762 2736 1883 2776 cum
1916 2737 2020 2775 non
2042 2721 2114 2775 sit
2141 2738 2168 2775 ε
2194 2721 2576 2790 inanimatum,
2601 2732 2683 2779 εει
2713 2723 2747 2776 d
2775 2738 2994 2794 aegrum.

620 2808 676 2865 Si
708 2823 827 2862 cum
850 2809 921 2863 sit
951 2827 982 2862 a
1005 2811 1320 2877 animatum,
1347 2827 1450 2866 non
1480 2821 1562 2867 est
1583 2813 1611 2864 b
1641 2811 1858 2878 artifex,
1890 2827 2009 2868 cum
2038 2827 2146 2867 non
2177 2815 2247 2869 sit
2267 2831 2292 2868 c
2320 2816 2693 2881 inanimatam,
2728 2832 2831 2871 non
2857 2828 2938 2873 est
2964 2816 2999 2870 ά
3022 2817 3277 2873 medicus.
3645 2826 3657 2844 ·’

622 2897 679 2955 Si
711 2913 832 2954 cum
857 2916 962 2954 non
990 2901 1052 2954 sit
1085 2918 1118 2954 a
1149 2902 1518 2968 inauimatum,
1545 2914 1628 2957 est
1649 2904 1677 2956 ὁ
1705 2903 1976 2970 medicus,
2005 2919 2127 2960 cum
2156 2906 2226 2960 sit
2256 2923 2282 2960 c
2307 2908 2631 2974 animatum,
2664 2919 2746 2963 est
2767 2909 2800 2960 ιι
2820 2909 3034 2964 artifex.
3486 2923 3490 2928 ·
3521 2916 3527 2928 '
3559 2919 3583 2933 "
3626 2905 3668 2935 ’¹’
3698 2903 3706 2915 ⁸

619 2990 678 3048 Si
701 3007 821 3048 cum
845 3008 950 3049 non
979 2995 1048 3050 sit
1075 3012 1105 3048 a
1132 2996 1504 3064 inanimatam,
1536 3006 1616 3053 est
1645 2999 1672 3051 b
1697 2999 1867 3069 niger,
1899 3012 2019 3053 cum
2049 3004 2121 3054 sit
2149 3017 2176 3052 ο
2198 3000 2566 3066 inanimatam,
2593 3019 2700 3056 non
2726 3013 2804 3058 εει
2837 3004 2870 3055 d
2896 3003 3094 3057 album.

618 3085 676 3144 Si
704 3103 826 3144 cum
854 3104 957 3144 non
989 3091 1057 3145 sit
1082 3108 1114 3144 a
1145 3092 1511 3160 inanimatum,
1536 3100 1619 3148 est
1644 3093 1671 3145 b
1692 3093 1950 3159 medicus,
1977 3109 2098 3149 cum
2125 3109 2228 3148 non
2261 3095 2330 3148 sit
2359 3110 2383 3147 ε
2415 3095 2662 3160 invitale,
2695 3103 2775 3148 est
2804 3093 2839 3147 ἀ
2862 3095 3075 3150 artifex.

621 3178 676 3237 Si
707 3195 828 3236 cum
859 3198 963 3237 non
995 3185 1064 3237 sit
1089 3199 1120 3236 a
1150 3185 1518 3250 inanimatam,
1547 3197 1626 3238 εει
1653 3185 1680 3237 1)
1711 3186 1912 3250 album,
1943 3199 2062 3239 cum
2099 3201 2204 3239 non
2232 3187 2300 3239 sit
2329 3201 2356 3237 ε
2385 3185 2634 3251 invitale,
2661 3201 2764 3240 non
2789 3195 2870 3241 est
2899 3187 2934 3239 ά
2961 3186 3188 3254 nigrum.

619 3271 677 3329 Si
701 3287 820 3329 cum
853 3289 955 3331 non
988 3277 1057 3331 sit
1085 3294 1117 3330 a
1137 3277 1464 3338 irrationale.
1494 3292 1598 3330 non
1630 3278 1758 3331 estb
1780 3293 2005 3348 aegrum,
2040 3294 2162 3332 cum
2196 3277 2264 3332 sit
2297 3295 2323 3330 c
2349 3277 2627 3346 rationale,
2650 3287 2732 3333 est
2760 3280 2794 3332 ά
2832 3293 3040 3333 sanum.

617 3369 674 3426 Si
698 3384 818 3424 cum
848 3383 952 3425 non
974 3370 1042 3424 sit
1071 3388 1102 3423 a
1132 3370 1498 3437 inanimatum,
1531 3387 1633 3425 non
1665 3382 1747 3427 est
1770 3372 1798 3425 b
1826 3371 2049 3436 artifex,
2079 3385 2198 3426 cum
2229 3371 2301 3425 sit
2329 3387 2354 3425 c
2383 3371 2699 3436 animatum,
2729 3386 2830 3425 non
2859 3379 2944 3426 est
2969 3371 3002 3424 ά
3032 3369 3290 3426 medicus.

614 3464 672 3521 Si
696 3477 817 3518 cum
849 3477 952 3519 non
978 3463 1048 3517 sit
1070 3478 1103 3515 α
1132 3462 1461 3526 irrationale,
1493 3477 1598 3517 non
1626 3474 1704 3520 εει
1737 3467 1765 3518 b
1795 3480 2006 3532 sanum,
2037 3480 2157 3519 cum
2193 3481 2297 3520 non
2330 3464 2399 3520 sit
2426 3481 2452 3517 ε
2481 3465 2854 3524 inanimatum.
2884 3475 2967 3520 εει
2995 3464 3030 3518 d
3056 3479 3275 3534 aegrum.

620 3555 676 3614 Si
702 3573 821 3613 cum
847 3572 953 3611 non
980 3556 1049 3610 sit
1075 3571 1108 3609 a
1137 3557 1506 3621 inanimatum,
1536 3570 1642 3610 non
1665 3567 1747 3610 est
1776 3557 1803 3609 b
1828 3557 2045 3624 artifex,
2071 3572 2192 3612 cum
2216 3573 2320 3613 non
2343 3560 2414 3614 sit
2437 3573 2464 3612 ε
2495 3558 2734 3624 invitale,
2760 3573 2862 3612 non
2891 3567 2972 3613 est
3001 3557 3034 3610 ά
3066 3557 3319 3616 medicus.

478 3675 556 3733 Ac
579 3671 646 3727 de
673 3671 756 3725 his
783 3670 996 3741 quidem
1020 3669 1108 3739 qui
1147 3684 1242 3739 per
1271 3671 1661 3726 connexionem
1696 3672 1826 3725 iiunt
1868 3673 1981 3725 lucc
2094 3671 2144 3724 in
2177 3673 2465 3728 contrariis
2491 3673 2776 3730 medietate
2805 3675 3140 3740 carentibus,
3169 3672 3465 3745 similisque
3491 3685 3576 3735 est
3620 3682 3674 3736 el

418 3765 548 3820 dicta
591 3764 712 3819 siut.
763 3763 823 3817 Ili
854 3777 980 3818 vero
1020 3763 1108 3829 qui
1162 3763 1211 3815 in
1244 3762 1605 3829 disiunctioite
1646 3772 1765 3816 sunt
1825 3761 1986 3832 positi
2017 3745 2063 3805 (ἶ
2097 3766 2444 3834 propositioni
2497 3781 2613 3832 qua:
2657 3766 2786 3821 dicit
2821 3785 2832 3818 :
2865 3768 2909 3821 si
2944 3784 3048 3822 non
3097 3779 3180 3823 est
3208 3785 3258 3834 a,
3313 3779 3397 3824 est
3439 3771 3490 3826 ιν.
3539 3770 3674 3839 Quae

417 3854 520 3914 illis
549 3857 797 3911 videntur
821 3855 1088 3925 adiuueti,
1117 3870 1410 3924 eorumque
1439 3855 1626 3909 modos
1679 3855 1991 3924 formasque
2098 3857 2242 3911 enim
2296 3855 2541 3923 proponit
2577 3866 2668 3910 aut
2714 3867 2798 3910 est
2838 3874 2903 3920 α,
2937 3867 3027 3912 aut
3053 3869 3134 3912 est
3160 3861 3216 3922 ι),
3279 3859 3329 3913 id
3384 3862 3677 3936 intelligit,

419 3948 740 4017 suscipiunt,
787 3961 920 4018 quos
944 3947 1185 4015 superius
1215 3949 1265 4000 in
1295 3946 1632 4002 connexione
1666 3949 1873 4013 positos
1925 3963 1990 4001 ex
2100 3963 2270 4017 neque
2293 3949 2446 4001 simul
2475 3956 2697 4014 utraque
2722 3963 2841 4001 εεεε
2867 3962 3048 4016 posse,
3071 3957 3125 4000 et
3156 3949 3199 4001 si
3232 3965 3392 4004 unum
3424 3969 3527 4005 non
3558 3955 3676 4008 rue»

419 4033 498 4094 his
540 4035 984 4107 pro,»ositionibus
1014 4037 1126 4090 ﬁeri
1165 4037 1400 4091 diximus
1430 4053 1549 4106 qum
1605 4038 1816 4092 duabus
1866 4041 1993 4091 sim-
2099 4040 2187 4104 rit,
2216 4040 2469 4104 consequi
2515 4048 2568 4091 ut
2597 4041 2662 4091 ~it
2693 4039 2941 4092 alterum.
2970 4039 3151 4107 Itaque
3182 4041 3228 4093 si
3255 4056 3357 4094 non
3385 4043 3454 4094 sit
3480 4059 3534 4104 a,
3564 4044 3675 4098 erit

419 4127 644 4201 plicihus
668 4128 1034 4198 iungerentur.
1059 4129 1112 4183 Si
1141 4129 1297 4198 igitur
1324 4129 1377 4182 in
1403 4129 1760 4195 disiunctione
1786 4143 1990 4198 pt'opo-
2104 4132 2152 4195 ὁ,
2178 4132 2270 4185 Sed
2302 4130 2416 4184 htec
2448 4145 2545 4183 una
2577 4140 2658 4183 est
2687 4145 2868 4184 earum
2895 4130 3316 4200 propositionum
3347 4147 3479 4199 quas
3510 4134 3562 4187 in
3596 4134 3678 4192 his

418 4221 637 4277 sitarum
687 4224 1102 4291 propositionum
1145 4222 1209 4276 ad
1251 4237 1532 4278 causarum
1579 4222 1983 4277 similitudinem
2102 4236 2220 4292 quae
2252 4237 2347 4292 per
2376 4220 2765 4276 connexionem
2821 4220 2951 4275 ﬁunt
2987 4222 3230 4292 superius
3257 4224 3675 4278 numeravimus.

420 4324 785 4373 lnonstravero
813 4332 931 4386 que
963 4316 1015 4370 in
1050 4315 1385 4372 connexione
1428 4317 1614 4385 positre
1661 4333 1724 4372 ex
1776 4317 1984 4384 simpli-
2104 4313 2415 4385 Quicunque
2465 4312 2628 4385 igitur
2654 4314 2948 4385 syllogismi
2974 4316 3107 4370 inea
3131 4314 3495 4385 propositione
3523 4316 3680 4383 fiunt,

421 4407 570 4463 cibus
596 4409 851 4478 roiiulatm
882 4419 1025 4474 sunt,
1051 4417 1177 4472 quot
1205 4409 1381 4472 modi,
1422 4411 1819 4479 qualescmique
1859 4423 1991 4463 con-
2102 4419 2221 4474 qum
2247 4415 2349 4472 est,
2384 4404 2428 4458 si
2457 4421 2560 4460 non
2607 4413 2689 4459 est
2728 4421 2780 4470 α,
2807 4415 2889 4459 εει
2918 4405 2969 4467 b,
2999 4405 3052 4459 lii
3088 4405 3248 4459 etiam
3279 4406 3330 4458 in
3362 4421 3421 4460 ea
3454 4405 3680 4462 faciendi

422 4499 684 4554 clusiones
714 4509 835 4555 sunt
859 4501 911 4554 in
960 4515 1272 4569 unaquaque
1302 4499 1678 4568 illaru:n,qu;e
1729 4515 1824 4567 per
1861 4513 1992 4553 con-
2103 4505 2226 4549 sunt
2269 4511 2386 4564 qua:
2434 4511 2527 4563 per
2572 4495 2982 4562 disiunctionem
3025 4491 3384 4564 pr0pon'etur,
3443 4507 3500 4550 ut
3555 4511 3676 4552 cum

424 4590 702 4645 nexionem
731 4590 860 4645 [lunt
885 4591 1328 4661 propositionum,
1359 4599 1436 4644 tot
1461 4591 1620 4645 etiam
1655 4591 1705 4643 in
1754 4590 1835 4644 his
1874 4604 1997 4644 esse
2109 4585 2353 4649 dicimus,
2385 4597 2474 4639 aut
2515 4596 2598 4641 est
2628 4604 2658 4638 a
2679 4627 2694 4654 ,
2738 4595 2827 4640 aut
2855 4596 2937 4639 εει
2967 4585 3016 4638 b.
3058 4585 3216 4640 Fiunt
3252 4589 3408 4656 igitur
3436 4587 3487 4642 in
3518 4602 3679 4657 supe-

425 4696 642 4737 necesse
694 4692 776 4736 est
843 4699 961 4754 qua:
1032 4698 1126 4750 per
1177 4681 1590 4749 disiunctionem
1645 4681 2005 4748 pionuntiazte
2111 4679 2250 4733 riore
2272 4692 2496 4747 quatuor
2521 4677 2710 4731 modis.
2737 4677 3039 4743 Quamlibet
3074 4678 3215 4732 enim
3250 4686 3453 4747 partem
3485 4694 3681 4748 ριὀιιοο

426 4773 664 4828 eamdem
693 4777 800 4828 vim
823 4774 1171 4829 connexionis
1196 4774 1390 4828 habere
1422 4780 1810 4825 monstrantur.
1856 4774 2000 4838 Qua-
2112 4772 2322 4825 sitionis
2351 4771 2727 4840 assumpseris,
2775 4772 2888 4824 sive
2920 4770 3338 4838 praecedentem,
3372 4771 3487 4826 site
3519 4771 3679 4826 etiam

428 4874 546 4922 tuor
600 4869 757 4938 igitur
785 4869 1030 4938 superius
1072 4861 1402 4922 diderentias
1459 4881 1552 4933 per
1603 4865 1998 4920 connexionem
2112 4873 2548 4934 consequentem,
2579 4868 2691 4918 sive
2717 4863 2960 4933 negativo
2982 4863 3142 4919 modo
3164 4904 3178 4929 ,
3207 4865 3320 4919 sive
3341 4864 3682 4924 aflirmativo.

427 4964 816 5018 enuntiatarum
868 4964 1292 5033 propositionum
1340 4976 1465 5018 esse
1512 4960 1744 5016 diximus
1767 5001 1783 5025 ,
1839 4959 1885 5015 si
1939 4951 2003 5016 ei
2031 4947 2085 5008 D
2113 4957 2270 5012 faciet
2295 4957 2685 5029 syllogismum.
2711 4957 2840 5011 Nam
2866 4959 2908 5011 si
2939 4956 3051 5012 haec
3079 4959 3372 5028 piopositio
3395 4958 3487 5032 sit,
3517 4961 3561 5013 si
3583 4973 3684 5013 nou

429 5055 754 5126 simplicibus
779 5056 1227 5126 propositionibus
1254 5057 1659 5127 cupiilaretitur,
1680 5059 1776 5112 hoc
1806 5055 1997 5110 modo:
2109 5058 2192 5104 est
2213 5067 2264 5114 ιι,
2288 5058 2370 5104 εει
2400 5048 2451 5115 b,
2483 5048 2599 5104 sive
2629 5064 2732 5104 non
2762 5048 2830 5102 sit
2857 5067 2910 5117 α,
2935 5059 3035 5104 erit
3057 5049 3085 5102 b
3110 5064 3124 5114 ;
3150 5049 3262 5104 sive
3285 5049 3424 5113 sita,
3452 5065 3556 5102 non
3582 5050 3685 5102 erit
3780 5059 3785 5100 i

431 5149 476 5201 si
516 5159 600 5203 est
641 5165 704 5214 a,
753 5159 834 5204 est
881 5150 944 5214 b;
977 5149 1019 5202 si
1065 5165 1166 5203 non
1199 5159 1284 5204 est
1331 5165 1395 5217 α,
1432 5165 1536 5204 non
1579 5160 1656 5204 est
1724 5152 1786 5213 b;
1833 5150 1874 5202 si
1926 5157 2010 5204 est
2115 5143 2178 5206 b;
2207 5145 2319 5198 sive
2349 5158 2454 5197 non
2501 5144 2572 5197 sit
2612 5143 2661 5206 b,
2695 5143 2878 5207 erita;
2911 5145 3022 5197 sive
3059 5145 3128 5196 sit
3159 5142 3210 5225 li,
3259 5157 3362 5195 non
3394 5148 3496 5195 erit
3531 5156 3583 5193 a.
3629 5140 3684 5193 ln

431 5255 481 5304 α,
515 5250 724 5295 nonest
753 5241 781 5293 b
803 5255 818 5306 ;
843 5239 887 5295 si
917 5254 1020 5294 non
1047 5252 1130 5295 est
1155 5258 1205 5307 a,
1238 5250 1318 5297 est
1341 5241 1392 5296 ὁ.
1441 5243 1542 5297 Ρει·
1590 5241 2005 5310 disiunctionem
2115 5237 2478 5305 prepositione
2500 5250 2712 5305 quoque
2750 5233 3064 5303 disjunCtiva
3094 5234 3233 5288 idem
3271 5242 3371 5288 est.
3403 5232 3532 5287 Nam
3564 5247 3690 5285 cum

430 5347 640 5402 quoque
694 5332 1087 5400 propositiones
1141 5343 1369 5404 quatuor
1430 5342 1613 5387 tenent
1667 5332 2002 5386 dili'erentias
2117 5331 2329 5395 dic.tur,
2359 5339 2448 5383 aut
2477 5338 2558 5384 est
2579 5345 2629 5394 α,
2664 5339 2752 5381 aut
2780 5337 2858 5382 est
2891 5327 2940 5392 b,
2974 5325 3284 5397 siquidema
3313 5325 3494 5390 fuerit,
3517 5325 3545 5378 ὁ
3581 5341 3691 5380 non

432 5421 537 5475 hoc
587 5422 745 5473 modo
796 5439 808 5473 :
865 5431 958 5476 aut
996 5431 1080 5478 est
1121 5439 1174 5490 a,
1219 5435 1310 5477 aut
1343 5433 1425 5478 est
1454 5425 1513 5489 b;
1549 5432 1641 5476 aut
1687 5438 1789 5475 non
1823 5432 1908 5476 est
1955 5437 2008 5489 α,
2122 5423 2262 5488 erit;
2296 5422 2435 5492 quod
2465 5422 2508 5474 si
2536 5438 2567 5474 a
2589 5436 2692 5474 non
2718 5421 2892 5484 fuerit,
2922 5419 3024 5472 erit
3052 5418 3111 5479 b;
3135 5426 3190 5472 et
3219 5417 3314 5472 sib
3343 5434 3448 5472 non
3474 5416 3562 5481 sit,
3595 5417 3691 5475 erit

435 5523 528 5569 aut
557 5522 764 5568 nonest
792 5515 850 5579 b;
875 5525 965 5568 aut
990 5528 1071 5571 est
1106 5534 1159 5580 a,
1192 5525 1282 5570 aut
1313 5532 1416 5571 non
1442 5527 1524 5572 est
1546 5519 1602 5581 b;
1645 5526 1736 5570 aut
1772 5530 1876 5569 non
1931 5524 2015 5571 est
2124 5535 2184 5584 a;
2213 5518 2254 5570 si
2285 5517 2313 5568 b
2340 5531 2445 5570 non
2477 5514 2655 5577 fuerit,
2687 5529 2790 5568 non
2813 5513 2912 5568 erit
2938 5528 2990 5566 a.
3018 5512 3073 5565 Id
3101 5527 3312 5582 quoque
3343 5511 3434 5567 tali
3456 5511 3692 5567 declara-

437 5623 490 5673 a,
520 5613 612 5660 aut
645 5617 727 5662 est
775 5607 825 5660 ὁ.
852 5606 1084 5674 Quarum
1113 5609 1328 5678 quidem
1382 5624 1442 5663 ea
1483 5623 1601 5678 qua:
1634 5609 1802 5677 prima
1842 5616 1925 5664 est
1966 5617 2020 5662 et
2127 5618 2212 5662 tur
2237 5606 2513 5675 exemplo;
2545 5620 2665 5659 nam
2689 5605 2732 5658 si
2764 5609 2833 5659 sit
2864 5604 3286 5673 propositio,'aut
3314 5620 3456 5675 aeger
3480 5613 3695 5667 est,aut

441 5699 712 5772 proponit,
743 5709 834 5755 aut
859 5708 944 5756 est
971 5716 1025 5767 a,
1052 5710 1145 5755 aut
1173 5714 1253 5755 est
1284 5702 1333 5756 ὁ.
1358 5702 1412 5755 In
1446 5702 1526 5756 his
1551 5710 1754 5756 tantum
1785 5701 1890 5756 dici
1920 5715 2017 5768 νο·
2126 5716 2308 5774 sanus,
2340 5697 2594 5768 quidquid
2622 5697 2812 5758 horum
2856 5696 2910 5750 in
2953 5696 3318 5764 assumptione
3358 5708 3694 5766 assumptum

444 5802 548 5852 test
571 5794 628 5852 in
655 5795 849 5868 quibus
893 5796 1124 5849 alterum
1148 5810 1332 5850 eorum
1358 5811 1477 5852 esse
1501 5809 1718 5854 necesse
1739 5803 1842 5862 est,
1874 5793 2014 5851 velut
2129 5791 2308 5856 fuerit,
2338 5790 2425 5846 vel
2456 5799 2728 5862 negatum,
2761 5789 2922 5845 altera
2951 5802 3070 5857 pars
3095 5788 3177 5843 vel
3207 5789 3585 5859 aftirmabitur,
3613 5789 3697 5848 vel

813 5891 1085 5953 Panos.
1114 5887 1332 5951 LXIV.
1569 5881 1587 5898 '
3261 5881 3341 5945 28
