  <div class='ocr_page' id='page_1' title='image "/cluster/home/n/w/nwhite01/storage/ocr_20150623/64/hvd.32044073505265/443.png"; bbox 0 0 4290 6272; ppageno 0'>
   <div class='ocr_carea' id='block_1_1' title="bbox 599 336 703 393">
    <p class='ocr_par' dir='ltr' id='par_1_1' title="bbox 599 336 703 393">
     <span class='ocr_line' id='line_1_1' title="bbox 599 336 703 393; baseline -0.01 0"><span class='ocrx_word' id='word_1_1' title='bbox 599 336 703 393; x_wconf 75' lang='lat'><strong>875</strong></span> 
     </span>
    </p>
   </div>
   <div class='ocr_carea' id='block_1_2' title="bbox 1828 326 2653 390">
    <p class='ocr_par' dir='ltr' id='par_1_2' title="bbox 1828 326 2653 390">
     <span class='ocr_line' id='line_1_2' title="bbox 1828 326 2653 390; baseline 0.001 -2"><span class='ocrx_word' id='word_1_2' title='bbox 1828 326 1936 388; x_wconf 79' lang='lat' dir='ltr'><strong>AN.</strong></span> <span class='ocrx_word' id='word_1_3' title='bbox 1979 331 2188 389; x_wconf 76' lang='lat' dir='ltr'><strong>MANL.</strong></span> <span class='ocrx_word' id='word_1_4' title='bbox 2229 329 2381 390; x_wconf 61' lang='lat' dir='ltr'><strong>BEV.</strong></span> <span class='ocrx_word' id='word_1_5' title='bbox 2422 332 2653 389; x_wconf 68' lang='grc' dir='ltr'><strong>Βεετιι</strong></span> 
     </span>
    </p>
   </div>
   <div class='ocr_carea' id='block_1_3' title="bbox 3772 330 3880 396">
    <p class='ocr_par' dir='ltr' id='par_1_3' title="bbox 3772 330 3880 396">
     <span class='ocr_line' id='line_1_3' title="bbox 3772 330 3880 396; baseline 0.009 -1"><span class='ocrx_word' id='word_1_6' title='bbox 3772 330 3880 396; x_wconf 70' lang='grc'><strong>870</strong></span> 
     </span>
    </p>
   </div>
   <div class='ocr_carea' id='block_1_4' title="bbox 599 444 3876 524">
    <p class='ocr_par' dir='ltr' id='par_1_4' title="bbox 599 444 3876 524">
     <span class='ocr_line' id='line_1_4' title="bbox 599 444 3876 524; baseline 0 -17"><span class='ocrx_word' id='word_1_7' title='bbox 599 449 877 520; x_wconf 72' lang='lat' dir='ltr'><strong>negabitur</strong></span> <span class='ocrx_word' id='word_1_8' title='bbox 900 448 997 501; x_wconf 90' lang='lat' dir='ltr'><strong>hoc</strong></span> <span class='ocrx_word' id='word_1_9' title='bbox 1020 444 1180 502; x_wconf 84' lang='lat' dir='ltr'><strong>modo</strong></span> <span class='ocrx_word' id='word_1_10' title='bbox 1202 459 1215 498; x_wconf 88' lang='lat'><strong>:</strong></span> <span class='ocrx_word' id='word_1_11' title='bbox 1243 444 1375 499; x_wconf 83' lang='lat' dir='ltr'><strong>Nam</strong></span> <span class='ocrx_word' id='word_1_12' title='bbox 1404 444 1455 499; x_wconf 83' lang='lat' dir='ltr'><strong>si</strong></span> <span class='ocrx_word' id='word_1_13' title='bbox 1469 457 1630 500; x_wconf 89' lang='lat' dir='ltr'><strong>sanus</strong></span> <span class='ocrx_word' id='word_1_14' title='bbox 1652 453 1760 510; x_wconf 85' lang='lat' dir='ltr'><strong>est,</strong></span> <span class='ocrx_word' id='word_1_15' title='bbox 1785 460 1887 507; x_wconf 90' lang='lat' dir='ltr'><strong>non</strong></span> <span class='ocrx_word' id='word_1_16' title='bbox 1908 456 1993 503; x_wconf 88' lang='lat' dir='ltr'><strong>est</strong></span> <span class='ocrx_word' id='word_1_17' title='bbox 2006 463 2147 518; x_wconf 63' lang='lat' dir='ltr'><strong>aeger</strong></span> <span class='ocrx_word' id='word_1_18' title='bbox 2168 463 2186 514; x_wconf 89' lang='lat'><strong>;</strong></span> <span class='ocrx_word' id='word_1_19' title='bbox 2212 453 2273 515; x_wconf 69' lang='grc' dir='ltr'><strong>Α</strong></span> <span class='ocrx_word' id='word_1_20' title='bbox 2293 449 2426 503; x_wconf 84' lang='lat' dir='ltr'><strong>nihil</strong></span> <span class='ocrx_word' id='word_1_21' title='bbox 2451 456 2537 503; x_wconf 85' lang='lat' dir='ltr'><strong>est</strong></span> <span class='ocrx_word' id='word_1_22' title='bbox 2558 461 2948 505; x_wconf 72' lang='lat' dir='ltr'><strong>necessarium.</strong></span> <span class='ocrx_word' id='word_1_23' title='bbox 2977 448 3033 502; x_wconf 78' lang='grc' dir='ltr'><strong>ω</strong></span> <span class='ocrx_word' id='word_1_24' title='bbox 3063 461 3195 503; x_wconf 86' lang='lat' dir='ltr'><strong>vero</strong></span> <span class='ocrx_word' id='word_1_25' title='bbox 3215 447 3271 503; x_wconf 85' lang='lat' dir='ltr'><strong>in</strong></span> <span class='ocrx_word' id='word_1_26' title='bbox 3302 461 3387 503; x_wconf 76' lang='lat' dir='ltr'><strong>ius</strong></span> <span class='ocrx_word' id='word_1_27' title='bbox 3409 450 3652 506; x_wconf 80' lang='lat' dir='ltr'><strong>terminis</strong></span> <span class='ocrx_word' id='word_1_28' title='bbox 3673 464 3876 524; x_wconf 61' lang='lat' dir='ltr'><strong>approa</strong></span> 
     </span>
    </p>
   </div>
   <div class='ocr_carea' id='block_1_5' title="bbox 596 536 2185 607">
    <p class='ocr_par' dir='ltr' id='par_1_5' title="bbox 596 536 2185 607">
     <span class='ocr_line' id='line_1_5' title="bbox 596 536 2185 607; baseline -0.003 -8"><span class='ocrx_word' id='word_1_29' title='bbox 596 546 642 599; x_wconf 84' lang='lat' dir='ltr'><strong>si</strong></span> <span class='ocrx_word' id='word_1_30' title='bbox 671 560 774 597; x_wconf 81' lang='lat' dir='ltr'><strong>non</strong></span> <span class='ocrx_word' id='word_1_31' title='bbox 795 550 876 595; x_wconf 89' lang='lat' dir='ltr'><strong>est</strong></span> <span class='ocrx_word' id='word_1_32' title='bbox 892 552 1072 602; x_wconf 89' lang='lat' dir='ltr'><strong>sanus,</strong></span> <span class='ocrx_word' id='word_1_33' title='bbox 1096 545 1178 595; x_wconf 87' lang='lat' dir='ltr'><strong>est</strong></span> <span class='ocrx_word' id='word_1_34' title='bbox 1201 551 1370 606; x_wconf 65' lang='lat' dir='ltr'><strong>aeger;</strong></span> <span class='ocrx_word' id='word_1_35' title='bbox 1398 536 1445 595; x_wconf 89' lang='lat' dir='ltr'><strong>si</strong></span> <span class='ocrx_word' id='word_1_36' title='bbox 1467 551 1609 606; x_wconf 77' lang='lat' dir='ltr'><strong>teger</strong></span> <span class='ocrx_word' id='word_1_37' title='bbox 1630 549 1738 605; x_wconf 84' lang='lat' dir='ltr'><strong>est,</strong></span> <span class='ocrx_word' id='word_1_38' title='bbox 1755 553 1863 594; x_wconf 86' lang='lat' dir='ltr'><strong>non</strong></span> <span class='ocrx_word' id='word_1_39' title='bbox 1882 547 1967 594; x_wconf 88' lang='lat' dir='ltr'><strong>est</strong></span> <span class='ocrx_word' id='word_1_40' title='bbox 1987 554 2185 607; x_wconf 87' lang='lat' dir='ltr'><strong>sanus;</strong></span> 
     </span>
    </p>
   </div>
   <div class='ocr_carea' id='block_1_6' title="bbox 576 629 2191 702">
    <p class='ocr_par' dir='ltr' id='par_1_6' title="bbox 576 629 2191 702">
     <span class='ocr_line' id='line_1_6' title="bbox 576 629 2191 702; baseline -0.002 -12"><span class='ocrx_word' id='word_1_41' title='bbox 576 637 623 691; x_wconf 87' lang='lat' dir='ltr'><strong>si</strong></span> <span class='ocrx_word' id='word_1_42' title='bbox 667 649 773 688; x_wconf 92' lang='lat' dir='ltr'><strong>nou</strong></span> <span class='ocrx_word' id='word_1_43' title='bbox 798 647 940 701; x_wconf 83' lang='lat' dir='ltr'><strong>aeger</strong></span> <span class='ocrx_word' id='word_1_44' title='bbox 988 638 1100 695; x_wconf 87' lang='lat' dir='ltr'><strong>est,</strong></span> <span class='ocrx_word' id='word_1_45' title='bbox 1153 644 1229 685; x_wconf 53' lang='lat' dir='ltr'><strong>es&quot;</strong></span> <span class='ocrx_word' id='word_1_46' title='bbox 1260 644 1448 685; x_wconf 87' lang='lat' dir='ltr'><strong>sanus.</strong></span> <span class='ocrx_word' id='word_1_47' title='bbox 1482 629 1613 686; x_wconf 81' lang='lat' dir='ltr'><strong>Item</strong></span> <span class='ocrx_word' id='word_1_48' title='bbox 1640 646 1702 686; x_wconf 87' lang='lat' dir='ltr'><strong>ea</strong></span> <span class='ocrx_word' id='word_1_49' title='bbox 1736 633 2031 702; x_wconf 75' lang='lat' dir='ltr'><strong>propositio</strong></span> <span class='ocrx_word' id='word_1_50' title='bbox 2068 634 2191 690; x_wconf 61' lang='lat' dir='ltr'><strong>dis.</strong></span> 
     </span>
    </p>
   </div>
   <div class='ocr_carea' id='block_1_7' title="bbox 594 724 2193 795">
    <p class='ocr_par' dir='ltr' id='par_1_7' title="bbox 594 724 2193 795">
     <span class='ocr_line' id='line_1_7' title="bbox 594 724 2193 795; baseline 0.001 -15"><span class='ocrx_word' id='word_1_51' title='bbox 594 726 828 795; x_wconf 83' lang='lat' dir='ltr'><strong>junctiva</strong></span> <span class='ocrx_word' id='word_1_52' title='bbox 868 738 991 793; x_wconf 68' lang='lat' dir='ltr'><strong>qua:</strong></span> <span class='ocrx_word' id='word_1_53' title='bbox 1032 724 1320 792; x_wconf 77' lang='lat' dir='ltr'><strong>proponit,</strong></span> <span class='ocrx_word' id='word_1_54' title='bbox 1362 733 1512 779; x_wconf 85' lang='lat' dir='ltr'><strong>auta</strong></span> <span class='ocrx_word' id='word_1_55' title='bbox 1544 739 1657 779; x_wconf 85' lang='lat' dir='ltr'><strong>non</strong></span> <span class='ocrx_word' id='word_1_56' title='bbox 1703 734 1818 793; x_wconf 85' lang='lat' dir='ltr'><strong>est,</strong></span> <span class='ocrx_word' id='word_1_57' title='bbox 1845 735 1940 780; x_wconf 78' lang='lat' dir='ltr'><strong>aut</strong></span> <span class='ocrx_word' id='word_1_58' title='bbox 1986 729 2017 780; x_wconf 75' lang='grc' dir='ltr'><strong>ὁ</strong></span> <span class='ocrx_word' id='word_1_59' title='bbox 2076 742 2193 783; x_wconf 77' lang='lat' dir='ltr'><strong>non</strong></span> 
     </span>
    </p>
   </div>
   <div class='ocr_carea' id='block_1_8' title="bbox 594 814 2180 886">
    <p class='ocr_par' dir='ltr' id='par_1_8' title="bbox 594 814 2180 886">
     <span class='ocr_line' id='line_1_8' title="bbox 594 814 2180 886; baseline 0.002 -14"><span class='ocrx_word' id='word_1_60' title='bbox 594 827 708 883; x_wconf 78' lang='lat' dir='ltr'><strong>est,</strong></span> <span class='ocrx_word' id='word_1_61' title='bbox 742 816 797 870; x_wconf 77' lang='lat' dir='ltr'><strong>fit</strong></span> <span class='ocrx_word' id='word_1_62' title='bbox 838 814 1052 886; x_wconf 85' lang='lat' dir='ltr'><strong>quidem</strong></span> <span class='ocrx_word' id='word_1_63' title='bbox 1099 815 1169 871; x_wconf 88' lang='lat' dir='ltr'><strong>de</strong></span> <span class='ocrx_word' id='word_1_64' title='bbox 1208 814 1291 871; x_wconf 85' lang='lat' dir='ltr'><strong>his</strong></span> <span class='ocrx_word' id='word_1_65' title='bbox 1339 831 1459 885; x_wconf 75' lang='lat' dir='ltr'><strong>qua:</strong></span> <span class='ocrx_word' id='word_1_66' title='bbox 1520 816 1762 885; x_wconf 86' lang='lat' dir='ltr'><strong>quolibet</strong></span> <span class='ocrx_word' id='word_1_67' title='bbox 1802 817 1967 873; x_wconf 88' lang='lat' dir='ltr'><strong>modo</strong></span> <span class='ocrx_word' id='word_1_68' title='bbox 2018 819 2180 874; x_wconf 84' lang='lat' dir='ltr'><strong>simul</strong></span> 
     </span>
    </p>
   </div>
   <div class='ocr_carea' id='block_1_9' title="bbox 594 909 2188 977">
    <p class='ocr_par' dir='ltr' id='par_1_9' title="bbox 594 909 2188 977">
     <span class='ocr_line' id='line_1_9' title="bbox 594 909 2188 977; baseline 0.003 -14"><span class='ocrx_word' id='word_1_69' title='bbox 594 922 712 963; x_wconf 87' lang='lat' dir='ltr'><strong>esse</strong></span> <span class='ocrx_word' id='word_1_70' title='bbox 764 924 871 963; x_wconf 90' lang='lat' dir='ltr'><strong>non</strong></span> <span class='ocrx_word' id='word_1_71' title='bbox 929 918 1198 977; x_wconf 86' lang='lat' dir='ltr'><strong>possunt,</strong></span> <span class='ocrx_word' id='word_1_72' title='bbox 1268 909 1476 967; x_wconf 87' lang='lat' dir='ltr'><strong>etiamsi</strong></span> <span class='ocrx_word' id='word_1_73' title='bbox 1538 924 1645 965; x_wconf 90' lang='lat' dir='ltr'><strong>non</strong></span> <span class='ocrx_word' id='word_1_74' title='bbox 1699 911 1929 967; x_wconf 89' lang='lat' dir='ltr'><strong>alterum</strong></span> <span class='ocrx_word' id='word_1_75' title='bbox 1997 927 2188 967; x_wconf 75' lang='lat' dir='ltr'><strong>eorum</strong></span> 
     </span>
    </p>
   </div>
   <div class='ocr_carea' id='block_1_10' title="bbox 593 1001 2185 1073">
    <p class='ocr_par' dir='ltr' id='par_1_10' title="bbox 593 1001 2185 1073">
     <span class='ocr_line' id='line_1_10' title="bbox 593 1001 2185 1073; baseline 0.003 -16"><span class='ocrx_word' id='word_1_76' title='bbox 593 1015 717 1057; x_wconf 88' lang='lat' dir='ltr'><strong>esse</strong></span> <span class='ocrx_word' id='word_1_77' title='bbox 747 1014 966 1056; x_wconf 85' lang='lat' dir='ltr'><strong>necesse</strong></span> <span class='ocrx_word' id='word_1_78' title='bbox 995 1002 1087 1066; x_wconf 87' lang='lat' dir='ltr'><strong>sit,</strong></span> <span class='ocrx_word' id='word_1_79' title='bbox 1131 1001 1429 1070; x_wconf 80' lang='lat' dir='ltr'><strong>similisque</strong></span> <span class='ocrx_word' id='word_1_80' title='bbox 1450 1009 1533 1057; x_wconf 89' lang='lat' dir='ltr'><strong>est</strong></span> <span class='ocrx_word' id='word_1_81' title='bbox 1561 1004 1610 1057; x_wconf 88' lang='lat' dir='ltr'><strong>ei</strong></span> <span class='ocrx_word' id='word_1_82' title='bbox 1648 1004 2003 1073; x_wconf 69' lang='lat' dir='ltr'><strong>propositioni</strong></span> <span class='ocrx_word' id='word_1_83' title='bbox 2052 1020 2185 1061; x_wconf 85' lang='lat' dir='ltr'><strong>con-</strong></span> 
     </span>
    </p>
   </div>
   <div class='ocr_carea' id='block_1_11' title="bbox 593 1095 2177 1163">
    <p class='ocr_par' dir='ltr' id='par_1_11' title="bbox 593 1095 2177 1163">
     <span class='ocr_line' id='line_1_11' title="bbox 593 1095 2177 1163; baseline 0.001 -12"><span class='ocrx_word' id='word_1_84' title='bbox 593 1110 748 1151; x_wconf 81' lang='lat' dir='ltr'><strong>nexae</strong></span> <span class='ocrx_word' id='word_1_85' title='bbox 778 1110 873 1157; x_wconf 83' lang='lat' dir='ltr'><strong>per</strong></span> <span class='ocrx_word' id='word_1_86' title='bbox 900 1109 1058 1163; x_wconf 87' lang='lat' dir='ltr'><strong>quam</strong></span> <span class='ocrx_word' id='word_1_87' title='bbox 1086 1095 1157 1148; x_wconf 91' lang='lat' dir='ltr'><strong>ita</strong></span> <span class='ocrx_word' id='word_1_88' title='bbox 1190 1095 1524 1163; x_wconf 69' lang='lat' dir='ltr'><strong>proponitur,</strong></span> <span class='ocrx_word' id='word_1_89' title='bbox 1575 1095 1623 1150; x_wconf 90' lang='lat' dir='ltr'><strong>si</strong></span> <span class='ocrx_word' id='word_1_90' title='bbox 1654 1107 1734 1151; x_wconf 78' lang='lat' dir='ltr'><strong>eat</strong></span> <span class='ocrx_word' id='word_1_91' title='bbox 1778 1113 1833 1160; x_wconf 79' lang='grc' dir='ltr'><strong>α,</strong></span> <span class='ocrx_word' id='word_1_92' title='bbox 1878 1112 1985 1152; x_wconf 88' lang='lat' dir='ltr'><strong>non</strong></span> <span class='ocrx_word' id='word_1_93' title='bbox 2012 1108 2097 1152; x_wconf 90' lang='lat' dir='ltr'><strong>est</strong></span> <span class='ocrx_word' id='word_1_94' title='bbox 2123 1099 2177 1153; x_wconf 74' lang='grc' dir='ltr'><strong>ὁ.</strong></span> 
     </span>
    </p>
   </div>
   <div class='ocr_carea' id='block_1_12' title="bbox 596 1186 2176 1257">
    <p class='ocr_par' dir='ltr' id='par_1_12' title="bbox 596 1186 2176 1257">
     <span class='ocr_line' id='line_1_12' title="bbox 596 1186 2176 1257; baseline -0.001 -13"><span class='ocrx_word' id='word_1_95' title='bbox 596 1189 726 1257; x_wconf 81' lang='lat' dir='ltr'><strong>Qua:</strong></span> <span class='ocrx_word' id='word_1_96' title='bbox 755 1189 898 1244; x_wconf 91' lang='lat' dir='ltr'><strong>enim</strong></span> <span class='ocrx_word' id='word_1_97' title='bbox 930 1188 1009 1242; x_wconf 90' lang='lat' dir='ltr'><strong>sic</strong></span> <span class='ocrx_word' id='word_1_98' title='bbox 1034 1186 1292 1253; x_wconf 87' lang='lat' dir='ltr'><strong>enuntiat,</strong></span> <span class='ocrx_word' id='word_1_99' title='bbox 1323 1196 1414 1242; x_wconf 90' lang='lat' dir='ltr'><strong>aut</strong></span> <span class='ocrx_word' id='word_1_100' title='bbox 1440 1202 1545 1242; x_wconf 90' lang='lat' dir='ltr'><strong>non</strong></span> <span class='ocrx_word' id='word_1_101' title='bbox 1572 1197 1654 1245; x_wconf 82' lang='lat' dir='ltr'><strong>est</strong></span> <span class='ocrx_word' id='word_1_102' title='bbox 1685 1205 1736 1254; x_wconf 88' lang='lat' dir='ltr'><strong>a,</strong></span> <span class='ocrx_word' id='word_1_103' title='bbox 1768 1198 1859 1243; x_wconf 83' lang='lat' dir='ltr'><strong>aut</strong></span> <span class='ocrx_word' id='word_1_104' title='bbox 1880 1204 1987 1243; x_wconf 90' lang='lat' dir='ltr'><strong>non</strong></span> <span class='ocrx_word' id='word_1_105' title='bbox 2015 1200 2101 1244; x_wconf 89' lang='lat' dir='ltr'><strong>est</strong></span> <span class='ocrx_word' id='word_1_106' title='bbox 2126 1191 2176 1257; x_wconf 75' lang='grc' dir='ltr'><strong>ιι,</strong></span> 
     </span>
    </p>
   </div>
   <div class='ocr_carea' id='block_1_13' title="bbox 593 1263 2178 1354">
    <p class='ocr_par' dir='ltr' id='par_1_13' title="bbox 593 1263 2178 1354">
     <span class='ocr_line' id='line_1_13' title="bbox 593 1263 2178 1354; baseline -0.002 -13"><span class='ocrx_word' id='word_1_107' title='bbox 593 1285 647 1341; x_wconf 88' lang='lat' dir='ltr'><strong>id</strong></span> <span class='ocrx_word' id='word_1_108' title='bbox 679 1263 931 1340; x_wconf 85' lang='lat' dir='ltr'><strong>nimirum</strong></span> <span class='ocrx_word' id='word_1_109' title='bbox 961 1285 1151 1349; x_wconf 85' lang='lat' dir='ltr'><strong>sentit,</strong></span> <span class='ocrx_word' id='word_1_110' title='bbox 1182 1282 1331 1352; x_wconf 85' lang='lat' dir='ltr'><strong>quod</strong></span> <span class='ocrx_word' id='word_1_111' title='bbox 1351 1284 1398 1337; x_wconf 89' lang='lat' dir='ltr'><strong>si</strong></span> <span class='ocrx_word' id='word_1_112' title='bbox 1428 1299 1461 1335; x_wconf 88' lang='lat' dir='ltr'><strong>a</strong></span> <span class='ocrx_word' id='word_1_113' title='bbox 1485 1284 1586 1345; x_wconf 89' lang='lat' dir='ltr'><strong>sit,</strong></span> <span class='ocrx_word' id='word_1_114' title='bbox 1622 1282 1651 1334; x_wconf 90' lang='lat' dir='ltr'><strong>b</strong></span> <span class='ocrx_word' id='word_1_115' title='bbox 1686 1296 1806 1337; x_wconf 89' lang='lat' dir='ltr'><strong>esse</strong></span> <span class='ocrx_word' id='word_1_116' title='bbox 1839 1298 1946 1337; x_wconf 91' lang='lat' dir='ltr'><strong>non</strong></span> <span class='ocrx_word' id='word_1_117' title='bbox 1977 1285 2178 1354; x_wconf 83' lang='lat' dir='ltr'><strong>possit,</strong></span> 
     </span>
    </p>
   </div>
   <div class='ocr_carea' id='block_1_14' title="bbox 592 1376 2174 1449">
    <p class='ocr_par' dir='ltr' id='par_1_14' title="bbox 592 1376 2174 1449">
     <span class='ocr_line' id='line_1_14' title="bbox 592 1376 2174 1449; baseline -0.002 -15"><span class='ocrx_word' id='word_1_118' title='bbox 592 1379 648 1439; x_wconf 88' lang='lat' dir='ltr'><strong>id</strong></span> <span class='ocrx_word' id='word_1_119' title='bbox 682 1378 756 1434; x_wconf 88' lang='lat' dir='ltr'><strong>ita</strong></span> <span class='ocrx_word' id='word_1_120' title='bbox 795 1378 1141 1449; x_wconf 28' lang='lat' dir='ltr'><strong>probabiturg</strong></span> <span class='ocrx_word' id='word_1_121' title='bbox 1159 1376 1291 1431; x_wconf 85' lang='lat' dir='ltr'><strong>Cum</strong></span> <span class='ocrx_word' id='word_1_122' title='bbox 1322 1378 1466 1431; x_wconf 88' lang='lat' dir='ltr'><strong>enim</strong></span> <span class='ocrx_word' id='word_1_123' title='bbox 1502 1376 1818 1446; x_wconf 80' lang='lat' dir='ltr'><strong>proponitur</strong></span> <span class='ocrx_word' id='word_1_124' title='bbox 1850 1377 1952 1431; x_wconf 89' lang='lat' dir='ltr'><strong>hoc</strong></span> <span class='ocrx_word' id='word_1_125' title='bbox 1988 1376 2174 1444; x_wconf 91' lang='lat' dir='ltr'><strong>modo,</strong></span> 
     </span>
    </p>
   </div>
   <div class='ocr_carea' id='block_1_15' title="bbox 591 1468 2185 1537">
    <p class='ocr_par' dir='ltr' id='par_1_15' title="bbox 591 1468 2185 1537">
     <span class='ocr_line' id='line_1_15' title="bbox 591 1468 2185 1537; baseline -0.001 -12"><span class='ocrx_word' id='word_1_126' title='bbox 591 1478 684 1525; x_wconf 87' lang='lat' dir='ltr'><strong>aut</strong></span> <span class='ocrx_word' id='word_1_127' title='bbox 704 1484 809 1525; x_wconf 88' lang='lat' dir='ltr'><strong>non</strong></span> <span class='ocrx_word' id='word_1_128' title='bbox 838 1476 923 1524; x_wconf 85' lang='lat' dir='ltr'><strong>est</strong></span> <span class='ocrx_word' id='word_1_129' title='bbox 951 1485 1005 1537; x_wconf 89' lang='lat' dir='ltr'><strong>a,</strong></span> <span class='ocrx_word' id='word_1_130' title='bbox 1038 1475 1133 1522; x_wconf 88' lang='lat' dir='ltr'><strong>aut</strong></span> <span class='ocrx_word' id='word_1_131' title='bbox 1163 1482 1269 1522; x_wconf 90' lang='lat' dir='ltr'><strong>non</strong></span> <span class='ocrx_word' id='word_1_132' title='bbox 1301 1477 1384 1522; x_wconf 90' lang='lat' dir='ltr'><strong>est</strong></span> <span class='ocrx_word' id='word_1_133' title='bbox 1412 1468 1465 1533; x_wconf 88' lang='lat' dir='ltr'><strong>b,</strong></span> <span class='ocrx_word' id='word_1_134' title='bbox 1497 1483 1618 1521; x_wconf 86' lang='lat' dir='ltr'><strong>cum</strong></span> <span class='ocrx_word' id='word_1_135' title='bbox 1647 1468 1691 1521; x_wconf 90' lang='lat' dir='ltr'><strong>si</strong></span> <span class='ocrx_word' id='word_1_136' title='bbox 1723 1476 2029 1522; x_wconf 77' lang='lat' dir='ltr'><strong>assumatur</strong></span> <span class='ocrx_word' id='word_1_137' title='bbox 2056 1482 2185 1523; x_wconf 83' lang='lat' dir='ltr'><strong>esse</strong></span> 
     </span>
    </p>
   </div>
   <div class='ocr_carea' id='block_1_16' title="bbox 591 1562 2177 1631">
    <p class='ocr_par' dir='ltr' id='par_1_16' title="bbox 591 1562 2177 1631">
     <span class='ocr_line' id='line_1_16' title="bbox 591 1562 2177 1631; baseline 0.001 -15"><span class='ocrx_word' id='word_1_138' title='bbox 591 1579 654 1628; x_wconf 88' lang='lat' dir='ltr'><strong>a,</strong></span> <span class='ocrx_word' id='word_1_139' title='bbox 692 1577 799 1617; x_wconf 90' lang='lat' dir='ltr'><strong>non</strong></span> <span class='ocrx_word' id='word_1_140' title='bbox 825 1563 929 1618; x_wconf 90' lang='lat' dir='ltr'><strong>erit</strong></span> <span class='ocrx_word' id='word_1_141' title='bbox 957 1562 1005 1616; x_wconf 75' lang='grc' dir='ltr'><strong>ὁ.</strong></span> <span class='ocrx_word' id='word_1_142' title='bbox 1038 1562 1297 1627; x_wconf 79' lang='lat' dir='ltr'><strong>Quocirca</strong></span> <span class='ocrx_word' id='word_1_143' title='bbox 1326 1564 1377 1617; x_wconf 90' lang='lat' dir='ltr'><strong>ei</strong></span> <span class='ocrx_word' id='word_1_144' title='bbox 1410 1562 1763 1631; x_wconf 80' lang='lat' dir='ltr'><strong>propositioni</strong></span> <span class='ocrx_word' id='word_1_145' title='bbox 1796 1577 2061 1617; x_wconf 66' lang='lat' dir='ltr'><strong>conuerte</strong></span> <span class='ocrx_word' id='word_1_146' title='bbox 2100 1562 2177 1617; x_wconf 85' lang='lat' dir='ltr'><strong>si-</strong></span> 
     </span>
    </p>
   </div>
   <div class='ocr_carea' id='block_1_17' title="bbox 590 1653 2241 1723">
    <p class='ocr_par' dir='ltr' id='par_1_17' title="bbox 590 1653 2241 1723">
     <span class='ocr_line' id='line_1_17' title="bbox 590 1653 2241 1723; baseline -0.002 -13"><span class='ocrx_word' id='word_1_147' title='bbox 590 1653 734 1717; x_wconf 82' lang='lat' dir='ltr'><strong>milis</strong></span> <span class='ocrx_word' id='word_1_148' title='bbox 760 1662 847 1711; x_wconf 90' lang='lat' dir='ltr'><strong>est</strong></span> <span class='ocrx_word' id='word_1_149' title='bbox 893 1669 1014 1723; x_wconf 65' lang='lat' dir='ltr'><strong>quas</strong></span> <span class='ocrx_word' id='word_1_150' title='bbox 1045 1654 1119 1707; x_wconf 89' lang='lat' dir='ltr'><strong>ita</strong></span> <span class='ocrx_word' id='word_1_151' title='bbox 1153 1655 1418 1719; x_wconf 80' lang='lat' dir='ltr'><strong>enuntiat,</strong></span> <span class='ocrx_word' id='word_1_152' title='bbox 1450 1655 1493 1708; x_wconf 88' lang='lat' dir='ltr'><strong>si</strong></span> <span class='ocrx_word' id='word_1_153' title='bbox 1540 1653 1611 1708; x_wconf 90' lang='lat' dir='ltr'><strong>sit</strong></span> <span class='ocrx_word' id='word_1_154' title='bbox 1658 1672 1719 1719; x_wconf 90' lang='lat' dir='ltr'><strong>a,</strong></span> <span class='ocrx_word' id='word_1_155' title='bbox 1754 1670 1861 1708; x_wconf 91' lang='lat' dir='ltr'><strong>non</strong></span> <span class='ocrx_word' id='word_1_156' title='bbox 1890 1668 2012 1709; x_wconf 89' lang='lat' dir='ltr'><strong>esse</strong></span> <span class='ocrx_word' id='word_1_157' title='bbox 2040 1654 2089 1706; x_wconf 76' lang='grc' dir='ltr'><strong>ὸ.</strong></span> <span class='ocrx_word' id='word_1_158' title='bbox 2118 1654 2179 1708; x_wconf 82' lang='lat' dir='ltr'><strong>In</strong></span> <span class='ocrx_word' id='word_1_159' title='bbox 2236 1702 2241 1707; x_wconf 81' lang='lat'><strong>.</strong></span> 
     </span>
    </p>
   </div>
   <div class='ocr_carea' id='block_1_18' title="bbox 588 1745 2187 1815">
    <p class='ocr_par' dir='ltr' id='par_1_18' title="bbox 588 1745 2187 1815">
     <span class='ocr_line' id='line_1_18' title="bbox 588 1745 2187 1815; baseline -0.003 -9"><span class='ocrx_word' id='word_1_160' title='bbox 588 1747 691 1807; x_wconf 82' lang='lat' dir='ltr'><strong>hac</strong></span> <span class='ocrx_word' id='word_1_161' title='bbox 728 1762 859 1803; x_wconf 89' lang='lat' dir='ltr'><strong>vero</strong></span> <span class='ocrx_word' id='word_1_162' title='bbox 899 1745 1300 1815; x_wconf 85' lang='lat' dir='ltr'><strong>propositione,</strong></span> <span class='ocrx_word' id='word_1_163' title='bbox 1353 1746 1475 1801; x_wconf 77' lang='lat' dir='ltr'><strong>duae</strong></span> <span class='ocrx_word' id='word_1_164' title='bbox 1518 1753 1727 1800; x_wconf 68' lang='lat' dir='ltr'><strong>tantum</strong></span> <span class='ocrx_word' id='word_1_165' title='bbox 1772 1746 2187 1815; x_wconf 74' lang='lat' dir='ltr'><strong>complexiones</strong></span> 
     </span>
    </p>
   </div>
   <div class='ocr_carea' id='block_1_19' title="bbox 2291 541 3873 612">
    <p class='ocr_par' dir='ltr' id='par_1_19' title="bbox 2291 541 3873 612">
     <span class='ocr_line' id='line_1_19' title="bbox 2291 541 3873 612; baseline 0.003 -15"><span class='ocrx_word' id='word_1_166' title='bbox 2291 542 2573 607; x_wconf 85' lang='lat' dir='ltr'><strong>babimur-,</strong></span> <span class='ocrx_word' id='word_1_167' title='bbox 2601 542 2645 595; x_wconf 89' lang='lat' dir='ltr'><strong>si</strong></span> <span class='ocrx_word' id='word_1_168' title='bbox 2673 541 2795 612; x_wconf 79' lang='lat' dir='ltr'><strong>quis</strong></span> <span class='ocrx_word' id='word_1_169' title='bbox 2835 541 2915 596; x_wconf 72' lang='lat' dir='ltr'><strong>ite</strong></span> <span class='ocrx_word' id='word_1_170' title='bbox 2952 551 3243 611; x_wconf 73' lang='lat' dir='ltr'><strong>proponat,</strong></span> <span class='ocrx_word' id='word_1_171' title='bbox 3274 551 3368 596; x_wconf 80' lang='lat' dir='ltr'><strong>aut</strong></span> <span class='ocrx_word' id='word_1_172' title='bbox 3394 542 3597 597; x_wconf 75' lang='lat' dir='ltr'><strong>animai</strong></span> <span class='ocrx_word' id='word_1_173' title='bbox 3634 554 3748 609; x_wconf 87' lang='lat' dir='ltr'><strong>est,</strong></span> <span class='ocrx_word' id='word_1_174' title='bbox 3776 552 3873 601; x_wconf 87' lang='lat' dir='ltr'><strong>aut</strong></span> 
     </span>
    </p>
   </div>
   <div class='ocr_carea' id='block_1_20' title="bbox 2292 632 3869 703">
    <p class='ocr_par' dir='ltr' id='par_1_20' title="bbox 2292 632 3869 703">
     <span class='ocr_line' id='line_1_20' title="bbox 2292 632 3869 703; baseline 0.001 -14"><span class='ocrx_word' id='word_1_175' title='bbox 2292 650 2397 699; x_wconf 85' lang='lat' dir='ltr'><strong>non</strong></span> <span class='ocrx_word' id='word_1_176' title='bbox 2422 634 2608 700; x_wconf 75' lang='lat' dir='ltr'><strong>homo,</strong></span> <span class='ocrx_word' id='word_1_177' title='bbox 2639 633 2687 688; x_wconf 91' lang='lat' dir='ltr'><strong>si</strong></span> <span class='ocrx_word' id='word_1_178' title='bbox 2712 633 2873 703; x_wconf 80' lang='lat' dir='ltr'><strong>igitur</strong></span> <span class='ocrx_word' id='word_1_179' title='bbox 2901 633 3105 688; x_wconf 71' lang='lat' dir='ltr'><strong>animai</strong></span> <span class='ocrx_word' id='word_1_180' title='bbox 3137 648 3243 691; x_wconf 86' lang='lat' dir='ltr'><strong>non</strong></span> <span class='ocrx_word' id='word_1_181' title='bbox 3270 632 3361 700; x_wconf 83' lang='lat' dir='ltr'><strong>sit,</strong></span> <span class='ocrx_word' id='word_1_182' title='bbox 3395 648 3507 688; x_wconf 89' lang='lat' dir='ltr'><strong>non</strong></span> <span class='ocrx_word' id='word_1_183' title='bbox 3533 633 3645 688; x_wconf 87' lang='lat' dir='ltr'><strong>erit</strong></span> <span class='ocrx_word' id='word_1_184' title='bbox 3669 635 3869 702; x_wconf 85' lang='lat' dir='ltr'><strong>homo;</strong></span> 
     </span>
    </p>
   </div>
   <div class='ocr_carea' id='block_1_21' title="bbox 2292 726 3875 798">
    <p class='ocr_par' dir='ltr' id='par_1_21' title="bbox 2292 726 3875 798">
     <span class='ocr_line' id='line_1_21' title="bbox 2292 726 3875 798; baseline -0.001 -13"><span class='ocrx_word' id='word_1_185' title='bbox 2292 730 2336 787; x_wconf 86' lang='lat' dir='ltr'><strong>si</strong></span> <span class='ocrx_word' id='word_1_186' title='bbox 2369 732 2532 784; x_wconf 88' lang='lat' dir='ltr'><strong>homo</strong></span> <span class='ocrx_word' id='word_1_187' title='bbox 2559 730 2649 795; x_wconf 84' lang='lat' dir='ltr'><strong>sit,</strong></span> <span class='ocrx_word' id='word_1_188' title='bbox 2678 728 2877 782; x_wconf 86' lang='lat' dir='ltr'><strong>animal</strong></span> <span class='ocrx_word' id='word_1_189' title='bbox 2902 736 3023 793; x_wconf 77' lang='lat' dir='ltr'><strong>est;</strong></span> <span class='ocrx_word' id='word_1_190' title='bbox 3046 726 3160 783; x_wconf 84' lang='lat' dir='ltr'><strong>sive</strong></span> <span class='ocrx_word' id='word_1_191' title='bbox 3200 733 3380 798; x_wconf 76' lang='lat' dir='ltr'><strong>autent</strong></span> <span class='ocrx_word' id='word_1_192' title='bbox 3401 727 3619 783; x_wconf 57' lang='lat' dir='ltr'><strong>&#39;animal</strong></span> <span class='ocrx_word' id='word_1_193' title='bbox 3647 728 3738 795; x_wconf 87' lang='lat' dir='ltr'><strong>sit,</strong></span> <span class='ocrx_word' id='word_1_194' title='bbox 3765 742 3875 784; x_wconf 84' lang='lat' dir='ltr'><strong>non</strong></span> 
     </span>
    </p>
   </div>
   <div class='ocr_carea' id='block_1_22' title="bbox 2291 818 3875 889">
    <p class='ocr_par' dir='ltr' id='par_1_22' title="bbox 2291 818 3875 889">
     <span class='ocr_line' id='line_1_22' title="bbox 2291 818 3875 889; baseline 0.001 -12"><span class='ocrx_word' id='word_1_195' title='bbox 2291 836 2509 877; x_wconf 80' lang='lat' dir='ltr'><strong>necesse</strong></span> <span class='ocrx_word' id='word_1_196' title='bbox 2532 830 2621 877; x_wconf 72' lang='lat' dir='ltr'><strong>est</strong></span> <span class='ocrx_word' id='word_1_197' title='bbox 2643 835 2765 875; x_wconf 88' lang='lat' dir='ltr'><strong>esse</strong></span> <span class='ocrx_word' id='word_1_198' title='bbox 2790 818 3087 885; x_wconf 83' lang='lat' dir='ltr'><strong>hominem,</strong></span> <span class='ocrx_word' id='word_1_199' title='bbox 3135 818 3251 875; x_wconf 83' lang='lat' dir='ltr'><strong>sive</strong></span> <span class='ocrx_word' id='word_1_200' title='bbox 3296 818 3459 874; x_wconf 88' lang='lat' dir='ltr'><strong>homo</strong></span> <span class='ocrx_word' id='word_1_201' title='bbox 3500 833 3606 875; x_wconf 90' lang='lat' dir='ltr'><strong>non</strong></span> <span class='ocrx_word' id='word_1_202' title='bbox 3642 820 3735 889; x_wconf 80' lang='lat' dir='ltr'><strong>sit,</strong></span> <span class='ocrx_word' id='word_1_203' title='bbox 3764 833 3875 878; x_wconf 71' lang='lat' dir='ltr'><strong>non</strong></span> 
     </span>
    </p>
   </div>
   <div class='ocr_carea' id='block_1_23' title="bbox 2290 896 3877 982">
    <p class='ocr_par' dir='ltr' id='par_1_23' title="bbox 2290 896 3877 982">
     <span class='ocr_line' id='line_1_23' title="bbox 2290 896 3877 982; baseline -0.001 -13"><span class='ocrx_word' id='word_1_204' title='bbox 2290 896 2512 969; x_wconf 75' lang='lat' dir='ltr'><strong>necesse</strong></span> <span class='ocrx_word' id='word_1_205' title='bbox 2541 919 2624 967; x_wconf 83' lang='lat' dir='ltr'><strong>est</strong></span> <span class='ocrx_word' id='word_1_206' title='bbox 2662 912 2855 966; x_wconf 86' lang='lat' dir='ltr'><strong>animal</strong></span> <span class='ocrx_word' id='word_1_207' title='bbox 2893 910 3135 967; x_wconf 78' lang='lat' dir='ltr'><strong>interire.</strong></span> <span class='ocrx_word' id='word_1_208' title='bbox 3167 910 3241 964; x_wconf 87' lang='lat' dir='ltr'><strong>Ea</strong></span> <span class='ocrx_word' id='word_1_209' title='bbox 3272 924 3402 964; x_wconf 84' lang='lat' dir='ltr'><strong>vero</strong></span> <span class='ocrx_word' id='word_1_210' title='bbox 3430 911 3728 979; x_wconf 83' lang='lat' dir='ltr'><strong>propositio</strong></span> <span class='ocrx_word' id='word_1_211' title='bbox 3751 924 3877 982; x_wconf 66' lang='lat' dir='ltr'><strong>qua</strong></span> 
     </span>
    </p>
   </div>
   <div class='ocr_carea' id='block_1_24' title="bbox 2289 1000 3876 1071">
    <p class='ocr_par' dir='ltr' id='par_1_24' title="bbox 2289 1000 3876 1071">
     <span class='ocr_line' id='line_1_24' title="bbox 2289 1000 3876 1071; baseline -0.002 -11"><span class='ocrx_word' id='word_1_212' title='bbox 2289 1004 2438 1069; x_wconf 80' lang='lat' dir='ltr'><strong>dicit,</strong></span> <span class='ocrx_word' id='word_1_213' title='bbox 2463 1012 2567 1058; x_wconf 70' lang='lat' dir='ltr'><strong>aut</strong></span> <span class='ocrx_word' id='word_1_214' title='bbox 2586 1017 2697 1058; x_wconf 71' lang='lat' dir='ltr'><strong>non</strong></span> <span class='ocrx_word' id='word_1_215' title='bbox 2713 1012 2795 1057; x_wconf 49' lang='lat' dir='ltr'><strong>est</strong></span> <span class='ocrx_word' id='word_1_216' title='bbox 2819 1020 2874 1069; x_wconf 79' lang='grc' dir='ltr'><strong>α,</strong></span> <span class='ocrx_word' id='word_1_217' title='bbox 2902 1010 2997 1059; x_wconf 85' lang='lat' dir='ltr'><strong>aut</strong></span> <span class='ocrx_word' id='word_1_218' title='bbox 3019 1009 3102 1057; x_wconf 86' lang='lat' dir='ltr'><strong>est</strong></span> <span class='ocrx_word' id='word_1_219' title='bbox 3130 1000 3182 1065; x_wconf 71' lang='grc' dir='ltr'><strong>ι,</strong></span> <span class='ocrx_word' id='word_1_220' title='bbox 3227 1001 3279 1055; x_wconf 90' lang='lat' dir='ltr'><strong>in</strong></span> <span class='ocrx_word' id='word_1_221' title='bbox 3312 1000 3397 1055; x_wconf 91' lang='lat' dir='ltr'><strong>his</strong></span> <span class='ocrx_word' id='word_1_222' title='bbox 3418 1015 3539 1071; x_wconf 61' lang='lat' dir='ltr'><strong>quae</strong></span> <span class='ocrx_word' id='word_1_223' title='bbox 3557 1001 3663 1057; x_wconf 84' lang='lat' dir='ltr'><strong>sibi</strong></span> <span class='ocrx_word' id='word_1_224' title='bbox 3688 1001 3876 1057; x_wconf 65' lang='lat' dir='ltr'><strong>adita;-</strong></span> 
     </span>
    </p>
   </div>
   <div class='ocr_carea' id='block_1_25' title="bbox 2289 1091 3876 1163">
    <p class='ocr_par' dir='ltr' id='par_1_25' title="bbox 2289 1091 3876 1163">
     <span class='ocr_line' id='line_1_25' title="bbox 2289 1091 3876 1163; baseline -0.001 -13"><span class='ocrx_word' id='word_1_225' title='bbox 2289 1104 2409 1151; x_wconf 83' lang='lat' dir='ltr'><strong>rent</strong></span> <span class='ocrx_word' id='word_1_226' title='bbox 2436 1096 2669 1163; x_wconf 61' lang='lat' dir='ltr'><strong>pronam</strong></span> <span class='ocrx_word' id='word_1_227' title='bbox 2691 1100 2903 1163; x_wconf 84' lang='lat' dir='ltr'><strong>potest,</strong></span> <span class='ocrx_word' id='word_1_228' title='bbox 2934 1102 2993 1148; x_wconf 86' lang='lat' dir='ltr'><strong>et-</strong></span> <span class='ocrx_word' id='word_1_229' title='bbox 3013 1107 3049 1147; x_wconf 85' lang='lat' dir='ltr'><strong>a</strong></span> <span class='ocrx_word' id='word_1_230' title='bbox 3070 1091 3367 1147; x_wconf 85' lang='lat' dir='ltr'><strong>minoribus</strong></span> <span class='ocrx_word' id='word_1_231' title='bbox 3394 1091 3462 1147; x_wconf 87' lang='lat' dir='ltr'><strong>ad</strong></span> <span class='ocrx_word' id='word_1_232' title='bbox 3492 1093 3698 1163; x_wconf 81' lang='lat' dir='ltr'><strong>majora</strong></span> <span class='ocrx_word' id='word_1_233' title='bbox 3738 1108 3876 1149; x_wconf 86' lang='lat' dir='ltr'><strong>con-</strong></span> 
     </span>
    </p>
   </div>
   <div class='ocr_carea' id='block_1_26' title="bbox 2289 1184 3875 1255">
    <p class='ocr_par' dir='ltr' id='par_1_26' title="bbox 2289 1184 3875 1255">
     <span class='ocr_line' id='line_1_26' title="bbox 2289 1184 3875 1255; baseline -0.001 -12"><span class='ocrx_word' id='word_1_234' title='bbox 2289 1186 2459 1252; x_wconf 74' lang='lat' dir='ltr'><strong>tendi,</strong></span> <span class='ocrx_word' id='word_1_235' title='bbox 2503 1195 2561 1243; x_wconf 78' lang='lat' dir='ltr'><strong>et</strong></span> <span class='ocrx_word' id='word_1_236' title='bbox 2599 1184 2909 1241; x_wconf 79' lang='lat' dir='ltr'><strong>estsimilis</strong></span> <span class='ocrx_word' id='word_1_237' title='bbox 2946 1185 2996 1240; x_wconf 85' lang='lat' dir='ltr'><strong>ei</strong></span> <span class='ocrx_word' id='word_1_238' title='bbox 3046 1184 3395 1253; x_wconf 82' lang='lat' dir='ltr'><strong>propositioni</strong></span> <span class='ocrx_word' id='word_1_239' title='bbox 3437 1199 3701 1242; x_wconf 62' lang='lat' dir='ltr'><strong>cenaene</strong></span> <span class='ocrx_word' id='word_1_240' title='bbox 3745 1200 3875 1255; x_wconf 68' lang='lat' dir='ltr'><strong>qua</strong></span> 
     </span>
    </p>
   </div>
   <div class='ocr_carea' id='block_1_27' title="bbox 2287 1274 3874 1345">
    <p class='ocr_par' dir='ltr' id='par_1_27' title="bbox 2287 1274 3874 1345">
     <span class='ocr_line' id='line_1_27' title="bbox 2287 1274 3874 1345; baseline -0.002 -10"><span class='ocrx_word' id='word_1_241' title='bbox 2287 1276 2453 1335; x_wconf 68' lang='lat' dir='ltr'><strong>dicit:</strong></span> <span class='ocrx_word' id='word_1_242' title='bbox 2486 1278 2533 1331; x_wconf 90' lang='lat' dir='ltr'><strong>si</strong></span> <span class='ocrx_word' id='word_1_243' title='bbox 2559 1286 2641 1331; x_wconf 84' lang='lat' dir='ltr'><strong>est</strong></span> <span class='ocrx_word' id='word_1_244' title='bbox 2668 1292 2723 1341; x_wconf 81' lang='grc' dir='ltr'><strong>ε,</strong></span> <span class='ocrx_word' id='word_1_245' title='bbox 2752 1285 2835 1332; x_wconf 83' lang='lat' dir='ltr'><strong>est</strong></span> <span class='ocrx_word' id='word_1_246' title='bbox 2861 1274 2910 1328; x_wconf 74' lang='grc' dir='ltr'><strong>ὁ.</strong></span> <span class='ocrx_word' id='word_1_247' title='bbox 2940 1274 3077 1329; x_wconf 79' lang='lat' dir='ltr'><strong>Nam</strong></span> <span class='ocrx_word' id='word_1_248' title='bbox 3108 1290 3229 1329; x_wconf 83' lang='lat' dir='ltr'><strong>cum</strong></span> <span class='ocrx_word' id='word_1_249' title='bbox 3256 1276 3327 1329; x_wconf 85' lang='lat' dir='ltr'><strong>ita</strong></span> <span class='ocrx_word' id='word_1_250' title='bbox 3356 1275 3475 1345; x_wconf 87' lang='lat' dir='ltr'><strong>quis</strong></span> <span class='ocrx_word' id='word_1_251' title='bbox 3495 1279 3760 1343; x_wconf 79' lang='lat' dir='ltr'><strong>enuntiet,</strong></span> <span class='ocrx_word' id='word_1_252' title='bbox 3793 1276 3874 1331; x_wconf 82' lang='lat' dir='ltr'><strong>si-</strong></span> 
     </span>
    </p>
   </div>
   <div class='ocr_carea' id='block_1_28' title="bbox 2240 1367 3871 1439">
    <p class='ocr_par' dir='ltr' id='par_1_28' title="bbox 2240 1367 3871 1439">
     <span class='ocr_line' id='line_1_28' title="bbox 2240 1367 3871 1439; baseline -0.001 -15"><span class='ocrx_word' id='word_1_253' title='bbox 2240 1417 2249 1424; x_wconf 88' lang='lat'><strong>.</strong></span> <span class='ocrx_word' id='word_1_254' title='bbox 2287 1369 2513 1439; x_wconf 78' lang='lat' dir='ltr'><strong>quidem.</strong></span> <span class='ocrx_word' id='word_1_255' title='bbox 2526 1376 2829 1423; x_wconf 78' lang='lat' dir='ltr'><strong>assumatur</strong></span> <span class='ocrx_word' id='word_1_256' title='bbox 2851 1382 2971 1422; x_wconf 75' lang='lat' dir='ltr'><strong>esse</strong></span> <span class='ocrx_word' id='word_1_257' title='bbox 2996 1383 3047 1429; x_wconf 77' lang='grc' dir='ltr'><strong>α,</strong></span> <span class='ocrx_word' id='word_1_258' title='bbox 3073 1367 3255 1421; x_wconf 77' lang='lat' dir='ltr'><strong>statim</strong></span> <span class='ocrx_word' id='word_1_259' title='bbox 3271 1370 3617 1437; x_wconf 75' lang='lat' dir='ltr'><strong>consequitur</strong></span> <span class='ocrx_word' id='word_1_260' title='bbox 3643 1379 3703 1422; x_wconf 91' lang='lat' dir='ltr'><strong>ut</strong></span> <span class='ocrx_word' id='word_1_261' title='bbox 3722 1369 3795 1422; x_wconf 90' lang='lat' dir='ltr'><strong>sit</strong></span> <span class='ocrx_word' id='word_1_262' title='bbox 3815 1368 3871 1423; x_wconf 89' lang='lat' dir='ltr'><strong>b.</strong></span> 
     </span>
    </p>
   </div>
   <div class='ocr_carea' id='block_1_29' title="bbox 2288 1456 3872 1530">
    <p class='ocr_par' dir='ltr' id='par_1_29' title="bbox 2288 1456 3872 1530">
     <span class='ocr_line' id='line_1_29' title="bbox 2288 1456 3872 1530; baseline -0.002 -13"><span class='ocrx_word' id='word_1_263' title='bbox 2288 1460 2396 1517; x_wconf 85' lang='lat' dir='ltr'><strong>Sed</strong></span> <span class='ocrx_word' id='word_1_264' title='bbox 2418 1462 2473 1514; x_wconf 90' lang='lat' dir='ltr'><strong>in</strong></span> <span class='ocrx_word' id='word_1_265' title='bbox 2500 1460 2607 1523; x_wconf 70' lang='lat' dir='ltr'><strong>hac</strong></span> <span class='ocrx_word' id='word_1_266' title='bbox 2618 1460 2981 1530; x_wconf 83' lang='lat' dir='ltr'><strong>propositione</strong></span> <span class='ocrx_word' id='word_1_267' title='bbox 3001 1457 3266 1527; x_wconf 84' lang='lat' dir='ltr'><strong>siquidem</strong></span> <span class='ocrx_word' id='word_1_268' title='bbox 3286 1456 3649 1513; x_wconf 78' lang='lat' dir='ltr'><strong>afﬁrmaer</strong></span> <span class='ocrx_word' id='word_1_269' title='bbox 3669 1473 3796 1514; x_wconf 83' lang='lat' dir='ltr'><strong>esse</strong></span> <span class='ocrx_word' id='word_1_270' title='bbox 3814 1476 3872 1530; x_wconf 87' lang='lat' dir='ltr'><strong>a,</strong></span> 
     </span>
    </p>
   </div>
   <div class='ocr_carea' id='block_1_30' title="bbox 2286 1548 3877 1621">
    <p class='ocr_par' dir='ltr' id='par_1_30' title="bbox 2286 1548 3877 1621">
     <span class='ocr_line' id='line_1_30' title="bbox 2286 1548 3877 1621; baseline -0.003 -17"><span class='ocrx_word' id='word_1_271' title='bbox 2286 1551 2611 1621; x_wconf 74' lang='lat' dir='ltr'><strong>sequebatur</strong></span> <span class='ocrx_word' id='word_1_272' title='bbox 2641 1560 2700 1605; x_wconf 79' lang='lat' dir='ltr'><strong>ut</strong></span> <span class='ocrx_word' id='word_1_273' title='bbox 2728 1557 2873 1606; x_wconf 81' lang='lat' dir='ltr'><strong>esset</strong></span> <span class='ocrx_word' id='word_1_274' title='bbox 2900 1550 2947 1603; x_wconf 71' lang='grc' dir='ltr'><strong>ὁ.</strong></span> <span class='ocrx_word' id='word_1_275' title='bbox 2981 1548 3141 1616; x_wconf 74' lang='lat' dir='ltr'><strong>Quod</strong></span> <span class='ocrx_word' id='word_1_276' title='bbox 3172 1550 3215 1602; x_wconf 96' lang='lat' dir='ltr'><strong>si</strong></span> <span class='ocrx_word' id='word_1_277' title='bbox 3264 1558 3548 1619; x_wconf 80' lang='lat' dir='ltr'><strong>negaretur</strong></span> <span class='ocrx_word' id='word_1_278' title='bbox 3575 1551 3625 1618; x_wconf 84' lang='lat' dir='ltr'><strong>b,</strong></span> <span class='ocrx_word' id='word_1_279' title='bbox 3676 1564 3877 1621; x_wconf 75' lang='lat' dir='ltr'><strong>seque-</strong></span> 
     </span>
    </p>
   </div>
   <div class='ocr_carea' id='block_1_31' title="bbox 2286 1643 3877 1713">
    <p class='ocr_par' dir='ltr' id='par_1_31' title="bbox 2286 1643 3877 1713">
     <span class='ocr_line' id='line_1_31' title="bbox 2286 1643 3877 1713; baseline 0.003 -15"><span class='ocrx_word' id='word_1_280' title='bbox 2286 1644 2442 1699; x_wconf 87' lang='lat' dir='ltr'><strong>batur</strong></span> <span class='ocrx_word' id='word_1_281' title='bbox 2488 1654 2547 1699; x_wconf 89' lang='lat' dir='ltr'><strong>ut</strong></span> <span class='ocrx_word' id='word_1_282' title='bbox 2589 1658 2699 1701; x_wconf 83' lang='lat' dir='ltr'><strong>non</strong></span> <span class='ocrx_word' id='word_1_283' title='bbox 2722 1653 2866 1698; x_wconf 50' lang='lat' dir='ltr'><strong>esset</strong></span> <span class='ocrx_word' id='word_1_284' title='bbox 2893 1660 2944 1698; x_wconf 91' lang='lat' dir='ltr'><strong>a.</strong></span> <span class='ocrx_word' id='word_1_285' title='bbox 2978 1643 3105 1697; x_wconf 89' lang='lat' dir='ltr'><strong>Sive</strong></span> <span class='ocrx_word' id='word_1_286' title='bbox 3132 1652 3309 1697; x_wconf 78' lang='lat' dir='ltr'><strong>autem</strong></span> <span class='ocrx_word' id='word_1_287' title='bbox 3347 1651 3634 1713; x_wconf 70' lang='lat' dir='ltr'><strong>negaretur</strong></span> <span class='ocrx_word' id='word_1_288' title='bbox 3672 1661 3724 1711; x_wconf 79' lang='grc' dir='ltr'><strong>α,</strong></span> <span class='ocrx_word' id='word_1_289' title='bbox 3757 1647 3877 1703; x_wconf 78' lang='lat' dir='ltr'><strong>sive</strong></span> 
     </span>
    </p>
   </div>
   <div class='ocr_carea' id='block_1_32' title="bbox 2285 1733 3866 1798">
    <p class='ocr_par' dir='ltr' id='par_1_32' title="bbox 2285 1733 3866 1798">
     <span class='ocr_line' id='line_1_32' title="bbox 2285 1733 3866 1798; baseline 0.004 -10"><span class='ocrx_word' id='word_1_290' title='bbox 2285 1734 2647 1793; x_wconf 82' lang='lat' dir='ltr'><strong>afﬁrmaretur</strong></span> <span class='ocrx_word' id='word_1_291' title='bbox 2676 1735 2727 1798; x_wconf 86' lang='lat' dir='ltr'><strong>b,</strong></span> <span class='ocrx_word' id='word_1_292' title='bbox 2761 1734 2893 1793; x_wconf 83' lang='lat' dir='ltr'><strong>nihil</strong></span> <span class='ocrx_word' id='word_1_293' title='bbox 2918 1735 3289 1790; x_wconf 78' lang='lat' dir='ltr'><strong>tieoessarium-</strong></span> <span class='ocrx_word' id='word_1_294' title='bbox 3310 1733 3579 1789; x_wconf 72' lang='lat' dir='ltr'><strong>videbitur</strong></span> <span class='ocrx_word' id='word_1_295' title='bbox 3596 1737 3866 1794; x_wconf 80' lang='lat' dir='ltr'><strong>accidere.</strong></span> 
     </span>
    </p>
   </div>
   <div class='ocr_carea' id='block_1_33' title="bbox 588 1825 2214 1912">
    <p class='ocr_par' dir='ltr' id='par_1_33' title="bbox 588 1838 2214 1912">
     <span class='ocr_line' id='line_1_33' title="bbox 588 1838 2214 1912; baseline -0.002 -16"><span class='ocrx_word' id='word_1_296' title='bbox 588 1840 928 1912; x_wconf 75' lang='lat' dir='ltr'><strong>syllogismos</strong></span> <span class='ocrx_word' id='word_1_297' title='bbox 953 1838 1324 1908; x_wconf 83' lang='lat' dir='ltr'><strong>procreabant.</strong></span> <span class='ocrx_word' id='word_1_298' title='bbox 1347 1838 1481 1893; x_wconf 80' lang='lat' dir='ltr'><strong>Nam</strong></span> <span class='ocrx_word' id='word_1_299' title='bbox 1505 1840 1549 1894; x_wconf 90' lang='lat' dir='ltr'><strong>si</strong></span> <span class='ocrx_word' id='word_1_300' title='bbox 1580 1850 1727 1894; x_wconf 81' lang='lat' dir='ltr'><strong>esset</strong></span> <span class='ocrx_word' id='word_1_301' title='bbox 1753 1856 1807 1907; x_wconf 73' lang='lat' dir='ltr'><strong>tl,</strong></span> <span class='ocrx_word' id='word_1_302' title='bbox 1843 1854 1949 1894; x_wconf 91' lang='lat' dir='ltr'><strong>non</strong></span> <span class='ocrx_word' id='word_1_303' title='bbox 1977 1849 2094 1895; x_wconf 91' lang='lat' dir='ltr'><strong>erat</strong></span> <span class='ocrx_word' id='word_1_304' title='bbox 2114 1840 2174 1907; x_wconf 82' lang='lat' dir='ltr'><strong>b;</strong></span> <span class='ocrx_word' id='word_1_305' title='bbox 2208 1847 2214 1907; x_wconf 71' lang='grc' dir='ltr'><strong>ξ</strong></span> 
     </span>
    </p>
   </div>
   <div class='ocr_carea' id='block_1_34' title="bbox 2261 1825 3873 1912">
    <p class='ocr_par' dir='ltr' id='par_1_34' title="bbox 2285 1825 3873 1896">
     <span class='ocr_line' id='line_1_34' title="bbox 2285 1825 3873 1896; baseline 0.001 -15"><span class='ocrx_word' id='word_1_306' title='bbox 2285 1825 2359 1881; x_wconf 85' lang='grc' dir='ltr'><strong>Ει</strong></span> <span class='ocrx_word' id='word_1_307' title='bbox 2385 1827 2436 1880; x_wconf 93' lang='lat' dir='ltr'><strong>in</strong></span> <span class='ocrx_word' id='word_1_308' title='bbox 2466 1841 2528 1881; x_wconf 90' lang='lat' dir='ltr'><strong>ea</strong></span> <span class='ocrx_word' id='word_1_309' title='bbox 2560 1825 2717 1896; x_wconf 81' lang='lat' dir='ltr'><strong>igitur</strong></span> <span class='ocrx_word' id='word_1_310' title='bbox 2741 1825 3109 1894; x_wconf 77' lang='lat' dir='ltr'><strong>propositione</strong></span> <span class='ocrx_word' id='word_1_311' title='bbox 3125 1825 3419 1895; x_wconf 59' lang='lat' dir='ltr'><strong>disiuncta,</strong></span> <span class='ocrx_word' id='word_1_312' title='bbox 3448 1840 3569 1895; x_wconf 66' lang='lat' dir='ltr'><strong>qua:</strong></span> <span class='ocrx_word' id='word_1_313' title='bbox 3592 1826 3738 1892; x_wconf 85' lang='lat' dir='ltr'><strong>dicit,</strong></span> <span class='ocrx_word' id='word_1_314' title='bbox 3774 1834 3873 1883; x_wconf 72' lang='lat' dir='ltr'><strong>aut</strong></span> 
     </span>
    </p>
   </div>
   <div class='ocr_carea' id='block_1_35' title="bbox 588 1930 2174 2000">
    <p class='ocr_par' dir='ltr' id='par_1_35' title="bbox 588 1930 2174 2000">
     <span class='ocr_line' id='line_1_35' title="bbox 588 1930 2174 2000; baseline 0.001 -12"><span class='ocrx_word' id='word_1_315' title='bbox 588 1941 643 1989; x_wconf 89' lang='lat' dir='ltr'><strong>et</strong></span> <span class='ocrx_word' id='word_1_316' title='bbox 686 1934 731 1987; x_wconf 91' lang='lat' dir='ltr'><strong>si</strong></span> <span class='ocrx_word' id='word_1_317' title='bbox 774 1939 919 1987; x_wconf 87' lang='lat' dir='ltr'><strong>esset</strong></span> <span class='ocrx_word' id='word_1_318' title='bbox 947 1931 998 1998; x_wconf 72' lang='grc' dir='ltr'><strong>ὁ,</strong></span> <span class='ocrx_word' id='word_1_319' title='bbox 1031 1946 1136 1988; x_wconf 84' lang='lat' dir='ltr'><strong>non</strong></span> <span class='ocrx_word' id='word_1_320' title='bbox 1175 1940 1368 1987; x_wconf 89' lang='lat' dir='ltr'><strong>erata.</strong></span> <span class='ocrx_word' id='word_1_321' title='bbox 1400 1930 1458 1986; x_wconf 91' lang='lat' dir='ltr'><strong>Si</strong></span> <span class='ocrx_word' id='word_1_322' title='bbox 1500 1947 1629 1986; x_wconf 87' lang='lat' dir='ltr'><strong>cum</strong></span> <span class='ocrx_word' id='word_1_323' title='bbox 1656 1947 1762 1986; x_wconf 92' lang='lat' dir='ltr'><strong>non</strong></span> <span class='ocrx_word' id='word_1_324' title='bbox 1807 1941 1952 1988; x_wconf 89' lang='lat' dir='ltr'><strong>esset</strong></span> <span class='ocrx_word' id='word_1_325' title='bbox 1980 1950 2031 2000; x_wconf 85' lang='lat' dir='ltr'><strong>a,</strong></span> <span class='ocrx_word' id='word_1_326' title='bbox 2064 1948 2174 1989; x_wconf 90' lang='lat' dir='ltr'><strong>non</strong></span> 
     </span>
    </p>
   </div>
   <div class='ocr_carea' id='block_1_36' title="bbox 586 2023 2177 2081">
    <p class='ocr_par' dir='ltr' id='par_1_36' title="bbox 586 2023 2177 2081">
     <span class='ocr_line' id='line_1_36' title="bbox 586 2023 2177 2081; baseline 0.001 -2"><span class='ocrx_word' id='word_1_327' title='bbox 586 2037 809 2080; x_wconf 84' lang='lat' dir='ltr'><strong>necesse</strong></span> <span class='ocrx_word' id='word_1_328' title='bbox 836 2034 956 2078; x_wconf 86' lang='lat' dir='ltr'><strong>erat</strong></span> <span class='ocrx_word' id='word_1_329' title='bbox 994 2038 1116 2078; x_wconf 89' lang='lat' dir='ltr'><strong>esse</strong></span> <span class='ocrx_word' id='word_1_330' title='bbox 1173 2023 1257 2077; x_wconf 89' lang='lat' dir='ltr'><strong>vel</strong></span> <span class='ocrx_word' id='word_1_331' title='bbox 1287 2038 1397 2077; x_wconf 86' lang='lat' dir='ltr'><strong>non</strong></span> <span class='ocrx_word' id='word_1_332' title='bbox 1423 2037 1544 2077; x_wconf 89' lang='lat' dir='ltr'><strong>esse</strong></span> <span class='ocrx_word' id='word_1_333' title='bbox 1588 2023 1639 2077; x_wconf 87' lang='lat' dir='ltr'><strong>b.</strong></span> <span class='ocrx_word' id='word_1_334' title='bbox 1691 2023 1820 2079; x_wconf 82' lang='lat' dir='ltr'><strong>Sive</strong></span> <span class='ocrx_word' id='word_1_335' title='bbox 1846 2034 2025 2081; x_wconf 77' lang='lat' dir='ltr'><strong>autem</strong></span> <span class='ocrx_word' id='word_1_336' title='bbox 2068 2040 2177 2080; x_wconf 90' lang='lat' dir='ltr'><strong>non</strong></span> 
     </span>
    </p>
   </div>
   <div class='ocr_carea' id='block_1_37' title="bbox 586 2113 2181 2186">
    <p class='ocr_par' dir='ltr' id='par_1_37' title="bbox 586 2113 2181 2186">
     <span class='ocr_line' id='line_1_37' title="bbox 586 2113 2181 2186; baseline 0.003 -17"><span class='ocrx_word' id='word_1_337' title='bbox 586 2122 730 2169; x_wconf 86' lang='lat' dir='ltr'><strong>esset</strong></span> <span class='ocrx_word' id='word_1_338' title='bbox 755 2113 806 2180; x_wconf 73' lang='grc' dir='ltr'><strong>ὁ,</strong></span> <span class='ocrx_word' id='word_1_339' title='bbox 844 2130 949 2168; x_wconf 90' lang='lat' dir='ltr'><strong>non</strong></span> <span class='ocrx_word' id='word_1_340' title='bbox 981 2128 1203 2170; x_wconf 90' lang='lat' dir='ltr'><strong>necesse</strong></span> <span class='ocrx_word' id='word_1_341' title='bbox 1231 2124 1344 2170; x_wconf 91' lang='lat' dir='ltr'><strong>erat</strong></span> <span class='ocrx_word' id='word_1_342' title='bbox 1375 2130 1496 2170; x_wconf 87' lang='lat' dir='ltr'><strong>esse</strong></span> <span class='ocrx_word' id='word_1_343' title='bbox 1523 2114 1605 2170; x_wconf 85' lang='lat' dir='ltr'><strong>vel</strong></span> <span class='ocrx_word' id='word_1_344' title='bbox 1632 2130 1743 2170; x_wconf 89' lang='lat' dir='ltr'><strong>non</strong></span> <span class='ocrx_word' id='word_1_345' title='bbox 1780 2130 1905 2172; x_wconf 91' lang='lat' dir='ltr'><strong>esse</strong></span> <span class='ocrx_word' id='word_1_346' title='bbox 1932 2133 1983 2171; x_wconf 89' lang='lat' dir='ltr'><strong>a.</strong></span> <span class='ocrx_word' id='word_1_347' title='bbox 2030 2120 2181 2186; x_wconf 75' lang='lat' dir='ltr'><strong>Quo-</strong></span> 
     </span>
    </p>
   </div>
   <div class='ocr_carea' id='block_1_38' title="bbox 586 2205 2175 2280">
    <p class='ocr_par' dir='ltr' id='par_1_38' title="bbox 586 2205 2175 2280">
     <span class='ocr_line' id='line_1_38' title="bbox 586 2205 2175 2280; baseline 0.002 -19"><span class='ocrx_word' id='word_1_348' title='bbox 586 2205 727 2261; x_wconf 90' lang='lat' dir='ltr'><strong>circa</strong></span> <span class='ocrx_word' id='word_1_349' title='bbox 757 2213 811 2259; x_wconf 91' lang='lat' dir='ltr'><strong>et</strong></span> <span class='ocrx_word' id='word_1_350' title='bbox 850 2207 903 2260; x_wconf 89' lang='lat' dir='ltr'><strong>in</strong></span> <span class='ocrx_word' id='word_1_351' title='bbox 942 2206 1262 2273; x_wconf 82' lang='lat' dir='ltr'><strong>disjunctiva</strong></span> <span class='ocrx_word' id='word_1_352' title='bbox 1306 2207 1676 2277; x_wconf 85' lang='lat' dir='ltr'><strong>propositione</strong></span> <span class='ocrx_word' id='word_1_353' title='bbox 1725 2207 1948 2264; x_wconf 89' lang='lat' dir='ltr'><strong>totidem</strong></span> <span class='ocrx_word' id='word_1_354' title='bbox 2002 2210 2175 2280; x_wconf 79' lang='lat' dir='ltr'><strong>syllo-</strong></span> 
     </span>
    </p>
   </div>
   <div class='ocr_carea' id='block_1_39' title="bbox 585 2288 2175 2367">
    <p class='ocr_par' dir='ltr' id='par_1_39' title="bbox 585 2288 2175 2367">
     <span class='ocr_line' id='line_1_39' title="bbox 585 2288 2175 2367; baseline 0.003 -15"><span class='ocrx_word' id='word_1_355' title='bbox 585 2297 784 2367; x_wconf 90' lang='lat' dir='ltr'><strong>gismos</strong></span> <span class='ocrx_word' id='word_1_356' title='bbox 811 2311 931 2353; x_wconf 90' lang='lat' dir='ltr'><strong>esse</strong></span> <span class='ocrx_word' id='word_1_357' title='bbox 958 2312 1182 2353; x_wconf 89' lang='lat' dir='ltr'><strong>necesse</strong></span> <span class='ocrx_word' id='word_1_358' title='bbox 1215 2306 1299 2353; x_wconf 88' lang='lat' dir='ltr'><strong>est</strong></span> <span class='ocrx_word' id='word_1_359' title='bbox 1319 2340 1332 2363; x_wconf 94' lang='lat'><strong>,</strong></span> <span class='ocrx_word' id='word_1_360' title='bbox 1362 2298 1587 2354; x_wconf 86' lang='lat' dir='ltr'><strong>totidem</strong></span> <span class='ocrx_word' id='word_1_361' title='bbox 1620 2314 1753 2355; x_wconf 88' lang='lat' dir='ltr'><strong>vero</strong></span> <span class='ocrx_word' id='word_1_362' title='bbox 1792 2300 1847 2354; x_wconf 87' lang='lat' dir='ltr'><strong>in</strong></span> <span class='ocrx_word' id='word_1_363' title='bbox 1872 2288 2175 2357; x_wconf 79' lang='lat' dir='ltr'><strong>collectibi-</strong></span> 
     </span>
    </p>
   </div>
   <div class='ocr_carea' id='block_1_40' title="bbox 514 2380 2175 2461">
    <p class='ocr_par' dir='ltr' id='par_1_40' title="bbox 514 2380 2175 2461">
     <span class='ocr_line' id='line_1_40' title="bbox 514 2380 2175 2461; baseline 0.002 -18"><span class='ocrx_word' id='word_1_364' title='bbox 514 2426 521 2435; x_wconf 66' lang='grc' dir='ltr'><strong>ς</strong></span> <span class='ocrx_word' id='word_1_365' title='bbox 590 2388 674 2444; x_wconf 89' lang='lat' dir='ltr'><strong>les</strong></span> <span class='ocrx_word' id='word_1_366' title='bbox 704 2389 1135 2457; x_wconf 77' lang='lat' dir='ltr'><strong>complexiones;</strong></span> <span class='ocrx_word' id='word_1_367' title='bbox 1170 2405 1292 2447; x_wconf 88' lang='lat' dir='ltr'><strong>nam</strong></span> <span class='ocrx_word' id='word_1_368' title='bbox 1322 2380 1443 2445; x_wconf 86' lang='lat' dir='ltr'><strong>cum</strong></span> <span class='ocrx_word' id='word_1_369' title='bbox 1475 2390 1546 2444; x_wconf 88' lang='lat' dir='ltr'><strong>ita</strong></span> <span class='ocrx_word' id='word_1_370' title='bbox 1576 2392 1921 2461; x_wconf 87' lang='lat' dir='ltr'><strong>proponitur,</strong></span> <span class='ocrx_word' id='word_1_371' title='bbox 1949 2402 2044 2447; x_wconf 89' lang='lat' dir='ltr'><strong>aut</strong></span> <span class='ocrx_word' id='word_1_372' title='bbox 2067 2408 2175 2447; x_wconf 90' lang='lat' dir='ltr'><strong>non</strong></span> 
     </span>
    </p>
   </div>
   <div class='ocr_carea' id='block_1_41' title="bbox 586 2480 2172 2552">
    <p class='ocr_par' dir='ltr' id='par_1_41' title="bbox 586 2480 2172 2552">
     <span class='ocr_line' id='line_1_41' title="bbox 586 2480 2172 2552; baseline 0.004 -17"><span class='ocrx_word' id='word_1_373' title='bbox 586 2489 735 2545; x_wconf 81' lang='lat' dir='ltr'><strong>esta,</strong></span> <span class='ocrx_word' id='word_1_374' title='bbox 770 2490 858 2533; x_wconf 90' lang='lat' dir='ltr'><strong>aut</strong></span> <span class='ocrx_word' id='word_1_375' title='bbox 895 2496 998 2534; x_wconf 92' lang='lat' dir='ltr'><strong>non</strong></span> <span class='ocrx_word' id='word_1_376' title='bbox 1029 2489 1112 2535; x_wconf 91' lang='lat' dir='ltr'><strong>est</strong></span> <span class='ocrx_word' id='word_1_377' title='bbox 1141 2480 1191 2545; x_wconf 88' lang='lat' dir='ltr'><strong>b,</strong></span> <span class='ocrx_word' id='word_1_378' title='bbox 1224 2482 1295 2534; x_wconf 89' lang='lat' dir='ltr'><strong>ita</strong></span> <span class='ocrx_word' id='word_1_379' title='bbox 1318 2481 1533 2550; x_wconf 84' lang='lat' dir='ltr'><strong>dicitur,</strong></span> <span class='ocrx_word' id='word_1_380' title='bbox 1569 2484 1615 2541; x_wconf 81' lang='lat' dir='ltr'><strong>si</strong></span> <span class='ocrx_word' id='word_1_381' title='bbox 1645 2486 1796 2549; x_wconf 89' lang='lat' dir='ltr'><strong>sita,</strong></span> <span class='ocrx_word' id='word_1_382' title='bbox 1827 2499 1938 2540; x_wconf 88' lang='lat' dir='ltr'><strong>non</strong></span> <span class='ocrx_word' id='word_1_383' title='bbox 1967 2486 2074 2541; x_wconf 88' lang='lat' dir='ltr'><strong>erit</strong></span> <span class='ocrx_word' id='word_1_384' title='bbox 2102 2487 2172 2552; x_wconf 86' lang='lat' dir='ltr'><strong>b;</strong></span> 
     </span>
    </p>
   </div>
   <div class='ocr_carea' id='block_1_42' title="bbox 583 2570 2175 2646">
    <p class='ocr_par' dir='ltr' id='par_1_42' title="bbox 583 2570 2175 2646">
     <span class='ocr_line' id='line_1_42' title="bbox 583 2570 2175 2646; baseline 0.007 -22"><span class='ocrx_word' id='word_1_385' title='bbox 583 2578 639 2624; x_wconf 90' lang='lat' dir='ltr'><strong>et</strong></span> <span class='ocrx_word' id='word_1_386' title='bbox 668 2570 713 2623; x_wconf 89' lang='lat' dir='ltr'><strong>si</strong></span> <span class='ocrx_word' id='word_1_387' title='bbox 734 2572 802 2625; x_wconf 89' lang='lat' dir='ltr'><strong>sit</strong></span> <span class='ocrx_word' id='word_1_388' title='bbox 823 2572 871 2634; x_wconf 74' lang='grc' dir='ltr'><strong>ό,</strong></span> <span class='ocrx_word' id='word_1_389' title='bbox 902 2585 1005 2625; x_wconf 82' lang='grc' dir='ltr'><strong>ιιοη</strong></span> <span class='ocrx_word' id='word_1_390' title='bbox 1046 2573 1147 2624; x_wconf 91' lang='lat' dir='ltr'><strong>erit</strong></span> <span class='ocrx_word' id='word_1_391' title='bbox 1174 2588 1227 2625; x_wconf 89' lang='lat' dir='ltr'><strong>a.</strong></span> <span class='ocrx_word' id='word_1_392' title='bbox 1260 2573 1387 2628; x_wconf 88' lang='lat' dir='ltr'><strong>Sive</strong></span> <span class='ocrx_word' id='word_1_393' title='bbox 1412 2585 1589 2630; x_wconf 87' lang='lat' dir='ltr'><strong>autem</strong></span> <span class='ocrx_word' id='word_1_394' title='bbox 1621 2592 1727 2634; x_wconf 88' lang='lat' dir='ltr'><strong>non</strong></span> <span class='ocrx_word' id='word_1_395' title='bbox 1769 2578 1841 2633; x_wconf 92' lang='lat' dir='ltr'><strong>sit</strong></span> <span class='ocrx_word' id='word_1_396' title='bbox 1867 2595 1922 2646; x_wconf 90' lang='lat' dir='ltr'><strong>a,</strong></span> <span class='ocrx_word' id='word_1_397' title='bbox 1948 2594 2055 2636; x_wconf 92' lang='lat' dir='ltr'><strong>non</strong></span> <span class='ocrx_word' id='word_1_398' title='bbox 2079 2595 2175 2635; x_wconf 88' lang='lat' dir='ltr'><strong>ne-</strong></span> 
     </span>
    </p>
   </div>
   <div class='ocr_carea' id='block_1_43' title="bbox 585 2658 2175 2739">
    <p class='ocr_par' dir='ltr' id='par_1_43' title="bbox 585 2658 2175 2739">
     <span class='ocr_line' id='line_1_43' title="bbox 585 2658 2175 2739; baseline 0.008 -27"><span class='ocrx_word' id='word_1_399' title='bbox 585 2672 738 2739; x_wconf 86' lang='lat' dir='ltr'><strong>cesse</strong></span> <span class='ocrx_word' id='word_1_400' title='bbox 783 2658 887 2713; x_wconf 89' lang='lat' dir='ltr'><strong>erit</strong></span> <span class='ocrx_word' id='word_1_401' title='bbox 909 2673 1029 2714; x_wconf 90' lang='lat' dir='ltr'><strong>esse</strong></span> <span class='ocrx_word' id='word_1_402' title='bbox 1060 2660 1141 2715; x_wconf 86' lang='lat' dir='ltr'><strong>vel</strong></span> <span class='ocrx_word' id='word_1_403' title='bbox 1183 2677 1286 2715; x_wconf 87' lang='lat' dir='ltr'><strong>non</strong></span> <span class='ocrx_word' id='word_1_404' title='bbox 1318 2677 1440 2718; x_wconf 90' lang='lat' dir='ltr'><strong>esse</strong></span> <span class='ocrx_word' id='word_1_405' title='bbox 1462 2663 1512 2717; x_wconf 73' lang='grc' dir='ltr'><strong>ὁ.</strong></span> <span class='ocrx_word' id='word_1_406' title='bbox 1555 2663 1687 2721; x_wconf 86' lang='lat' dir='ltr'><strong>Sive</strong></span> <span class='ocrx_word' id='word_1_407' title='bbox 1728 2681 1839 2723; x_wconf 86' lang='lat' dir='ltr'><strong>non</strong></span> <span class='ocrx_word' id='word_1_408' title='bbox 1880 2669 1956 2723; x_wconf 87' lang='lat' dir='ltr'><strong>sit</strong></span> <span class='ocrx_word' id='word_1_409' title='bbox 1984 2674 2035 2738; x_wconf 70' lang='lat' dir='ltr'><strong>to,</strong></span> <span class='ocrx_word' id='word_1_410' title='bbox 2066 2685 2175 2726; x_wconf 80' lang='lat' dir='ltr'><strong>non</strong></span> 
     </span>
    </p>
   </div>
   <div class='ocr_carea' id='block_1_44' title="bbox 584 2753 2175 2836">
    <p class='ocr_par' dir='ltr' id='par_1_44' title="bbox 584 2753 2175 2836">
     <span class='ocr_line' id='line_1_44' title="bbox 584 2753 2175 2836; baseline 0.011 -32"><span class='ocrx_word' id='word_1_411' title='bbox 584 2755 808 2807; x_wconf 83' lang='lat' dir='ltr'><strong>necesse</strong></span> <span class='ocrx_word' id='word_1_412' title='bbox 836 2753 938 2807; x_wconf 89' lang='lat' dir='ltr'><strong>erit</strong></span> <span class='ocrx_word' id='word_1_413' title='bbox 960 2769 1079 2809; x_wconf 88' lang='lat' dir='ltr'><strong>esse</strong></span> <span class='ocrx_word' id='word_1_414' title='bbox 1104 2756 1187 2810; x_wconf 91' lang='lat' dir='ltr'><strong>vel</strong></span> <span class='ocrx_word' id='word_1_415' title='bbox 1235 2772 1341 2812; x_wconf 88' lang='lat' dir='ltr'><strong>non</strong></span> <span class='ocrx_word' id='word_1_416' title='bbox 1368 2772 1489 2814; x_wconf 85' lang='lat' dir='ltr'><strong>esse</strong></span> <span class='ocrx_word' id='word_1_417' title='bbox 1508 2777 1561 2825; x_wconf 88' lang='lat' dir='ltr'><strong>a,</strong></span> <span class='ocrx_word' id='word_1_418' title='bbox 1584 2761 1731 2817; x_wconf 88' lang='lat' dir='ltr'><strong>velut</strong></span> <span class='ocrx_word' id='word_1_419' title='bbox 1757 2765 1811 2819; x_wconf 92' lang='lat' dir='ltr'><strong>in</strong></span> <span class='ocrx_word' id='word_1_420' title='bbox 1839 2763 1925 2818; x_wconf 84' lang='lat' dir='ltr'><strong>bis</strong></span> <span class='ocrx_word' id='word_1_421' title='bbox 1950 2774 2175 2836; x_wconf 85' lang='lat' dir='ltr'><strong>apparet</strong></span> 
     </span>
    </p>
   </div>
   <div class='ocr_carea' id='block_1_45' title="bbox 586 2844 2167 2925">
    <p class='ocr_par' dir='ltr' id='par_1_45' title="bbox 586 2844 2167 2925">
     <span class='ocr_line' id='line_1_45' title="bbox 586 2844 2167 2925; baseline 0.01 -28"><span class='ocrx_word' id='word_1_422' title='bbox 586 2844 871 2914; x_wconf 80' lang='lat' dir='ltr'><strong>exemplis.</strong></span> <span class='ocrx_word' id='word_1_423' title='bbox 912 2845 971 2901; x_wconf 92' lang='lat' dir='ltr'><strong>Si</strong></span> <span class='ocrx_word' id='word_1_424' title='bbox 1018 2846 1159 2901; x_wconf 90' lang='lat' dir='ltr'><strong>enim</strong></span> <span class='ocrx_word' id='word_1_425' title='bbox 1216 2848 1335 2917; x_wconf 89' lang='lat' dir='ltr'><strong>quis</strong></span> <span class='ocrx_word' id='word_1_426' title='bbox 1375 2850 1541 2921; x_wconf 84' lang='lat' dir='ltr'><strong>dicat,</strong></span> <span class='ocrx_word' id='word_1_427' title='bbox 1581 2859 1675 2907; x_wconf 92' lang='lat' dir='ltr'><strong>aut</strong></span> <span class='ocrx_word' id='word_1_428' title='bbox 1705 2868 1812 2908; x_wconf 89' lang='lat' dir='ltr'><strong>non</strong></span> <span class='ocrx_word' id='word_1_429' title='bbox 1852 2864 1934 2911; x_wconf 90' lang='lat' dir='ltr'><strong>est</strong></span> <span class='ocrx_word' id='word_1_430' title='bbox 1965 2859 2167 2925; x_wconf 75' lang='lat' dir='ltr'><strong>album,</strong></span> 
     </span>
    </p>
   </div>
   <div class='ocr_carea' id='block_1_46' title="bbox 583 2938 2168 3015">
    <p class='ocr_par' dir='ltr' id='par_1_46' title="bbox 583 2938 2168 3015">
     <span class='ocr_line' id='line_1_46' title="bbox 583 2938 2168 3015; baseline 0.009 -27"><span class='ocrx_word' id='word_1_431' title='bbox 583 2944 674 2988; x_wconf 90' lang='lat' dir='ltr'><strong>aut</strong></span> <span class='ocrx_word' id='word_1_432' title='bbox 702 2950 807 2989; x_wconf 87' lang='lat' dir='ltr'><strong>non</strong></span> <span class='ocrx_word' id='word_1_433' title='bbox 835 2945 918 2992; x_wconf 89' lang='lat' dir='ltr'><strong>est</strong></span> <span class='ocrx_word' id='word_1_434' title='bbox 960 2938 1190 3007; x_wconf 90' lang='lat' dir='ltr'><strong>nigrum,</strong></span> <span class='ocrx_word' id='word_1_435' title='bbox 1236 2940 1330 2994; x_wconf 89' lang='lat' dir='ltr'><strong>sed</strong></span> <span class='ocrx_word' id='word_1_436' title='bbox 1361 2953 1623 3011; x_wconf 83' lang='lat' dir='ltr'><strong>assumat,</strong></span> <span class='ocrx_word' id='word_1_437' title='bbox 1655 2945 1801 3015; x_wconf 86' lang='lat' dir='ltr'><strong>atqui</strong></span> <span class='ocrx_word' id='word_1_438' title='bbox 1848 2955 1933 3001; x_wconf 85' lang='lat' dir='ltr'><strong>est</strong></span> <span class='ocrx_word' id='word_1_439' title='bbox 1958 2947 2168 3013; x_wconf 88' lang='lat' dir='ltr'><strong>album,</strong></span> 
     </span>
    </p>
   </div>
   <div class='ocr_carea' id='block_1_47' title="bbox 580 3027 2169 3109">
    <p class='ocr_par' dir='ltr' id='par_1_47' title="bbox 580 3027 2169 3109">
     <span class='ocr_line' id='line_1_47' title="bbox 580 3027 2169 3109; baseline 0.008 -27"><span class='ocrx_word' id='word_1_440' title='bbox 580 3038 688 3082; x_wconf 88' lang='lat' dir='ltr'><strong>non</strong></span> <span class='ocrx_word' id='word_1_441' title='bbox 718 3028 820 3081; x_wconf 91' lang='lat' dir='ltr'><strong>erit</strong></span> <span class='ocrx_word' id='word_1_442' title='bbox 856 3027 1098 3097; x_wconf 89' lang='lat' dir='ltr'><strong>nigrum;</strong></span> <span class='ocrx_word' id='word_1_443' title='bbox 1130 3030 1212 3095; x_wconf 88' lang='lat' dir='ltr'><strong>vel</strong></span> <span class='ocrx_word' id='word_1_444' title='bbox 1238 3046 1448 3101; x_wconf 84' lang='lat' dir='ltr'><strong>rursus,</strong></span> <span class='ocrx_word' id='word_1_445' title='bbox 1479 3035 1627 3102; x_wconf 85' lang='lat' dir='ltr'><strong>atqui</strong></span> <span class='ocrx_word' id='word_1_446' title='bbox 1665 3046 1755 3092; x_wconf 89' lang='lat' dir='ltr'><strong>est</strong></span> <span class='ocrx_word' id='word_1_447' title='bbox 1788 3038 2023 3109; x_wconf 88' lang='lat' dir='ltr'><strong>nigrum,</strong></span> <span class='ocrx_word' id='word_1_448' title='bbox 2057 3057 2169 3097; x_wconf 91' lang='lat' dir='ltr'><strong>non</strong></span> 
     </span>
    </p>
   </div>
   <div class='ocr_carea' id='block_1_48' title="bbox 581 3117 2165 3203">
    <p class='ocr_par' dir='ltr' id='par_1_48' title="bbox 581 3117 2165 3203">
     <span class='ocr_line' id='line_1_48' title="bbox 581 3117 2165 3203; baseline 0.012 -32"><span class='ocrx_word' id='word_1_449' title='bbox 581 3117 683 3171; x_wconf 84' lang='lat' dir='ltr'><strong>erit</strong></span> <span class='ocrx_word' id='word_1_450' title='bbox 710 3117 911 3173; x_wconf 89' lang='lat' dir='ltr'><strong>album.</strong></span> <span class='ocrx_word' id='word_1_451' title='bbox 960 3119 1087 3176; x_wconf 89' lang='lat' dir='ltr'><strong>Sive</strong></span> <span class='ocrx_word' id='word_1_452' title='bbox 1130 3123 1307 3178; x_wconf 90' lang='lat' dir='ltr'><strong>album</strong></span> <span class='ocrx_word' id='word_1_453' title='bbox 1338 3141 1444 3180; x_wconf 89' lang='lat' dir='ltr'><strong>non</strong></span> <span class='ocrx_word' id='word_1_454' title='bbox 1485 3142 1605 3184; x_wconf 90' lang='lat' dir='ltr'><strong>esse</strong></span> <span class='ocrx_word' id='word_1_455' title='bbox 1646 3134 2024 3203; x_wconf 87' lang='lat' dir='ltr'><strong>assumpserit,</strong></span> <span class='ocrx_word' id='word_1_456' title='bbox 2056 3149 2165 3190; x_wconf 92' lang='lat' dir='ltr'><strong>non</strong></span> 
     </span>
    </p>
   </div>
   <div class='ocr_carea' id='block_1_49' title="bbox 581 3211 2250 3296">
    <p class='ocr_par' dir='ltr' id='par_1_49' title="bbox 581 3211 2250 3296">
     <span class='ocr_line' id='line_1_49' title="bbox 581 3211 2250 3296; baseline 0.01 -31"><span class='ocrx_word' id='word_1_457' title='bbox 581 3223 809 3266; x_wconf 86' lang='lat' dir='ltr'><strong>necesse</strong></span> <span class='ocrx_word' id='word_1_458' title='bbox 836 3211 940 3265; x_wconf 90' lang='lat' dir='ltr'><strong>erit</strong></span> <span class='ocrx_word' id='word_1_459' title='bbox 964 3226 1088 3268; x_wconf 89' lang='lat' dir='ltr'><strong>esse</strong></span> <span class='ocrx_word' id='word_1_460' title='bbox 1108 3215 1197 3279; x_wconf 86' lang='lat' dir='ltr'><strong>vel</strong></span> <span class='ocrx_word' id='word_1_461' title='bbox 1227 3229 1331 3269; x_wconf 90' lang='lat' dir='ltr'><strong>non</strong></span> <span class='ocrx_word' id='word_1_462' title='bbox 1360 3230 1481 3274; x_wconf 89' lang='lat' dir='ltr'><strong>esse</strong></span> <span class='ocrx_word' id='word_1_463' title='bbox 1530 3220 1775 3290; x_wconf 87' lang='lat' dir='ltr'><strong>nigrum;</strong></span> <span class='ocrx_word' id='word_1_464' title='bbox 1809 3222 1929 3278; x_wconf 88' lang='lat' dir='ltr'><strong>sive</strong></span> <span class='ocrx_word' id='word_1_465' title='bbox 1955 3226 2168 3295; x_wconf 86' lang='lat' dir='ltr'><strong>nigrum</strong></span> <span class='ocrx_word' id='word_1_466' title='bbox 2201 3231 2250 3296; x_wconf 67' lang='grc' dir='ltr'><strong>(ζ</strong></span> 
     </span>
    </p>
   </div>
   <div class='ocr_carea' id='block_1_50' title="bbox 578 3306 2171 3381">
    <p class='ocr_par' dir='ltr' id='par_1_50' title="bbox 578 3306 2171 3381">
     <span class='ocr_line' id='line_1_50' title="bbox 578 3306 2171 3381; baseline 0.011 -26"><span class='ocrx_word' id='word_1_467' title='bbox 578 3314 689 3355; x_wconf 80' lang='lat' dir='ltr'><strong>non</strong></span> <span class='ocrx_word' id='word_1_468' title='bbox 717 3316 836 3355; x_wconf 83' lang='lat' dir='ltr'><strong>esse</strong></span> <span class='ocrx_word' id='word_1_469' title='bbox 864 3306 1233 3373; x_wconf 88' lang='lat' dir='ltr'><strong>assumpserit,</strong></span> <span class='ocrx_word' id='word_1_470' title='bbox 1260 3314 1317 3359; x_wconf 92' lang='lat' dir='ltr'><strong>ut</strong></span> <span class='ocrx_word' id='word_1_471' title='bbox 1346 3306 1418 3362; x_wconf 89' lang='lat' dir='ltr'><strong>sit</strong></span> <span class='ocrx_word' id='word_1_472' title='bbox 1447 3310 1531 3364; x_wconf 88' lang='lat' dir='ltr'><strong>vel</strong></span> <span class='ocrx_word' id='word_1_473' title='bbox 1566 3325 1673 3365; x_wconf 90' lang='lat' dir='ltr'><strong>non</strong></span> <span class='ocrx_word' id='word_1_474' title='bbox 1701 3312 1773 3367; x_wconf 88' lang='lat' dir='ltr'><strong>sit</strong></span> <span class='ocrx_word' id='word_1_475' title='bbox 1804 3312 2011 3381; x_wconf 89' lang='lat' dir='ltr'><strong>album,</strong></span> <span class='ocrx_word' id='word_1_476' title='bbox 2044 3317 2171 3371; x_wconf 83' lang='lat' dir='ltr'><strong>nul-</strong></span> 
     </span>
    </p>
   </div>
   <div class='ocr_carea' id='block_1_51' title="bbox 579 3390 2166 3475">
    <p class='ocr_par' dir='ltr' id='par_1_51' title="bbox 579 3390 2166 3475">
     <span class='ocr_line' id='line_1_51' title="bbox 579 3390 2166 3475; baseline 0.009 -28"><span class='ocrx_word' id='word_1_477' title='bbox 579 3390 686 3447; x_wconf 84' lang='lat' dir='ltr'><strong>iam</strong></span> <span class='ocrx_word' id='word_1_478' title='bbox 711 3392 871 3447; x_wconf 82' lang='lat' dir='ltr'><strong>faciet</strong></span> <span class='ocrx_word' id='word_1_479' title='bbox 897 3396 1293 3465; x_wconf 74' lang='lat' dir='ltr'><strong>necessitatem.</strong></span> <span class='ocrx_word' id='word_1_480' title='bbox 1326 3397 1455 3453; x_wconf 88' lang='lat' dir='ltr'><strong>Item</strong></span> <span class='ocrx_word' id='word_1_481' title='bbox 1478 3414 1541 3454; x_wconf 87' lang='lat' dir='ltr'><strong>ea</strong></span> <span class='ocrx_word' id='word_1_482' title='bbox 1570 3402 1869 3470; x_wconf 86' lang='lat' dir='ltr'><strong>propositio</strong></span> <span class='ocrx_word' id='word_1_483' title='bbox 1890 3419 1985 3473; x_wconf 90' lang='lat' dir='ltr'><strong>per</strong></span> <span class='ocrx_word' id='word_1_484' title='bbox 2006 3422 2166 3475; x_wconf 89' lang='lat' dir='ltr'><strong>quam</strong></span> 
     </span>
    </p>
   </div>
   <div class='ocr_carea' id='block_1_52' title="bbox 576 3481 2171 3565">
    <p class='ocr_par' dir='ltr' id='par_1_52' title="bbox 576 3481 2171 3565">
     <span class='ocr_line' id='line_1_52' title="bbox 576 3481 2171 3565; baseline 0.012 -32"><span class='ocrx_word' id='word_1_485' title='bbox 576 3481 653 3537; x_wconf 82' lang='lat' dir='ltr'><strong>ita</strong></span> <span class='ocrx_word' id='word_1_486' title='bbox 685 3482 1017 3550; x_wconf 86' lang='lat' dir='ltr'><strong>preponitur,</strong></span> <span class='ocrx_word' id='word_1_487' title='bbox 1049 3496 1142 3540; x_wconf 87' lang='lat' dir='ltr'><strong>aut</strong></span> <span class='ocrx_word' id='word_1_488' title='bbox 1169 3494 1252 3542; x_wconf 87' lang='lat' dir='ltr'><strong>est</strong></span> <span class='ocrx_word' id='word_1_489' title='bbox 1280 3504 1335 3552; x_wconf 88' lang='lat' dir='ltr'><strong>a,</strong></span> <span class='ocrx_word' id='word_1_490' title='bbox 1370 3498 1465 3543; x_wconf 90' lang='lat' dir='ltr'><strong>aut</strong></span> <span class='ocrx_word' id='word_1_491' title='bbox 1486 3506 1593 3549; x_wconf 87' lang='lat' dir='ltr'><strong>non</strong></span> <span class='ocrx_word' id='word_1_492' title='bbox 1618 3502 1703 3547; x_wconf 88' lang='lat' dir='ltr'><strong>est</strong></span> <span class='ocrx_word' id='word_1_493' title='bbox 1743 3493 1792 3560; x_wconf 73' lang='grc' dir='ltr'><strong>ὁ,</strong></span> <span class='ocrx_word' id='word_1_494' title='bbox 1827 3494 2023 3551; x_wconf 89' lang='lat' dir='ltr'><strong>dicitur</strong></span> <span class='ocrx_word' id='word_1_495' title='bbox 2050 3499 2171 3565; x_wconf 90' lang='lat' dir='ltr'><strong>qui-</strong></span> 
     </span>
    </p>
   </div>
   <div class='ocr_carea' id='block_1_53' title="bbox 578 3572 2170 3655">
    <p class='ocr_par' dir='ltr' id='par_1_53' title="bbox 578 3572 2170 3655">
     <span class='ocr_line' id='line_1_53' title="bbox 578 3572 2170 3655; baseline 0.01 -27"><span class='ocrx_word' id='word_1_496' title='bbox 578 3572 698 3628; x_wconf 88' lang='lat' dir='ltr'><strong>dem</strong></span> <span class='ocrx_word' id='word_1_497' title='bbox 730 3573 798 3629; x_wconf 91' lang='lat' dir='ltr'><strong>de</strong></span> <span class='ocrx_word' id='word_1_498' title='bbox 819 3574 1033 3651; x_wconf 86' lang='lat' dir='ltr'><strong>sibimet</strong></span> <span class='ocrx_word' id='word_1_499' title='bbox 1056 3576 1475 3648; x_wconf 67' lang='lat' dir='ltr'><strong>adhmrentibns,</strong></span> <span class='ocrx_word' id='word_1_500' title='bbox 1519 3584 1951 3655; x_wconf 88' lang='lat' dir='ltr'><strong>proponiturque</strong></span> <span class='ocrx_word' id='word_1_501' title='bbox 1984 3587 2037 3643; x_wconf 91' lang='lat' dir='ltr'><strong>in</strong></span> <span class='ocrx_word' id='word_1_502' title='bbox 2084 3589 2170 3645; x_wconf 89' lang='lat' dir='ltr'><strong>his</strong></span> 
     </span>
    </p>
   </div>
   <div class='ocr_carea' id='block_1_54' title="bbox 577 3664 2169 3737">
    <p class='ocr_par' dir='ltr' id='par_1_54' title="bbox 577 3664 2169 3737">
     <span class='ocr_line' id='line_1_54' title="bbox 577 3664 2169 3737; baseline 0.009 -18"><span class='ocrx_word' id='word_1_503' title='bbox 577 3664 1040 3734; x_wconf 80' lang='lat' dir='ltr'><strong>propositionibus</strong></span> <span class='ocrx_word' id='word_1_504' title='bbox 1084 3682 1204 3736; x_wconf 68' lang='lat' dir='ltr'><strong>qua:</strong></span> <span class='ocrx_word' id='word_1_505' title='bbox 1241 3668 1310 3723; x_wconf 88' lang='lat' dir='ltr'><strong>de</strong></span> <span class='ocrx_word' id='word_1_506' title='bbox 1348 3669 1640 3737; x_wconf 87' lang='lat' dir='ltr'><strong>majoribus</strong></span> <span class='ocrx_word' id='word_1_507' title='bbox 1693 3674 1763 3727; x_wconf 88' lang='lat' dir='ltr'><strong>ad</strong></span> <span class='ocrx_word' id='word_1_508' title='bbox 1795 3675 2003 3731; x_wconf 88' lang='lat' dir='ltr'><strong>minora</strong></span> <span class='ocrx_word' id='word_1_509' title='bbox 2050 3686 2169 3735; x_wconf 89' lang='lat' dir='ltr'><strong>ten-</strong></span> 
     </span>
    </p>
   </div>
   <div class='ocr_carea' id='block_1_55' title="bbox 578 3755 2171 3837">
    <p class='ocr_par' dir='ltr' id='par_1_55' title="bbox 578 3755 2171 3837">
     <span class='ocr_line' id='line_1_55' title="bbox 578 3755 2171 3837; baseline 0.009 -25"><span class='ocrx_word' id='word_1_510' title='bbox 578 3757 735 3824; x_wconf 86' lang='lat' dir='ltr'><strong>dunt,</strong></span> <span class='ocrx_word' id='word_1_511' title='bbox 783 3755 1084 3827; x_wconf 90' lang='lat' dir='ltr'><strong>similisque</strong></span> <span class='ocrx_word' id='word_1_512' title='bbox 1126 3769 1210 3815; x_wconf 89' lang='lat' dir='ltr'><strong>est</strong></span> <span class='ocrx_word' id='word_1_513' title='bbox 1256 3759 1306 3813; x_wconf 93' lang='lat' dir='ltr'><strong>ei</strong></span> <span class='ocrx_word' id='word_1_514' title='bbox 1358 3764 1713 3830; x_wconf 88' lang='lat' dir='ltr'><strong>propositioni</strong></span> <span class='ocrx_word' id='word_1_515' title='bbox 1745 3780 2007 3824; x_wconf 64' lang='lat' dir='ltr'><strong>connexus</strong></span> <span class='ocrx_word' id='word_1_516' title='bbox 2048 3784 2171 3837; x_wconf 67' lang='lat' dir='ltr'><strong>quae</strong></span> 
     </span>
    </p>
   </div>
   <div class='ocr_carea' id='block_1_56' title="bbox 578 3848 2168 3929">
    <p class='ocr_par' dir='ltr' id='par_1_56' title="bbox 578 3848 2168 3929">
     <span class='ocr_line' id='line_1_56' title="bbox 578 3848 2168 3929; baseline 0.006 -23"><span class='ocrx_word' id='word_1_517' title='bbox 578 3848 839 3914; x_wconf 81' lang='lat' dir='ltr'><strong>enuntiat,</strong></span> <span class='ocrx_word' id='word_1_518' title='bbox 867 3849 915 3904; x_wconf 91' lang='lat' dir='ltr'><strong>si</strong></span> <span class='ocrx_word' id='word_1_519' title='bbox 943 3864 1051 3904; x_wconf 91' lang='lat' dir='ltr'><strong>non</strong></span> <span class='ocrx_word' id='word_1_520' title='bbox 1073 3860 1155 3906; x_wconf 90' lang='lat' dir='ltr'><strong>est</strong></span> <span class='ocrx_word' id='word_1_521' title='bbox 1182 3868 1242 3917; x_wconf 88' lang='lat' dir='ltr'><strong>a,</strong></span> <span class='ocrx_word' id='word_1_522' title='bbox 1281 3867 1387 3906; x_wconf 91' lang='lat' dir='ltr'><strong>non</strong></span> <span class='ocrx_word' id='word_1_523' title='bbox 1429 3863 1514 3908; x_wconf 90' lang='lat' dir='ltr'><strong>est</strong></span> <span class='ocrx_word' id='word_1_524' title='bbox 1533 3853 1583 3907; x_wconf 74' lang='grc' dir='ltr'><strong>ὁ.</strong></span> <span class='ocrx_word' id='word_1_525' title='bbox 1614 3855 1745 3910; x_wconf 87' lang='lat' dir='ltr'><strong>Nam</strong></span> <span class='ocrx_word' id='word_1_526' title='bbox 1786 3858 1832 3912; x_wconf 88' lang='lat' dir='ltr'><strong>si</strong></span> <span class='ocrx_word' id='word_1_527' title='bbox 1863 3860 1987 3929; x_wconf 90' lang='lat' dir='ltr'><strong>quis</strong></span> <span class='ocrx_word' id='word_1_528' title='bbox 2010 3860 2168 3929; x_wconf 84' lang='lat' dir='ltr'><strong>dicit,</strong></span> 
     </span>
    </p>
   </div>
   <div class='ocr_carea' id='block_1_57' title="bbox 576 3942 2162 4021">
    <p class='ocr_par' dir='ltr' id='par_1_57' title="bbox 576 3942 2162 4021">
     <span class='ocr_line' id='line_1_57' title="bbox 576 3942 2162 4021; baseline 0.008 -25"><span class='ocrx_word' id='word_1_529' title='bbox 576 3949 670 3997; x_wconf 80' lang='lat' dir='ltr'><strong>aut</strong></span> <span class='ocrx_word' id='word_1_530' title='bbox 711 3949 795 3999; x_wconf 90' lang='lat' dir='ltr'><strong>est</strong></span> <span class='ocrx_word' id='word_1_531' title='bbox 823 3958 874 4007; x_wconf 90' lang='lat' dir='ltr'><strong>a,</strong></span> <span class='ocrx_word' id='word_1_532' title='bbox 915 3949 1009 3996; x_wconf 90' lang='lat' dir='ltr'><strong>aut</strong></span> <span class='ocrx_word' id='word_1_533' title='bbox 1035 3958 1141 3998; x_wconf 91' lang='lat' dir='ltr'><strong>non</strong></span> <span class='ocrx_word' id='word_1_534' title='bbox 1188 3942 1237 4021; x_wconf 84' lang='lat' dir='ltr'><strong>b_,</strong></span> <span class='ocrx_word' id='word_1_535' title='bbox 1280 3944 1325 3998; x_wconf 91' lang='lat' dir='ltr'><strong>si</strong></span> <span class='ocrx_word' id='word_1_536' title='bbox 1357 3956 1616 4013; x_wconf 87' lang='lat' dir='ltr'><strong>assumat,</strong></span> <span class='ocrx_word' id='word_1_537' title='bbox 1664 3950 1812 4018; x_wconf 88' lang='lat' dir='ltr'><strong>atqui</strong></span> <span class='ocrx_word' id='word_1_538' title='bbox 1848 3965 1964 4006; x_wconf 84' lang='lat' dir='ltr'><strong>non</strong></span> <span class='ocrx_word' id='word_1_539' title='bbox 1998 3962 2083 4008; x_wconf 90' lang='lat' dir='ltr'><strong>est</strong></span> <span class='ocrx_word' id='word_1_540' title='bbox 2111 3971 2162 4021; x_wconf 89' lang='lat' dir='ltr'><strong>a,</strong></span> 
     </span>
    </p>
   </div>
   <div class='ocr_carea' id='block_1_58' title="bbox 575 4018 2168 4117">
    <p class='ocr_par' dir='ltr' id='par_1_58' title="bbox 575 4018 2168 4117">
     <span class='ocr_line' id='line_1_58' title="bbox 575 4018 2168 4117; baseline 0.007 -24"><span class='ocrx_word' id='word_1_541' title='bbox 575 4035 756 4093; x_wconf 88' lang='lat' dir='ltr'><strong>modis</strong></span> <span class='ocrx_word' id='word_1_542' title='bbox 784 4035 1032 4090; x_wconf 92' lang='lat' dir='ltr'><strong>omnibus</strong></span> <span class='ocrx_word' id='word_1_543' title='bbox 1071 4050 1177 4090; x_wconf 91' lang='lat' dir='ltr'><strong>non</strong></span> <span class='ocrx_word' id='word_1_544' title='bbox 1206 4018 1310 4092; x_wconf 73' lang='lat' dir='ltr'><strong>erit</strong></span> <span class='ocrx_word' id='word_1_545' title='bbox 1334 4036 1383 4093; x_wconf 89' lang='lat' dir='ltr'><strong>b.</strong></span> <span class='ocrx_word' id='word_1_546' title='bbox 1416 4038 1474 4095; x_wconf 89' lang='lat' dir='ltr'><strong>Si</strong></span> <span class='ocrx_word' id='word_1_547' title='bbox 1505 4039 1667 4111; x_wconf 84' lang='lat' dir='ltr'><strong>igitur</strong></span> <span class='ocrx_word' id='word_1_548' title='bbox 1706 4056 1812 4097; x_wconf 90' lang='lat' dir='ltr'><strong>non</strong></span> <span class='ocrx_word' id='word_1_549' title='bbox 1868 4044 1939 4099; x_wconf 87' lang='lat' dir='ltr'><strong>sit</strong></span> <span class='ocrx_word' id='word_1_550' title='bbox 1970 4062 2022 4117; x_wconf 90' lang='lat' dir='ltr'><strong>a,</strong></span> <span class='ocrx_word' id='word_1_551' title='bbox 2057 4018 2168 4105; x_wconf 82' lang='lat' dir='ltr'><strong>non</strong></span> 
     </span>
    </p>
   </div>
   <div class='ocr_carea' id='block_1_59' title="bbox 577 4124 2167 4203">
    <p class='ocr_par' dir='ltr' id='par_1_59' title="bbox 577 4124 2167 4203">
     <span class='ocr_line' id='line_1_59' title="bbox 577 4124 2167 4203; baseline 0.006 -18"><span class='ocrx_word' id='word_1_552' title='bbox 577 4130 682 4185; x_wconf 85' lang='lat' dir='ltr'><strong>erit</strong></span> <span class='ocrx_word' id='word_1_553' title='bbox 711 4127 761 4183; x_wconf 87' lang='lat' dir='ltr'><strong>b.</strong></span> <span class='ocrx_word' id='word_1_554' title='bbox 802 4124 857 4181; x_wconf 84' lang='lat' dir='ltr'><strong>id</strong></span> <span class='ocrx_word' id='word_1_555' title='bbox 885 4130 1029 4183; x_wconf 91' lang='lat' dir='ltr'><strong>enim</strong></span> <span class='ocrx_word' id='word_1_556' title='bbox 1065 4128 1179 4184; x_wconf 81' lang='lat' dir='ltr'><strong>haec</strong></span> <span class='ocrx_word' id='word_1_557' title='bbox 1211 4130 1501 4198; x_wconf 86' lang='lat' dir='ltr'><strong>disjunctio</strong></span> <span class='ocrx_word' id='word_1_558' title='bbox 1532 4134 1916 4203; x_wconf 72' lang='lat' dir='ltr'><strong>prmmittehat,</strong></span> <span class='ocrx_word' id='word_1_559' title='bbox 1965 4138 2020 4192; x_wconf 91' lang='lat' dir='ltr'><strong>in</strong></span> <span class='ocrx_word' id='word_1_560' title='bbox 2064 4140 2167 4195; x_wconf 89' lang='lat' dir='ltr'><strong>hac</strong></span> 
     </span>
    </p>
   </div>
   <div class='ocr_carea' id='block_1_60' title="bbox 577 4221 2169 4296">
    <p class='ocr_par' dir='ltr' id='par_1_60' title="bbox 577 4221 2169 4296">
     <span class='ocr_line' id='line_1_60' title="bbox 577 4221 2169 4296; baseline 0.006 -18"><span class='ocrx_word' id='word_1_561' title='bbox 577 4234 707 4278; x_wconf 83' lang='lat' dir='ltr'><strong>vero</strong></span> <span class='ocrx_word' id='word_1_562' title='bbox 729 4221 988 4294; x_wconf 84' lang='lat' dir='ltr'><strong>siquidem</strong></span> <span class='ocrx_word' id='word_1_563' title='bbox 1016 4239 1048 4275; x_wconf 89' lang='lat' dir='ltr'><strong>a</strong></span> <span class='ocrx_word' id='word_1_564' title='bbox 1079 4233 1380 4293; x_wconf 85' lang='lat' dir='ltr'><strong>negaretur,</strong></span> <span class='ocrx_word' id='word_1_565' title='bbox 1412 4226 1499 4282; x_wconf 89' lang='lat' dir='ltr'><strong>vel</strong></span> <span class='ocrx_word' id='word_1_566' title='bbox 1524 4226 1888 4284; x_wconf 77' lang='lat' dir='ltr'><strong>affirmaretur</strong></span> <span class='ocrx_word' id='word_1_567' title='bbox 1911 4230 1961 4296; x_wconf 89' lang='lat' dir='ltr'><strong>b,</strong></span> <span class='ocrx_word' id='word_1_568' title='bbox 2001 4230 2169 4287; x_wconf 84' lang='lat' dir='ltr'><strong>ﬁebat</strong></span> 
     </span>
    </p>
   </div>
   <div class='ocr_carea' id='block_1_61' title="bbox 583 4313 2167 4389">
    <p class='ocr_par' dir='ltr' id='par_1_61' title="bbox 583 4313 2167 4389">
     <span class='ocr_line' id='line_1_61' title="bbox 583 4313 2167 4389; baseline 0.008 -21"><span class='ocrx_word' id='word_1_569' title='bbox 583 4313 776 4385; x_wconf 82' lang='lat' dir='ltr'><strong>aliquis</strong></span> <span class='ocrx_word' id='word_1_570' title='bbox 798 4314 1157 4385; x_wconf 83' lang='lat' dir='ltr'><strong>syllogismus.</strong></span> <span class='ocrx_word' id='word_1_571' title='bbox 1185 4316 1309 4371; x_wconf 86' lang='lat' dir='ltr'><strong>Sive</strong></span> <span class='ocrx_word' id='word_1_572' title='bbox 1328 4325 1505 4373; x_wconf 88' lang='lat' dir='ltr'><strong>autem</strong></span> <span class='ocrx_word' id='word_1_573' title='bbox 1526 4334 1557 4372; x_wconf 92' lang='lat' dir='ltr'><strong>a</strong></span> <span class='ocrx_word' id='word_1_574' title='bbox 1580 4318 1966 4389; x_wconf 81' lang='lat' dir='ltr'><strong>afﬁrmaretur,</strong></span> <span class='ocrx_word' id='word_1_575' title='bbox 2001 4324 2116 4379; x_wconf 90' lang='lat' dir='ltr'><strong>sive</strong></span> <span class='ocrx_word' id='word_1_576' title='bbox 2136 4325 2167 4381; x_wconf 75' lang='grc' dir='ltr'><strong>ὁ</strong></span> 
     </span>
    </p>
   </div>
   <div class='ocr_carea' id='block_1_62' title="bbox 577 4396 2167 4476">
    <p class='ocr_par' dir='ltr' id='par_1_62' title="bbox 577 4396 2167 4476">
     <span class='ocr_line' id='line_1_62' title="bbox 577 4396 2167 4476; baseline 0.009 -16"><span class='ocrx_word' id='word_1_577' title='bbox 577 4416 883 4476; x_wconf 80' lang='lat' dir='ltr'><strong>negaretur,</strong></span> <span class='ocrx_word' id='word_1_578' title='bbox 905 4396 1047 4461; x_wconf 84' lang='lat' dir='ltr'><strong>nulla</strong></span> <span class='ocrx_word' id='word_1_579' title='bbox 1069 4416 1184 4463; x_wconf 86' lang='lat' dir='ltr'><strong>erat</strong></span> <span class='ocrx_word' id='word_1_580' title='bbox 1205 4410 1257 4464; x_wconf 92' lang='lat' dir='ltr'><strong>in</strong></span> <span class='ocrx_word' id='word_1_581' title='bbox 1282 4411 1629 4467; x_wconf 87' lang='lat' dir='ltr'><strong>conclusione</strong></span> <span class='ocrx_word' id='word_1_582' title='bbox 1651 4415 1947 4470; x_wconf 88' lang='lat' dir='ltr'><strong>necessitas</strong></span> <span class='ocrx_word' id='word_1_583' title='bbox 1976 4435 1990 4471; x_wconf 89' lang='lat'>:</span> <span class='ocrx_word' id='word_1_584' title='bbox 2018 4419 2167 4475; x_wconf 88' lang='lat' dir='ltr'><strong>idem</strong></span> 
     </span>
    </p>
   </div>
   <div class='ocr_carea' id='block_1_63' title="bbox 575 4499 2165 4575">
    <p class='ocr_par' dir='ltr' id='par_1_63' title="bbox 575 4499 2165 4575">
     <span class='ocr_line' id='line_1_63' title="bbox 575 4499 2165 4575; baseline 0.011 -26"><span class='ocrx_word' id='word_1_585' title='bbox 575 4499 822 4565; x_wconf 86' lang='lat' dir='ltr'><strong>provenit</strong></span> <span class='ocrx_word' id='word_1_586' title='bbox 864 4501 917 4552; x_wconf 89' lang='lat' dir='ltr'><strong>iu</strong></span> <span class='ocrx_word' id='word_1_587' title='bbox 962 4499 1297 4569; x_wconf 70' lang='lat' dir='ltr'><strong>disjunctiva.</strong></span> <span class='ocrx_word' id='word_1_588' title='bbox 1344 4502 1478 4557; x_wconf 86' lang='lat' dir='ltr'><strong>Nam</strong></span> <span class='ocrx_word' id='word_1_589' title='bbox 1507 4518 1627 4559; x_wconf 92' lang='lat' dir='ltr'><strong>cum</strong></span> <span class='ocrx_word' id='word_1_590' title='bbox 1658 4508 1975 4574; x_wconf 84' lang='lat' dir='ltr'><strong>proponitur</strong></span> <span class='ocrx_word' id='word_1_591' title='bbox 2000 4549 2016 4575; x_wconf 90' lang='lat'><strong>,</strong></span> <span class='ocrx_word' id='word_1_592' title='bbox 2071 4519 2165 4566; x_wconf 89' lang='lat' dir='ltr'><strong>aut</strong></span> 
     </span>
    </p>
   </div>
   <div class='ocr_carea' id='block_1_64' title="bbox 577 4595 2160 4671">
    <p class='ocr_par' dir='ltr' id='par_1_64' title="bbox 577 4595 2160 4671">
     <span class='ocr_line' id='line_1_64' title="bbox 577 4595 2160 4671; baseline 0.011 -28"><span class='ocrx_word' id='word_1_593' title='bbox 577 4598 663 4671; x_wconf 84' lang='lat' dir='ltr'><strong>est</strong></span> <span class='ocrx_word' id='word_1_594' title='bbox 689 4607 739 4654; x_wconf 88' lang='lat' dir='ltr'><strong>a,</strong></span> <span class='ocrx_word' id='word_1_595' title='bbox 771 4599 861 4644; x_wconf 88' lang='lat' dir='ltr'><strong>aut</strong></span> <span class='ocrx_word' id='word_1_596' title='bbox 892 4607 996 4647; x_wconf 91' lang='lat' dir='ltr'><strong>non</strong></span> <span class='ocrx_word' id='word_1_597' title='bbox 1025 4603 1106 4649; x_wconf 89' lang='lat' dir='ltr'><strong>est</strong></span> <span class='ocrx_word' id='word_1_598' title='bbox 1134 4595 1185 4661; x_wconf 75' lang='grc' dir='ltr'><strong>ὁ,</strong></span> <span class='ocrx_word' id='word_1_599' title='bbox 1229 4596 1490 4667; x_wconf 88' lang='lat' dir='ltr'><strong>siquidem</strong></span> <span class='ocrx_word' id='word_1_600' title='bbox 1519 4613 1624 4653; x_wconf 91' lang='lat' dir='ltr'><strong>non</strong></span> <span class='ocrx_word' id='word_1_601' title='bbox 1652 4599 1725 4654; x_wconf 91' lang='lat' dir='ltr'><strong>sit</strong></span> <span class='ocrx_word' id='word_1_602' title='bbox 1750 4616 1802 4668; x_wconf 82' lang='grc' dir='ltr'><strong>α,</strong></span> <span class='ocrx_word' id='word_1_603' title='bbox 1837 4617 1945 4658; x_wconf 89' lang='lat' dir='ltr'><strong>non</strong></span> <span class='ocrx_word' id='word_1_604' title='bbox 1978 4603 2081 4659; x_wconf 90' lang='lat' dir='ltr'><strong>erit</strong></span> <span class='ocrx_word' id='word_1_605' title='bbox 2106 4604 2160 4659; x_wconf 87' lang='lat' dir='ltr'><strong>b.</strong></span> 
     </span>
    </p>
   </div>
   <div class='ocr_carea' id='block_1_65' title="bbox 577 4678 2159 4765">
    <p class='ocr_par' dir='ltr' id='par_1_65' title="bbox 577 4678 2159 4765">
     <span class='ocr_line' id='line_1_65' title="bbox 577 4678 2159 4765; baseline 0.008 -26"><span class='ocrx_word' id='word_1_606' title='bbox 577 4678 636 4739; x_wconf 79' lang='lat' dir='ltr'><strong>Si</strong></span> <span class='ocrx_word' id='word_1_607' title='bbox 670 4697 796 4737; x_wconf 90' lang='lat' dir='ltr'><strong>vero</strong></span> <span class='ocrx_word' id='word_1_608' title='bbox 826 4683 893 4738; x_wconf 89' lang='lat' dir='ltr'><strong>sit</strong></span> <span class='ocrx_word' id='word_1_609' title='bbox 935 4684 1000 4753; x_wconf 77' lang='grc' dir='ltr'><strong>ὁ,</strong></span> <span class='ocrx_word' id='word_1_610' title='bbox 1042 4688 1143 4741; x_wconf 89' lang='lat' dir='ltr'><strong>erit</strong></span> <span class='ocrx_word' id='word_1_611' title='bbox 1170 4704 1242 4753; x_wconf 87' lang='lat' dir='ltr'><strong>a;</strong></span> <span class='ocrx_word' id='word_1_612' title='bbox 1288 4690 1428 4759; x_wconf 87' lang='lat' dir='ltr'><strong>quod</strong></span> <span class='ocrx_word' id='word_1_613' title='bbox 1475 4692 1519 4745; x_wconf 87' lang='lat' dir='ltr'><strong>si</strong></span> <span class='ocrx_word' id='word_1_614' title='bbox 1549 4692 1619 4747; x_wconf 86' lang='lat' dir='ltr'><strong>sit</strong></span> <span class='ocrx_word' id='word_1_615' title='bbox 1657 4710 1718 4759; x_wconf 92' lang='lat' dir='ltr'><strong>a,</strong></span> <span class='ocrx_word' id='word_1_616' title='bbox 1752 4694 1837 4750; x_wconf 90' lang='lat' dir='ltr'><strong>vel</strong></span> <span class='ocrx_word' id='word_1_617' title='bbox 1868 4710 1973 4751; x_wconf 89' lang='lat' dir='ltr'><strong>non</strong></span> <span class='ocrx_word' id='word_1_618' title='bbox 2003 4698 2074 4751; x_wconf 88' lang='lat' dir='ltr'><strong>sit</strong></span> <span class='ocrx_word' id='word_1_619' title='bbox 2100 4698 2159 4765; x_wconf 89' lang='lat' dir='ltr'><strong>b,</strong></span> 
     </span>
    </p>
   </div>
   <div class='ocr_carea' id='block_1_66' title="bbox 2285 1916 3871 1986">
    <p class='ocr_par' dir='ltr' id='par_1_66' title="bbox 2285 1916 3871 1986">
     <span class='ocr_line' id='line_1_66' title="bbox 2285 1916 3871 1986; baseline 0.001 -13"><span class='ocrx_word' id='word_1_620' title='bbox 2285 1935 2396 1977; x_wconf 87' lang='lat' dir='ltr'><strong>non</strong></span> <span class='ocrx_word' id='word_1_621' title='bbox 2422 1928 2503 1975; x_wconf 88' lang='lat' dir='ltr'><strong>est</strong></span> <span class='ocrx_word' id='word_1_622' title='bbox 2523 1934 2577 1982; x_wconf 83' lang='grc' dir='ltr'><strong>α,</strong></span> <span class='ocrx_word' id='word_1_623' title='bbox 2606 1927 2703 1975; x_wconf 87' lang='lat' dir='ltr'><strong>aut</strong></span> <span class='ocrx_word' id='word_1_624' title='bbox 2725 1926 2811 1973; x_wconf 88' lang='lat' dir='ltr'><strong>est</strong></span> <span class='ocrx_word' id='word_1_625' title='bbox 2834 1917 2885 1984; x_wconf 85' lang='lat' dir='ltr'><strong>b,</strong></span> <span class='ocrx_word' id='word_1_626' title='bbox 2914 1916 3179 1986; x_wconf 82' lang='lat' dir='ltr'><strong>siquidem</strong></span> <span class='ocrx_word' id='word_1_627' title='bbox 3201 1917 3369 1972; x_wconf 81' lang='lat' dir='ltr'><strong>fuerit</strong></span> <span class='ocrx_word' id='word_1_628' title='bbox 3390 1933 3443 1981; x_wconf 88' lang='lat' dir='ltr'><strong>a,</strong></span> <span class='ocrx_word' id='word_1_629' title='bbox 3476 1917 3655 1986; x_wconf 82' lang='lat' dir='ltr'><strong>eritb;</strong></span> <span class='ocrx_word' id='word_1_630' title='bbox 3687 1918 3733 1972; x_wconf 84' lang='lat' dir='ltr'><strong>si</strong></span> <span class='ocrx_word' id='word_1_631' title='bbox 3755 1933 3871 1975; x_wconf 75' lang='lat' dir='ltr'><strong>non</strong></span> 
     </span>
    </p>
   </div>
   <div class='ocr_carea' id='block_1_67' title="bbox 2281 2008 3860 2078">
    <p class='ocr_par' dir='ltr' id='par_1_67' title="bbox 2281 2008 3860 2078">
     <span class='ocr_line' id='line_1_67' title="bbox 2281 2008 3860 2078; baseline -0.001 -13"><span class='ocrx_word' id='word_1_632' title='bbox 2281 2010 2443 2070; x_wconf 77' lang='lat' dir='ltr'><strong>fuerit</strong></span> <span class='ocrx_word' id='word_1_633' title='bbox 2470 2010 2520 2074; x_wconf 78' lang='grc' dir='ltr'><strong>ὸ,</strong></span> <span class='ocrx_word' id='word_1_634' title='bbox 2551 2024 2656 2067; x_wconf 85' lang='lat' dir='ltr'><strong>non</strong></span> <span class='ocrx_word' id='word_1_635' title='bbox 2681 2008 2785 2065; x_wconf 86' lang='lat' dir='ltr'><strong>erit</strong></span> <span class='ocrx_word' id='word_1_636' title='bbox 2810 2024 2862 2064; x_wconf 81' lang='grc' dir='ltr'><strong>ιι.</strong></span> <span class='ocrx_word' id='word_1_637' title='bbox 2896 2009 3225 2069; x_wconf 78' lang='lat' dir='ltr'><strong>Siveaulem</strong></span> <span class='ocrx_word' id='word_1_638' title='bbox 3254 2024 3361 2063; x_wconf 92' lang='lat' dir='ltr'><strong>non</strong></span> <span class='ocrx_word' id='word_1_639' title='bbox 3391 2010 3461 2075; x_wconf 87' lang='lat' dir='ltr'><strong>sit</strong></span> <span class='ocrx_word' id='word_1_640' title='bbox 3491 2026 3543 2074; x_wconf 88' lang='lat' dir='ltr'><strong>a,</strong></span> <span class='ocrx_word' id='word_1_641' title='bbox 3568 2010 3681 2065; x_wconf 89' lang='lat' dir='ltr'><strong>sive</strong></span> <span class='ocrx_word' id='word_1_642' title='bbox 3705 2012 3775 2064; x_wconf 89' lang='lat' dir='ltr'><strong>sit</strong></span> <span class='ocrx_word' id='word_1_643' title='bbox 3797 2011 3860 2078; x_wconf 83' lang='lat' dir='ltr'><strong>b,</strong></span> 
     </span>
    </p>
   </div>
   <div class='ocr_carea' id='block_1_68' title="bbox 2280 2099 3867 2170">
    <p class='ocr_par' dir='ltr' id='par_1_68' title="bbox 2280 2099 3867 2170">
     <span class='ocr_line' id='line_1_68' title="bbox 2280 2099 3867 2170; baseline -0.001 -11"><span class='ocrx_word' id='word_1_644' title='bbox 2280 2102 2430 2159; x_wconf 84' lang='lat' dir='ltr'><strong>nulla</strong></span> <span class='ocrx_word' id='word_1_645' title='bbox 2468 2110 2553 2156; x_wconf 84' lang='lat' dir='ltr'><strong>est</strong></span> <span class='ocrx_word' id='word_1_646' title='bbox 2577 2102 2871 2158; x_wconf 82' lang='lat' dir='ltr'><strong>necessitas</strong></span> <span class='ocrx_word' id='word_1_647' title='bbox 2901 2099 3218 2170; x_wconf 82' lang='lat' dir='ltr'><strong>syllogismi,</strong></span> <span class='ocrx_word' id='word_1_648' title='bbox 3262 2111 3321 2155; x_wconf 89' lang='lat' dir='ltr'><strong>ut</strong></span> <span class='ocrx_word' id='word_1_649' title='bbox 3348 2101 3400 2155; x_wconf 92' lang='lat' dir='ltr'><strong>in</strong></span> <span class='ocrx_word' id='word_1_650' title='bbox 3430 2101 3534 2156; x_wconf 89' lang='lat' dir='ltr'><strong>hoc</strong></span> <span class='ocrx_word' id='word_1_651' title='bbox 3560 2101 3867 2159; x_wconf 79' lang='lat' dir='ltr'><strong>declaratur</strong></span> 
     </span>
    </p>
   </div>
   <div class='ocr_carea' id='block_1_69' title="bbox 2280 2193 3867 2265">
    <p class='ocr_par' dir='ltr' id='par_1_69' title="bbox 2280 2193 3867 2265">
     <span class='ocr_line' id='line_1_69' title="bbox 2280 2193 3867 2265; baseline 0 -14"><span class='ocrx_word' id='word_1_652' title='bbox 2280 2195 2551 2265; x_wconf 78' lang='lat' dir='ltr'><strong>exemplo,</strong></span> <span class='ocrx_word' id='word_1_653' title='bbox 2586 2203 2680 2253; x_wconf 83' lang='lat' dir='ltr'><strong>aut</strong></span> <span class='ocrx_word' id='word_1_654' title='bbox 2702 2208 2807 2251; x_wconf 91' lang='lat' dir='ltr'><strong>non</strong></span> <span class='ocrx_word' id='word_1_655' title='bbox 2829 2203 2912 2250; x_wconf 85' lang='lat' dir='ltr'><strong>est</strong></span> <span class='ocrx_word' id='word_1_656' title='bbox 2938 2193 3124 2261; x_wconf 81' lang='lat' dir='ltr'><strong>homo,</strong></span> <span class='ocrx_word' id='word_1_657' title='bbox 3155 2203 3247 2249; x_wconf 81' lang='lat' dir='ltr'><strong>am</strong></span> <span class='ocrx_word' id='word_1_658' title='bbox 3264 2195 3463 2250; x_wconf 79' lang='lat' dir='ltr'><strong>animal</strong></span> <span class='ocrx_word' id='word_1_659' title='bbox 3486 2205 3593 2251; x_wconf 84' lang='lat' dir='ltr'><strong>est.</strong></span> <span class='ocrx_word' id='word_1_660' title='bbox 3617 2195 3675 2251; x_wconf 78' lang='lat' dir='ltr'><strong>Si</strong></span> <span class='ocrx_word' id='word_1_661' title='bbox 3704 2197 3867 2265; x_wconf 80' lang='lat' dir='ltr'><strong>igitur</strong></span> 
     </span>
    </p>
   </div>
   <div class='ocr_carea' id='block_1_70' title="bbox 2280 2288 3861 2360">
    <p class='ocr_par' dir='ltr' id='par_1_70' title="bbox 2280 2288 3861 2360">
     <span class='ocr_line' id='line_1_70' title="bbox 2280 2288 3861 2360; baseline 0 -14"><span class='ocrx_word' id='word_1_662' title='bbox 2280 2304 2635 2355; x_wconf 79' lang='lat' dir='ltr'><strong>assumamus,</strong></span> <span class='ocrx_word' id='word_1_663' title='bbox 2666 2290 2808 2359; x_wconf 83' lang='lat' dir='ltr'><strong>atqui</strong></span> <span class='ocrx_word' id='word_1_664' title='bbox 2824 2297 2911 2346; x_wconf 90' lang='lat' dir='ltr'><strong>est</strong></span> <span class='ocrx_word' id='word_1_665' title='bbox 2930 2288 3116 2356; x_wconf 87' lang='lat' dir='ltr'><strong>homo,</strong></span> <span class='ocrx_word' id='word_1_666' title='bbox 3156 2288 3258 2343; x_wconf 78' lang='lat' dir='ltr'><strong>erit</strong></span> <span class='ocrx_word' id='word_1_667' title='bbox 3276 2290 3491 2343; x_wconf 82' lang='lat' dir='ltr'><strong>animal.</strong></span> <span class='ocrx_word' id='word_1_668' title='bbox 3516 2290 3573 2345; x_wconf 90' lang='lat' dir='ltr'><strong>Si</strong></span> <span class='ocrx_word' id='word_1_669' title='bbox 3601 2305 3861 2360; x_wconf 83' lang='lat' dir='ltr'><strong>negemus</strong></span> 
     </span>
    </p>
   </div>
   <div class='ocr_carea' id='block_1_71' title="bbox 2282 2380 3936 2445">
    <p class='ocr_par' dir='ltr' id='par_1_71' title="bbox 2282 2380 3936 2445">
     <span class='ocr_line' id='line_1_71' title="bbox 2282 2380 3936 2445; baseline -0.001 -7"><span class='ocrx_word' id='word_1_670' title='bbox 2282 2397 2405 2438; x_wconf 89' lang='lat' dir='ltr'><strong>esse</strong></span> <span class='ocrx_word' id='word_1_671' title='bbox 2425 2382 2643 2445; x_wconf 83' lang='lat' dir='ltr'><strong>animal,</strong></span> <span class='ocrx_word' id='word_1_672' title='bbox 2677 2396 2780 2436; x_wconf 92' lang='lat' dir='ltr'><strong>non</strong></span> <span class='ocrx_word' id='word_1_673' title='bbox 2810 2385 2917 2435; x_wconf 89' lang='lat' dir='ltr'><strong>erit</strong></span> <span class='ocrx_word' id='word_1_674' title='bbox 2956 2380 3118 2435; x_wconf 84' lang='lat' dir='ltr'><strong>homo</strong></span> <span class='ocrx_word' id='word_1_675' title='bbox 3149 2396 3167 2445; x_wconf 17' lang='lat'><strong>;‘</strong></span> <span class='ocrx_word' id='word_1_676' title='bbox 3194 2382 3239 2435; x_wconf 87' lang='lat' dir='ltr'><strong>si</strong></span> <span class='ocrx_word' id='word_1_677' title='bbox 3267 2388 3440 2436; x_wconf 77' lang='lat' dir='ltr'><strong>autem</strong></span> <span class='ocrx_word' id='word_1_678' title='bbox 3465 2380 3733 2435; x_wconf 87' lang='lat' dir='ltr'><strong>hominem</strong></span> <span class='ocrx_word' id='word_1_679' title='bbox 3763 2396 3861 2437; x_wconf 83' lang='lat' dir='ltr'><strong>ne-</strong></span> <span class='ocrx_word' id='word_1_680' title='bbox 3925 2394 3936 2405; x_wconf 80' lang='lat'><strong><em>&#39;</em></strong></span> 
     </span>
    </p>
   </div>
   <div class='ocr_carea' id='block_1_72' title="bbox 2278 2473 3859 2546">
    <p class='ocr_par' dir='ltr' id='par_1_72' title="bbox 2278 2473 3859 2546">
     <span class='ocr_line' id='line_1_72' title="bbox 2278 2473 3859 2546; baseline -0.002 -15"><span class='ocrx_word' id='word_1_681' title='bbox 2278 2491 2493 2546; x_wconf 85' lang='lat' dir='ltr'><strong>gemus,</strong></span> <span class='ocrx_word' id='word_1_682' title='bbox 2516 2476 2602 2532; x_wconf 88' lang='lat' dir='ltr'><strong>vel</strong></span> <span class='ocrx_word' id='word_1_683' title='bbox 2630 2476 2825 2530; x_wconf 87' lang='lat' dir='ltr'><strong>animal</strong></span> <span class='ocrx_word' id='word_1_684' title='bbox 2848 2473 3201 2538; x_wconf 83' lang='lat' dir='ltr'><strong>al‘ﬁrmemus,</strong></span> <span class='ocrx_word' id='word_1_685' title='bbox 3227 2473 3356 2529; x_wconf 84' lang='lat' dir='ltr'><strong>nihil</strong></span> <span class='ocrx_word' id='word_1_686' title='bbox 3385 2474 3744 2530; x_wconf 84' lang='lat' dir='ltr'><strong>necessarium</strong></span> <span class='ocrx_word' id='word_1_687' title='bbox 3767 2489 3859 2529; x_wconf 87' lang='lat' dir='ltr'><strong>ca-</strong></span> 
     </span>
    </p>
   </div>
   <div class='ocr_carea' id='block_1_73' title="bbox 2282 2567 3859 2639">
    <p class='ocr_par' dir='ltr' id='par_1_73' title="bbox 2282 2567 3859 2639">
     <span class='ocr_line' id='line_1_73' title="bbox 2282 2567 3859 2639; baseline -0.003 -12"><span class='ocrx_word' id='word_1_688' title='bbox 2282 2570 2390 2627; x_wconf 87' lang='lat' dir='ltr'><strong>det.</strong></span> <span class='ocrx_word' id='word_1_689' title='bbox 2419 2570 2679 2638; x_wconf 84' lang='lat' dir='ltr'><strong>Quocirca</strong></span> <span class='ocrx_word' id='word_1_690' title='bbox 2707 2585 2773 2625; x_wconf 79' lang='lat' dir='ltr'><strong>ex</strong></span> <span class='ocrx_word' id='word_1_691' title='bbox 2815 2569 2901 2623; x_wconf 89' lang='lat' dir='ltr'><strong>his</strong></span> <span class='ocrx_word' id='word_1_692' title='bbox 2929 2585 3051 2637; x_wconf 66' lang='lat' dir='ltr'><strong>quae</strong></span> <span class='ocrx_word' id='word_1_693' title='bbox 3078 2568 3327 2639; x_wconf 85' lang='lat' dir='ltr'><strong>superius</strong></span> <span class='ocrx_word' id='word_1_694' title='bbox 3349 2567 3490 2623; x_wconf 86' lang='lat' dir='ltr'><strong>dicta</strong></span> <span class='ocrx_word' id='word_1_695' title='bbox 3520 2576 3648 2623; x_wconf 89' lang='lat' dir='ltr'><strong>sunt</strong></span> <span class='ocrx_word' id='word_1_696' title='bbox 3676 2568 3859 2623; x_wconf 83' lang='lat' dir='ltr'><strong>decla-</strong></span> 
     </span>
    </p>
   </div>
   <div class='ocr_carea' id='block_1_74' title="bbox 2280 2657 3860 2730">
    <p class='ocr_par' dir='ltr' id='par_1_74' title="bbox 2280 2657 3860 2730">
     <span class='ocr_line' id='line_1_74' title="bbox 2280 2657 3860 2730; baseline -0.001 -15"><span class='ocrx_word' id='word_1_697' title='bbox 2280 2669 2430 2716; x_wconf 87' lang='lat' dir='ltr'><strong>ratur</strong></span> <span class='ocrx_word' id='word_1_698' title='bbox 2488 2670 2617 2729; x_wconf 85' lang='lat' dir='ltr'><strong>quot</strong></span> <span class='ocrx_word' id='word_1_699' title='bbox 2657 2659 3047 2730; x_wconf 85' lang='lat' dir='ltr'><strong>disjunctarum</strong></span> <span class='ocrx_word' id='word_1_700' title='bbox 3093 2659 3523 2729; x_wconf 81' lang='lat' dir='ltr'><strong>propositionum</strong></span> <span class='ocrx_word' id='word_1_701' title='bbox 3560 2657 3860 2728; x_wconf 84' lang='lat' dir='ltr'><strong>syllogismi</strong></span> 
     </span>
    </p>
   </div>
   <div class='ocr_carea' id='block_1_75' title="bbox 2279 2749 3862 2821">
    <p class='ocr_par' dir='ltr' id='par_1_75' title="bbox 2279 2749 3862 2821">
     <span class='ocr_line' id='line_1_75' title="bbox 2279 2749 3862 2821; baseline -0.003 -13"><span class='ocrx_word' id='word_1_702' title='bbox 2279 2752 2385 2808; x_wconf 88' lang='lat' dir='ltr'><strong>sint</strong></span> <span class='ocrx_word' id='word_1_703' title='bbox 2408 2792 2423 2816; x_wconf 95' lang='lat'><strong>,</strong></span> <span class='ocrx_word' id='word_1_704' title='bbox 2457 2752 2541 2809; x_wconf 86' lang='lat' dir='ltr'><strong>vel</strong></span> <span class='ocrx_word' id='word_1_705' title='bbox 2586 2753 2779 2821; x_wconf 86' lang='lat' dir='ltr'><strong>quibus</strong></span> <span class='ocrx_word' id='word_1_706' title='bbox 2808 2751 2876 2806; x_wconf 89' lang='lat' dir='ltr'><strong>ab</strong></span> <span class='ocrx_word' id='word_1_707' title='bbox 2905 2750 2991 2805; x_wconf 89' lang='lat' dir='ltr'><strong>bis</strong></span> <span class='ocrx_word' id='word_1_708' title='bbox 3020 2765 3138 2820; x_wconf 69' lang='lat' dir='ltr'><strong>qua:</strong></span> <span class='ocrx_word' id='word_1_709' title='bbox 3167 2764 3438 2806; x_wconf 64' lang='lat' dir='ltr'><strong>connexa</strong></span> <span class='ocrx_word' id='word_1_710' title='bbox 3455 2759 3583 2806; x_wconf 84' lang='lat' dir='ltr'><strong>sunt</strong></span> <span class='ocrx_word' id='word_1_711' title='bbox 3609 2749 3862 2805; x_wconf 77' lang='lat' dir='ltr'><strong>differen-</strong></span> 
     </span>
    </p>
   </div>
   <div class='ocr_carea' id='block_1_76' title="bbox 2280 2842 3859 2912">
    <p class='ocr_par' dir='ltr' id='par_1_76' title="bbox 2280 2842 3859 2912">
     <span class='ocr_line' id='line_1_76' title="bbox 2280 2842 3859 2912; baseline -0.001 -14"><span class='ocrx_word' id='word_1_712' title='bbox 2280 2842 2368 2898; x_wconf 84' lang='lat' dir='ltr'><strong>tiis</strong></span> <span class='ocrx_word' id='word_1_713' title='bbox 2391 2848 2756 2912; x_wconf 82' lang='lat' dir='ltr'><strong>segregentur.</strong></span> <span class='ocrx_word' id='word_1_714' title='bbox 2790 2842 2922 2910; x_wconf 72' lang='lat' dir='ltr'><strong>Qum</strong></span> <span class='ocrx_word' id='word_1_715' title='bbox 2947 2842 3090 2897; x_wconf 88' lang='lat' dir='ltr'><strong>enim</strong></span> <span class='ocrx_word' id='word_1_716' title='bbox 3119 2856 3382 2897; x_wconf 63' lang='lat' dir='ltr'><strong>connexa;</strong></span> <span class='ocrx_word' id='word_1_717' title='bbox 3431 2852 3560 2897; x_wconf 87' lang='lat' dir='ltr'><strong>sunt</strong></span> <span class='ocrx_word' id='word_1_718' title='bbox 3579 2842 3859 2911; x_wconf 88' lang='lat' dir='ltr'><strong>quamdam</strong></span> 
     </span>
    </p>
   </div>
   <div class='ocr_carea' id='block_1_77' title="bbox 2278 2932 3857 3005">
    <p class='ocr_par' dir='ltr' id='par_1_77' title="bbox 2278 2932 3857 3005">
     <span class='ocr_line' id='line_1_77' title="bbox 2278 2932 3857 3005; baseline 0.001 -17"><span class='ocrx_word' id='word_1_719' title='bbox 2278 2932 2335 2988; x_wconf 89' lang='lat' dir='ltr'><strong>in</strong></span> <span class='ocrx_word' id='word_1_720' title='bbox 2384 2948 2450 2988; x_wconf 87' lang='lat' dir='ltr'><strong>eo</strong></span> <span class='ocrx_word' id='word_1_721' title='bbox 2504 2932 2646 3001; x_wconf 89' lang='lat' dir='ltr'><strong>quod</strong></span> <span class='ocrx_word' id='word_1_722' title='bbox 2698 2942 2781 2988; x_wconf 89' lang='lat' dir='ltr'><strong>est</strong></span> <span class='ocrx_word' id='word_1_723' title='bbox 2824 2947 2947 2989; x_wconf 88' lang='lat' dir='ltr'><strong>esse</strong></span> <span class='ocrx_word' id='word_1_724' title='bbox 2988 2933 3075 2987; x_wconf 90' lang='lat' dir='ltr'><strong>vel</strong></span> <span class='ocrx_word' id='word_1_725' title='bbox 3124 2948 3229 2988; x_wconf 86' lang='lat' dir='ltr'><strong>non</strong></span> <span class='ocrx_word' id='word_1_726' title='bbox 3271 2947 3396 2989; x_wconf 87' lang='lat' dir='ltr'><strong>esse</strong></span> <span class='ocrx_word' id='word_1_727' title='bbox 3423 2936 3857 3005; x_wconf 75' lang='lat' dir='ltr'><strong>consequentiam</strong></span> 
     </span>
    </p>
   </div>
   <div class='ocr_carea' id='block_1_78' title="bbox 2277 3025 3860 3097">
    <p class='ocr_par' dir='ltr' id='par_1_78' title="bbox 2277 3025 3860 3097">
     <span class='ocr_line' id='line_1_78' title="bbox 2277 3025 3860 3097; baseline -0.002 -14"><span class='ocrx_word' id='word_1_728' title='bbox 2277 3034 2610 3091; x_wconf 83' lang='lat' dir='ltr'><strong>monstrant;</strong></span> <span class='ocrx_word' id='word_1_729' title='bbox 2642 3041 2762 3096; x_wconf 65' lang='lat' dir='ltr'><strong>quae</strong></span> <span class='ocrx_word' id='word_1_730' title='bbox 2806 3040 2938 3080; x_wconf 91' lang='lat' dir='ltr'><strong>vero</strong></span> <span class='ocrx_word' id='word_1_731' title='bbox 2965 3041 3060 3095; x_wconf 90' lang='lat' dir='ltr'><strong>per</strong></span> <span class='ocrx_word' id='word_1_732' title='bbox 3100 3025 3521 3095; x_wconf 72' lang='lat' dir='ltr'><strong>disiunctionem</strong></span> <span class='ocrx_word' id='word_1_733' title='bbox 3559 3041 3860 3097; x_wconf 84' lang='lat' dir='ltr'><strong>proponun-</strong></span> 
     </span>
    </p>
   </div>
   <div class='ocr_carea' id='block_1_79' title="bbox 2277 3117 3858 3189">
    <p class='ocr_par' dir='ltr' id='par_1_79' title="bbox 2277 3117 3858 3189">
     <span class='ocr_line' id='line_1_79' title="bbox 2277 3117 3858 3189; baseline 0.001 -17"><span class='ocrx_word' id='word_1_734' title='bbox 2277 3125 2364 3172; x_wconf 89' lang='lat' dir='ltr'><strong>tur</strong></span> <span class='ocrx_word' id='word_1_735' title='bbox 2400 3118 2475 3173; x_wconf 77' lang='lat' dir='ltr'><strong>ita</strong></span> <span class='ocrx_word' id='word_1_736' title='bbox 2507 3127 2654 3184; x_wconf 89' lang='lat' dir='ltr'><strong>sunt,</strong></span> <span class='ocrx_word' id='word_1_737' title='bbox 2687 3128 2749 3173; x_wconf 88' lang='lat' dir='ltr'><strong>ut</strong></span> <span class='ocrx_word' id='word_1_738' title='bbox 2796 3117 3015 3173; x_wconf 84' lang='lat' dir='ltr'><strong>sibimet</strong></span> <span class='ocrx_word' id='word_1_739' title='bbox 3037 3118 3349 3174; x_wconf 88' lang='lat' dir='ltr'><strong>consentire</strong></span> <span class='ocrx_word' id='word_1_740' title='bbox 3380 3134 3497 3175; x_wconf 85' lang='lat' dir='ltr'><strong>non</strong></span> <span class='ocrx_word' id='word_1_741' title='bbox 3520 3121 3747 3189; x_wconf 87' lang='lat' dir='ltr'><strong>possint.</strong></span> <span class='ocrx_word' id='word_1_742' title='bbox 3775 3119 3858 3174; x_wconf 82' lang='lat' dir='ltr'><strong>ln-</strong></span> 
     </span>
    </p>
   </div>
   <div class='ocr_carea' id='block_1_80' title="bbox 2278 3209 3858 3282">
    <p class='ocr_par' dir='ltr' id='par_1_80' title="bbox 2278 3209 3858 3282">
     <span class='ocr_line' id='line_1_80' title="bbox 2278 3209 3858 3282; baseline 0.003 -19"><span class='ocrx_word' id='word_1_743' title='bbox 2278 3209 2467 3265; x_wconf 86' lang='lat' dir='ltr'><strong>venias</strong></span> <span class='ocrx_word' id='word_1_744' title='bbox 2495 3224 2709 3279; x_wconf 82' lang='lat' dir='ltr'><strong>quoque</strong></span> <span class='ocrx_word' id='word_1_745' title='bbox 2738 3224 2835 3279; x_wconf 81' lang='lat' dir='ltr'><strong>per</strong></span> <span class='ocrx_word' id='word_1_746' title='bbox 2863 3212 3262 3266; x_wconf 81' lang='lat' dir='ltr'><strong>connexionem</strong></span> <span class='ocrx_word' id='word_1_747' title='bbox 3288 3212 3710 3282; x_wconf 86' lang='lat' dir='ltr'><strong>propositiones,</strong></span> <span class='ocrx_word' id='word_1_748' title='bbox 3738 3226 3858 3282; x_wconf 71' lang='lat' dir='ltr'><strong>qua:</strong></span> 
     </span>
    </p>
   </div>
   <div class='ocr_carea' id='block_1_81' title="bbox 2277 3300 3854 3374">
    <p class='ocr_par' dir='ltr' id='par_1_81' title="bbox 2277 3300 3854 3374">
     <span class='ocr_line' id='line_1_81' title="bbox 2277 3300 3854 3374; baseline 0.002 -20"><span class='ocrx_word' id='word_1_749' title='bbox 2277 3300 2333 3355; x_wconf 92' lang='lat' dir='ltr'><strong>id</strong></span> <span class='ocrx_word' id='word_1_750' title='bbox 2364 3300 2585 3370; x_wconf 85' lang='lat' dir='ltr'><strong>intelligi</strong></span> <span class='ocrx_word' id='word_1_751' title='bbox 2618 3301 2827 3368; x_wconf 83' lang='lat' dir='ltr'><strong>volunt,</strong></span> <span class='ocrx_word' id='word_1_752' title='bbox 2860 3310 2918 3357; x_wconf 91' lang='lat' dir='ltr'><strong>ut</strong></span> <span class='ocrx_word' id='word_1_753' title='bbox 2937 3316 3045 3358; x_wconf 88' lang='lat' dir='ltr'><strong>ase</strong></span> <span class='ocrx_word' id='word_1_754' title='bbox 3075 3312 3350 3372; x_wconf 83' lang='lat' dir='ltr'><strong>nequeant</strong></span> <span class='ocrx_word' id='word_1_755' title='bbox 3373 3304 3632 3374; x_wconf 78' lang='lat' dir='ltr'><strong>separari,</strong></span> <span class='ocrx_word' id='word_1_756' title='bbox 3660 3314 3854 3359; x_wconf 91' lang='lat' dir='ltr'><strong>utcum</strong></span> 
     </span>
    </p>
   </div>
   <div class='ocr_carea' id='block_1_82' title="bbox 2277 3390 3854 3463">
    <p class='ocr_par' dir='ltr' id='par_1_82' title="bbox 2277 3390 3854 3463">
     <span class='ocr_line' id='line_1_82' title="bbox 2277 3390 3854 3463; baseline 0 -17"><span class='ocrx_word' id='word_1_757' title='bbox 2277 3390 2355 3446; x_wconf 87' lang='lat' dir='ltr'><strong>ita</strong></span> <span class='ocrx_word' id='word_1_758' title='bbox 2382 3392 2750 3460; x_wconf 89' lang='lat' dir='ltr'><strong>proponimus,</strong></span> <span class='ocrx_word' id='word_1_759' title='bbox 2783 3393 2826 3447; x_wconf 92' lang='lat' dir='ltr'><strong>si</strong></span> <span class='ocrx_word' id='word_1_760' title='bbox 2854 3400 2940 3449; x_wconf 90' lang='lat' dir='ltr'><strong>est</strong></span> <span class='ocrx_word' id='word_1_761' title='bbox 2964 3408 3019 3458; x_wconf 88' lang='lat' dir='ltr'><strong>a,</strong></span> <span class='ocrx_word' id='word_1_762' title='bbox 3047 3402 3134 3451; x_wconf 92' lang='lat' dir='ltr'><strong>est</strong></span> <span class='ocrx_word' id='word_1_763' title='bbox 3156 3393 3208 3449; x_wconf 73' lang='grc' dir='ltr'><strong>ὁ.</strong></span> <span class='ocrx_word' id='word_1_764' title='bbox 3234 3393 3290 3448; x_wconf 95' lang='lat' dir='ltr'><strong>ld</strong></span> <span class='ocrx_word' id='word_1_765' title='bbox 3313 3394 3700 3451; x_wconf 65' lang='lat' dir='ltr'><strong>nimirumhmc</strong></span> <span class='ocrx_word' id='word_1_766' title='bbox 3728 3409 3854 3463; x_wconf 82' lang='lat' dir='ltr'><strong>pro-</strong></span> 
     </span>
    </p>
   </div>
   <div class='ocr_carea' id='block_1_83' title="bbox 2276 3480 3857 3557">
    <p class='ocr_par' dir='ltr' id='par_1_83' title="bbox 2276 3480 3857 3557">
     <span class='ocr_line' id='line_1_83' title="bbox 2276 3480 3857 3557; baseline 0.001 -21"><span class='ocrx_word' id='word_1_767' title='bbox 2276 3483 2475 3557; x_wconf 89' lang='lat' dir='ltr'><strong>positio</strong></span> <span class='ocrx_word' id='word_1_768' title='bbox 2504 3484 2769 3553; x_wconf 84' lang='lat' dir='ltr'><strong>intelligit,</strong></span> <span class='ocrx_word' id='word_1_769' title='bbox 2799 3484 2941 3553; x_wconf 89' lang='lat' dir='ltr'><strong>quod</strong></span> <span class='ocrx_word' id='word_1_770' title='bbox 2969 3484 3015 3542; x_wconf 89' lang='lat' dir='ltr'><strong>si</strong></span> <span class='ocrx_word' id='word_1_771' title='bbox 3041 3499 3165 3543; x_wconf 80' lang='lat' dir='ltr'><strong>esse</strong></span> <span class='ocrx_word' id='word_1_772' title='bbox 3184 3485 3419 3555; x_wconf 85' lang='lat' dir='ltr'><strong>potuerit</strong></span> <span class='ocrx_word' id='word_1_773' title='bbox 3440 3501 3495 3551; x_wconf 81' lang='lat' dir='ltr'><strong>a,</strong></span> <span class='ocrx_word' id='word_1_774' title='bbox 3513 3485 3699 3545; x_wconf 76' lang='lat' dir='ltr'><strong>statim</strong></span> <span class='ocrx_word' id='word_1_775' title='bbox 3727 3480 3857 3540; x_wconf 68' lang='lat' dir='ltr'><strong>conn</strong></span> 
     </span>
    </p>
   </div>
   <div class='ocr_carea' id='block_1_84' title="bbox 2276 3575 3853 3648">
    <p class='ocr_par' dir='ltr' id='par_1_84' title="bbox 2276 3575 3853 3648">
     <span class='ocr_line' id='line_1_84' title="bbox 2276 3575 3853 3648; baseline 0.002 -18"><span class='ocrx_word' id='word_1_776' title='bbox 2276 3575 2518 3643; x_wconf 83' lang='lat' dir='ltr'><strong>sequitur</strong></span> <span class='ocrx_word' id='word_1_777' title='bbox 2542 3584 2601 3631; x_wconf 92' lang='lat' dir='ltr'><strong>ut</strong></span> <span class='ocrx_word' id='word_1_778' title='bbox 2628 3575 2699 3631; x_wconf 89' lang='lat' dir='ltr'><strong>sit</strong></span> <span class='ocrx_word' id='word_1_779' title='bbox 2747 3576 2910 3633; x_wconf 89' lang='lat' dir='ltr'><strong>etiam</strong></span> <span class='ocrx_word' id='word_1_780' title='bbox 2960 3578 3010 3633; x_wconf 87' lang='lat' dir='ltr'><strong>b.</strong></span> <span class='ocrx_word' id='word_1_781' title='bbox 3056 3577 3215 3637; x_wconf 79' lang='lat' dir='ltr'><strong>Nulla</strong></span> <span class='ocrx_word' id='word_1_782' title='bbox 3258 3593 3397 3634; x_wconf 89' lang='lat' dir='ltr'><strong>vero</strong></span> <span class='ocrx_word' id='word_1_783' title='bbox 3434 3592 3769 3648; x_wconf 69' lang='lat' dir='ltr'><strong>eanemquae</strong></span> <span class='ocrx_word' id='word_1_784' title='bbox 3800 3579 3853 3633; x_wconf 89' lang='lat' dir='ltr'><strong>in</strong></span> 
     </span>
    </p>
   </div>
   <div class='ocr_carea' id='block_1_85' title="bbox 2276 3668 3858 3742">
    <p class='ocr_par' dir='ltr' id='par_1_85' title="bbox 2276 3668 3858 3742">
     <span class='ocr_line' id='line_1_85' title="bbox 2276 3668 3858 3742; baseline 0.003 -19"><span class='ocrx_word' id='word_1_785' title='bbox 2276 3668 2634 3739; x_wconf 73' lang='lat' dir='ltr'><strong>disiunctione</strong></span> <span class='ocrx_word' id='word_1_786' title='bbox 2683 3679 2809 3725; x_wconf 91' lang='lat' dir='ltr'><strong>sunt</strong></span> <span class='ocrx_word' id='word_1_787' title='bbox 2838 3671 2909 3725; x_wconf 92' lang='lat' dir='ltr'><strong>ita</strong></span> <span class='ocrx_word' id='word_1_788' title='bbox 2954 3672 3380 3742; x_wconf 76' lang='lat' dir='ltr'><strong>proponitur,ut</strong></span> <span class='ocrx_word' id='word_1_789' title='bbox 3423 3671 3581 3735; x_wconf 84' lang='lat' dir='ltr'><strong>simul</strong></span> <span class='ocrx_word' id='word_1_790' title='bbox 3620 3686 3745 3735; x_wconf 87' lang='lat' dir='ltr'><strong>esse</strong></span> <span class='ocrx_word' id='word_1_791' title='bbox 3774 3672 3858 3727; x_wconf 84' lang='lat' dir='ltr'><strong>vi-</strong></span> 
     </span>
    </p>
   </div>
   <div class='ocr_carea' id='block_1_86' title="bbox 2278 3746 3865 3829">
    <p class='ocr_par' dir='ltr' id='par_1_86' title="bbox 2278 3746 3865 3829">
     <span class='ocr_line' id='line_1_86' title="bbox 2278 3746 3865 3829; baseline 0.004 -16"><span class='ocrx_word' id='word_1_792' title='bbox 2278 3758 2524 3815; x_wconf 89' lang='lat' dir='ltr'><strong>deantur.</strong></span> <span class='ocrx_word' id='word_1_793' title='bbox 2554 3761 2687 3815; x_wconf 84' lang='lat' dir='ltr'><strong>Cum</strong></span> <span class='ocrx_word' id='word_1_794' title='bbox 2706 3746 2860 3816; x_wconf 83' lang='lat' dir='ltr'><strong>enim</strong></span> <span class='ocrx_word' id='word_1_795' title='bbox 2888 3762 3139 3829; x_wconf 89' lang='lat' dir='ltr'><strong>dicimus,</strong></span> <span class='ocrx_word' id='word_1_796' title='bbox 3164 3773 3254 3818; x_wconf 90' lang='lat' dir='ltr'><strong>aut</strong></span> <span class='ocrx_word' id='word_1_797' title='bbox 3281 3772 3367 3829; x_wconf 87' lang='lat' dir='ltr'><strong>est</strong></span> <span class='ocrx_word' id='word_1_798' title='bbox 3392 3780 3445 3829; x_wconf 18' lang='lat' dir='ltr'><strong>at,</strong></span> <span class='ocrx_word' id='word_1_799' title='bbox 3470 3774 3558 3823; x_wconf 83' lang='lat' dir='ltr'><strong>aut</strong></span> <span class='ocrx_word' id='word_1_800' title='bbox 3588 3767 3616 3817; x_wconf 87' lang='lat' dir='ltr'><strong>b</strong></span> <span class='ocrx_word' id='word_1_801' title='bbox 3638 3772 3741 3826; x_wconf 88' lang='lat' dir='ltr'><strong>est,</strong></span> <span class='ocrx_word' id='word_1_802' title='bbox 3768 3773 3865 3819; x_wconf 88' lang='lat' dir='ltr'><strong>aut</strong></span> 
     </span>
    </p>
   </div>
   <div class='ocr_carea' id='block_1_87' title="bbox 2278 3851 3856 3926">
    <p class='ocr_par' dir='ltr' id='par_1_87' title="bbox 2278 3851 3856 3926">
     <span class='ocr_line' id='line_1_87' title="bbox 2278 3851 3856 3926; baseline 0.006 -21"><span class='ocrx_word' id='word_1_803' title='bbox 2278 3851 2493 3907; x_wconf 89' lang='lat' dir='ltr'><strong>easdem</strong></span> <span class='ocrx_word' id='word_1_804' title='bbox 2540 3854 2932 3925; x_wconf 74' lang='lat' dir='ltr'><strong>propositiones</strong></span> <span class='ocrx_word' id='word_1_805' title='bbox 2973 3856 3213 3926; x_wconf 89' lang='lat' dir='ltr'><strong>quolibet</strong></span> <span class='ocrx_word' id='word_1_806' title='bbox 3242 3857 3345 3912; x_wconf 90' lang='lat' dir='ltr'><strong>alio</strong></span> <span class='ocrx_word' id='word_1_807' title='bbox 3371 3857 3529 3913; x_wconf 85' lang='lat' dir='ltr'><strong>modo</strong></span> <span class='ocrx_word' id='word_1_808' title='bbox 3559 3858 3856 3926; x_wconf 88' lang='lat' dir='ltr'><strong>variamus,</strong></span> 
     </span>
    </p>
   </div>
   <div class='ocr_carea' id='block_1_88' title="bbox 2278 3942 3858 4027">
    <p class='ocr_par' dir='ltr' id='par_1_88' title="bbox 2278 3942 3858 4027">
     <span class='ocr_line' id='line_1_88' title="bbox 2278 3942 3858 4027; baseline 0.006 -30"><span class='ocrx_word' id='word_1_809' title='bbox 2278 3942 2333 3997; x_wconf 90' lang='lat' dir='ltr'><strong>id</strong></span> <span class='ocrx_word' id='word_1_810' title='bbox 2373 3953 2465 3999; x_wconf 90' lang='lat' dir='ltr'><strong>aut</strong></span> <span class='ocrx_word' id='word_1_811' title='bbox 2492 3945 2798 4027; x_wconf 76' lang='lat' dir='ltr'><strong>coniunctio</strong></span> <span class='ocrx_word' id='word_1_812' title='bbox 2826 3963 2946 4018; x_wconf 70' lang='lat' dir='ltr'><strong>quas</strong></span> <span class='ocrx_word' id='word_1_813' title='bbox 2974 3949 3294 4019; x_wconf 89' lang='lat' dir='ltr'><strong>disjunctiva</strong></span> <span class='ocrx_word' id='word_1_814' title='bbox 3323 3951 3557 4020; x_wconf 88' lang='lat' dir='ltr'><strong>ponitur,</strong></span> <span class='ocrx_word' id='word_1_815' title='bbox 3589 3953 3755 4007; x_wconf 90' lang='lat' dir='ltr'><strong>sentit</strong></span> <span class='ocrx_word' id='word_1_816' title='bbox 3780 3952 3858 4006; x_wconf 88' lang='lat' dir='ltr'><strong>si-</strong></span> 
     </span>
    </p>
   </div>
   <div class='ocr_carea' id='block_1_89' title="bbox 2278 4036 3863 4113">
    <p class='ocr_par' dir='ltr' id='par_1_89' title="bbox 2278 4036 3863 4113">
     <span class='ocr_line' id='line_1_89' title="bbox 2278 4036 3863 4113; baseline 0.006 -22"><span class='ocrx_word' id='word_1_817' title='bbox 2278 4036 2392 4092; x_wconf 91' lang='lat' dir='ltr'><strong>mul</strong></span> <span class='ocrx_word' id='word_1_818' title='bbox 2435 4054 2527 4094; x_wconf 91' lang='lat' dir='ltr'><strong>eas</strong></span> <span class='ocrx_word' id='word_1_819' title='bbox 2557 4052 2677 4096; x_wconf 87' lang='lat' dir='ltr'><strong>esse</strong></span> <span class='ocrx_word' id='word_1_820' title='bbox 2709 4056 2812 4095; x_wconf 88' lang='lat' dir='ltr'><strong>non</strong></span> <span class='ocrx_word' id='word_1_821' title='bbox 2845 4056 3024 4110; x_wconf 81' lang='lat' dir='ltr'><strong>posse.</strong></span> <span class='ocrx_word' id='word_1_822' title='bbox 3060 4042 3127 4098; x_wconf 85' lang='lat' dir='ltr'><strong>Et</strong></span> <span class='ocrx_word' id='word_1_823' title='bbox 3171 4058 3289 4098; x_wconf 91' lang='lat' dir='ltr'><strong>cum</strong></span> <span class='ocrx_word' id='word_1_824' title='bbox 3323 4045 3429 4099; x_wconf 84' lang='lat' dir='ltr'><strong>late</strong></span> <span class='ocrx_word' id='word_1_825' title='bbox 3456 4058 3640 4103; x_wconf 83' lang='lat' dir='ltr'><strong>carum</strong></span> <span class='ocrx_word' id='word_1_826' title='bbox 3686 4053 3863 4113; x_wconf 87' lang='lat' dir='ltr'><strong>pateat</strong></span> 
     </span>
    </p>
   </div>
   <div class='ocr_carea' id='block_1_90' title="bbox 2279 4128 3857 4207">
    <p class='ocr_par' dir='ltr' id='par_1_90' title="bbox 2279 4128 3857 4207">
     <span class='ocr_line' id='line_1_90' title="bbox 2279 4128 3857 4207; baseline 0.007 -24"><span class='ocrx_word' id='word_1_827' title='bbox 2279 4128 2581 4187; x_wconf 67' lang='lat' dir='ltr'><strong>differentia</strong></span> <span class='ocrx_word' id='word_1_828' title='bbox 2600 4174 2617 4200; x_wconf 91' lang='lat'><strong>,</strong></span> <span class='ocrx_word' id='word_1_829' title='bbox 2650 4132 2855 4188; x_wconf 80' lang='lat' dir='ltr'><strong>idcirco</strong></span> <span class='ocrx_word' id='word_1_830' title='bbox 2883 4150 3023 4191; x_wconf 90' lang='lat' dir='ltr'><strong>nunc</strong></span> <span class='ocrx_word' id='word_1_831' title='bbox 3049 4134 3117 4191; x_wconf 88' lang='lat' dir='ltr'><strong>de</strong></span> <span class='ocrx_word' id='word_1_832' title='bbox 3146 4135 3350 4192; x_wconf 86' lang='lat' dir='ltr'><strong>eisdem</strong></span> <span class='ocrx_word' id='word_1_833' title='bbox 3378 4151 3549 4207; x_wconf 87' lang='lat' dir='ltr'><strong>pauca</strong></span> <span class='ocrx_word' id='word_1_834' title='bbox 3578 4138 3857 4206; x_wconf 73' lang='lat' dir='ltr'><strong>subiunxi-</strong></span> 
     </span>
    </p>
   </div>
   <div class='ocr_carea' id='block_1_91' title="bbox 2279 4226 3867 4300">
    <p class='ocr_par' dir='ltr' id='par_1_91' title="bbox 2279 4226 3867 4300">
     <span class='ocr_line' id='line_1_91' title="bbox 2279 4226 3867 4300; baseline 0.004 -23"><span class='ocrx_word' id='word_1_835' title='bbox 2279 4238 2419 4290; x_wconf 90' lang='lat' dir='ltr'><strong>mus,</strong></span> <span class='ocrx_word' id='word_1_836' title='bbox 2464 4226 2711 4295; x_wconf 88' lang='lat' dir='ltr'><strong>quoniam</strong></span> <span class='ocrx_word' id='word_1_837' title='bbox 2745 4227 2963 4283; x_wconf 91' lang='lat' dir='ltr'><strong>totidem</strong></span> <span class='ocrx_word' id='word_1_838' title='bbox 2995 4228 3332 4300; x_wconf 83' lang='lat' dir='ltr'><strong>syllogismos</strong></span> <span class='ocrx_word' id='word_1_839' title='bbox 3373 4231 3491 4289; x_wconf 83' lang='lat' dir='ltr'><strong>ﬁeri</strong></span> <span class='ocrx_word' id='word_1_840' title='bbox 3551 4230 3867 4286; x_wconf 85' lang='lat' dir='ltr'><strong>dicebamus</strong></span> 
     </span>
    </p>
   </div>
   <div class='ocr_carea' id='block_1_92' title="bbox 2276 4312 3853 4390">
    <p class='ocr_par' dir='ltr' id='par_1_92' title="bbox 2276 4312 3853 4390">
     <span class='ocr_line' id='line_1_92' title="bbox 2276 4312 3853 4390; baseline 0.008 -24"><span class='ocrx_word' id='word_1_841' title='bbox 2276 4312 2332 4367; x_wconf 89' lang='lat' dir='ltr'><strong>in</strong></span> <span class='ocrx_word' id='word_1_842' title='bbox 2377 4313 2456 4367; x_wconf 90' lang='lat' dir='ltr'><strong>his</strong></span> <span class='ocrx_word' id='word_1_843' title='bbox 2509 4316 2963 4385; x_wconf 68' lang='lat' dir='ltr'><strong>prepositionibus</strong></span> <span class='ocrx_word' id='word_1_844' title='bbox 3006 4334 3125 4389; x_wconf 65' lang='lat' dir='ltr'><strong>quae</strong></span> <span class='ocrx_word' id='word_1_845' title='bbox 3166 4334 3261 4390; x_wconf 89' lang='lat' dir='ltr'><strong>per</strong></span> <span class='ocrx_word' id='word_1_846' title='bbox 3307 4322 3722 4390; x_wconf 85' lang='lat' dir='ltr'><strong>disjunctionem</strong></span> <span class='ocrx_word' id='word_1_847' title='bbox 3755 4320 3853 4379; x_wconf 78' lang='lat' dir='ltr'><strong>lie-</strong></span> 
     </span>
    </p>
   </div>
   <div class='ocr_carea' id='block_1_93' title="bbox 2284 4406 3852 4482">
    <p class='ocr_par' dir='ltr' id='par_1_93' title="bbox 2284 4406 3852 4482">
     <span class='ocr_line' id='line_1_93' title="bbox 2284 4406 3852 4482; baseline 0.009 -26"><span class='ocrx_word' id='word_1_848' title='bbox 2284 4414 2401 4456; x_wconf 87' lang='lat' dir='ltr'><strong>rent</strong></span> <span class='ocrx_word' id='word_1_849' title='bbox 2445 4411 2574 4471; x_wconf 86' lang='lat' dir='ltr'><strong>quot</strong></span> <span class='ocrx_word' id='word_1_850' title='bbox 2602 4406 2762 4460; x_wconf 81' lang='lat' dir='ltr'><strong>etiam</strong></span> <span class='ocrx_word' id='word_1_851' title='bbox 2812 4408 3031 4463; x_wconf 70' lang='lat' dir='ltr'><strong>fuerant</strong></span> <span class='ocrx_word' id='word_1_852' title='bbox 3076 4411 3130 4465; x_wconf 92' lang='lat' dir='ltr'><strong>in</strong></span> <span class='ocrx_word' id='word_1_853' title='bbox 3175 4414 3457 4468; x_wconf 82' lang='lat' dir='ltr'><strong>connexis.</strong></span> <span class='ocrx_word' id='word_1_854' title='bbox 3490 4414 3558 4469; x_wconf 84' lang='lat' dir='ltr'><strong>Et</strong></span> <span class='ocrx_word' id='word_1_855' title='bbox 3597 4414 3852 4482; x_wconf 85' lang='lat' dir='ltr'><strong>quoniam</strong></span> 
     </span>
    </p>
   </div>
   <div class='ocr_carea' id='block_1_94' title="bbox 2274 4494 3853 4576">
    <p class='ocr_par' dir='ltr' id='par_1_94' title="bbox 2274 4494 3853 4576">
     <span class='ocr_line' id='line_1_94' title="bbox 2274 4494 3853 4576; baseline 0.009 -29"><span class='ocrx_word' id='word_1_856' title='bbox 2274 4494 2343 4548; x_wconf 89' lang='lat' dir='ltr'><strong>de</strong></span> <span class='ocrx_word' id='word_1_857' title='bbox 2370 4497 2617 4552; x_wconf 87' lang='lat' dir='ltr'><strong>onmibus</strong></span> <span class='ocrx_word' id='word_1_858' title='bbox 2641 4498 2734 4568; x_wconf 90' lang='lat' dir='ltr'><strong>qui</strong></span> <span class='ocrx_word' id='word_1_859' title='bbox 2762 4514 2977 4569; x_wconf 72' lang='lat' dir='ltr'><strong>quoquo</strong></span> <span class='ocrx_word' id='word_1_860' title='bbox 3004 4502 3165 4557; x_wconf 88' lang='lat' dir='ltr'><strong>modo</strong></span> <span class='ocrx_word' id='word_1_861' title='bbox 3191 4504 3399 4571; x_wconf 89' lang='lat' dir='ltr'><strong>possint</strong></span> <span class='ocrx_word' id='word_1_862' title='bbox 3429 4504 3549 4559; x_wconf 84' lang='lat' dir='ltr'><strong>ﬁeri</strong></span> <span class='ocrx_word' id='word_1_863' title='bbox 3592 4506 3853 4576; x_wconf 88' lang='lat' dir='ltr'><strong>hypotbe-</strong></span> 
     </span>
    </p>
   </div>
   <div class='ocr_carea' id='block_1_95' title="bbox 2278 4587 3858 4667">
    <p class='ocr_par' dir='ltr' id='par_1_95' title="bbox 2278 4587 3858 4667">
     <span class='ocr_line' id='line_1_95' title="bbox 2278 4587 3858 4667; baseline 0.008 -28"><span class='ocrx_word' id='word_1_864' title='bbox 2278 4587 2398 4642; x_wconf 81' lang='lat' dir='ltr'><strong>ticis</strong></span> <span class='ocrx_word' id='word_1_865' title='bbox 2424 4588 2753 4659; x_wconf 84' lang='lat' dir='ltr'><strong>syllogismis</strong></span> <span class='ocrx_word' id='word_1_866' title='bbox 2783 4590 3114 4649; x_wconf 55' lang='lat' dir='ltr'><strong>sufﬁcienter</strong></span> <span class='ocrx_word' id='word_1_867' title='bbox 3155 4594 3359 4651; x_wconf 82' lang='lat' dir='ltr'><strong>dictum</strong></span> <span class='ocrx_word' id='word_1_868' title='bbox 3399 4604 3503 4651; x_wconf 88' lang='lat' dir='ltr'><strong>est.</strong></span> <span class='ocrx_word' id='word_1_869' title='bbox 3538 4594 3639 4651; x_wconf 77' lang='lat' dir='ltr'><strong>Hic</strong></span> <span class='ocrx_word' id='word_1_870' title='bbox 3678 4597 3858 4667; x_wconf 81' lang='lat' dir='ltr'><strong>operis</strong></span> 
     </span>
    </p>
   </div>
   <div class='ocr_carea' id='block_1_96' title="bbox 2276 4675 3062 4747">
    <p class='ocr_par' dir='ltr' id='par_1_96' title="bbox 2276 4675 3062 4747">
     <span class='ocr_line' id='line_1_96' title="bbox 2276 4675 3062 4747; baseline 0.01 -16"><span class='ocrx_word' id='word_1_871' title='bbox 2276 4675 2664 4747; x_wconf 78' lang='lat' dir='ltr'><strong>longitudinem</strong></span> <span class='ocrx_word' id='word_1_872' title='bbox 2692 4682 3062 4739; x_wconf 87' lang='lat' dir='ltr'><strong>terminemus.</strong></span> 
     </span>
    </p>
   </div>
   <div class='ocr_carea' id='block_1_97' title="bbox 593 4789 3855 4851">
    <p class='ocr_par' dir='ltr' id='par_1_97' title="bbox 593 4789 3855 4851">
     <span class='ocr_line' id='line_1_97' title="bbox 593 4789 3855 4851; baseline -0.006 2"><span class='ocrx_word' id='word_1_873' title='bbox 593 4789 3855 4851; x_wconf 49' lang='lat' dir='ltr'><strong>&quot;—&#39;———————&#39;—-——-——————-—-—-—-———-——m.</strong></span> 
     </span>
    </p>
   </div>
   <div class='ocr_carea' id='block_1_98' title="bbox 1285 4932 3163 5051">
    <p class='ocr_par' dir='ltr' id='par_1_98' title="bbox 1285 4932 3163 5051">
     <span class='ocr_line' id='line_1_98' title="bbox 1285 4932 3163 5051; baseline 0.007 -14"><span class='ocrx_word' id='word_1_874' title='bbox 1285 4932 1546 5037; x_wconf 82' lang='grc' dir='ltr'><strong>ΑΝ.</strong></span> <span class='ocrx_word' id='word_1_875' title='bbox 1615 4934 2093 5040; x_wconf 78' lang='lat' dir='ltr'><strong>MANL&#39;.</strong></span> <span class='ocrx_word' id='word_1_876' title='bbox 2152 4938 2519 5048; x_wconf 88' lang='lat' dir='ltr'><strong>SEV.</strong></span> <span class='ocrx_word' id='word_1_877' title='bbox 2593 4943 3163 5051; x_wconf 86' lang='grc' dir='ltr'><strong>ΒΟΕΤΙΙ</strong></span> 
     </span>
    </p>
   </div>
   <div class='ocr_carea' id='block_1_99' title="bbox 1456 5172 2991 5307">
    <p class='ocr_par' dir='ltr' id='par_1_99' title="bbox 1456 5172 2991 5307">
     <span class='ocr_line' id='line_1_99' title="bbox 1456 5172 2991 5307; baseline 0.008 -24"><span class='ocrx_word' id='word_1_878' title='bbox 1456 5172 1861 5286; x_wconf 86' lang='lat' dir='ltr'>LIBER</span> <span class='ocrx_word' id='word_1_879' title='bbox 1950 5176 2127 5288; x_wconf 90' lang='lat' dir='ltr'><strong>DE</strong></span> <span class='ocrx_word' id='word_1_880' title='bbox 2215 5180 2991 5307; x_wconf 86' lang='lat' dir='ltr'><strong>DIVISIONE.</strong></span> 
     </span>
    </p>
   </div>
   <div class='ocr_carea' id='block_1_100' title="bbox 652 5442 3858 5527">
    <p class='ocr_par' dir='ltr' id='par_1_100' title="bbox 652 5442 3858 5527">
     <span class='ocr_line' id='line_1_100' title="bbox 652 5442 3858 5527; baseline 0.005 -28"><span class='ocrx_word' id='word_1_881' title='bbox 652 5442 825 5517; x_wconf 83' lang='lat' dir='ltr'><strong>Quam</strong></span> <span class='ocrx_word' id='word_1_882' title='bbox 869 5457 1091 5517; x_wconf 74' lang='lat' dir='ltr'><strong>magnos</strong></span> <span class='ocrx_word' id='word_1_883' title='bbox 1135 5442 1385 5503; x_wconf 87' lang='lat' dir='ltr'><strong>studiosis</strong></span> <span class='ocrx_word' id='word_1_884' title='bbox 1434 5442 1621 5500; x_wconf 76' lang='lat' dir='ltr'><strong>afferat</strong></span> <span class='ocrx_word' id='word_1_885' title='bbox 1672 5446 1876 5503; x_wconf 80' lang='lat' dir='ltr'><strong>fructus</strong></span> <span class='ocrx_word' id='word_1_886' title='bbox 1934 5451 2160 5506; x_wconf 88' lang='lat' dir='ltr'><strong>scientia</strong></span> <span class='ocrx_word' id='word_1_887' title='bbox 2192 5448 2247 5511; x_wconf 90' lang='lat' dir='ltr'><strong>D</strong></span> <span class='ocrx_word' id='word_1_888' title='bbox 2273 5452 2546 5520; x_wconf 88' lang='lat' dir='ltr'><strong>probatus,</strong></span> <span class='ocrx_word' id='word_1_889' title='bbox 2570 5460 2623 5507; x_wconf 90' lang='lat' dir='ltr'><strong>et</strong></span> <span class='ocrx_word' id='word_1_890' title='bbox 2649 5451 2703 5506; x_wconf 89' lang='lat' dir='ltr'><strong>in</strong></span> <span class='ocrx_word' id='word_1_891' title='bbox 2733 5452 2849 5507; x_wconf 90' lang='lat' dir='ltr'><strong>libri</strong></span> <span class='ocrx_word' id='word_1_892' title='bbox 2882 5453 3140 5522; x_wconf 81' lang='lat' dir='ltr'><strong>Platonis,</strong></span> <span class='ocrx_word' id='word_1_893' title='bbox 3164 5457 3251 5526; x_wconf 90' lang='lat' dir='ltr'><strong>qui</strong></span> <span class='ocrx_word' id='word_1_894' title='bbox 3294 5456 3575 5527; x_wconf 85' lang='lat' dir='ltr'><strong>Sophistes</strong></span> <span class='ocrx_word' id='word_1_895' title='bbox 3606 5459 3858 5516; x_wconf 79' lang='lat' dir='ltr'><strong>inscribi-</strong></span> 
     </span>
    </p>
   </div>
   <div class='ocr_carea' id='block_1_101' title="bbox 577 5537 2153 5611">
    <p class='ocr_par' dir='ltr' id='par_1_101' title="bbox 577 5537 2153 5611">
     <span class='ocr_line' id='line_1_101' title="bbox 577 5537 2153 5611; baseline -0.001 -13"><span class='ocrx_word' id='word_1_896' title='bbox 577 5539 871 5604; x_wconf 82' lang='lat' dir='ltr'><strong>dividendi,</strong></span> <span class='ocrx_word' id='word_1_897' title='bbox 897 5555 1163 5610; x_wconf 88' lang='lat' dir='ltr'><strong>quamque</strong></span> <span class='ocrx_word' id='word_1_898' title='bbox 1191 5537 1328 5608; x_wconf 87' lang='lat' dir='ltr'><strong>apud</strong></span> <span class='ocrx_word' id='word_1_899' title='bbox 1353 5538 1758 5608; x_wconf 87' lang='lat' dir='ltr'><strong>peripateticam</strong></span> <span class='ocrx_word' id='word_1_900' title='bbox 1788 5539 2153 5611; x_wconf 89' lang='lat' dir='ltr'><strong>disciplinam,</strong></span> 
     </span>
    </p>
   </div>
   <div class='ocr_carea' id='block_1_102' title="bbox 580 5631 2151 5703">
    <p class='ocr_par' dir='ltr' id='par_1_102' title="bbox 580 5631 2151 5703">
     <span class='ocr_line' id='line_1_102' title="bbox 580 5631 2151 5703; baseline 0 -15"><span class='ocrx_word' id='word_1_901' title='bbox 580 5647 795 5703; x_wconf 82' lang='lat' dir='ltr'><strong>semper</strong></span> <span class='ocrx_word' id='word_1_902' title='bbox 825 5634 937 5688; x_wconf 72' lang='lat' dir='ltr'><strong>hmc</strong></span> <span class='ocrx_word' id='word_1_903' title='bbox 961 5632 1119 5693; x_wconf 74' lang='lat' dir='ltr'><strong>fuerit</strong></span> <span class='ocrx_word' id='word_1_904' title='bbox 1140 5632 1193 5686; x_wconf 89' lang='lat' dir='ltr'><strong>in</strong></span> <span class='ocrx_word' id='word_1_905' title='bbox 1220 5633 1426 5688; x_wconf 86' lang='lat' dir='ltr'><strong>honore</strong></span> <span class='ocrx_word' id='word_1_906' title='bbox 1455 5634 1663 5700; x_wconf 87' lang='lat' dir='ltr'><strong>notitia,</strong></span> <span class='ocrx_word' id='word_1_907' title='bbox 1687 5631 1848 5688; x_wconf 91' lang='lat' dir='ltr'><strong>docet</strong></span> <span class='ocrx_word' id='word_1_908' title='bbox 1871 5641 1928 5687; x_wconf 91' lang='lat' dir='ltr'><strong>et</strong></span> <span class='ocrx_word' id='word_1_909' title='bbox 1948 5633 2151 5695; x_wconf 52' lang='lat' dir='ltr'><strong>Andro.</strong></span> 
     </span>
    </p>
   </div>
   <div class='ocr_carea' id='block_1_103' title="bbox 580 5724 2145 5793">
    <p class='ocr_par' dir='ltr' id='par_1_103' title="bbox 580 5724 2145 5793">
     <span class='ocr_line' id='line_1_103' title="bbox 580 5724 2145 5793; baseline -0.001 -12"><span class='ocrx_word' id='word_1_910' title='bbox 580 5726 710 5789; x_wconf 79' lang='lat' dir='ltr'><strong>uici,</strong></span> <span class='ocrx_word' id='word_1_911' title='bbox 758 5724 1147 5791; x_wconf 84' lang='lat' dir='ltr'><strong>diligentissimi</strong></span> <span class='ocrx_word' id='word_1_912' title='bbox 1187 5724 1350 5789; x_wconf 88' lang='lat' dir='ltr'><strong>senis,</strong></span> <span class='ocrx_word' id='word_1_913' title='bbox 1379 5724 1447 5779; x_wconf 90' lang='lat' dir='ltr'><strong>de</strong></span> <span class='ocrx_word' id='word_1_914' title='bbox 1477 5726 1745 5782; x_wconf 84' lang='lat' dir='ltr'><strong>divisione</strong></span> <span class='ocrx_word' id='word_1_915' title='bbox 1777 5727 1913 5781; x_wconf 88' lang='lat' dir='ltr'><strong>liber</strong></span> <span class='ocrx_word' id='word_1_916' title='bbox 1943 5726 2145 5793; x_wconf 86' lang='lat' dir='ltr'><strong>editus,</strong></span> 
     </span>
    </p>
   </div>
   <div class='ocr_carea' id='block_1_104' title="bbox 583 5811 2157 5887">
    <p class='ocr_par' dir='ltr' id='par_1_104' title="bbox 583 5811 2157 5887">
     <span class='ocr_line' id='line_1_104' title="bbox 583 5811 2157 5887; baseline 0.009 -21"><span class='ocrx_word' id='word_1_917' title='bbox 583 5820 640 5866; x_wconf 81' lang='lat' dir='ltr'><strong>et</strong></span> <span class='ocrx_word' id='word_1_918' title='bbox 668 5812 757 5864; x_wconf 84' lang='lat' dir='ltr'><strong>hic</strong></span> <span class='ocrx_word' id='word_1_919' title='bbox 799 5811 939 5867; x_wconf 84' lang='lat' dir='ltr'><strong>idem</strong></span> <span class='ocrx_word' id='word_1_920' title='bbox 982 5828 1013 5867; x_wconf 87' lang='lat' dir='ltr'><strong>a</strong></span> <span class='ocrx_word' id='word_1_921' title='bbox 1058 5815 1266 5869; x_wconf 79' lang='lat' dir='ltr'><strong>Pictino</strong></span> <span class='ocrx_word' id='word_1_922' title='bbox 1294 5814 1606 5883; x_wconf 82' lang='lat' dir='ltr'><strong>gravissimo</strong></span> <span class='ocrx_word' id='word_1_923' title='bbox 1636 5818 1965 5887; x_wconf 81' lang='lat' dir='ltr'><strong>philosopho</strong></span> <span class='ocrx_word' id='word_1_924' title='bbox 2005 5831 2157 5879; x_wconf 76' lang='lat' dir='ltr'><strong>com-</strong></span> 
     </span>
    </p>
   </div>
   <div class='ocr_carea' id='block_1_105' title="bbox 2278 5547 3859 5621">
    <p class='ocr_par' dir='ltr' id='par_1_105' title="bbox 2278 5547 3859 5621">
     <span class='ocr_line' id='line_1_105' title="bbox 2278 5547 3859 5621; baseline 0.006 -23"><span class='ocrx_word' id='word_1_925' title='bbox 2278 5553 2385 5613; x_wconf 89' lang='lat' dir='ltr'><strong>tur,</strong></span> <span class='ocrx_word' id='word_1_926' title='bbox 2417 5548 2822 5602; x_wconf 74' lang='lat' dir='ltr'><strong>commentariis</strong></span> <span class='ocrx_word' id='word_1_927' title='bbox 2846 5562 2877 5602; x_wconf 90' lang='lat' dir='ltr'><strong>a</strong></span> <span class='ocrx_word' id='word_1_928' title='bbox 2906 5547 3206 5620; x_wconf 81' lang='lat' dir='ltr'><strong>Porphyrio</strong></span> <span class='ocrx_word' id='word_1_929' title='bbox 3249 5553 3530 5621; x_wconf 86' lang='lat' dir='ltr'><strong>repetitus,</strong></span> <span class='ocrx_word' id='word_1_930' title='bbox 3560 5564 3615 5609; x_wconf 87' lang='lat' dir='ltr'><strong>et</strong></span> <span class='ocrx_word' id='word_1_931' title='bbox 3654 5555 3724 5608; x_wconf 86' lang='lat' dir='ltr'><strong>ab</strong></span> <span class='ocrx_word' id='word_1_932' title='bbox 3764 5567 3859 5608; x_wconf 85' lang='lat' dir='ltr'><strong>eo-</strong></span> 
     </span>
    </p>
   </div>
   <div class='ocr_carea' id='block_1_106' title="bbox 2275 5635 3860 5714">
    <p class='ocr_par' dir='ltr' id='par_1_106' title="bbox 2275 5635 3860 5714">
     <span class='ocr_line' id='line_1_106' title="bbox 2275 5635 3860 5714; baseline 0.006 -25"><span class='ocrx_word' id='word_1_933' title='bbox 2275 5635 2396 5691; x_wconf 90' lang='lat' dir='ltr'><strong>dem</strong></span> <span class='ocrx_word' id='word_1_934' title='bbox 2432 5651 2527 5704; x_wconf 90' lang='lat' dir='ltr'><strong>per.</strong></span> <span class='ocrx_word' id='word_1_935' title='bbox 2556 5637 2713 5703; x_wconf 87' lang='lat' dir='ltr'><strong>hanc,</strong></span> <span class='ocrx_word' id='word_1_936' title='bbox 2749 5640 3158 5698; x_wconf 84' lang='lat' dir='ltr'><strong>introductionis</strong></span> <span class='ocrx_word' id='word_1_937' title='bbox 3186 5643 3397 5700; x_wconf 86' lang='lat' dir='ltr'><strong>laudata</strong></span> <span class='ocrx_word' id='word_1_938' title='bbox 3444 5646 3498 5700; x_wconf 92' lang='lat' dir='ltr'><strong>in</strong></span> <span class='ocrx_word' id='word_1_939' title='bbox 3547 5645 3860 5714; x_wconf 83' lang='lat' dir='ltr'><strong>Categorias</strong></span> 
     </span>
    </p>
   </div>
   <div class='ocr_carea' id='block_1_107' title="bbox 2272 5728 3855 5809">
    <p class='ocr_par' dir='ltr' id='par_1_107' title="bbox 2272 5728 3855 5809">
     <span class='ocr_line' id='line_1_107' title="bbox 2272 5728 3855 5809; baseline 0.007 -28"><span class='ocrx_word' id='word_1_940' title='bbox 2272 5728 2491 5783; x_wconf 89' lang='lat' dir='ltr'><strong>utilitas.</strong></span> <span class='ocrx_word' id='word_1_941' title='bbox 2524 5729 2664 5786; x_wconf 91' lang='lat' dir='ltr'><strong>Dicit</strong></span> <span class='ocrx_word' id='word_1_942' title='bbox 2687 5731 2828 5786; x_wconf 90' lang='lat' dir='ltr'><strong>enim</strong></span> <span class='ocrx_word' id='word_1_943' title='bbox 2851 5732 2964 5788; x_wconf 74' lang='lat' dir='ltr'><strong>fore</strong></span> <span class='ocrx_word' id='word_1_944' title='bbox 2990 5739 3351 5793; x_wconf 87' lang='lat' dir='ltr'><strong>necessariam</strong></span> <span class='ocrx_word' id='word_1_945' title='bbox 3373 5739 3611 5809; x_wconf 84' lang='lat' dir='ltr'><strong>generis,</strong></span> <span class='ocrx_word' id='word_1_946' title='bbox 3636 5736 3855 5808; x_wconf 86' lang='lat' dir='ltr'><strong>speciei.</strong></span> 
     </span>
    </p>
   </div>
   <div class='ocr_carea' id='block_1_108' title="bbox 2267 5818 3858 5902">
    <p class='ocr_par' dir='ltr' id='par_1_108' title="bbox 2267 5818 3858 5902">
     <span class='ocr_line' id='line_1_108' title="bbox 2267 5818 3858 5902; baseline 0.006 -25"><span class='ocrx_word' id='word_1_947' title='bbox 2267 5818 2588 5880; x_wconf 65' lang='lat' dir='ltr'><strong>differentiae</strong></span> <span class='ocrx_word' id='word_1_948' title='bbox 2641 5824 2879 5893; x_wconf 88' lang='lat' dir='ltr'><strong>proprii,</strong></span> <span class='ocrx_word' id='word_1_949' title='bbox 2932 5828 3331 5901; x_wconf 78' lang='lat' dir='ltr'><strong>occidentisque</strong></span> <span class='ocrx_word' id='word_1_950' title='bbox 3383 5833 3635 5902; x_wconf 69' lang='lat' dir='ltr'><strong>peritiam</strong></span> <span class='ocrx_word' id='word_1_951' title='bbox 3660 5872 3677 5897; x_wconf 88' lang='lat'><strong>,</strong></span> <span class='ocrx_word' id='word_1_952' title='bbox 3732 5844 3858 5886; x_wconf 85' lang='lat' dir='ltr'><strong>cum</strong></span> 
     </span>
    </p>
   </div>
  </div>
