4290 6272
489 323 589 397 επ

1750 332 1951 390 LIBER
1989 330 2081 387 DE
2125 331 2481 391 DIVISIONE.

3644 342 3750 403 878

486 460 707 529 propter
735 451 837 507 alia
868 451 1054 516 multa,
1088 457 1197 506 tum
1229 458 1447 521 propter
1476 447 1760 503 utilitatem
1802 462 1921 516 qua:
1975 455 2055 500 est
2082 448 2136 511 Α
2161 453 2267 499 tur.
2295 446 2401 499 Sed
2432 445 2588 517 hujus
2614 446 2891 503 divisionis
2911 449 3108 519 duplex
3132 452 3323 508 modus
3344 466 3444 510 est.
3474 456 3581 512 Aut
3601 460 3745 517 enim

486 547 720 605 maxima
745 544 1031 616 partiendi.
1055 545 1229 613 Quare
1249 544 1497 615 quoniam
1524 542 1788 597 maximus
1814 554 1940 593 usus
1957 549 2059 605 est,

488 640 850 709 facillimaque
874 639 1143 705 doctrina,
1172 653 1270 709 ego
1299 652 1508 709 quoque
1546 637 1619 699 id,
1643 636 1779 689 sicut
1810 634 2062 703 pleraque

486 733 690 797 omnia,
705 730 956 787 Romanis
969 730 1188 785 auribus
1201 729 1439 794 tradens,
1456 726 1863 782 introductionis
1877 725 2057 789 modo,

488 821 775 894 habitaque
804 823 854 877 in
882 822 1126 877 eamdem
1154 835 1297 884 rem,
1328 830 1380 875 et
1407 818 1728 888 competenti
1770 816 2061 887 subtilique

486 916 830 977 tractatione,
855 922 910 969 et
930 911 1203 968 moderata
1234 912 1512 979 brevitate,
1543 909 1854 980 perscripsi,
1882 917 1939 962 ut
1961 923 2061 964 nec

486 1000 726 1065 anxietas
769 1006 964 1061 decisae
1000 1004 1277 1069 orationis,
1322 1014 1375 1058 et
1406 1019 1510 1059 non
1564 1004 1815 1073 perfectae
1847 1011 2061 1057 sentcn-

488 1101 597 1167 tiae,
628 1098 917 1169 legentium
949 1096 1215 1152 mentibus
1244 1098 1545 1167 ingeratur;
1571 1110 1670 1150 nec
1696 1103 1844 1167 putet
1873 1106 2064 1163 super-

482 1205 701 1265 vacuam
726 1189 1103 1263 loquacitatem
1131 1187 1317 1243 harum
1346 1202 1526 1241 rerum
1561 1186 1935 1254 inexperiens,
1969 1198 2056 1237 ru-

448 1281 585 1347 dis,
616 1283 961 1350 insolensque
1014 1281 1159 1346 novi,
1212 1279 1538 1334 audientium
1580 1287 1788 1334 mentes
1829 1277 2057 1342 habere;

483 1390 585 1433 nec
630 1375 772 1431 ullus
814 1375 982 1440 livor,
1035 1374 1087 1427 id
1132 1372 1271 1442 quod
1302 1381 1356 1426 ct
1394 1371 1617 1426 arduum
1648 1380 1731 1427 est
1763 1382 1973 1434 natura,
2006 1378 2062 1424 et

483 1465 985 1537 ignotuminostris;
1034 1464 1186 1519 nobis
1230 1474 1406 1517 autem
1440 1477 1631 1532 magno
1675 1470 1731 1515 et
1777 1461 1978 1522 labore,
2004 1468 2058 1513 et

486 1556 785 1630 legentium
819 1556 1049 1611 utilitate
1080 1554 1359 1624 digesmm,
1391 1554 1622 1624 obliquis
1653 1553 1923 1608 morsibus
1953 1554 2051 1605 ob-

485 1648 815 1707 mntionis
856 1646 1130 1711 obfuscet;
1165 1645 1397 1715 dentque
1445 1645 1620 1716 potius
1664 1646 1805 1699 viam
1837 1643 2051 1708 studiis,

483 1754 625 1798 nunc
666 1739 993 1809 ignoscendo
1014 1782 1028 1805 ,
1082 1753 1221 1792 nunc
1252 1738 1409 1791 etiam
1440 1737 1860 1807 comprobanda,
1894 1751 2054 1806 quam

2165 554 2328 593 unum
2364 554 2557 593 nomen
2604 539 2765 593 multa
2802 542 3081 612 signiﬁcat,
3115 554 3205 599 aut
3234 549 3404 602 oratio
3428 549 3539 619 jam
3572 558 3744 607 nomi-

2164 631 2319 685 nibus
2350 632 2634 700 verbisque
2662 638 2955 702 composita
2985 654 2998 701 ;
3030 644 3082 691 et
3122 653 3311 695 nomen
3342 641 3555 709 quidem
3582 644 3747 699 multa

2163 721 2445 790 signiﬁcat,
2485 730 2539 775 ut
2587 722 2637 777 id
2680 723 2817 792 quod
2871 740 3030 796 supra
3074 732 3342 799 pr0posni.
3386 732 3568 790 Oratio
3616 752 3748 795 vero

2164 812 2327 866 multa
2358 813 2624 882 designat,
2658 822 2713 868 ut
2743 814 2826 868 aio
2865 826 2937 881 te,
2969 817 3209 886 Aiaeida,
3237 821 3505 881 Romanos
3533 827 3747 887 vincere

2165 908 2338 971 posse.
2391 902 2457 959 Et
2498 905 2729 959 nominis
2777 906 2992 975 quidem
3036 924 3129 977 per
3169 912 3582 980 signiﬁcationes
3625 936 3747 989 pro-

2164 998 2305 1065 prias
2348 996 2541 1051 divisio
2608 998 3044 1069 a-quivocationis
3113 1004 3327 1070 partitio
3377 1022 3746 1081 nuncupatur,

2162 1090 2420 1145 Orationis
2452 1108 2576 1148 vero
2605 1095 2656 1147 in
2689 1094 3106 1165 signiﬁcationes
3150 1101 3392 1167 proprias
3441 1102 3745 1160 distributio

2163 1180 2523 1250 ambiguitatis
2574 1182 2829 1238 discretio
2885 1195 2966 1240 est
3019 1202 3177 1256 quam
3232 1187 3403 1244 Graeci
3452 1194 3745 1264 ἀμφιϐολίαν

2161 1283 2380 1340 vocant,
2412 1275 2479 1327 ita
2524 1282 2579 1329 ut
2624 1290 2818 1332 nomen
2851 1280 3012 1333 multa
3044 1280 3351 1350 signiﬁcans
3374 1285 3743 1355 aequivocum;

2165 1363 2341 1416 oratio
2372 1378 2499 1419 vero
2550 1365 2713 1419 multa
2754 1368 3041 1438 designans
3081 1372 3385 1441 amphibola
3435 1384 3595 1444 atque
3635 1395 3746 1432 am-

2162 1454 2318 1525 bigua
2360 1457 2698 1525 prmdicetur.
2732 1458 2929 1513 Eorum
2962 1472 3136 1517 autem
3168 1480 3285 1532 quae
3326 1469 3619 1524 secundum
3658 1487 3745 1528 ac-

2162 1546 2345 1600 cidens
2375 1547 2704 1615 dividuntur,
2739 1552 2965 1620 subjecti
3007 1554 3057 1607 in
3099 1555 3393 1612 accidentia
3420 1560 3611 1616 divisio
3640 1575 3742 1629 est,

2162 1648 2219 1691 ut
2265 1654 2384 1693 cum
2430 1638 2658 1697 dicimus
2700 1644 2938 1698 omnium
2977 1646 3250 1701 hominum
3297 1649 3383 1703 alii
3421 1664 3546 1705 sunt
3584 1655 3743 1724 nigri,

2161 1732 2249 1787 alii
2290 1734 2523 1801 candidi,
2559 1736 2647 1790 alii
2677 1738 2835 1791 medii
2867 1739 3084 1794 coloris.
3125 1739 3251 1796 Haec
3278 1743 3743 1804 enim'accidentia

483 1830 632 1895 [retia
674 1830 828 1887 bonis
859 1830 1060 1885 artibus
1090 1828 1372 1899 sm’ngant,
1407 1830 1530 1882 dum
1559 1827 1813 1899 quidquid
1861 1842 2055 1883 novum
2085 1817 2135 1881 Β
2162 1833 2287 1879 sunt
2316 1825 2642 1893 hominibus,
2673 1845 2779 1884 non
2810 1830 3081 1886 hominum
3123 1835 3353 1903 species,
3386 1847 3438 1891 et
3470 1838 3629 1894 homo
3663 1841 3744 1897 his

481 1930 571 1979 est
594 1921 899 1989 impudenti.
916 1921 1276 1975 obstinatione
1303 1919 1603 1989 repudiarit.
1629 1919 1757 1985 Quis
1779 1919 1923 1972 enim
1950 1934 2054 1973 non

480 1996 658 2069 videat
678 2012 965 2083 plurimum
984 2013 1047 2068 ad
1068 2013 1326 2068 bonarum
1349 2015 1537 2066 artium
1557 2012 1742 2067 valere
1759 2012 2051 2078 defectum,

480 2105 525 2162 si
553 2104 692 2175 apud
734 2115 940 2161 mentes
983 2104 1258 2159 hominum
1311 2120 1580 2174 nunquam
1637 2106 1706 2159 sit
1749 2105 2056 2174 desperatio

479 2195 837 2267 displicendi?
884 2196 990 2252 Sed
1062 2196 1176 2252 haec
1232 2197 1509 2252 hactenus.
1569 2195 1720 2251 Nunc
1778 2196 2057 2251 divisionis

478 2286 647 2357 ipsius
690 2301 887 2342 nomen
918 2285 1261 2343 dividendum
1293 2296 1397 2353 est,
1436 2296 1489 2341 et
1523 2286 1817 2341 secundum
1866 2303 2057 2341 unum-

476 2379 727 2455 quodque
774 2379 1090 2433 vocabulum
1139 2376 1560 2448 uniuscujusque
1616 2380 1877 2449 propositi
1928 2393 2055 2449 pro-

476 2470 732 2539 prietates
763 2478 1047 2540 partesque
1075 2469 1348 2525 tradendae
1388 2480 1532 2525 sunt.
1574 2470 1779 2526 Divisio
1823 2487 2056 2543 namque

477 2562 657 2616 multis
688 2561 864 2616 modis
911 2562 1125 2617 dicitur.
1180 2563 1277 2617 Est
1304 2564 1446 2617 enim
1495 2562 1690 2618 divisio
1736 2564 1953 2634 generis
2000 2566 2053 2619 in

477 2651 704 2723 Species.
731 2654 826 2708 Est
847 2668 1033 2708 rursus
1056 2651 1250 2708 divisio
1274 2668 1396 2709 cum
1426 2663 1595 2710 totum
1623 2655 1676 2710 in
1702 2659 1942 2726 proprias
1975 2657 2056 2711 tli-

477 2744 672 2800 viditur
700 2756 899 2816 partes.
931 2746 1027 2801 Est
1056 2746 1189 2813 alia,
1221 2763 1341 2802 cum
1373 2763 1475 2803 vox
1531 2750 1698 2805 multa
1744 2750 2054 2821 signiﬁcans

479 2833 531 2890 in
558 2836 983 2906 signiﬁcationes
1014 2841 1262 2909 proprias
1284 2841 1474 2927 recipit
1497 2842 1813 2897 sectionem.
1855 2844 2056 2900 Praeter

479 2926 576 2983 bas
599 2936 725 2993 tres,
752 2937 834 2984 est
854 2928 957 2984 alia
981 2929 1175 2986 divisio
1195 2947 1314 3002 quae
1330 2926 1631 2987 Secundum
1662 2934 1911 2989 accidens
1939 2934 2053 2989 ﬁeri

480 3019 692 3077 dicitur.
728 3022 893 3093 Hujus
932 3034 1109 3078 autem
1152 3034 1235 3079 est
1269 3025 1461 3095 triplex
1510 3026 1719 3093 modus,
1769 3043 1902 3081 unus
1932 3042 2051 3081 cum

480 3113 777 3183 subjectum
805 3116 860 3169 in
890 3114 1181 3171 accidentia
1219 3131 1553 3185 separamus,
1594 3116 1729 3174 alius
1753 3133 1874 3173 cum
1908 3120 2051 3173 acci-

2160 1916 2491 1986 subjectnm,
2525 1935 2629 1974 non
2685 1921 2872 1977 horum
2914 1939 3081 1994 genus
3120 1938 3220 1981 est.
3262 1929 3568 1986 Accidentis
3618 1949 3744 1990 vero

2160 2007 2214 2061 in
2246 2008 2486 2079 subjecta
2529 2014 2697 2069 sectio
2731 2017 2928 2083 evenit,
2962 2025 3019 2071 ut
3047 2028 3130 2073 est
3164 2021 3404 2075 omnium
3437 2040 3554 2093 quin
3583 2042 3745 2095 expe-

2161 2106 2362 2164 tuntur,
2394 2102 2498 2155 alia
2533 2104 2582 2156 in
2614 2106 2812 2172 anima,
2853 2108 2957 2161 alia
3005 2110 3055 2163 in
3099 2112 3411 2180 corporibus
3453 2116 3554 2170 sita
3596 2128 3740 2173 sunt.

2161 2190 2368 2245 Animae
2420 2206 2650 2261 namque
2696 2205 2855 2266 atque
2900 2202 3109 2269 corpori
3184 2202 3235 2256 id
3286 2204 3427 2271 quod
3476 2210 3742 2277 expetitur

2160 2282 2430 2350 accidens,
2448 2300 2551 2340 non
2584 2300 2895 2357 genus,est,
2914 2300 2965 2347 et
2991 2293 3112 2349 boni
3146 2295 3285 2364 quod
3316 2297 3369 2351 in
3401 2299 3575 2354 anima
3608 2314 3657 2357 et
3688 2306 3742 2363 in

2158 2384 2383 2442 corpore
2416 2386 2495 2430 est
2524 2380 2683 2433 situm
2716 2396 2820 2435 non
2852 2391 2980 2437 sunt
3028 2382 3141 2439 hinc
3174 2389 3402 2453 Species.
3435 2392 3528 2445 sed
3561 2394 3741 2461 subje~

2157 2474 2264 2518 cta.
2316 2467 2620 2522 Aceidentis
2667 2484 2797 2525 vero
2848 2472 2900 2526 in
2955 2475 3249 2531 accidentia
3296 2478 3491 2535 divisio
3537 2492 3639 2549 est,
3685 2494 3742 2540 ut

2158 2560 2393 2613 omnium
2438 2560 2808 2621 eandidorum.
2842 2564 2943 2618 alia
2992 2576 3115 2620 sunt
3151 2567 3305 2633 dura,
3340 2580 3395 2624 ut
3435 2578 3740 2643 margarita,

2159 2649 2258 2703 alia
2285 2649 2562 2718 liquentia,
2590 2660 2649 2706 ut
2675 2652 2776 2708 lac.
2809 2653 3008 2725 Liquor
3034 2673 3262 2727 namque
3283 2671 3337 2716 et
3362 2663 3554 2720 albedo
3583 2675 3743 2737 atque

2157 2740 2379 2796 durities
2405 2742 2490 2795 hic
2517 2754 2641 2797 sunt
2670 2744 2986 2802 accidentia.
3018 2746 3123 2804 Sed
3154 2750 3329 2807 album
3354 2754 3407 2807 in
3429 2754 3559 2811 dura
3584 2767 3743 2827 atque

2158 2830 2353 2899 liquida
2384 2841 2688 2902 separatum
2731 2849 2832 2890 eSt.
2868 2835 3001 2892 Cum
3033 2855 3161 2909 ergo
3202 2844 3279 2898 sic
3314 2845 3560 2914 dicimus,
3594 2852 3741 2905 acci-

2158 2923 2310 2991 dens,
2345 2924 2396 2977 in
2428 2924 2528 2978 alia
2572 2928 2871 2983 accidentia
2916 2945 3248 3000 separamus,
3299 2938 3391 2989 sed
3440 2939 3741 3009 hujusmodi

2157 3013 2351 3069 divisio
2377 3017 2609 3071 vicissim
2634 3034 2849 3089 semper
2875 3021 2929 3075 in
2957 3024 3212 3080 alterutra
3240 3038 3590 3095 permutatur.
3621 3032 3740 3088 Pos-

2160 3120 2344 3161 sumus
2370 3108 2514 3163 enim
2544 3109 2724 3165 dicere
2758 3125 2945 3168 eorum
2986 3131 3105 3183 quas
3145 3117 3277 3173 dura
3311 3128 3455 3189 sunt,
3483 3123 3583 3177 alia
3615 3136 3740 3185 sunt

478 3205 614 3263 dens
638 3206 693 3262 ίι.
718 3207 959 3283 subjecta
989 3208 1308 3272 dividimus,
1355 3210 1541 3265 tertius
1570 3225 1689 3264 cum
1718 3210 1970 3265 accidens
1998 3210 2050 3265 in
2080 3195 2130 3260 c
2161 3197 2331 3266 nigra.
2371 3199 2475 3254 alia
2516 3202 2658 3268 alba.
2706 3209 2762 3258 et
2806 3220 2991 3260 rursus
3020 3223 3204 3263 eorum
3238 3225 3355 3278 quae
3388 3213 3605 3282 liquida.
3637 3218 3739 3274 alia

477 3297 769 3353 accidentia
804 3298 1217 3355 secamuszhoc
1269 3301 1335 3353 ita
1389 3300 1464 3364 ﬁt,
1512 3300 1556 3353 si
1613 3311 1835 3370 utraque
1875 3301 2051 3356 eidem

475 3390 721 3461 subjecto
746 3391 923 3448 inesse
943 3391 1249 3447 videantur.
1274 3392 1379 3448 Sed
1404 3392 1589 3446 liarutn
1617 3395 1854 3448 omnium
1876 3411 2051 3449 exem-

476 3483 561 3557 pla
590 3484 865 3539 subdenda
896 3494 1042 3549 sunt,
1084 3494 1348 3555 quatenus
1379 3486 1540 3539 totius
1573 3483 1730 3553 hujus
1766 3484 2052 3541 divisionis

452 3575 613 3633 ratio
639 3576 926 3633 elucescat.
964 3577 1142 3633 Genus
1172 3577 1460 3632 dividimus
1492 3578 1545 3631 in
1587 3579 1794 3647 species
1819 3594 1939 3633 cum
1974 3580 2055 3633 di-

476 3668 648 3723 cimus
694 3668 1000 3725 animalium
1046 3669 1147 3723 alia
1189 3670 1505 3733 rationalia,
1550 3669 1650 3725 alia
1690 3671 2052 3741 irrationalia;

478 3758 817 3813 rationaliutn
851 3759 952 3812 alia
977 3762 1238 3828 mortalia,
1276 3760 1380 3814 alia
1412 3763 1753 3817 immortalia.
1810 3764 1901 3819 Vel
1932 3780 2055 3820 cum

477 3848 706 3903 dicimus
750 3851 988 3904 colorum
1033 3851 1133 3904 alia
1178 3852 1318 3913 alba,
1362 3852 1463 3905 alia
1497 3852 1666 3921 nigra,
1726 3853 1823 3907 alia
1856 3854 2051 3909 media.

477 3938 707 4008 Oportet
746 3949 923 3994 autem
956 3956 1167 3995 omnem
1211 3941 1530 3997 divisionem
1576 3945 1788 4013 generis
1837 3947 1887 4000 in
1935 3961 2056 4015 spe-

478 4032 614 4098 cies,
643 4043 735 4105 aut
756 4033 807 4087 in
834 4034 964 4087 duas
995 4033 1108 4089 ﬁeri
1141 4045 1334 4103 partes,
1366 4048 1453 4090 aut
1482 4036 1535 4090 in
1567 4037 1768 4105 plures.
1813 4037 1919 4093 Sed
1959 4054 2055 4093 ne-

477 4138 581 4194 que
606 4122 828 4178 inﬁnitae
858 4123 1065 4192 species
1098 4138 1216 4179 esse
1239 4125 1449 4194 generis
1480 4138 1721 4195 possunt,
1750 4141 1848 4182 nec
1879 4128 2054 4183 minus

475 4215 701 4273 duabus.
752 4214 869 4273 Hoc
914 4227 1088 4273 autem
1124 4232 1218 4274 cur
1247 4221 1478 4287 eveniat,
1528 4220 1796 4288 posterius
1827 4220 2052 4275 demon-

475 4309 750 4365 strandum
779 4319 883 4365 est.
913 4308 1102 4364 Totum
1134 4310 1184 4364 in
1218 4320 1395 4380 partes
1442 4312 1698 4367 dividitur
1745 4313 1952 4383 queiies
1999 4314 2052 4367 in

476 4416 541 4459 ea
585 4417 650 4457 ex
677 4401 864 4474 quibus
905 4413 987 4459 est
1025 4405 1376 4473 compositum
1412 4406 1827 4477 unumquodque
1882 4407 2052 4462 resol-

478 4493 692 4561 vimus,
757 4503 814 4549 ut
845 4509 962 4550 cum
1009 4498 1154 4563 dico,
1212 4497 1404 4552 domus
1451 4497 1594 4553 aliud
1640 4513 1759 4554 esse
1817 4508 2047 4566 tectum,

2158 3301 2283 3345 sunt
2307 3292 2445 3358 alba,
2474 3294 2576 3349 alia
2607 3295 2777 3365 nigra.
2810 3296 2918 3353 Sed
2950 3298 3064 3354 haec
3093 3316 3280 3357 rursus
3319 3318 3574 3360 conversa
3608 3306 3738 3364 divi.

2156 3384 2333 3443 dimus
2363 3403 2547 3442 eorum
2582 3404 2701 3460 quae
2745 3397 2871 3445 sunt
2915 3393 3086 3463 nigra,
3132 3395 3233 3449 alia
3283 3405 3407 3452 sunt
3460 3398 3738 3470 liquentia,

2156 3476 2257 3531 alia
2288 3478 2441 3544 dura,
2474 3490 2528 3534 et
2556 3495 2740 3535 eorum
2792 3498 2910 3551 quae
2959 3495 3084 3539 sunt
3120 3487 3260 3551 alba,
3306 3489 3411 3543 alia
3458 3490 3734 3564 liquentia,

2157 3568 2257 3621 alia
2304 3584 2434 3624 vero
2478 3570 2629 3625 dura.
2670 3570 2854 3627 Βίαντι
2892 3584 3070 3631 autem
3112 3578 3416 3647 hujusmodi
3457 3582 3648 3640 divisio
3673 3587 3738 3643 ab

2157 3662 2405 3718 omnibus
2435 3679 2554 3732 qua:
2597 3680 2755 3734 supra
2799 3666 2953 3723 dictae
2999 3679 3142 3725 sunt.
3180 3673 3309 3727 Nam
3340 3690 3513 3745 neque
3541 3676 3736 3748 signiﬁ-

2157 3755 2421 3809 cationem
2469 3756 2649 3824 partiri
2703 3772 2984 3826 possumus
3032 3763 3083 3816 in
3136 3779 3309 3828 voces,
3364 3782 3483 3822 eum
3533 3785 3636 3825 vox
3685 3771 3736 3828 in

2158 3848 2398 3914 proprias
2448 3846 2861 3916 signiﬁcationes
2911 3851 3264 3908 discernatur.
3315 3855 3423 3911 Nec
3470 3870 3650 3927 partes
3685 3862 3738 3919 in

2157 3948 2325 3995 totum
2357 3940 2685 4005 dividuntur,
2727 3945 2974 4009 quamvis
3019 3952 3187 3996 totum
3225 3957 3502 4014 separetur
3531 3953 3583 4004 in
3618 3968 3737 4020 par~

2157 4038 2258 4095 tes,
2293 4045 2392 4085 nec
2429 4031 2636 4100 species
2674 4040 2925 4107 secantur
2962 4032 3016 4085 in
3058 4048 3276 4102 genera,
3323 4038 3446 4091 licet
3486 4054 3654 4107 genus
3684 4043 3739 4102 in

2156 4122 2362 4191 species
2405 4120 2691 4175 dividatur.
2733 4106 2884 4189 Quod
2927 4136 3058 4177 vero
3106 4123 3353 4191 superius
3405 4106 3603 4181 dictum
3652 4140 3738 4189 est

2157 4212 2296 4266 hanc
2337 4212 2655 4267 divisionem
2700 4211 2770 4267 ita
2824 4211 2962 4279 ﬁeri,
3009 4214 3053 4268 si
3103 4222 3326 4284 utraque
3369 4218 3736 4287 contingerent

2157 4304 2334 4359 eidem
2358 4304 2534 4359 inesse
2560 4303 2824 4375 subjecto,
2848 4305 2894 4360 si
2916 4307 3170 4361 attentius
3200 4307 3517 4377 perspicitur
3546 4308 3735 4378 liquet.

2156 4394 2288 4450 Nam
2322 4409 2441 4450 cum
2488 4394 2715 4451 dicimus
2754 4412 2938 4452 eorum
2976 4413 3094 4467 qua:
3132 4399 3261 4453 dura
3308 4410 3431 4455 sunt
3484 4401 3587 4455 alia
3616 4416 3737 4465 esse

2158 4485 2300 4550 alba,
2331 4486 2430 4539 alia
2463 4488 2632 4555 nigra,
2668 4498 2724 4541 ut
2756 4487 2891 4558 lapis
2930 4498 3091 4558 atque
3128 4490 3350 4554 ebenus.
3392 4491 3733 4550 manifestum

476 4584 618 4639 aliud
648 4585 841 4655 paries,
881 4586 1019 4641 aliud
1068 4588 1488 4655 fundamentum,
1528 4598 1583 4645 et
1623 4592 1890 4645 hominem
1922 4605 2049 4645 eon-
2074 4567 2170 4632 Di

2038 4621 2049 4632 .
2074 4567 2130 4630 Β
2155 4584 2237 4632 est
2266 4577 2440 4631 ebeno
2469 4586 2695 4646 utraque
2724 4576 2901 4632 inesse
2926 4588 2977 4632 et
3010 4579 3259 4634 duritiem
3290 4590 3345 4635 et
3377 4581 3732 4651 nigredinem.

473 4674 621 4748 jungi
659 4678 835 4733 anima
872 4689 926 4735 et
968 4695 1214 4749 corpore.
1264 4682 1504 4752 Cumque
1550 4683 1781 4737 hominis
1825 4684 2052 4740 dicimus

474 4782 652 4841 partes
678 4786 798 4827 esse
825 4772 1105 4840 Catonem,
1146 4774 1441 4845 Virgilium,
1486 4776 1797 4832 Ciceronem
1838 4788 1891 4831 et
1936 4779 2049 4833 sin-

473 4864 625 4932 gulos
671 4864 760 4933 qui
807 4880 926 4919 cum
980 4867 1331 4936 particulares
1376 4868 1504 4933 sint,
1536 4868 1639 4923 vim
1685 4879 1859 4924 tamen
1889 4872 2051 4927 totius

478 4956 713 5013 hominis
739 4956 967 5031 jungunt
994 4964 1157 5031 atque
1182 4972 1533 5033 componunt.
1574 4962 1756 5034 Neque
1784 4966 1925 5018 enim
1954 4963 2049 5017 ho-

464 5062 560 5129 lmo
588 5064 777 5119 genus,
822 5066 920 5107 nec
963 5052 1158 5124 singuli
1198 5056 1441 5111 homines
1472 5057 1698 5125 species,
1729 5056 1822 5125 sed
1868 5064 2047 5125 partes

472 5138 664 5207 quibus
708 5149 849 5194 totus
890 5141 1050 5195 homo
1085 5144 1446 5215 conjungitur.
1484 5146 1640 5201 Vocis
1680 5156 1856 5201 autem
1893 5146 1945 5200 in
1975 5145 2047 5200 si-

470 5228 836 5298 gniﬁcatiOues
884 5232 1127 5300 proni-ias
1171 5234 1363 5289 divisio
1411 5235 1488 5301 ﬁt,
1538 5237 1749 5304 quoties
1799 5251 1900 5289 una
1947 5250 2050 5291 vox

468 5318 631 5372 multa
662 5320 962 5390 signiﬁcans
992 5322 1249 5391 aperitur,
1285 5334 1337 5378 et
1377 5324 1491 5392 ejus
1530 5325 1802 5393 pluralitas
1843 5325 2048 5394 signiﬁ-

468 5411 694 5465 cationis
718 5412 1036 5476 ostenditur,
1068 5424 1127 5467 ut
1156 5428 1276 5468 cum
1317 5413 1438 5468 dico
1466 5418 1611 5469 canis
1639 5416 1780 5481 quod
1830 5426 1909 5469 est
1952 5432 2044 5471 no-

470 5516 615 5564 men,
649 5512 701 5555 et
730 5503 873 5557 hunc
899 5504 1298 5573 quadrupedem
1346 5506 1748 5576 latrabilemque
1783 5508 2042 5580 designat,

469 5599 525 5647 et
549 5591 822 5648 omlestem
855 5594 946 5661 qui
980 5595 1045 5648 ad
1074 5595 1289 5650 Orionis
1318 5596 1506 5665 pedem
1534 5598 1833 5653 morbidum
1866 5601 2045 5655 micat.

468 5682 565 5742 Est
586 5698 797 5755 quoque
823 5684 960 5738 alius
986 5683 1224 5739 marinus
1250 5689 1420 5751 canis,
1441 5692 1529 5757 qui
1560 5690 1611 5742 in
1640 5688 2045 5745 immoderatam

467 5780 708 5849 corporis
738 5780 1156 5848 magnitudinem
1198 5793 1467 5849 crescens,
1510 5781 1769 5838 caeruleus
1812 5786 2049 5854 appella-

2160 4669 2214 4722 ln
2238 4668 2445 4723 caeteris
2475 4681 2685 4737 quoque
2717 4668 2768 4721 id
2798 4669 3027 4738 diligens
3055 4671 3223 4725 lector
3250 4671 3505 4727 inveniet.
3534 4676 3735 4741 Quibus

2156 4768 2332 4813 autem
2366 4774 2573 4812 summa
2602 4760 2843 4829 operatio
2872 4761 3114 4816 veritatis
3140 4762 3445 4832 inquiritur,
3475 4765 3557 4821 bis
3590 4769 3734 4835 prius

2157 4854 2562 4923 intelligendum
2615 4865 2695 4911 est
2744 4862 2863 4925 qua:
2935 4858 3006 4911 sit
3050 4856 3238 4911 horum
3290 4862 3526 4913 omnium
3578 4861 3734 4917 simul

2156 4946 2476 5015 proprietas,
2523 4945 2821 5016 quibusque
2860 4947 3000 5002 inter
3036 4962 3096 5003 se
3125 4948 3391 5018 sigillatim
3422 4950 3735 5007 diﬁ'ereutiis

2158 5047 2522 5107 segregentur.
2553 5037 2739 5093 Omnis
2770 5038 2912 5093 enim
2945 5039 3091 5093 vocis
3134 5050 3185 5094 et
3224 5042 3435 5109 generis
3474 5049 3528 5094 et
3572 5044 3735 5095 totius

2156 5129 2369 5197 divisio,
2414 5132 2708 5186 secundum
2749 5146 2807 5187 se
2855 5133 3044 5187 divisio
3092 5141 3445 5202 nuncupatur.
3496 5133 3735 5200 Reliqua:

2158 5235 2285 5275 vero
2326 5230 2435 5277 tres
2478 5221 2531 5275 in
2572 5222 2867 5277 accidentis
2904 5223 3274 5279 distributione
3320 5233 3607 5292 ponuntur.
3639 5225 3735 5277 Se-

2157 5314 2387 5369 cundum
2434 5328 2492 5368 se
2537 5323 2714 5369 autem
2763 5314 3042 5369 divisionis
3081 5315 3385 5386 hujusmovti
3432 5314 3733 5370 dili‘erentia

2156 5416 2257 5463 est.
2298 5407 2484 5462 Diﬁ'ert
2518 5409 2660 5462 enim
2703 5408 2894 5462 divisio
2936 5410 3146 5477 generis
3187 5422 3217 5462 a
3265 5407 3409 5463 vocis
3446 5407 3734 5475 divisione,

2158 5501 2297 5571 quod
2333 5516 2435 5555 vox
2475 5501 2688 5569 quidem
2721 5500 2773 5554 in
2806 5500 3047 5569 proprias
3074 5498 3488 5568 signiﬁcationes
3518 5515 3733 5571 separa.

2156 5604 2260 5648 tur.
2290 5593 2471 5646 Genus
2510 5604 2647 5645 vero
2678 5605 2785 5644 non
2828 5590 2882 5645 in
2913 5590 3350 5659 signiﬁcationes,
3383 5592 3555 5647 sed‘in
3579 5606 3731 5661 quas.

2159 5686 2280 5739 dam
2312 5698 2340 5736 a
2368 5687 2429 5735 'su
2458 5680 2855 5749 quodammodo
2885 5682 3283 5749 procreationes
3312 5681 3653 5753 disjungitur,
3681 5691 3732 5742 et

2155 5798 2323 5855 genus
2356 5793 2569 5848 semper
2605 5780 2800 5848 speciei
2842 5780 3071 5851 propriae
3109 5789 3277 5837 totum
3303 5776 3407 5851 est,
3440 5789 3496 5836 ut
3520 5781 3729 5837 univer-
