4290 6272
575 397 674 452 879

1814 394 1927 452 AN.
1965 393 2171 451 MANL.
2204 390 2354 452 δεῖν.
2398 389 2620 486 Βοετιξ
2650 425 2661 433 -

3718 388 3845 463 ,sso

514 490 517 491 7
573 514 734 568 iulius
773 515 826 568 in
864 521 1068 567 natura.
1117 508 1497 581 Equivocatio
1527 524 1657 566 vero
1688 508 2044 565 universalior
2083 510 2157 565 si-
2186 507 2430 574 Afalso,
2485 506 2713 562 fortasse
2764 506 2905 560 enim
2956 503 3098 561 idem
3146 513 3272 560 sunt
3316 512 3494 575 partes
3544 503 3847 572 huiusmodi

574 605 816 672 gnificata
849 618 907 657 re
935 601 1129 656 dicitur
1171 611 1341 655 totum
1376 602 1426 656 in
1460 617 1612 664 voce.
1646 618 1752 655 non
1787 600 1948 656 etiam
1992 611 2159 656 totum

575 698 625 748 itt
668 705 873 748 natura.
924 692 1019 747 lllo
1060 709 1271 763 quoque
1318 686 1482 749 modo.
1517 709 1547 748 a
1590 696 1737 749 vocis
1784 694 2162 750 distributione

574 784 848 849 dividitur,
878 786 1021 853 quod
1055 785 1185 839 nihil
1217 786 1415 841 habent
1449 802 1735 842 cnmnmue
1767 795 1961 856 prmtcr
1987 787 2158 841 solum

575 890 767 930 nomen
800 894 919 946 quae
947 879 1049 932 sub
1080 894 1142 934 ea
1173 895 1301 934 voce
1330 891 1473 936 sunt.
1508 881 1638 949 Qum.
1672 896 1803 936 vero
1833 881 1933 935 sub
1960 896 2169 949 genere

574 970 922 1036 collocantur,
949 982 1005 1026 et
1032 988 1225 1026 nomen
1260 974 1471 1039 generis
1501 982 1555 1027 et
1584 973 1959 1027 dilfioitionem
1992 973 2162 1027 susci-

572 1058 743 1128 piunt.
770 1063 1009 1129 Amplius
1037 1079 1247 1133 quoque
1279 1081 1382 1118 non
1415 1064 1604 1119 eadem
1625 1064 1771 1133 “apud
1801 1080 1987 1120 omnes
2011 1065 2159 1120 vocis

574 1162 657 1207 est
698 1154 1023 1209 distributio.
1065 1156 1214 1223 Quod
1257 1156 1404 1210 enini
1447 1156 1586 1225 apud
1630 1170 1729 1210 nos
1764 1155 1957 1210 dicitur
1984 1160 2157 1224 canis,

574 1260 692 1300 cum
736 1244 851 1316 ejus
898 1247 1077 1301 multm.
1130 1248 1548 1318 significationes
1596 1249 1650 1302 in
1698 1249 1871 1318 lingua
1921 1250 2157 1304 Romana

574 1338 700 1403 sint,
725 1339 1039 1405 simpliciter
1067 1337 1292 1395 fortasse
1322 1321 1721 1410 prtedicaturju
1757 1343 2012 1407 barbara;
2036 1358 2157 1398 cum

574 1444 631 1483 ea
664 1445 781 1499 quin
816 1431 953 1497 apud
986 1446 1083 1485 nos
1113 1446 1219 1485 uno
1251 1434 1468 1487 nomine
1502 1444 1894 1503 nuncupantur,
1930 1436 2001 1489 illi
2036 1436 2156 1505 plu-

574 1523 719 1577 ribus
759 1523 983 1579 fortasse
1029 1526 1331 1595 significent
1374 1529 1703 1583 uomin’bus.
1749 1527 1974 1583 Generis
2018 1527 2158 1597 apud

574 1629 759 1668 rmnes
799 1616 982 1669 eadem
1016 1616 1205 1671 divisio
1232 1619 1643 1688 distributioque
1678 1630 1969 1685 permanet.
2006 1620 2158 1675 Unde

573 1705 629 1760 fit
656 1715 711 1761 ut
743 1708 885 1761 vocis
912 1708 1125 1778 quidem
1165 1710 1356 1763 leislf)
1390 1711 1457 1764 ad
1508 1711 1828 1780 positionem
1865 1723 2155 1766 consuetu-

574 1797 856 1869 dinemque
886 1802 1165 1869 pertineat,
1197 1803 1412 1869 generis
1446 1818 1573 1857 vero
1610 1804 1675 1856 ad
1712 1813 1977 1858 naturam.
2020 1804 2153 1858 Nam

2263 600 2579 659 substantia,
2611 612 2713 651 non
2745 598 2904 651 etiam
2947 598 3264 667 quantitate.
3310 597 3494 651 Restat
3545 607 3721 651 autem
3751 614 3847 651 vo-

2261 694 2338 749 cis
2364 703 2417 749 et
2444 694 2608 749 totius
2636 692 3026 747 distributionis
3053 691 3381 746 differentias
3410 691 3557 746 dare.
3590 691 3851 749 Diﬂ'erunt

2260 793 2435 840 autem
2484 784 2624 854 quod
2668 792 2837 838 totum
2884 784 3098 854 quidem
3151 792 3361 838 cmistat
3418 783 3696 851 partibus,
3747 798 3847 839 vos

2262 891 2389 931 vero
2429 891 2532 931 non
2575 884 2779 930 constat
2813 890 2877 930 ex
2913 874 2993 929 Itis
3024 890 3142 941 quas
3173 874 3468 942 significat;
3501 884 3556 930 et
3602 875 3659 929 fit
3689 876 3850 932 totius

2260 968 2450 1023 divisio
2476 967 2687 1038 quidem
2721 969 2775 1023 iu
2808 975 3005 1037 partes,
3038 970 3182 1020 vocis
3212 977 3387 1020 autem
3414 982 3519 1020 non
3553 966 3612 1021 fit
3643 970 3693 1021 in
3729 982 3850 1038 par-

2259 1069 2359 1127 tes,
2393 1061 2486 1115 sed
2516 1061 2566 1114 in
2605 1075 2695 1115 eas
2727 1075 2812 1114 res
2840 1076 2973 1129 quas
3002 1060 3112 1127 ipsa
3146 1074 3245 1113 vox
3276 1059 3538 1129 significat
3580 1076 3594 1112 :
3621 1061 3763 1115 unde
3793 1060 3851 1116 fit

2192 1163 2200 1169 ‘
2261 1161 2318 1205 ut
2355 1150 2563 1204 sublati
2616 1162 2763 1214 parte
2801 1164 2903 1203 una
2949 1159 3115 1205 totum
3168 1157 3372 1218 pereat,
3405 1149 3611 1203 sublata
3647 1165 3751 1204 una
3790 1165 3851 1206 re

2259 1257 2417 1313 quam
2440 1257 2545 1295 vos
2577 1240 2845 1309 significat
2872 1240 3033 1311 multa
3087 1238 3529 1309 designans,vox
3582 1239 3673 1294 illa
3726 1256 3847 1310 per-

2261 1342 2494 1386 maneat.
2538 1331 2687 1385 Nunc
2729 1344 2856 1400 ergo
2911 1330 3158 1399 quoniam
3200 1328 3490 1385 secundum
3542 1346 3601 1384 se
3630 1330 3846 1384 divisio-

2265 1426 2347 1478 nis
2379 1423 2692 1477 dili‘erenta:
2724 1421 2877 1474 dicta:
2929 1430 3084 1475 sunt.
3115 1423 3326 1489 generis
3378 1420 3680 1474 distributio
3730 1435 3851 1488 per-

2265 1525 2541 1571 tractetur.
2586 1514 2821 1568 Primum
2852 1511 2976 1581 quid
3019 1527 3191 1581 genus
3224 1512 3295 1566 sit
3335 1511 3705 1567 difliuiendutu
3744 1520 3846 1567 est.

2262 1609 2443 1663 Genus
2472 1618 2551 1661 ist
2593 1607 2733 1677 quod
2778 1606 3097 1674 praedicatur
3121 1605 3189 1660 de
3221 1604 3461 1675 pluribus
3490 1606 3671 1675 specie
3698 1604 3848 1661 diffe-

2263 1701 2503 1754 rentibus
2545 1698 2596 1752 in
2635 1715 2701 1753 eo
2739 1700 2882 1769 quod
2913 1710 3014 1765 est,
3047 1698 3253 1765 species
3290 1712 3418 1753 vero
3452 1706 3536 1753 est
3562 1712 3720 1768 quam
3750 1698 3846 1755 sub

2261 1809 2457 1860 genere
2501 1793 2851 1848 collocamus.
2904 1792 3231 1861 liifl'ert-utia,
3283 1790 3405 1859 quia
3451 1791 3595 1845 aliud
3639 1791 3707 1846 ab
3744 1790 3848 1848 alio

573 1890 709 1961 quod
749 1890 886 1955 apud
932 1906 1116 1945 omnes
1159 1891 1298 1945 idem
1344 1903 1449 1959 est,
1484 1903 1690 1947 naturte
1721 1903 1823 1947 est.
1856 1895 2155 1949 Consuetu-
2185 1882 2231 1944 Β
2259 1886 2457 1941 di~larc
2485 1888 2852 1955 proponimus.
2885 1887 2946 1941 Et
2975 1885 3297 1956 estquidem
3324 1900 3494 1954 genus
3518 1884 3656 1951 quod
3685 1893 3844 1941 Inter-

572 1981 709 2038 dinis
738 2000 866 2040 vero
895 1996 997 2051 est,
1038 1986 1179 2055 quod
1232 1987 1370 2051 apud
1422 1988 1630 2057 aliquos
1685 1998 2036 2056 permutatur.
2090 1989 2154 2043 Et

570 2074 653 2131 lue
684 2078 895 2147 quidem
929 2088 1051 2131 sunt
1081 2077 1395 2133 diffetentiae
1425 2080 1658 2147 generis.
1690 2079 2076 2134 distributioois
2105 2088 2159 2134 et

572 2170 736 2226 vocis.
785 2170 1010 2225 Generis
1053 2186 1264 2239 quoqtte
1308 2171 1475 2225 seetio
1514 2187 1543 2223 a
1577 2171 1737 2225 totius
1781 2170 2157 2227 distributione

571 2262 886 2332 sejungitur,
912 2265 1053 2331 quod
1084 2265 1243 2316 totius
1270 2264 1461 2316 divisio
1488 2264 1780 2319 secundum
1807 2264 2155 2334 quantitatem

572 2351 652 2407 fit.
708 2352 891 2408 Partes
944 2354 1086 2408 enim
1150 2361 1312 2407 totam
1366 2356 1723 2408 subs:auti:un
1773 2356 2158 2425 coniungentes

573 2453 716 2510 actu,
753 2452 845 2497 aut
884 2444 1087 2497 ratione
1134 2445 1297 2498 animi
1346 2456 1399 2500 et
1447 2446 1698 2515 cogitatio
1738 2460 1769 2499 e
1815 2456 2154 2515 separantur.

574 2535 800 2591 Generis
851 2552 977 2589 vero
1026 2536 1333 2591 di~tributio
1382 2537 1635 2605 qualitate
1688 2538 1974 2606 perficitur.
2026 2538 2156 2593 Nam

573 2641 694 2680 cunt
728 2626 993 2679 hominem
1034 2628 1134 2681 sub
1176 2629 1393 2681 animali
1443 2630 1713 2694 loeatvero,
1750 2642 1875 2683 tunc
1904 2630 2159 2699 qualitate

574 2721 765 2775 divisio
809 2720 943 2772 facta
974 2731 1075 2772 εει.
1129 2720 1297 2784 Quale
1341 2736 1569 2789 namque
1616 2721 1814 2789 animal
1855 2732 1935 2777 est
1977 2724 2158 2787 bouto,

573 2813 774 2867 idcircp
809 2815 1058 2883 quoniam
1098 2814 1350 2883 qualitate
1396 2814 1672 2869 formatur.
1718 2816 1868 2871 Unde
1906 2818 2063 2883 quale
2090 2817 2160 2871 sit

573 2909 766 2964 animal
802 2907 961 2962 bomo
992 2908 1342 2978 respondens,
1375 2922 1466 2964 aut
1500 2911 1761 2965 rationale
1794 2910 2155 2978 re~pondebit,

572 3011 665 3056 aut
710 3012 855 3057 certe
898 3004 1139 3057 mortale.
1171 3002 1415 3069 Amplius
1462 3020 1630 3075 genus
1659 3021 1818 3057 omne
1848 3003 2160 3058 naturaliter

573 3098 720 3169 prius
756 3107 838 3151 est
881 3098 1111 3168 propriis
1153 3098 1455 3168 speciebus,
1491 3110 1657 3153 totum
1698 3107 1875 3153 autem
1931 3099 2159 3169 propriis

572 3191 811 3260 partibus
856 3192 1119 3259 posterius
1167 3199 1267 3245 est.
1318 3190 1502 3244 Partes
1552 3207 1669 3261 quae
1725 3201 1890 3244 totum
1926 3190 2156 3258 jungunt

570 3283 850 3352 compositi
874 3282 955 3335 sui
986 3280 1363 3349 perfectionem
1393 3281 1525 3335 alias
1555 3292 1737 3335 natura
1767 3290 1990 3345 tantum,
2020 3281 2091 3333 ali
2113 3295 2154 3335 .s

571 3372 778 3427 ratione
807 3388 1019 3441 quoque
1051 3374 1305 3441 temporis
1334 3374 1674 3427 antecedunt.
1709 3373 1859 3428 Unde
1890 3374 1944 3427 fit
1979 3382 2034 3426 ut
2063 3390 2158 3442 ge-

572 3477 673 3515 nus
713 3462 763 3514 iu
808 3464 1122 3530 posteriora,
1167 3473 1331 3515 totutu
1374 3479 1503 3518 vero
1554 3468 1604 3517 in
1651 3465 1823 3532 priora
1864 3464 2153 3520 solvamus.

568 3551 706 3611 Hinc
733 3568 945 3626 quoque
974 3555 1101 3608 illud
1131 3571 1254 3609 vere
1280 3557 1500 3621 dicitur,
1532 3558 1577 3609 si
1601 3572 1768 3624 genus
1800 3558 2154 3626 itueriioatur,

573 3646 749 3703 Statim
796 3645 1001 3715 species
1044 3644 1309 3712 deperire.
1355 3644 1411 3699 Si
1459 3649 1665 3713 spei-tes
1713 3646 2033 3715 interempta
2066 3650 2157 3717 sit,

573 3754 679 3797 non
728 3746 1063 3806 peremptum
1099 3752 1266 3804 genus
1298 3736 1350 3790 in
1384 3745 1573 3789 natura
1610 3740 1925 3793 consistere.
1959 3736 2157 3795 Con=ra

572 3831 750 3887 evenit
785 3831 837 3884 in
882 3838 1013 3884 toto.
1061 3831 1190 3882 't‘am
1222 3829 1267 3883 si
1299 3843 1421 3897 pars
1456 3829 1619 3884 totius
1656 3836 1817 3899 perit,
1850 3840 2015 3884 totum
2050 3847 2154 3888 non

571 3926 695 3991 erit,
740 3922 891 3992 cujus
946 3935 1066 3988 pars
1110 3938 1214 3975 una
1266 3924 1337 3975 sit
1387 3923 1723 3991 interempta.
1757 3922 1861 3978 Sed
1902 3924 1946 3978 si
1987 3934 2153 3981 totum

568 4023 773 4088 pereat,
806 4022 983 4084 partes
1012 4024 1292 4067 remanent
1319 4012 1638 4078 distributi»,
1672 4024 1727 4067 ut
1763 4013 1805 4066 si
1847 4014 1914 4067 de
1952 4014 2154 4085 integra

568 4107 728 4163 domo
768 4106 886 4175 quis
930 4105 1206 4159 abstulerit
1252 4115 1467 4167 tectum,
1507 4113 1673 4159 totttut
1705 4105 1844 4176 quod
1884 4116 2009 4161 ante
2053 4109 2154 4163 fuit

568 4196 870 4266 interrupit.
912 4194 1015 4251 Sed
1065 4206 1339 4263 perempto
1380 4206 1541 4258 tecm,
1581 4196 1813 4262 parietes
1853 4206 1907 4252 et
1954 4199 2148 4252 funda-

566 4302 747 4347 menta
769 4288 1102 4345 eoustabuut.
1137 4288 1380 4356 Amplius
1413 4303 1625 4357 quoque
1660 4305 1831 4357 genus
1866 4292 2150 4358 speciebus

564 4383 786 4440 materia
829 4390 929 4436 est.
964 4379 1091 4433 Nam
1136 4389 1273 4433 sucut
1307 4393 1381 4432 (es
1422 4390 1638 4445 accepta
1672 4383 1841 4433 forma
1877 4383 2070 4434 transit
2095 4381 2148 4435 in

564 4484 814 4540 statuam,
847 4476 918 4527 ita
943 4488 1110 4543 genus
1137 4481 1351 4540 accepta
1380 4470 1676 4526 diﬂ‘erentia
1711 4475 1899 4527 transit
1931 4473 1982 4525 iu
2018 4488 2145 4542 spe-

564 4571 720 4628 ciem.
762 4568 945 4621 T0tius
994 4580 1119 4620 vero
1168 4565 1393 4634 partium
1441 4565 1726 4618 multitudo
1774 4566 1996 4621 materia
2044 4577 2148 4633 est,

562 4660 731 4718 forma
783 4675 910 4715 vero
965 4660 1274 4716 earumdem
1335 4660 1562 4727 partium
1619 4660 1960 4726 compositio.
2020 4658 2148 4714 Nam

560 4754 697 4809 sicut
724 4753 930 4819 species
965 4767 1027 4805 ex
1059 4767 1256 4821 genere
1282 4762 1494 4806 COItSlal
1519 4760 1573 4805 et
1602 4751 1923 4815 differentia,
1961 4752 2029 4807 ita
2064 4762 2146 4807 to-

561 4853 671 4898 tum
702 4853 910 4896 con~tat
937 4858 1003 4897 ex
1040 4843 1298 4909 partibus,
1333 4843 1474 4896 unde
1515 4842 1571 4895 ﬁt
1611 4851 1669 4897 ut
1710 4855 1875 4897 totum
1916 4844 1983 4898 ab
2014 4860 2146 4900 una-

559 4946 768 5003 quaque
798 4942 946 5001 parte
973 4946 1089 4996 sua,
1119 4934 1345 5000 partium
1368 4932 1481 4998 ipsa
1506 4935 1892 5003 compositione
1912 4936 2139 5003 differat,

560 5028 767 5094 species
790 5039 918 5080 vero
940 5040 969 5077 a
996 5039 1219 5094 genere,
1245 5023 1557 5079 differentiis.
1587 5026 1981 5095 conjunctione.
2013 5010 2144 5082 Am;

560 5117 699 5188 plius
734 5131 947 5188 quoilue
985 5117 1192 5184 species
1221 5116 1361 5170 idem
1403 5130 1615 5182 semper
1652 5118 1793 5188 quod
1839 5134 2005 5187 genus
2035 5128 2139 5187 est,

556 5216 617 5265 ut
646 5208 807 5263 homo
856 5208 993 5263 idem
1038 5218 1122 5263 est
1159 5208 1300 5277 quod
1345 5208 1566 5275 animal,
1599 5219 1654 5265 et
1694 5210 1859 5264 virtus
1891 5212 2028 5266 idem
2055 5221 2142 5267 est

554 5305 695 5374 quod
731 5304 959 5359 habitus.
996 5305 1123 5360 Pars
1155 5320 1285 5360 vero
1312 5321 1416 5360 non
1449 5320 1663 5374 semper
1694 5305 1832 5361 idem
1877 5317 1960 5362 est
1998 5307 2139 5378 quod

555 5404 745 5452 totum.
780 5396 962 5468 Neque
992 5398 1135 5453 enim
1171 5399 1308 5472 idem
1335 5409 1421 5453 est
1446 5413 1635 5453 manus
1662 5399 1803 5469 quod
1836 5398 2014 5464 homo.
2042 5415 2141 5456 uec

551 5486 697 5544 idem
736 5490 909 5558 paries
939 5490 1078 5561 quod
1110 5490 1318 5545 domus.
1356 5490 1419 5545 Et
1448 5490 1498 5544 iu
1529 5490 1610 5546 Itis
1637 5490 1848 5560 quidem
1878 5508 1997 5562 quae
2024 5492 2136 5547 dis-

550 5578 752 5638 similes
794 5592 971 5650 partt-s
1008 5581 1227 5645 habent.
1262 5583 1363 5638 boc
1390 5584 1589 5638 clarum
1634 5593 1735 5643 est.
1776 5583 1880 5639 Sed
1912 5601 2017 5639 nou
2046 5598 2136 5639 co-

550 5668 673 5725 dem
706 5674 869 5728 tnodo
906 5675 960 5730 in
1008 5676 1092 5728 bis
1139 5691 1258 5745 qua:
1304 5676 1527 5742 similes,
1559 5686 1615 5731 ut
1654 5677 1704 5731 itt
1744 5679 1865 5731 teris
1903 5679 2131 5747 virgula,

548 5759 702 5827 cuius
752 5773 929 5830 partes
964 5767 1087 5835 quia
1138 5775 1261 5821 sunt
1311 5770 1598 5832 continum,
1641 5778 1697 5823 et
1731 5768 1970 5837 ejusdem
2003 5777 2129 5824 sunt

550 5847 691 5910 aris,
720 5848 969 5906 videntur
994 5852 1136 5906 idem
1166 5868 1287 5909 esse
1328 5866 1504 5920 partes
1531 5857 1672 5926 quod
1704 5866 1869 5913 totum
1898 5869 2003 5926 est,
2030 5859 2125 5916 sed

2260 1979 2463 2047 roganti
2504 1978 2633 2047 quid
2676 1994 2903 2047 quaeque
2947 1991 3034 2033 res
3081 1976 3151 2031 sit
3210 1977 3463 2031 convenit
3511 1977 3842 2046 responderi.

2261 2070 2561 2124 differentia
2593 2086 2709 2139 quae
2752 2070 2816 2123 ad
2854 2071 3027 2139 qualis
3065 2070 3554 2140 percunctationem
3607 2072 3846 2125 rectissi-

2261 2177 2349 2215 me
2388 2163 2757 2230 re~pondetur.
2792 2161 2922 2217 Nam
2952 2179 3070 2217 cum
3112 2162 3230 2231 quis
3263 2164 3576 2231 intermgat,
3604 2163 3732 2232 quid
3765 2170 3847 2219 est

2262 2250 2457 2306 homo?
2486 2268 2629 2309 recte
2659 2256 2879 2310 animal.
2909 2256 3093 2322 Qualis
3116 2265 3199 2310 est
3239 2255 3440 2310 homo?
3469 2256 3847 2311 convenienter

2261 2346 2534 2399 rationalis
2582 2349 2953 2416 respondetur.
2999 2348 3258 2401 Dividitur
3298 2356 3471 2402 autem
3511 2362 3682 2416 genus
3710 2347 3844 2402 alias

2262 2439 2315 2491 in
2365 2438 2594 2508 species,
2635 2440 2767 2493 alias
2809 2441 2859 2493 in
2904 2438 3254 2501 differentias.
3305 2440 3350 2494 si
3396 2439 3603 2510 species
3651 2440 3843 2507 quibus

2263 2538 2473 2597 oportet
2502 2545 2668 2597 genus
2699 2529 2863 2583 dividi
2898 2530 3201 2585 uoodnibus
3228 2540 3434 2596 carent,
3465 2546 3520 2584 ut
3561 2544 3684 2585 cum
3724 2530 3846 2585 dico

2263 2626 2571 2679 animalium
2605 2626 2706 2680 alii
2740 2627 3016 2681 rationalia
3053 2639 3199 2691 sunt,
3232 2629 3334 2683 alia
3365 2629 3712 2684 irratiooalia.
3745 2630 3846 2684 [lac

2266 2716 2464 2773 tionale
2490 2728 2543 2773 et
2568 2717 2885 2773 irrationale
2916 2720 3231 2774 differentia:
3274 2730 3416 2776 sunt.
3459 2722 3563 2776 Sed
3594 2722 3845 2791 quoniam

2265 2810 2463 2879 speciei
2495 2811 2649 2878 huius
2676 2825 2795 2880 qu:e
2820 2820 2903 2864 est
2931 2812 3125 2866 animal
3160 2813 3420 2867 rationale
3459 2829 3654 2869 nomen
3685 2826 3847 2869 unum

2265 2918 2369 2957 non
2392 2912 2493 2968 est,
2513 2903 2710 2958 idcirco
2731 2918 2825 2970 pro
2839 2904 3018 2973 specie
3037 2904 3393 2960 differentiam
3419 2906 3685 2973 ponimus.
3704 2921 3846 2960 eam-

2265 3011 2370 3065 que
2390 2998 2650 3061 Sllperirl‘i
2680 2998 2859 3066 generi
2883 3000 3212 3065 copulamus,
3236 2999 3411 3053 omnis
3435 3000 3578 3054 enim
3601 2998 3768 3053 differt
3788 3013 3846 3054 n-

2267 3090 2337 3141 tia
2370 3089 2420 3141 in
2452 3089 2721 3158 proprium
2768 3104 2932 3159 genus
2972 3092 3197 3144 veniens
3235 3091 3468 3160 Speciem
3510 3090 3654 3145 facit.
3699 3088 3846 3148 L'ndc

2266 3180 2321 3233 fit
2354 3189 2409 3233 ut
2446 3184 2689 3238 unaedam
2728 3183 2947 3237 materia
2985 3198 3154 3253 genus
3190 3186 3282 3251 sit,
3328 3184 3495 3237 forma
3530 3182 3846 3239 diﬂerentia.

2264 3270 2397 3327 Cum
2438 3284 2615 3327 autem
2662 3274 2888 3342 propriis
2932 3276 3236 3329 nominibus
3284 3277 3497 3344 species
3525 3275 3847 3345 appellatur,

2266 3382 2369 3421 non
2398 3368 2450 3421 in
2482 3367 2844 3432 differentias,
2898 3371 2992 3425 sed
3029 3372 3078 3423 in
3126 3370 3338 3439 species
3369 3371 3426 3424 fit
3454 3380 3594 3425 recta
3624 3369 3837 3436 generis

2265 3457 2480 3524 divisio,
2536 3461 2676 3514 unde
2728 3470 2811 3515 est
2839 3470 2899 3515 ut
2927 3476 2991 3516 ex
3026 3461 3269 3527 pluribus
3306 3460 3545 3515 terminis
3591 3456 3842 3514 diffinitio

2264 3550 2561 3618 colligatur.
2607 3551 2661 3605 Si
2714 3552 2856 3606 enim
2915 3568 3106 3608 omnes
3144 3552 3349 3616 species
3378 3552 3490 3606 suis
3532 3549 3845 3607 nominibus

2264 3641 2683 3711 appellarentur,
2716 3659 2779 3697 ex
2813 3644 3024 3698 duobus
3052 3644 3185 3699 solis
3224 3641 3464 3698 terminis
3491 3642 3667 3697 omnis
3695 3640 3859 3701 fieret

2264 3737 2534 3801 diffinitio,
2567 3748 2623 3791 ttt
2667 3754 2788 3792 cum
2821 3737 2941 3793 dico
2968 3764 2992 3807 ,-
3036 3738 3172 3805 Quid
3199 3749 3280 3792 est
3313 3737 3513 3791 homo?
3541 3735 3665 3805 quid
3717 3735 3871 3805 mzhi,

2262 3846 2483 3886 necesse
2529 3841 2673 3887 esset
2717 3832 2897 3887 dicere
2927 3833 3127 3886 animal
3176 3832 3436 3887 rationale
3481 3846 3567 3885 mo
3602 3830 3743 3895 tale,
3800 3829 3844 3886 si

2260 3922 2456 3977 animal
2489 3923 2749 3978 rationale
2779 3928 2921 3978 esset
2969 3924 3184 3993 proprio
3215 3923 3432 3979 nomine
3465 3930 3843 3992 nuncupatum,

2260 4030 2381 4070 cum
2416 4017 2617 4085 reliqua
2648 4032 2860 4087 quoque
2904 4016 3232 4084 differentia,
3270 4018 3320 4071 id
3349 4028 3432 4071 est
3464 4017 3702 4083 mortali,
3727 4016 3846 4086 jun.

2259 4116 2399 4162 ctum
2448 4108 2818 4165 diffiuitiouetn
2867 4110 3103 4165 hominis
3141 4110 3418 4165 verissima
3450 4111 3656 4165 ratione
3685 4119 3739 4163 et
3767 4109 3845 4162 in-

2259 4206 2405 4271 tegra
2445 4202 2785 4256 conclusione
2817 4201 3138 4270 perliceret?
3165 4201 3315 4256 Nunc
3343 4211 3518 4256 autem
3544 4203 3609 4255 ad
3646 4198 3842 4254 diffini-

2261 4293 2432 4347 tioues
2459 4293 2687 4361 integras
2713 4296 3014 4357 s,.ecieru:n
3059 4295 3252 4350 divisio
3286 4295 3586 4351 necessaria
3637 4301 3753 4360 est,
3786 4300 3841 4348 et

2259 4383 2395 4440 forte
2417 4385 2468 4439 in
2494 4387 2682 4441 eodem
2713 4388 2994 4444 divisionis
3015 4389 3465 4458 difiiuitionisque
3491 4387 3629 4444 ratio
3657 4401 3840 4441 versa-

2257 4488 2361 4533 tur.
2402 4479 2532 4533 Nam
2563 4480 2914 4537 divisionibus
2951 4483 3156 4553 junctis
3189 4500 3290 4539 una
3322 4482 3668 4553 companitur
3696 4478 3839 4534 «1ἱηί-

2262 4571 2412 4625 nitio.
2444 4571 2549 4626 Sed
2573 4575 2823 4642 quoniam
2850 4575 2951 4629 alia
2975 4585 3103 4630 sunt
3126 4576 3421 4647 aequivoca,
3464 4574 3568 4628 alia
3594 4575 3836 4636 univoca,

2259 4672 2458 4729 etquae
2509 4676 2632 4718 sunt
2678 4669 2901 4721 univoca
2924 4708 2939 4732 ,
2975 4666 3088 4733 ipsa
3123 4667 3175 4721 in
3204 4681 3462 4734 generum
3515 4665 3840 4733 suscipimus

2256 4754 2550 4815 sectiones.
2603 4772 2721 4825 qua:
2752 4772 2876 4811 vero
2905 4768 3028 4811 sunt
3078 4757 3386 4826 (cquivoca,
3421 4758 3472 4811 in
3525 4757 3611 4809 bis
3640 4754 3840 4811 divisio

2255 4847 2367 4900 sola
2410 4847 2817 4916 significationis
2848 4858 2932 4902 est
2960 4890 2973 4912 ,
3007 4848 3292 4903 videndum
3327 4850 3475 4918 prius
3502 4855 3586 4902 est
3614 4845 3741 4914 quid
3769 4846 3837 4900 sit

2253 4939 2609 5007 :equivocum,
2644 4939 2765 5009 qttid
2792 4940 3074 4996 univocum
3103 4956 3221 4999 ..ne
3242 4955 3361 4995 cum
3393 4942 3495 4995 ista
3520 4938 3834 5003 fefellerint,

2252 5031 2580 5098 aequivocutn
2613 5047 2804 5086 nomen
2840 5033 2989 5102 quasi
3020 5034 3071 5087 in
3105 5032 3349 5102 species,
3385 5033 3453 5085 ita
3485 5031 3539 5103 in
3562 5030 3834 5099 significa-

2251 5121 2386 5174 tivas
2431 5122 2781 5187 resolvamus,
2835 5124 2975 5178 unde
3025 5124 3083 5179 lit
3109 5134 3164 5178 ut
3192 5140 3378 5178 rursus
3418 5123 3483 5177 ad
3516 5121 3833 5177 divisionem

2248 5215 2549 5269 necessaria
2595 5216 2666 5271 sit
2710 5216 2983 5273 diffiuitio.
3017 5217 3153 5286 Quid
3187 5219 3330 5274 enim
3364 5219 3433 5273 sit
3462 5217 3795 5285 :cquivocum
3818 5255 3833 5281 ,
3892 5246 3897 5247 ί

2245 5306 2372 5376 quid
2404 5308 2683 5363 univocum
2731 5309 3051 5365 diffiuitione
3095 5293 3438 5384 coll'gimus.
3471 5310 3605 5365 Sunt
3654 5320 3832 5365 autem
3884 5380 3891 5383 ι

2246 5397 2561 5455 differentiae
2587 5401 2704 5455 aliae
2731 5416 2825 5471 per
2844 5416 2925 5469 se,
2947 5403 3064 5458 alia!
3096 5419 3221 5458 vero
3250 5419 3344 5473 per
3371 5400 3835 5468 accidens;etba-

2250 5506 2368 5544 rum
2401 5492 2521 5547 alia:
2545 5504 2666 5547 sunt
2694 5506 3093 5565 consequentes
3117 5497 3322 5564 statim,
3357 5496 3475 5550 alite
3518 5495 3831 5565 relinquen-

2251 5592 2332 5638 tes
2360 5587 2566 5640 statim.
2618 5586 2999 5657 lleliuqueutes
3034 5586 3339 5656 bujusmodi
3387 5596 3547 5653 sunt,
3600 5596 3658 5641 ut
3706 5584 3831 5641 dor-

2247 5678 2403 5745 mire,
2435 5679 2648 5747 sedere,
2679 5690 2845 5746 stare,
2874 5681 3133 5752 vigilare;
3162 5693 3559 5754 consequentes
3587 5696 3740 5745 vero,
3768 5689 3824 5733 ut

2242 5772 2423 5841 capilli
2472 5774 2633 5842 crispi
2662 5814 2678 5837 ,
2724 5774 2769 5829 si
2819 5789 2924 5830 non
2956 5774 3176 5831 admissi
3218 5783 3344 5831 sunt
3392 5775 3742 5835 calamistro,
3773 5779 3826 5825 et

2237 5862 2411 5929 glauci
2440 5865 2601 5928 oculi,
2635 5866 2679 5923 si
2711 5880 2815 5922 non
2848 5868 2954 5923 sint
2994 5867 3225 5937 quadam
3255 5868 3592 5924 extrinsecus
3628 5861 3823 5924 debili-
