4290 6272
496 452 593 509 881

1763 453 1961 509 LIBEll
2004 455 2093 510 DE
2134 456 2489 517 DIVISIONE.

3671 473 3774 530 882

510 578 607 626 ate
635 570 852 626 turbati.
881 570 988 627 Sed
1003 571 1115 629 haec
1143 572 1209 626 ad
1237 571 1449 640 generis
1476 570 1797 626 divisionem
1816 573 2080 628 sumenda
2111 578 2163 636 Δ
2188 581 2476 647 gatiouem,
2534 589 2590 634 ut
2643 580 2892 638 Socrates
2947 586 3095 648 vivit.
3157 589 3409 644 Socrates
3463 603 3566 643 non
3623 590 3771 644 vivit.

504 676 611 718 non
644 674 784 721 sunt.
834 662 1015 736 Neque
1060 665 1125 721 ad
1173 664 1521 721 dillinitiones
1571 674 1699 721 sunt
1751 667 2033 722 commoda
2062 712 2078 735 ,

497 769 657 811 omne
694 755 835 812 enim
865 756 1004 827 quod
1031 757 1096 811 ad
1140 757 1461 814 divisionem
1520 759 1735 828 generis
1761 769 1945 829 aptmn
1976 770 2077 826 est,

498 846 640 903 idem
672 848 739 904 ad
780 847 1123 904 diltinitiones
1172 849 1475 905 rectissime
1527 866 1941 921 congregamus.
1985 852 2079 907 illa

498 955 626 995 vero
665 955 785 1010 quae
814 956 908 1009 per
932 956 991 995 se
1038 950 1161 995 sunt
1206 941 1322 995 sola
1374 941 1441 995 ad
1494 942 1819 997 divisionem
1867 943 2083 1013 generis

498 1050 616 1109 apta
649 1051 791 1094 sunt.
839 1039 963 1095 Haec
988 1041 1131 1095 enim
1165 1040 1456 1096 informant
1484 1050 1538 1096 et
1582 1040 1871 1109 perficiunt
1898 1040 2083 1095 unius-

496 1133 752 1201 cujusque
801 1134 1194 1199 substantiam,
1237 1143 1295 1189 ut
1345 1134 1577 1189 hominis
1609 1136 2001 1190 rationabilitas
2028 1142 2083 1190 et

496 1224 929 1281 mortalitas.Sed
955 1225 1050 1278 has
1074 1224 1524 1293 quemadmodum
1544 1226 1769 1294 probare
1784 1226 2081 1298 possimus,

496 1329 672 1374 tttrum
703 1335 770 1373 ex
801 1334 867 1373 eo
908 1320 1017 1375 sint
1044 1334 1244 1388 genere
1288 1320 1470 1374 statim
1520 1320 1938 1389 relinquentium
1963 1361 1979 1386 ,
2011 1337 2079 1377 an

494 1409 937 1480 oonscqttentium
957 1450 973 1476 ,
1005 1424 1075 1466 an
1099 1410 1149 1464 in
1172 1410 1476 1466 substantia
1502 1412 1953 1480 permanentium,
1980 1412 2081 1469 hoc

499 1502 662 1558 modo
703 1511 788 1557 est
829 1502 1134 1559 videndum.
1167 1502 1350 1575 Neque
1374 1506 1516 1559 enim
1544 1504 1743 1559 subicit
1774 1506 1915 1560 scire
1943 1521 2077 1575 quas

501 1594 555 1650 in
598 1594 861 1650 divisione
913 1610 1210 1660 sumamus,
1242 1596 1346 1651 nisi
1395 1596 1525 1650 illud
1554 1611 1767 1667 quoque
1811 1599 2078 1665 cognitum

501 1685 596 1750 sit,
621 1686 1067 1756 quemadmodum
1090 1688 1305 1743 easdem
1336 1692 1478 1757 ipsas
1502 1705 1620 1758 qua:
1652 1689 1927 1743 sumendas
1959 1698 2082 1744 sunt

501 1786 555 1833 et
583 1794 703 1847 qua:
748 1779 1048 1848 rejiciendte
1092 1781 1387 1835 rectis~itne
1416 1782 1820 1851 cognoscamus.
1876 1780 2079 1837 Viden-

500 1870 623 1926 dum
666 1886 795 1941 ergo
843 1872 1071 1940 primum
1103 1884 1186 1928 est
1229 1882 1407 1928 utrum
1460 1883 1733 1943 praposta
1775 1872 2079 1928 dim-rentia

2188 672 2386 736 Quarta
2439 675 2731 729 secundum
2760 676 3099 742 relationem,
3131 689 3183 732 ttt
3212 694 3387 749 pater,
3415 682 3576 748 illius,
3608 679 3776 736 domi~

2189 780 2309 830 nus,
2340 780 2549 821 servus.
2581 766 2887 822 Secundum
2922 785 3053 838 quas
3084 771 3244 840 igitur
3267 776 3453 827 harum
3481 774 3775 843 appositio-

2168 873 2311 917 .num
2339 870 2567 927 quatuor
2612 858 2803 914 divisio
2830 861 3042 927 generis
3086 860 3175 927 sit,
3227 864 3523 918 rectissima
3568 864 3773 920 ratione

2186 951 2595 1004 monstrandum
2618 960 2723 1005 est.
2756 949 3090 1005 Manifesmm
3114 962 3195 1006 est
3224 954 3368 1008 enim
3400 964 3454 1009 et
3481 947 3806 1025 oppositio-‘

2186 1056 2286 1095 nes
2330 1056 2449 1095 esse
2493 1050 2742 1109 quatuor,
2781 1051 2832 1095 et
2860 1056 3057 1111 genera
3085 1043 3369 1113 etspecies
3407 1060 3503 1114 per
3530 1048 3769 1113 opposita

2186 1134 2447 1203 separari.
2507 1130 2659 1187 Nunc
2703 1148 2829 1202 ergo
2859 1131 3144 1187 dicendmn
3172 1142 3255 1189 est
3291 1135 3586 1189 secundum
3614 1152 3769 1204 quam

2185 1225 2576 1295 oppositionem
2633 1224 2821 1283 barum
2881 1206 3109 1294 quatuor
3172 1224 3253 1279 vel
3322 1224 3770 1294 quemadmodum

2184 1317 2390 1387 species
2416 1333 2444 1368 a
2471 1331 2669 1387 genere
2696 1316 2923 1386 disjtlilgi
2946 1316 3254 1382 conveniat,
3284 1326 3333 1369 ct
3364 1316 3531 1385 prima
3556 1316 3769 1385 quidem

2184 1411 2251 1463 sit
2276 1408 2719 1464 contrntlictionis
2745 1409 3033 1477 Oppositio.
3071 1408 3212 1463 Voco
3244 1418 3423 1462 autent
3463 1408 3767 1464 contradics

2186 1500 2345 1555 tionis
2388 1498 2779 1569 oppositionem
2821 1516 2941 1568 quae
2971 1498 3343 1563 ,al‘lirmatione
3403 1509 3457 1555 et
3486 1501 3767 1567 negatione

2184 1592 2517 1661 proponitur.
2552 1590 2608 1645 lu
2637 1591 2733 1644 hac
2766 1592 2921 1658 igitur
2954 1590 3164 1658 negatio
3203 1606 3296 1659 per
3324 1606 3382 1645 se
3408 1591 3605 1645 nullam
3645 1607 3765 1661 spe-
3822 1648 3825 1651 λ

2183 1684 2317 1740 ciem
2352 1684 2497 1738 facit.
2538 1682 2669 1737 Nant
2700 1698 2819 1737 cum
2850 1683 2995 1747 dico,
3024 1683 3209 1749 homo,
3240 1686 3322 1737 vrl
3345 1698 3533 1752 equus,
3562 1684 3644 1738 vel
3670 1684 3765 1738 alia

2183 1776 2309 1845 quid
2359 1773 2685 1845 bnjnsmodi,
2715 1774 2922 1842 species
2966 1784 3108 1828 sunt.
3143 1774 3409 1843 Quidquid
3444 1784 3621 1828 autem
3649 1775 3765 1844 quia

2186 1868 2467 1938 negatiOne
2526 1865 2810 1935 protulerit
2863 1866 3098 1935 Speciem
3160 1881 3263 1920 non
3331 1865 3588 1933 declarat.
3650 1866 3765 1924 Non

499 1969 644 2025 omni
676 1971 845 2039 possit
891 1977 946 2025 et
974 1985 1187 2041 semper
1218 1971 1396 2027 inesse
1425 1971 1699 2039 sulujncto;
1731 1970 1873 2042 quod
1896 1972 1938 2024 si
1966 1972 2077 2039 ipsa
2108 1961 2155 2023 Β
2183 1962 2323 2014 enim
2366 1974 2487 2013 esse
2518 1958 2785 2012 hominem
2805 1999 2818 2019 ,
2847 1960 3056 2026 species
3098 1968 3216 2024 est;
3249 1959 3424 2014 omnis
3467 1960 3609 2013 enim
3641 1973 3763 2028 spe-

500 2062 587 2117 vel
623 2072 746 2117 actu
810 2061 908 2117 vel.
953 2064 1158 2118 ratione
1192 2064 1524 2132 sejttugitur,
1580 2065 1695 2119 haec
1741 2079 1771 2116 a
1818 2064 2077 2120 divisione

500 2154 713 2222 generis
742 2153 1037 2219 separanda
1068 2165 1166 2209 est.
1214 2155 1272 2209 Si
1319 2159 1462 2210 enim
1500 2170 1643 2225 s:t-pe
1676 2165 1729 2210 et
1768 2165 1887 2210 actu
1910 2168 1963 2211 et
1994 2173 2080 2210 ra-

502 2246 645 2301 tione
690 2246 1061 2315 sejunguntur,
1109 2262 1175 2302 ex
1221 2262 1286 2302 eo
1334 2258 1458 2303 sunt
1505 2263 1701 2319 genere
1738 2263 1857 2317 quia:
1900 2248 2078 2304 statim

498 2336 839 2404 relinquunt,
872 2348 928 2393 ut
962 2340 1155 2395 sedere
1193 2339 1332 2408 quod
1374 2342 1709 2408 frequentius
1735 2340 1955 2410 quidem
1985 2356 2077 2395 se-

500 2438 736 2500 paratur,
770 2440 824 2485 et
848 2443 969 2486 actu
995 2431 1113 2502 ipso
1144 2448 1172 2485 a
1199 2433 1447 2500 subjecto
1479 2434 1752 2487 divistur.
1798 2432 1926 2501 Qua:
1954 2449 2079 2488 vero

501 2522 708 2576 ratione
754 2522 866 2577 sola
894 2541 923 2575 a
967 2522 1212 2593 subjecto
1252 2524 1586 2590 dividuntur,
1629 2540 1689 2578 ea
1730 2535 1855 2580 sunt
1882 2540 2076 2581 conse-

500 2615 775 2685 quentium
807 2615 1263 2680 dill'erentiarum,
1317 2626 1376 2671 ut
1425 2618 1628 2686 glaucis
1676 2620 1849 2673 oculis
1877 2633 1997 2674 esse
2045 2634 2073 2674 a

500 2705 746 2777 subjecto
776 2708 982 2763 ratione
1028 2706 1378 2778 sejungimus,
1411 2719 1470 2762 ut
1503 2724 1626 2765 cum
1654 2711 1812 2779 dico,
1844 2719 1927 2765 est
1958 2712 2074 2765 aui-

502 2800 606 2853 mal
637 2798 929 2853 luminibus
952 2799 1176 2869 glaucis,
1201 2810 1257 2852 ut
1283 2800 1512 2870 quilibet
1542 2801 1733 2867 homo;
1756 2802 1896 2870 quod
1919 2802 1966 2857 si
1991 2804 2077 2860 hic

502 2903 606 2944 non
628 2899 771 2944 esset
802 2888 1120 2958 ltujusmodi,
1157 2904 1262 2944 non
1290 2907 1411 2945 eum
1444 2906 1528 2946 res
1554 2892 1731 2962 aliqua
1754 2907 1872 2948 esse
1896 2896 2074 2949 homi-

500 2996 619 3036 nem
648 2980 979 3050 prohiberet.
1007 2983 1161 3037 Aliod
1192 2998 1381 3038 rursus
1403 2992 1487 3037 est
1510 2986 1649 3053 quod
1674 2987 1881 3042 ratione
1920 3003 2075 3056 sepa-

502 3070 610 3127 rari
632 3087 738 3125 non
769 3071 953 3142 possit,
988 3073 1129 3143 quod
1156 3073 1199 3128 si
1231 3084 1537 3145 separatum
1567 3075 1660 3141 sit,
1696 3078 1901 3142 species
1939 3080 2075 3134 inte-

501 3163 744 3228 rimatur,
791 3171 848 3217 ut
888 3179 1009 3219 cum
1058 3164 1287 3219 dicimus
1339 3166 1511 3220 inesse
1574 3167 1777 3221 homini
1825 3180 1880 3221 ut
1925 3170 2072 3224 solus

474 3252 785 3309 numerare
835 3258 1027 3326 possit,
1079 3257 1161 3311 vel
1192 3259 1539 3327 geometriam
1567 3258 1811 3321 discere;
1844 3262 1985 3330 quod
2025 3264 2069 3318 si

2184 2054 2293 2108 cies
2322 2053 2602 2107 constituit
2631 2067 2771 2106 esse.
2804 2049 3027 2120 Negatio
3075 2066 3202 2107 vero
3230 2051 3486 2123 quidquid
3518 2052 3763 2123 proponit

2183 2145 2252 2199 ab
2280 2159 2345 2198 eo
2383 2144 2525 2213 quod
2566 2154 2645 2198 est
2678 2160 2796 2198 esse
2829 2144 3112 2214 disjungit.
3146 2155 3203 2199 ut
3236 2160 3355 2199 cum
3395 2144 3549 2211 dico,
3579 2144 3759 2215 homo,

2183 2236 2335 2305 quasi
2355 2236 2423 2291 sit
2451 2236 2701 2306 quiddam
2730 2236 2941 2291 locutus
2966 2252 3105 2291 sum.
3125 2234 3256 2291 Cum
3280 2250 3428 2300 vero,
3453 2253 3557 2291 non
3580 2239 3758 2306 homo,

2182 2330 2534 2384 substantiam
2593 2330 2824 2385 hominis
2861 2329 3144 2400 negatione
3191 2330 3451 2384 destrnxi.
3486 2332 3574 2386 Sic
3605 2331 3757 2400 igitur

2182 2440 2279 2495 per
2320 2440 2378 2480 se
2426 2434 2574 2479 caret
2622 2424 2814 2479 divisio
2842 2424 3056 2494 generis
3110 2425 3162 2479 in
3202 2425 3408 2494 species
3460 2428 3755 2495 negatione.

2180 2515 2414 2571 Necesse
2443 2526 2526 2571 est
2572 2527 2748 2570 autem
2794 2532 2937 2584 stt-pe
2970 2516 3203 2582 speciem
3234 2517 3514 2584 negatione
3540 2530 3755 2586 compoc

2184 2625 2333 2673 nere,
2356 2626 2475 2662 ctnu
2501 2624 2563 2662 ea
2578 2624 2734 2676 quam
2759 2608 2989 2678 simplici
3016 2612 3230 2663 nomine
3253 2610 3486 2678 speciem
3518 2608 3760 2667 volumus

2181 2701 2455 2770 assignare
2511 2700 2658 2754 nullo
2701 2701 2961 2754 vocabulo
2993 2712 3349 2769 nuncupatur,
3380 2711 3436 2755 ut
3460 2716 3581 2755 cum
3616 2700 3758 2767 dico,

2182 2792 2465 2862 impariunt
2502 2807 2847 2847 numerorum
2891 2791 2982 2846 alii
3012 2793 3193 2862 primi,
3220 2802 3276 2846 ut
3305 2804 3415 2848 tres
3438 2833 3454 2858 ,
3484 2793 3721 2863 quinque
3742 2833 3757 2860 ε

2180 2898 2418 2957 septem;
2448 2887 2536 2941 alii
2569 2901 2673 2942 non
2708 2887 2885 2954 primi,
2922 2897 2978 2941 ut
3009 2903 3198 2943 novem
3232 2907 3245 2941 :
3277 2898 3329 2942 et
3361 2904 3546 2942 rursus
3571 2888 3757 2957 ﬁgura.

2182 2995 2299 3033 rum
2330 2980 2453 3033 alia;
2490 2988 2617 3032 suat
2648 2979 2982 3043 rectissima,
3009 2989 3063 3034 et
3089 2980 3327 3033 colorum
3356 2979 3445 3032 alii
3466 2990 3597 3032 sunt
3628 2976 3755 3043 albi,

2179 3074 2269 3129 alii
2300 3074 2466 3142 nigri,
2507 3073 2599 3128 alii
2633 3088 2730 3127 nec
2762 3073 2899 3137 albi,
2934 3087 3032 3128 nec
3063 3074 3219 3143 nigri.
3254 3073 3394 3143 Ergo
3422 3071 3635 3143 quando
3665 3086 3754 3125 no-

2180 3183 2302 3221 men
2334 3182 2495 3220 unum
2523 3150 2805 3235 speciebus
2838 3165 3063 3233 positum
3090 3180 3195 3218 non
3216 3176 3295 3218 est
3315 3206 3327 3223 .
3362 3179 3453 3218 eas
3480 3165 3756 3234 negitiona

2179 3258 2419 3329 proferre
2451 3272 2674 3313 necesse
2714 3268 2815 3312 e~t.
2861 3256 2973 3311 Hoc
3003 3258 3161 3326 igitur
3203 3257 3347 3326 cogit
3374 3257 3635 3309 interdum
3665 3272 3755 3309 nc-

497 3344 613 3401 haec
656 3346 980 3415 possibilitas
1022 3349 1090 3401 ab
1136 3348 1351 3404 homine
1377 3350 1673 3419 sejungitur
1695 3391 1710 3415 ,
1758 3350 1920 3406 homo
1953 3353 2069 3422 ipse
2101 3347 2148 3410 C
2180 3353 2425 3417 cessitas,
2464 3366 2570 3404 non
2595 3361 2802 3405 natura.
2835 3349 3061 3419 Ideoque
3091 3351 3297 3418 quoties
3328 3349 3606 3417 ttegatime
3631 3346 3756 3402 faci-

497 3452 601 3493 non
633 3449 931 3508 permanet.
960 3440 997 3495 S
1032 3439 1064 3495 d
1086 3440 1165 3495 hac
1196 3457 1300 3495 ttvn
1323 3444 1499 3495 statim
1528 3457 1713 3497 earum
1742 3443 2074 3501 dilferentia-

496 3543 611 3583 rum
662 3540 787 3584 sunt
830 3546 948 3599 quae
996 3530 1048 3585 in
1077 3531 1372 3585 substantia
1400 3532 1602 3586 insunt.
1670 3532 1797 3587 Nam
1846 3550 1951 3590 non
1995 3537 2077 3593 id-

494 3617 639 3676 circo
690 3619 851 3674 ltomo
902 3631 1001 3685 est,
1055 3623 1304 3687 quoniam
1339 3624 1454 3676 haec
1497 3623 1675 3679 facere
1724 3636 1933 3693 potest,
1980 3629 2075 3684 sed

494 3710 745 3783 quoniam
801 3715 1079 3769 rationalis
1107 3724 1231 3783 est,
1285 3724 1446 3785 atque
1496 3717 1760 3771 mortalis.
1794 3718 1886 3774 liae
1918 3721 2076 3789 igitur

466 3803 812 3871 differentiae
848 3822 941 3876 per
980 3822 1113 3873 quas
1162 3806 1373 3876 species
1424 3807 1709 3874 consistit,
1744 3810 1870 3879 ipsae
1916 3822 1971 3868 et
2022 3813 2074 3868 in

496 3896 816 3951 dillinitione
845 3897 1085 3966 speciei,
1132 3907 1188 3951 nt
1234 3897 1487 3963 hominis,
1529 3910 1586 3955 et
1630 3900 1681 3954 in
1710 3904 1926 3971 generis
1956 3904 2074 3973 ejus

464 4034 467 4037 γ
499 3989 781 4051 divisione,
810 3990 948 4059 quod
979 3992 1216 4045 tontiuet
1256 3995 1497 4059 speciem
1519 4032 1535 4057 ,
1586 4000 1645 4045 ut
1694 3994 1869 4061 ipsum
1902 3996 2075 4049 homi-

498 4096 644 4149 nem,
669 4082 1023 4149 collocantur;
1039 4092 1094 4136 et
1109 4083 1484 4154 universalitcr
1502 4085 1787 4140 dicendum
1812 4094 1916 4155 est,
1931 4102 2077 4157 qua:-

495 4189 707 4246 cuttque
753 4174 1068 4230 differentiae
1121 4174 1427 4244 bttjusmodi
1478 4189 1631 4243 sunt,
1664 4188 1719 4233 ut
1767 4193 1871 4232 non
1916 4180 2076 4235 modo

494 4276 689 4338 praeter
711 4267 807 4323 has
825 4260 1040 4338 ipecies
1068 4282 1190 4323 esse
1215 4284 1319 4323 non
1353 4271 1560 4339 possit,
1589 4270 1683 4325 sed
1711 4286 1804 4341 per
1825 4286 1918 4327 eas
1933 4272 2074 4327 solas

496 4362 585 4426 sit,
614 4365 695 4417 ha!
724 4362 803 4417 vel
834 4363 890 4418 in
918 4361 1181 4418 divisione
1209 4366 1455 4431 generis,
1490 4366 1572 4418 vt'l
1607 4364 1660 4419 in
1702 4366 1905 4435 speciei
1935 4364 2075 4420 dim-

498 4455 699 4510 nitione
726 4456 1174 4510 sumcndm'sunt.
1210 4455 1473 4524 Quoniam
1518 4472 1647 4512 vero
1677 4459 1919 4526 quaedam
1947 4466 2074 4512 sunt

495 4562 616 4619 quae
647 4547 919 4613 dtll'erunt,
950 4566 1069 4620 qua:
1120 4562 1305 4606 cantra
1337 4566 1397 4606 se
1446 4551 1498 4604 itt
1551 4551 1906 4607 divisionibus
1950 4550 2070 4617 Ioni

497 4656 601 4695 non
641 4641 855 4708 debent,
888 4651 945 4696 ut
972 4642 1025 4696 in
1056 4640 1269 4696 animali
1294 4643 1560 4697 rationale
1581 4652 1636 4697 et
1662 4644 1834 4713 bipes,
1893 4645 2069 4699 nullus

2184 3460 2303 3500 mas
2354 3445 2648 3501 sectionem
2684 3487 2701 3513 ,
2758 3444 2901 3512 prius
2930 3453 3020 3495 aut
3047 3443 3331 3498 allirmatio
3354 3484 3371 3511 ,
3418 3454 3505 3495 aut
3534 3441 3756 3511 simplex

2177 3538 2464 3593 dicendum
2497 3545 2581 3591 est
2630 3550 2847 3601 nomen,
2878 3545 2933 3589 ut
2965 3544 3048 3589 est
3097 3549 3459 3598 numerorum,
3499 3531 3590 3585 alii
3635 3540 3754 3590 sunt

2182 3631 2359 3702 primi,
2392 3630 2485 3684 alii
2518 3646 2623 3683 non
2656 3628 2832 3699 primi.
2864 3627 2996 3683 Nam
3026 3628 3069 3681 si
3100 3627 3247 3695 prius
3270 3626 3479 3695 negatio
3502 3625 3639 3678 dicta
3665 3625 3754 3691 sit,

2180 3724 2381 3779 tardior
2414 3726 2471 3777 lit
2517 3726 2633 3791 ejus
2682 3723 2755 3777 rei
2808 3738 2967 3791 quant
3016 3721 3401 3791 proponimus,
3432 3719 3752 3774 intellectus.

2183 3817 2314 3871 Nam
2361 3830 2481 3869 cum
2514 3816 2745 3884 primum
2783 3813 2914 3867 dicis
2943 3828 3064 3867 esse
3094 3813 3299 3882 aliquos
3334 3812 3533 3881 primos
3571 3826 3754 3865 nume.

2180 3924 2291 3974 ros,
2323 3923 2445 3962 cum
2492 3911 2677 3974 qua'cs
2719 3906 2825 3959 sint
2851 3906 3007 3973 primi
3038 3907 3285 3969 exi-ntplo
3314 3904 3396 3958 vel
3441 3903 3753 3960 dillinitiontt

2178 4001 2443 4063 docueris,
2473 3999 2659 4067 quales
2697 4010 2799 4049 non
2831 3998 2940 4049 sint
2966 3995 3143 4062 primi,
3178 4010 3302 4048 mox
3343 3996 3554 4049 auditor
3596 3996 3754 4049 intel-

2178 4090 2312 4159 ligit.
2344 4090 2435 4143 Sin
2479 4102 2608 4139 vero
2651 4086 2950 4141 econtrario
2998 4084 3231 4151 let-eris,
3264 4092 3356 4136 aut
3400 4096 3642 4139 neutrum
3669 4101 3751 4139 sui

2181 4180 2289 4235 bito
2315 4221 2331 4245 ,
2363 4189 2454 4233 aut
2486 4178 2688 4231 tardius
2720 4186 3003 4246 utrumque
3046 4190 3361 4244 cognosces.
3396 4174 3595 4230 Divisio
3630 4192 3751 4232 vere

2185 4291 2305 4346 qua:
2336 4286 2550 4345 promer
2574 4272 2966 4343 apertissimam
3009 4272 3221 4340 generis
3264 4285 3501 4325 na'urant
3547 4285 3753 4342 reperta

2188 4375 2293 4431 est,
2332 4366 2493 4420 debet
2538 4377 2715 4437 potius
2744 4363 2809 4417 ad
2864 4363 3282 4430 intelligtbiliora
3312 4362 3596 4418 deducere.
3630 4366 3753 4420 Am-

2186 4460 2323 4529 plius
2372 4475 2582 4530 quoque
2633 4460 2777 4528 prior
2820 4467 2901 4512 est
2949 4456 3272 4522 afﬁrmatio,
3317 4458 3581 4527 posterior
3626 4472 3757 4512 vero

2188 4553 2423 4621 negatio.
2453 4552 2604 4618 Quod
2649 4562 2823 4604 autem
2856 4550 3086 4618 primum
3117 4560 3217 4612 est,
3253 4550 3303 4601 in
3332 4550 3591 4605 divisiOne
3622 4564 3758 4621 quo-

2186 4660 2291 4713 que
2323 4643 2564 4711 primitus
2609 4650 2821 4706 Oportet
2868 4640 3122 4694 ordinari.
3159 4640 3387 4695 Necesse
3420 4654 3501 4695 est
3550 4657 3761 4712 quoque

496 4734 637 4788 enim
678 4734 810 4789 dicit
836 4735 1145 4790 animalium
1176 4736 1278 4789 alia
1312 4745 1437 4789 sunt
1466 4712 1767 4803 rationalia,
1800 4738 1908 4791 alia
1941 4738 2076 4795 duos
2106 4712 2161 4774 D
2186 4712 2401 4803 semper
2436 4734 2581 4787 linita
2612 4731 2826 4785 inlinitis
2866 4746 2985 4785 esse
3011 4731 3185 4798 priora
3212 4776 3225 4799 ,
3278 4743 3335 4785 ut
3379 4732 3581 4801 aequale
3632 4733 3761 4786 intc-

497 4827 659 4897 pedes
686 4829 929 4883 habentia
954 4869 969 4893 ,
1009 4828 1211 4885 idcirco
1240 4830 1383 4900 quod
1408 4831 1676 4886 rationale
1697 4840 1757 4886 et
1786 4832 1935 4901 bipes
1955 4835 2078 4889 licet

494 4920 761 4983 ditl'eraut,
789 4921 933 4975 nulla
967 4931 1144 4977 tamen
1178 4937 1207 4975 a
1251 4936 1309 4977 se
1335 4921 1674 4992 appositione
1706 4923 2077 4995 sejunguntur.

494 5012 718 5069 Constat
740 5028 1073 5083 quaecunque
1102 5028 1131 5066 a
1157 5029 1218 5071 se
1247 5014 1427 5083 aliqua
1456 5015 1790 5086 oppositione
1805 5014 2078 5083 dill'erunt,

494 5118 585 5159 eas
604 5106 747 5159 solas
770 5104 1102 5162 dill‘erentias
1129 5107 1229 5161 sub
1274 5121 1474 5173 genere
1496 5107 1693 5175 positas
1716 5121 1886 5175 genus
1907 5107 2079 5177 ipsum

495 5209 651 5264 posse
677 5194 1006 5267 disjungere.
1040 5199 1179 5251 Sunt
1204 5207 1384 5251 autem
1432 5198 1803 5267 Oppositiones
1828 5207 2077 5265 quatuor,

494 5299 586 5345 aut
612 5298 670 5344 ut
696 5290 985 5358 contraria,
1022 5300 1077 5345 ut
1106 5290 1305 5345 bonum
1332 5291 1511 5354 malo;
1552 5300 1645 5345 aut
1674 5299 1733 5345 ut
1778 5290 1990 5345 habitus
2028 5298 2084 5344 et

495 5380 746 5450 privatio,
772 5388 831 5435 ut
856 5381 1004 5435 visus
1032 5390 1088 5435 et
1115 5382 1351 5435 caecitas.
1383 5380 1697 5449 Quanquam
1729 5380 1839 5433 sint
1866 5390 1919 5435 et
1939 5394 2084 5450 quaa-

494 5468 618 5522 dam
650 5482 742 5523 res
788 5471 839 5522 in
871 5468 1064 5537 quibus
1102 5470 1415 5525 discernere
1467 5469 1750 5524 dillicultas
1798 5471 1869 5524 sit
1906 5479 2082 5525 utrum

497 5558 551 5613 in
574 5559 861 5613 contrariis
889 5573 956 5613 an
986 5560 1039 5614 in
1072 5561 1372 5630 privatione
1414 5572 1466 5615 et
1499 5560 1681 5615 habitu
1710 5574 1802 5614 eas
1830 5570 2079 5629 oporteat

494 5648 774 5714 collocari,
806 5660 865 5705 ut
891 5660 1019 5707 sunt
1044 5638 1250 5715 motus.
1303 5651 1478 5722 quies,
1511 5652 1737 5718 sanitas,
1772 5651 2033 5721 aegritudo
2056 5690 2073 5716 ,

494 5743 756 5818 vigilatio,
786 5760 1032 5812 somnus,
1062 5746 1175 5811 lux,
1202 5747 1453 5802 tenebm.
1483 5744 1591 5802 Sed
1620 5742 1736 5801 haec
1764 5744 1917 5809 alias,
1937 5760 2078 5801 nunc

492 5838 565 5901 de
589 5840 810 5914 reliquis
833 5842 1261 5915 oppositionibus
1287 5841 1571 5900 dicendum
1618 5851 1720 5899 est.
1763 5839 1945 5900 'l‘ertia
1979 5855 2078 5913 op-

442 5994 459 5997 -
496 5935 692 6016 positio
718 5950 800 6000 est
845 5953 966 6015 quae
1001 5948 1084 6000 est
1112 5935 1405 5999 mundum
1456 5934 1870 6000 afﬁrmatiouent
1897 5943 1951 5995 et
1979 5950 2075 5995 ue-

2192 4828 2358 4898 quali,
2386 4827 2637 4881 virtutem
2662 4826 2824 4891 vitiis,
2851 4833 3053 4879 certum
3077 4825 3505 4889 incerto,stabile
3524 4834 3578 4878 et
3598 4826 3763 4883 ﬁxum

2195 4919 2426 4975 instabili
2475 4930 2529 4975 et
2576 4918 2839 4974 mutabili.
2891 4918 2995 4974 Sed
3044 4920 3219 4972 omnia
3251 4935 3368 4989 qum.
3399 4928 3489 4973 aut
3542 4919 3764 4978 deﬁnita

2195 5023 2343 5084 parte
2390 5013 2651 5068 orationis
2697 5022 2788 5066 aut
2833 5011 3189 5067 afﬁrmatione
3232 5013 3610 5081 proferuntur,
3644 5012 3763 5082 plu!

2195 5107 2339 5163 (inita
2366 5116 2490 5161 sunt
2518 5122 2673 5177 quam
2703 5115 2794 5160 aut
2826 5120 3018 5159 nomen
3049 5120 3167 5159 cum
3203 5105 3457 5173 particula
3486 5104 3758 5171 negativa,

2184 5209 2275 5253 aut
2308 5209 2414 5253 tota
2448 5200 2677 5267 negatio.
2725 5197 2900 5262 Quare
2929 5195 3077 5249 linito
3125 5198 3295 5265 pmius
3345 5210 3503 5264 quam
3551 5196 3761 5253 inﬁnito

2185 5301 2268 5348 est
2300 5290 2535 5345 iacienda
2564 5289 2774 5343 divisio.
2808 5288 2914 5345 Sed
2944 5287 2989 5342 si
3015 5290 3097 5342 cui
3128 5303 3223 5357 per
3252 5287 3367 5341 haec
3398 5288 3638 5357 quaedam
3666 5302 3763 5357 pa-

2188 5394 2335 5440 retur
2360 5384 2607 5438 anxietas
2632 5390 2724 5435 aut
2747 5380 3053 5435 obscuriora
3077 5378 3185 5433 sint
3206 5378 3431 5433 fortasse
3459 5394 3617 5448 quam
3641 5378 3758 5448 ipse

2186 5478 2475 5544 desiderat,
2502 5476 2629 5529 nihil
2652 5474 2718 5528 ad
2747 5489 2832 5528 me
2871 5472 3227 5541 cognitionem
3255 5470 3465 5526 facilem
3490 5470 3753 5541 pollicen-
3816 5474 3824 5496 '

2190 5579 2316 5624 tem.
2358 5568 2540 5636 Neque
2568 5567 2707 5621 enim
2754 5564 2971 5619 rudibus
3018 5563 3133 5617 haec
3163 5563 3321 5617 totius
3350 5562 3504 5631 artis,
3536 5560 3629 5617 sed
3659 5562 3758 5616 im-

2186 5658 2329 5718 butis
2373 5668 2427 5713 et
2473 5657 2725 5711 ulteriore
2770 5670 2904 5726 pene
2942 5654 3060 5708 loco
3092 5655 3387 5724 progressis
3427 5653 3652 5724 legenda
3704 5664 3754 5711 et

2188 5750 2435 5809 discenda
2477 5748 2840 5819 proponimus.
2875 5747 2977 5812 Qui
2996 5761 3128 5803 vero
3159 5746 3316 5816 hujus
3335 5747 3514 5817 operis
3541 5788 3558 5813 ,
3587 5747 3653 5829 id.
3675 5758 3752 5805 est

2184 5842 2446 5900 dialectici
2477 5840 2610 5897 ordo
2637 5839 2727 5910 sit,
2760 5854 2880 5895 cum
2911 5838 2979 5897 de
3008 5836 3196 5895 ordine
3225 5839 3571 5910 peripatetica
3597 5840 3749 5893 disci.

2182 5936 2345 6008 plina
2371 5933 2504 5995 mihi
2524 5932 2806 5994 dicendum
2832 5940 3009 6003 esset,
3036 5931 3320 6010 diligenter
3343 5930 3591 6009 exposui.
3634 5929 3744 5993 ιιι-ς
