4290 6272
554 480 659 567 ess

554 726 607 770 et
648 710 854 781 negatio
882 709 1177 763 constituit.
1211 707 1305 762 llla
1346 722 1473 763 vero
1502 721 1620 778 quae
1660 706 1954 761 secundum
1983 703 2135 760 habi-

552 815 664 861 tum
696 802 1155 873 privationemque
1183 799 1243 855 ﬁt
1268 842 1281 866 ,
1313 798 1423 869 ipsa
1452 814 1665 868 quoque
1693 797 1960 869 superiori
1984 797 2134 852 vide-

552 905 640 952 tur
661 911 779 950 esse
810 893 1127 948 consimilis.
1162 892 1327 962 Negat
1359 891 1502 946 enim
1526 891 1931 962 quodammodo
1956 891 2135 960 priva-

552 990 627 1042 tio
658 987 920 1053 habtum,
950 986 1044 1041 sed
1073 985 1272 1053 differt,
1306 984 1448 1053 quod
1478 999 1693 1055 semper
1722 984 1936 1054 quidem
1964 991 2138 1052 potest

554 1095 675 1136 esse
720 1080 951 1149 negatio,
1008 1077 1232 1146 privatio
1275 1092 1403 1132 vero
1434 1092 1540 1130 non
1582 1090 1832 1145 semper,
1865 1075 1957 1131 sed
2012 1085 2137 1130 tunc

557 1172 771 1244 quando
804 1171 997 1226 habere
1032 1171 1267 1225 habitum
1302 1170 1559 1239 possibile
1585 1178 1703 1235 est;
1737 1170 1839 1224 hoc
1868 1184 1997 1225 vero
2039 1183 2137 1224 nos

552 1283 660 1338 iam
695 1266 1105 1336 praedicimenta
1156 1265 1408 1319 docuere.
1462 1264 1638 1331 Quare
1684 1261 1857 1318 forma
1889 1263 2136 1332 quardam

556 1359 871 1429 intelligitur
893 1373 1013 1413 esse
1044 1356 1296 1427 privatio.
1330 1354 1446 1410 Non
1492 1355 1635 1410 enim
1679 1365 1886 1410 tantum
1940 1359 2135 1425 privat,

557 1453 649 1507 sed
679 1452 838 1506 etiam
869 1450 1010 1505 circa
1039 1452 1271 1519 seipsam
1302 1449 1563 1515 privatum
1586 1462 1849 1518 quemque
1879 1449 2141 1516 disponit.

556 1543 737 1615 Neque
768 1544 909 1597 enim
938 1542 1152 1597 Caecitas
1182 1543 1391 1595 oculum
1415 1541 1584 1596 solum
1615 1542 1785 1610 privat
1804 1540 2026 1609 lumine,
2045 1541 2138 1596 sed

556 1637 669 1708 ipso
718 1652 931 1707 quoque
960 1634 1252 1690 secundum
1306 1650 1363 1689 se
1414 1634 1676 1703 privatum
1714 1633 1833 1689 luce
1859 1623 2137 1702 disponit;

558 1742 733 1783 caecus
778 1726 920 1781 enim
969 1725 1163 1780 dicitur
1215 1724 1280 1779 ad
1333 1725 1690 1795 privationem
1740 1723 2139 1792 quodammodo

558 1818 709 1889 quasi
735 1818 1025 1887 dispositus
1056 1826 1111 1873 et
1136 1816 1393 1882 affecius,
1443 1816 1542 1871 hoc
1570 1830 1785 1886 quoque
1818 1815 2139 1870 Aristoteles

558 1918 783 1964 testatur
813 1910 863 1963 in
892 1908 1150 1979 Physicis.
1192 1908 1343 1964 Unde
1369 1906 1429 1962 ﬁt
1458 1915 1515 1961 ttt
1542 1907 1856 1978 privationis
1886 1907 2140 1962 differen-

1801 498 1911 555 ΑΝ.
1952 496 2161 552 ΜΑΝιι.
2202 496 2352 552 SEV.
2393 495 2613 553 ΒΟΕΤΙΙ

432 620 433 623 η
476 660 483 685 δ
553 622 767 694 quidem
799 618 941 673 diem
987 624 1112 672 sum
1158 616 1227 671 de
1272 615 1606 685 oppositione
1641 628 1798 685 quam
1830 611 2120 667 afﬁrmatio
2151 611 2204 670 Δ
2230 611 2415 667 rentia:
2450 628 2570 669 cum
2593 614 2747 671 deest
2783 631 2980 674 nomen
3014 620 3272 691 imponat,
3300 633 3355 678 ut
3381 620 3503 682 cum
3533 603 3768 687 dicimus
3798 649 3811 686 :

3710 514 3814 574 δελ

2240 706 2556 775 Figurarum
2594 707 2838 778 quaedam
2870 721 2995 767 sunt
3036 712 3306 784 trilaterae,
3351 717 3472 774 alia!
3500 730 3626 775 sunt
3654 725 3821 792 tequi-

2240 800 2439 869 lateraa,
2471 802 2590 856 alia:
2617 802 2723 857 duo
2754 803 2919 859 latera
2963 805 3220 864 habentes
3258 814 3502 884 :equalia,
3545 816 3663 870 aiio:
3691 826 3823 873 tota:

2240 893 2527 964 inaequales
2555 903 2695 950 sunt.
2737 896 2896 951 Trina
2930 898 3089 969 igitur
3118 900 3312 956 divisio
3349 905 3446 957 ista
3478 906 3522 959 si
3554 908 3823 975 proferre-

2243 999 2350 1053 tur,
2404 987 2559 1042 ﬁeret
2597 986 2812 1057 duplex.
2852 989 3168 1060 Figurarum
3210 1006 3329 1061 qua:
3374 1004 3499 1049 sunt
3538 998 3821 1066 trilaterze,

2241 1080 2359 1135 aliae
2390 1090 2515 1136 sunt
2543 1082 2798 1152 aequales,
2829 1083 2950 1137 alia:
2982 1084 3293 1155 imaquales.
3319 1086 3671 1157 lnaequaiium
3700 1092 3824 1147 θείω

2241 1185 2363 1228 sunt
2414 1173 2519 1227 duo
2560 1174 2727 1231 latera
2769 1182 2972 1228 tantum
3018 1190 3167 1245 atqua
3222 1176 3501 1243 habentes,
3555 1183 3673 1235 alim
3712 1183 3822 1237 tria

2242 1266 2545 1334 inaequalia,
2574 1264 2626 1321 id
2656 1274 2739 1320 est
2760 1266 2961 1332 omnia,
2997 1276 3047 1320 et
3078 1280 3197 1320 cum
3227 1266 3456 1323 dicimus
3488 1284 3667 1324 terunt
3696 1286 3822 1326 om-

2243 1359 2414 1424 nium,
2438 1358 2538 1411 alia
2567 1364 2691 1412 sunt
2710 1356 2870 1421 bona,
2900 1356 3008 1411 alia
3034 1365 3161 1412 sunt
3191 1345 3349 1426 mala,
3374 1360 3479 1415 alia
3507 1360 3823 1415 inuideren-

2248 1452 2339 1514 tia,
2379 1462 2500 1520 qua:
2528 1447 2737 1502 scilicet
2762 1463 2935 1516 neque
2975 1447 3114 1503 bona
3138 1462 3316 1518 neque
3356 1451 3495 1504 mala
3524 1460 3671 1518 sunt,
3700 1459 3756 1507 et
3782 1451 3830 1508 si

2246 1543 2319 1598 ita
2349 1544 2616 1597 diceretur
2647 1540 2854 1611 gemina
2879 1540 3072 1595 divisio
3109 1541 3438 1611 proveniret.
3473 1542 3673 1597 Rerum
3706 1559 3829 1596 om-

2247 1636 2398 1690 nium
2428 1633 2532 1688 alia
2577 1642 2704 1687 sunt
2729 1630 3052 1696 differentia,
3101 1631 3204 1686 alia
3237 1630 3617 1687 indiﬁ‘erentia.
3669 1634 3828 1689 Diﬁ‘cs

2248 1727 2482 1782 rentium
2516 1724 2615 1779 alia
2660 1732 2784 1778 sunt
2812 1724 2973 1787 bona,
3002 1723 3106 1776 alia
3150 1722 3313 1777 mala.
3358 1722 3434 1777 Ita
3464 1738 3594 1794 ergo
3634 1724 3828 1780 divisio

2245 1818 2417 1874 omnis
2448 1816 2498 1870 in
2523 1815 2734 1885 gemina
2765 1824 3059 1881 secaretur,
3104 1814 3151 1869 si
3180 1815 3465 1884 speciebus
3492 1824 3548 1871 et
3575 1815 3828 1872 ditiores-

2247 1911 2335 1965 tiis
2376 1908 2630 1964 vocabula
2681 1922 2784 1962 non
2835 1908 3105 1961 deessent.
3153 1906 3409 1974 Quartam
3452 1922 3581 1963 vero
3607 1910 3826 1977 Opposic

561 2002 630 2054 tia
652 1999 717 2054 ad
739 2001 950 2072 generis
982 2000 1297 2054 divisionem
1322 1998 1629 2068 frequenter
1661 2008 1890 2053 utamur.
1925 1999 2028 2054 Sed
2056 1999 2141 2054 ltic
2170 1995 2220 2056 Β
2250 2005 2451 2059 tionem
2490 2002 2748 2066 diximus,
2795 2016 2914 2070 qua:
2958 2008 3044 2055 est
3087 2002 3383 2056 secundum
3411 2000 3477 2055 ad
3522 2001 3739 2073 aliquid,
3769 2013 3827 2061 ut

561 2109 769 2164 quoque
799 2091 987 2147 eodem
1024 2093 1180 2146 modo
1209 2092 1349 2145 sicut
1390 2091 1443 2145 in
1477 2090 1900 2146 contradictione
1938 2092 2136 2146 facien-

561 2185 685 2240 dum
711 2193 809 2241 est.
840 2182 995 2239 Pr.us
1035 2184 1176 2239 enim
1207 2182 1481 2251 ponendus
1526 2190 1609 2237 est
1656 2182 1871 2236 habitus
1923 2183 2011 2251 qui
2056 2192 2141 2237 est

563 2276 901 2330 afﬁnnationi
932 2274 1246 2341 consimilis,
1283 2286 1401 2345 post
1430 2288 1558 2329 vero
1582 2275 1808 2343 privatio
1830 2289 1949 2344 qua:
1979 2289 2141 2344 nega-

565 2371 716 2425 tioni.
756 2370 1049 2440 Aliquoties
1082 2378 1258 2423 tamen
1292 2369 1615 2439 privationes
1653 2367 1898 2438 quzedam
1928 2367 2141 2421 habitus

566 2461 822 2516 vocabulo
868 2462 1206 2531 proferuntur
1235 2501 1247 2524 ,
1305 2471 1362 2514 ut
1408 2460 1614 2525 orbus,
1664 2474 1838 2513 caecus
1866 2501 1880 2522 ,
1926 2460 2141 2513 viduus.

567 2552 863 2621 Aliquoties
910 2567 1029 2606 cum
1082 2550 1340 2621 particula
1385 2551 1724 2621 privationis,
1779 2558 1837 2604 ut
1882 2564 2003 2603 cum
2063 2549 2141 2603 di-

569 2646 741 2700 cimus
796 2643 997 2697 ﬁnitum
1050 2644 1335 2708 inﬁnitum,
1368 2646 1571 2714 aequale
1610 2646 1888 2716 inrequale.
1938 2645 2043 2701 Sed
2090 2646 2141 2699 in

570 2735 654 2791 bis
710 2735 913 2806 aequale
952 2744 1007 2790 et
1048 2735 1254 2789 finitum
1302 2737 1353 2791 in
1406 2736 1668 2792 divisione
1727 2736 1975 2807 ponenda
2020 2747 2146 2791 sunt

570 2831 765 2901 prima,
790 2829 1113 2899 privationes
1139 2843 1268 2884 vero
1303 2828 1573 2884 secundae.
1604 2830 1677 2884 Ac
1706 2827 1774 2884 de
1807 2828 2147 2899 Oppositione

571 2923 783 2996 quidem
829 2923 1141 2995 privationis
1182 2931 1236 2978 et
1266 2920 1479 2976 habitus
1518 2923 1636 2977 hazc
1666 2921 1806 2977 dicta
1855 2921 2144 2976 sufﬁciant.

573 3012 975 3072 Contrariorum
1022 3029 1150 3070 vero
1193 3016 1461 3083 Oppositio
1503 3014 1773 3068 dubitatur
1807 3012 2035 3067 fortasse
2080 3005 2147 3066 an

574 3108 867 3164 secundum
900 3108 1248 3179 privationem
1280 3119 1331 3163 et
1362 3107 1604 3167 habitum
1644 3121 1763 3162 esse
1794 3106 2061 3171 videatur,
2093 3114 2151 3159 ut

577 3202 750 3257 album
791 3212 845 3258 et
887 3203 1116 3274 nigrum,
1149 3218 1215 3256 an
1270 3200 1445 3255 album
1483 3202 1696 3271 quidem
1748 3201 1975 3268 privatio
2014 3198 2150 3268 nigri

577 3298 668 3362 sit,
708 3298 917 3366 nigrum
948 3310 1073 3351 vero
1113 3294 1240 3348 albi.
1283 3293 1391 3348 Sed
1424 3292 1537 3347 haec
1581 3293 1735 3347 alias.
1781 3291 1934 3346 Nunc
1971 3300 2150 3345 autem

2248 2107 2419 2168 pater,
2451 2096 2613 2161 ﬁlius,
2638 2094 2911 2158 dominus,
2939 2108 3150 2159 servus,
3174 2093 3391 2163 duplex,
3414 2094 3681 2165 medium,
3708 2106 3831 2150 sen-

2244 2191 2426 2256 sibile,
2454 2204 2660 2245 sensus.
2700 2189 2824 2243 Haec
2857 2189 3015 2257 igitur
3047 2187 3246 2242 nullam
3284 2188 3486 2243 habent
3506 2190 3831 2245 substantia-

2248 2281 2351 2335 lem
2390 2281 2765 2348 differentiam,
2818 2292 2921 2349 qua
2951 2294 2980 2332 a
3022 2292 3081 2333 se
3126 2279 3453 2349 discrepent,
3500 2279 3611 2334 imo
3654 2280 3829 2348 potius

2250 2370 2450 2427 habent
2491 2372 2792 2439 huiusmodi
2842 2369 3213 2438 cognationem
3257 2383 3358 2440 qua
3398 2370 3462 2423 ad
3508 2385 3567 2424 se
3596 2371 3825 2426 invicem

2248 2471 2577 2532 referuntur,
2605 2482 2667 2520 ac
2692 2464 2809 2518 sine
2836 2479 2894 2517 se
2917 2477 3038 2518 esse
3068 2478 3173 2518 non
3198 2464 3422 2533 possint.
3447 2463 3560 2517 Non
3592 2474 3675 2519 est
3696 2477 3825 2534 ergo

2250 2562 2461 2634 generis
2486 2560 2537 2614 in
2581 2558 2833 2612 relativas
2860 2546 3039 2624 partes
3067 2554 3308 2610 facienda
3347 2555 3557 2618 divisio.
3588 2558 3681 2610 sed
3718 2565 3830 2615 tota

2252 2652 2560 2723 hujusm-di
2611 2649 2778 2703 sectio
2824 2663 2855 2699 a
2904 2662 3103 2718 genere
3152 2649 3449 2717 separanda
3491 2657 3594 2703 est.
3649 2648 3830 2716 Neque

2254 2746 2393 2801 enim
2441 2742 2673 2797 hominis
2711 2748 2793 2793 est
2831 2740 3039 2807 species
3068 2754 3259 2795 servus
3301 2748 3392 2793 aut
3419 2739 3689 2805 dominus,
3730 2756 3831 2797 nec

2256 2838 2464 2891 numeri
2490 2833 2726 2887 medium
2748 2842 2837 2885 aut
2856 2831 3099 2899 duplum.
3123 2831 3257 2885 Cum
3282 2831 3441 2901 igitur
3461 2842 3691 2901 quatuor
3712 2843 3833 2891 sunt

2257 2927 2569 2983 diﬂ'erentia-
2604 2925 3000 2994 oppositionum
3033 2922 3403 2977 affirmationis
3430 2932 3486 2978 et
3518 2925 3832 2993 negationis,

2257 3022 2302 3077 si
2344 3036 2447 3075 non
2482 3034 2703 3074 necesse
2752 3028 2853 3083 est,
2906 3031 3121 3086 semper
3172 3028 3349 3070 tamen
3400 3017 3677 3071 relationis
3707 3016 3835 3088 rejiv

2256 3115 2443 3171 cienda
2476 3123 2558 3168 est
2585 3112 2798 3176 divisio,
2831 3110 3145 3180 privationis
3190 3120 3248 3165 et
3281 3109 3514 3175 habitus,
3546 3121 3600 3165 et
3629 3117 3836 3165 contrai

2259 3209 2462 3263 riorum
2494 3204 2789 3261 sumendae.
2822 3202 3053 3258 Maxime
3078 3213 3256 3257 autem
3285 3205 3640 3259 contrarietas
3665 3203 3718 3259 in
3743 3203 3834 3258 dif.

2261 3298 2505 3354 ferentiis
2538 3296 2781 3367 ponenda
2833 3306 2937 3361 est,
2986 3312 3084 3349 nec
3116 3312 3221 3349 non
3274 3298 3435 3350 etiam
3481 3298 3725 3366 privatio,
3758 3298 3835 3353 id.

578 3386 652 3439 “3
670 3386 1001 3440 iracundum
1035 3393 1119 3439 θεῖ
1150 3394 1400 3453 ιωιίιυαηι
1441 3384 1483 3436 εί
1515 3382 1583 3436 δίε
1618 3381 1761 3438 “illd
1804 3380 2154 3452 οΡΡοθίίίοηίε
2182 3374 2228 3437 C
2261 3392 2405 3446 circo
2431 3389 2680 3459 quoniam
2710 3388 2965 3458 quiddam
3015 3398 3201 3443 contra
3244 3387 3480 3443 habitum
3515 3388 3833 3451 contrarium

580 3492 770 3547 genus,
820 3478 959 3531 sicut
1000 3487 1082 3530 est
1112 3479 1163 3530 in
1214 3475 1645 3544 medicamentis
1681 3476 1749 3529 ab
1794 3474 1911 3543 ipso
1945 3490 2157 3541 quoque

582 3568 873 3623 Aristotele
898 3568 1238 3637 dispositum.
1282 3568 1337 3621 ln
1367 3567 1652 3621 contrariis
1679 3579 1859 3621 autem
1900 3580 2155 3637 generum

584 3662 749 3716 multa
776 3660 967 3715 divisio
996 3668 1097 3715 est.
1134 3661 1267 3715 Fere
1293 3660 1436 3714 enim
1480 3667 1701 3713 cunctas
1738 3656 2066 3711 differentias
2105 3658 2159 3712 in

586 3752 851 3807 contraria
872 3751 1204 3805 deducimus.
1234 3749 1339 3804 Sed
1366 3749 1619 3819 quoniam
1644 3748 2036 3802 contrariorum
2057 3748 2159 3802 alia

585 3854 709 3901 sunt
741 3845 914 3899 medio
939 3845 1200 3909 carentia,
1228 3844 1331 3897 alia
1370 3841 1625 3907 mediata,
1659 3841 1733 3895 ita
1778 3854 1993 3910 quoque
2026 3840 2164 3895 divi-

586 3937 666 3991 sio
704 3934 944 3989 facienda
976 3943 1080 3995 est,
1125 3945 1180 3987 ut
1221 3933 1483 3999 colorum,
1531 3932 1638 3987 alia
1684 3940 1809 3985 sunt
1846 3930 2015 4000 nigra,
2060 3931 2160 3984 alia

587 4039 708 4083 sunt
740 4028 884 4095 alba,
912 4028 1013 4081 alia
1043 4038 1254 4081 tteutra.
1282 4025 1464 4081 Fieret
1488 4033 1666 4081 autem
1691 4016 1867 4079 omnis
1890 4023 2160 4091 difﬁnitio,

589 4122 877 4189 omnisque,
897 4121 1091 4175 divisio
1123 4120 1329 4174 duabus
1359 4120 1622 4184 terminis,
1658 4118 1762 4173 nisi
1785 4118 1863 4187 (ut
1893 4131 2054 4188 supra
2083 4118 2163 4172 di-

588 4226 729 4266 ctum
762 4216 867 4280 est)
898 4209 1190 4280 indigentia
1213 4225 1326 4279 qua-
1351 4224 1494 4279 saape
1516 4208 1700 4263 existit
1722 4208 1775 4261 in
1804 4209 2020 4263 nomine
2040 4223 2165 4277 pro~

592 4303 821 4357 biberet.
851 4302 967 4369 Quo
1005 4308 1183 4354 autem
1226 4300 1384 4354 modo
1412 4310 1651 4369 utraeque
1678 4298 1889 4353 duobus
1917 4298 2163 4354 terminis

589 4396 804 4461 ﬁerent,
833 4394 934 4467 erit
964 4393 1307 4448 manifestum
1339 4391 1443 4446 hoc
1470 4392 1629 4446 modo
1659 4408 1673 4444 :
1703 4404 1824 4444 cum
1859 4391 2002 4444 enim
2032 4389 2163 4466 dici-

590 4508 707 4551 mus
744 4493 1053 4547 animalium
1086 4491 1185 4545 alia
1241 4488 1521 4551 rationalia
1564 4496 1713 4551 sunt,
1743 4486 1843 4541 alia
1879 4485 2167 4540 irrationa-

592 4588 683 4653 lia,
708 4587 903 4642 animal
928 4585 1187 4641 rationale
1216 4585 1279 4638 ad
1313 4582 1543 4637 hominis
1566 4580 1938 4635 dilﬁnitionem
1973 4579 2161 4634 tendit.

592 4682 696 4739 Sed
727 4682 981 4753 quoniam
1030 4679 1276 4734 animalis
1310 4677 1584 4731 rationalis
1612 4689 1776 4729 unum
1817 4689 2013 4728 nomen
2059 4688 2163 4728 non

2263 3484 2474 3536 videtur
2503 3481 2722 3548 opponi,
2765 3487 2822 3532 ut
2865 3487 2946 3533 est
2993 3476 3198 3532 ﬁnitum
3249 3490 3302 3533 et
3348 3478 3633 3533 inﬁnitum.
3660 3478 3836 3546 Quatt-

2264 3587 2420 3643 qnam
2464 3571 2603 3625 enitn
2654 3569 2879 3639 privatio
2919 3569 2988 3622 sit
3028 3569 3311 3631 infinitum,
3360 3580 3533 3621 tamen
3582 3568 3836 3630 contrarii

2266 3662 2644 3732 imaginatione
2685 3660 2963 3714 formatur.
2998 3660 3089 3713 Est
3129 3661 3370 3730 quaedam
3399 3673 3632 3728 namque
3658 3662 3738 3727 (ut
3761 3659 3840 3714 di.

2264 3770 2408 3814 ctum
2443 3758 2548 3828 est)
2579 3756 2771 3811 forma.
2830 3758 3054 3827 Dignum
3095 3771 3227 3810 vero
3260 3755 3511 3824 inquisitu
3552 3765 3633 3808 est
3665 3762 3839 3815 utrum

2266 3852 2317 3905 in
2349 3854 2559 3919 species
2608 3865 2671 3902 an
2695 3849 2747 3903 in
2770 3848 3097 3903 differentias
3127 3858 3275 3901 recte
3300 3856 3494 3916 genera
3518 3846 3840 3901 dividantur.

2268 3942 2527 3997 Difﬁnitio
2575 3955 2806 4010 namque
2846 3939 3122 3993 divisionis
3162 3950 3245 3993 est
3290 3939 3505 4008 generis
3542 3940 3600 3992 in
3638 3936 3843 4006 species

2267 4038 2538 4106 proximas
2565 4033 2889 4089 distributio.
2922 4030 3325 4101 Oportetigitur
3360 4030 3655 4085 secundum
3690 4037 3845 4085 naut-

2271 4144 2382 4184 ram
2409 4127 2695 4182 divisionis
2724 4135 2779 4181 et
2807 4124 3098 4180 secundum
3127 4122 3501 4178 difﬁnitionem
3531 4124 3583 4176 iu
3606 4122 3844 4192 propria;

2267 4225 2478 4294 species
2508 4235 2721 4289 semper
2747 4218 2861 4273 ﬁeri
2884 4219 3093 4287 generis
3117 4217 3582 4287 disgregationem.
3611 4215 3716 4269 Sed
3743 4215 3842 4272 hoc

2269 4317 2537 4370 interdum
2574 4314 2687 4368 ﬁeri
2726 4315 2906 4379 nequit
2931 4322 3151 4381 propter
3186 4320 3301 4366 eam
3333 4323 3491 4379 quam
3522 4321 3681 4376 supra
3721 4306 3818 4362 red

2271 4408 2446 4461 dimns
2478 4421 2714 4461 causam.
2758 4404 2937 4459 Multis
2967 4406 3107 4457 enim
3136 4403 3415 4470 speciebus
3444 4410 3551 4455 non
3594 4406 3722 4453 sunt
3749 4412 3821 4452 no

2274 4500 2438 4554 mina.
2473 4501 2644 4563 Atque
2673 4497 2792 4551 ideo
2823 4497 3071 4566 quoniam
3106 4494 3348 4563 quaedam
3388 4500 3515 4547 sunt
3541 4489 3710 4561 prima
3750 4503 3844 4559 ges

2270 4607 2418 4653 nera,
2459 4589 2700 4659 qua‘dam
2731 4588 2941 4654 ultima,
2972 4586 3213 4658 quaedam
3246 4584 3443 4649 media,
3475 4584 3701 4652 prinmm
3731 4578 3843 4649 qui-

2272 4682 2391 4736 dem
2426 4691 2483 4735 ut
2525 4679 2841 4742 substantia,
2884 4678 3129 4732 ultimum
3170 4685 3231 4731 ut
3277 4674 3497 4741 animal,
3526 4672 3765 4728 medium
3793 4677 3844 4734 ut

594 4783 697 4840 est,
741 4786 1000 4843 ponamus
1023 4770 1072 4826 ei
1106 4785 1303 4824 nomen
1338 4785 1369 4822 a
1400 4768 1654 4823 litteram.
1682 4766 1887 4821 Rursus
1912 4783 1945 4818 a
1972 4765 2160 4819 litterae
2188 4754 2242 4815 Ι)
2269 4787 2485 4843 corpus,
2518 4784 2713 4839 corpus
2742 4783 2970 4839 namque
3009 4766 3252 4823 animatis
3275 4782 3442 4837 genus
3471 4776 3575 4829 es].
3602 4762 3845 4818 ευδεωη.

596 4869 737 4940 quod
779 4877 860 4923 est
902 4868 1098 4921 animal
1128 4864 1413 4931 rationale,
1459 4862 1561 4916 alia
1592 4861 1835 4915 mortalia
1878 4868 2016 4923 sunt,
2062 4859 2167 4914 alia

592 4959 941 5017 immortalia.
994 4956 1248 5011 Volentes
1298 4954 1456 5024 igitur
1510 4953 1885 5007 difiinitionem
1933 4950 2167 5004 hominis

592 5052 817 5108 reddere
847 5050 1108 5113 dicemus,
1139 5047 1299 5101 homo
1335 5054 1418 5101 est
1460 5061 1491 5097 a
1528 5046 1701 5098 littera
1729 5043 1993 5097 mortalis.
2035 5042 2164 5096 Nam

592 5150 637 5202 si
689 5145 922 5199 hominis
965 5142 1213 5209 difﬁnitio
1259 5149 1341 5195 est
1381 5138 1578 5193 animal
1611 5136 1870 5191 rationale
1914 5136 2161 5204 mortale,

593 5236 794 5291 animal
845 5248 974 5289 vero
1022 5233 1281 5288 rationale
1321 5246 1413 5298 per
1453 5247 1483 5283 α
1530 5229 1759 5282 litteram
1809 5225 2157 5296 significatur,

595 5329 734 5382 idem
778 5327 942 5381 sentit
971 5341 1002 5376 a
1044 5322 1271 5378 mortale
1299 5330 1545 5392 tanquam
1587 5319 1632 5373 si
1670 5319 1942 5373 diceretur
1968 5319 2162 5372 animal

597 5418 863 5473 rationale
912 5414 1160 5478 mortale,
1201 5431 1232 5467 a
1278 5412 1418 5467 enim
1455 5412 1535 5481 (ut
1579 5410 1776 5465 dictum
1826 5410 1929 5479 est)
1966 5409 2164 5463 animal

594 5511 853 5564 rationale
884 5510 1165 5579 signiﬁcat.
1193 5505 1284 5560 Sic
1303 5520 1431 5576 ergo
1456 5521 1488 5558 α
1522 5505 1695 5559 littera
1720 5512 1775 5558 et
1803 5502 2012 5555 mortali
2034 5502 2166 5555 duo—

595 5602 690 5655 bus
724 5600 966 5655 terminis
995 5598 1133 5650 facta
1164 5605 1247 5653 est
1271 5596 1501 5652 hominis
1528 5594 1799 5649 difﬁnitio.
1833 5593 1984 5661 Quod
2012 5594 2056 5646 si
2080 5607 2166 5646 re-

597 5695 901 5757 perirentur
940 5693 993 5748 in
1032 5690 1280 5749 omnibus
1307 5705 1519 5761 quoque
1544 5691 1777 5753 nomina,
1810 5689 2015 5741 duobus
2055 5695 2165 5739 ter-

598 5784 755 5833 minis
803 5800 1017 5855 semper
1057 5791 1166 5839 tota
1196 5784 1343 5839 ﬁeret
1382 5783 1653 5838 difﬁnitio.
1694 5780 1894 5835 Divisio
1924 5792 2162 5848 quoque.

600 5870 904 5922 numinibus
953 5875 1161 5938 positis,
1193 5873 1442 5942 quoniam
1487 5889 1701 5939 semper
1730 5873 1781 5924 itt
1818 5872 1952 5925 duos
1981 5870 2165 5924 ter'mi-

596 5973 693 6016 nos
723 5968 951 6018 secatur.
982 5962 1317 6015 manifestum
1359 5973 1462 6029 est,
1493 5966 1538 6017 si
1567 5963 1685 6028 quis
1702 5964 1889 6028 generi
1921 5975 1972 6023 et
2000 5964 2159 6020 diﬁ‘e-

2271 4868 2341 4920 tia
2383 4864 2647 4933 corporis.
2693 4861 2800 4917 Sed
2828 4858 3275 4929 quemadmodum
3323 4872 3493 4926 neque
3523 4870 3683 4924 super
3718 4853 3845 4909 sub-

2272 4958 2522 5012 stantiam
2554 4954 2840 5024 quidquam
2868 4951 3098 5006 inveniri
3124 4959 3316 5021 potest,
3340 4948 3479 5019 quod
3500 4947 3714 5017 generis
3735 4946 3847 5001 loco

2271 5050 2449 5103 valeat
2480 5046 2758 5110 collocari,
2794 5046 2871 5098 sic
2898 5058 3071 5111 neque
3095 5042 3198 5096 sub
3224 5040 3465 5105 animaii,
3504 5039 3665 5091 homo
3699 5050 3847 5090 nam.

2271 5156 2376 5209 que
2407 5140 2635 5207 species,
2668 5154 2771 5195 non
2795 5148 2966 5208 genus
3000 5146 3102 5190 est.
3136 5135 3314 5201 Quare
3353 5131 3621 5201 antiquior
3652 5128 3848 5183 videbi-

2276 5241 2361 5285 tur
2398 5229 2598 5299 Speciei
2627 5230 2840 5295 divisio,
2892 5229 2936 5283 si
2968 5227 3257 5297 indigentia
3306 5226 3580 5280 nominum
3613 5236 3716 5276 non
3758 5222 3848 5285 sit,

2274 5323 2412 5391 quod
2451 5322 2495 5374 si
2529 5323 2610 5376 ltts
2652 5322 2899 5375 omnibus
2930 5337 3033 5374 non
3074 5317 3429 5381 abundamus,
3458 5314 3629 5383 prima
3655 5325 3849 5381 genera

2275 5429 2443 5481 usque
2487 5413 2551 5467 ad
2582 5414 2765 5466 ultima
2810 5412 3063 5467 convenit
3103 5411 3155 5463 in
3200 5406 3531 5462 differentias
3576 5418 3830 5472 separare

2277 5504 2387 5561 lloc
2419 5518 2594 5561 autem
2625 5506 2683 5560 ﬁt
2718 5506 2820 5560 huc
2851 5507 3033 5569 ntodo,
3064 5512 3122 5557 ιιι
3161 5503 3391 5571 primum
3419 5512 3590 5568 genus
3630 5499 3682 5550 in
3726 5507 3852 5550 suas

2274 5601 2606 5657 differentias
2632 5601 3018 5670 disgregemus,
3054 5614 3158 5676 non
3193 5598 3244 5653 itt
3275 5592 3623 5662 posterioris:
3654 5597 3711 5644 et
3734 5602 3851 5643 rur-

2275 5707 2367 5747 sus
2401 5691 2663 5759 posterius
2695 5692 2747 5745 in
2778 5704 2921 5754 snas,
2953 5690 3046 5743 sed
3078 5696 3187 5743 non
3224 5690 3279 5741 in
3307 5683 3644 5754 posterioris.
3673 5680 3852 5746 Neque

2274 5787 2412 5837 enim
2445 5783 2645 5836 eandem
2684 5790 2808 5835 sunt
2835 5781 3151 5837 dinei-entire
3170 5779 3416 5848 corporis
3441 5792 3561 5845 quae
3586 5770 3851 5829 animatis.

2270 5873 2329 5926 Si
2361 5875 2481 5940 quis
2507 5874 2649 5925 enim
2681 5872 2862 5927 dicat:
2896 5873 3210 5925 substantia:
3249 5869 3393 5923 aliud
3434 5876 3519 5923 est
3553 5859 3853 5933 corporaie.

2272 5963 2415 6018 aliud
2441 5962 2797 6037 incorporale.
2828 5974 2974 6017 recte
2990 5960 3313 6030 divisionem
3344 5958 3558 6028 fecerit,
3585 5956 3671 6021 ιιω
3699 5966 3854 6020 nauta
