4290 6272
479 440 583 498 885

1743 406 1949 486 manu
1991 422 2077 482 or:
2120 427 2479 486 omsrone.

485 573 592 629 que
633 556 954 613 diﬂ'erentiae
1006 553 1237 626 propriae
1287 550 1599 609 substantiae
1644 558 1787 604 sunt.
1841 548 1898 603 Si
1947 547 2065 617 quis
2094 548 2143 607 Α
2176 550 2320 603 trulla
2366 550 2767 620 complectitur,
2813 550 3015 609 idcirco
3053 552 3194 623 quod
3246 568 3429 610 earum
3475 554 3754 623 superiora

482 663 617 705 vero
645 648 726 702 sic
747 648 909 711 dicat,
937 644 1354 701 substantiarum
1383 641 1485 695 alia
1512 647 1635 695 sunt
1674 638 1932 703 animata,
1961 637 2065 691 alia

481 740 794 808 inanimata,
830 739 916 795 hic
936 753 1048 793 non
1081 746 1228 791 recte
1255 732 1584 791 substantias
1618 731 1951 788 differentias
1979 746 2066 784 se-

479 834 740 906 gregavit.
769 832 1022 901 Corporis
1068 843 1300 899 namque
1325 827 1645 884 differentiae
1675 824 1759 881 ha.-
1788 832 1933 892 sunt,
1959 839 2065 879 non

483 926 818 993 substantiae,
849 925 902 980 id
931 934 1014 981 est
1041 922 1264 980 secundi
1289 922 1523 993 generis,
1554 935 1661 975 non
1684 921 1861 990 primi.
1890 919 2066 987 Quare

481 1021 825 1077 manifestum
852 1028 940 1075 est
961 1018 1259 1074 secundum
1294 1015 1541 1087 proprias
1570 1013 1925 1078 differentias,
1946 1012 2064 1066 'non

478 1112 771 1167 secundum
786 1110 1104 1174 posterioris
1124 1107 1365 1181 generis,
1385 1107 1624 1177 priorum
1648 1119 1904 1175 generum
1928 1102 2065 1156 divi-

477 1202 686 1257 sionem
715 1215 839 1257 esse
870 1199 1193 1256 faciendam.
1232 1197 1456 1263 Quoties
1487 1204 1667 1249 autem
1694 1206 1863 1264 genus
1890 1202 1981 1246 aut
2012 1191 2065 1244 in

479 1294 839 1359 differentias,
870 1301 966 1348 aut
993 1293 1048 1348 in
1073 1292 1283 1361 species
1313 1289 1562 1352 solvitur,
1595 1295 1716 1356 post
1752 1284 2066 1339 divisionem

479 1384 677 1440 factam
732 1399 856 1439 mox
913 1382 1297 1447 diffinitiones,
1344 1389 1435 1435 aut
1490 1379 1737 1447 exempla
1794 1374 2067 1430 subdenda

485 1485 633 1533 sunt.
683 1475 789 1532 Sed
817 1474 866 1530 si
889 1474 1008 1544 quis
1033 1471 1446 1529 diffinitionibus
1496 1486 1603 1525 non
1645 1469 1903 1534 abundat,
1936 1468 2067 1523 satis

483 1576 570 1626 est
604 1566 850 1636 exempla
882 1550 1170 1635 subjicere,
1216 1572 1276 1618 ut
1319 1576 1438 1616 cum
1489 1560 1736 1623 dicimus,
1782 1573 2066 1627 corporum

484 1657 589 1713 alia
630 1665 761 1713 sunt
804 1656 1066 1720 animata,
1098 1653 1468 1724 subjiciamus,
1504 1660 1560 1705 ut
1602 1650 1848 1704 homines
1879 1651 1957 1703 vel
1991 1649 2068 1702 fe-

480 1758 585 1815 ra;
625 1749 726 1803 alia
757 1748 1067 1811 iaanimata,
1106 1754 1162 1798 ut
1202 1743 1428 1812 lapides.
1470 1741 1693 1810 Oportet
1726 1747 1906 1793 autem
1934 1738 2067 1792 divi-

479 1839 689 1895 sionem
719 1851 952 1907 quoque,
1003 1835 1142 1889 sicut
1184 1831 1500 1894 terminum,
1540 1843 1715 1895 neque
1748 1827 2067 1881 diminutum

2171 656 2372 711 genera
2432 641 2660 696 inveniri
2708 658 2812 696 non
2874 653 3118 712 possunt.
3173 643 3340 702 Porro
3396 655 3574 701 autem
3616 644 3756 699 infe-

2170 733 2345 789 riores
2405 743 2460 788 ut
2517 746 2642 789 sunt
2702 736 3004 804 individua,
3056 738 3169 807 ipsa
3226 754 3438 810 quoque
3491 740 3757 808 spceificis

2170 825 2495 882 differentiis
2542 839 2749 881 carent.
2789 827 3049 892 Quocirca
3100 828 3210 897 ipsa
3252 846 3461 901 quoque
3490 846 3519 884 a
3561 831 3758 888 diffinio

2170 918 2315 973 tione
2369 919 2578 973 seclusa
2633 927 2777 973 sunt.
2837 918 3025 973 Mediae
3076 918 3234 988 igitur
3286 938 3404 990 qua:
3454 932 3507 979 et
3564 925 3759 981 habent
3809 980 3815 984 _

2171 1024 2396 1079 genera,
2446 1019 2499 1063 et
2540 1010 2607 1064 de
2650 1010 2792 1075 aliis,
2828 1011 2908 1063 vel
2953 1010 3264 1079 generibus,
3308 1013 3393 1066 vel
3442 1013 3509 1067 de
3553 1017 3756 1081 specie.

2172 1100 2292 1166 bus,
2348 1100 2433 1154 vel
2478 1099 2546 1156 de
2598 1100 2888 1155 individuis
2944 1101 3300 1169 praedicantur
3349 1101 3448 1155 sub
3491 1103 3758 1159 dilfinitioc

2171 1208 2293 1246 nem
2348 1192 2542 1261 cadere
2588 1202 2829 1262 possunt.
2862 1193 2994 1247 Data
3043 1194 3199 1263 igitur
3243 1193 3550 1263 hnjusmodi
3585 1200 3759 1266 specie

2170 1300 2291 1358 quae
2320 1297 2372 1339 et
2402 1302 2572 1355 genus
2596 1287 2811 1352 haheat,
2835 1288 2975 1342 etde
3005 1288 3388 1355 posterioribus
3420 1290 3758 1359 pradicetur,

2176 1379 2351 1451 primo
2385 1377 2501 1449 cjns
2531 1395 2686 1433 sumo
2715 1395 2908 1450 genus,
2938 1389 2992 1435 et
3025 1381 3165 1434 illius
3186 1382 3402 1451 generis
3434 1379 3760 1439 differentias

2173 1472 2376 1537 divido,
2431 1480 2486 1526 et
2536 1472 2769 1540 adjungo
2818 1470 3174 1526 differentiam
3232 1471 3438 1542 generi,
3493 1480 3547 1527 et
3604 1474 3760 1529 video

2172 1579 2300 1619 num
2334 1563 2421 1617 illa
2450 1562 2755 1617 differentia
2783 1565 2965 1632 juncta
3008 1578 3130 1618 cum
3164 1579 3360 1634 genere
3389 1565 3611 1632 aequalis
3639 1580 3758 1635 pos-

2172 1657 2242 1710 sit
2267 1671 2387 1711 esse
2417 1672 2537 1711 cum
2579 1672 2639 1711 ea
2678 1658 2861 1726 specie
2897 1673 3055 1728 quam
3088 1658 3633 1714 cirrumscribendam
3661 1660 3759 1715 dif-

2146 1749 2419 1829 Vﬁnitione
2448 1751 2698 1819 suscepi;
2762 1750 2901 1820 quod
2952 1754 2994 1804 si
3029 1752 3197 1806 minor
3233 1752 3393 1807 fuerit
3427 1753 3659 1822 species,
3692 1752 3759 1809 il-

2172 1842 2277 1896 lam
2333 1856 2521 1895 rursus
2565 1840 2920 1896 differentiam
2964 1858 3121 1912 quam
3153 1842 3353 1901 dudum
3404 1859 3524 1899 cum
3565 1856 3758 1915 genere

481 1938 626 1994 esSe,
666 1942 845 1998 neque
884 1924 1235 1994 superfluam.
1277 1922 1409 1976 Nam
1438 1934 1613 1989 neque
1644 1919 1827 2006 plures
1855 1918 2063 1988 species

2182 1947 2528 2001 posueramus
2558 1933 2708 2003 quasi
2757 1949 2927 2003 genus
2964 1935 3230 2004 ponimus,
3273 1951 3496 2006 eamque
3526 1937 3579 1991 in
3625 1938 3759 1995 alias

482 2032 641 2087 quam
685 2032 803 2085 quae
850 2016 954 2071 sub
996 2029 1198 2085 genere
1240 2024 1365 2067 sunt
1391 2022 1605 2081 oportet
1628 2002 1846 2079 apponi,
1892 2026 2064 2075 neque

481 2109 787 2179 pauciores,
838 2116 896 2162 ut
950 2109 1001 2162 in
1052 2107 1286 2175 seipsam
1330 2105 1547 2170 divisio,
1588 2103 1731 2159 sicut
1780 2102 2061 2169 terminus,

484 2206 844 2252 convertatur.
877 2195 1221 2251 Convenitur
1247 2194 1388 2249 enim
1421 2194 1683 2247 terminus
1734 2191 1812 2246 sic
1843 2210 1854 2243 :
1897 2191 2067 2244 virtus

482 2295 564 2341 est
592 2286 786 2340 mentis
816 2284 1033 2340 habitus
1063 2285 1327 2355 optimus;
1368 2298 1577 2349 rursus,
1629 2281 1824 2337 mentis
1853 2281 2067 2336 habitus

483 2377 713 2446 Optimus
758 2378 924 2430 virtus
970 2384 1074 2430 est.
1126 2374 1214 2429 Sic
1250 2374 1411 2427 etiam
1455 2371 1668 2437 divisio,
1710 2386 1868 2425 omne
1900 2385 2065 2439 genus

483 2464 673 2534 aliquid
703 2479 888 2519 eorum
925 2464 1032 2519 erit
1063 2478 1183 2533 quae
1225 2470 1370 2531 sunt,
1420 2460 1628 2528 Species
1660 2463 1935 2530 pmprium
1970 2475 2065 2529 ge-

484 2573 586 2614 nus
629 2568 742 2623 est;
793 2572 1001 2624 rursus,
1042 2556 1299 2625 quaelibet
1337 2556 1544 2624 species
1586 2556 1858 2624 prolirium
1903 2569 2069 2624 genus

486 2657 585 2705 est.
617 2648 701 2702 Fit
724 2657 902 2702 autem
927 2648 1140 2718 generis
1169 2646 1410 2716 ejusdem
1449 2646 1641 2701 divisio
1667 2646 2055 2714 multipliciter,

488 2751 545 2794 ut
572 2739 811 2794 omnium
860 2756 1172 2810 corporum,
1211 2750 1265 2795 et
1308 2755 1642 2811 quaecunque
1681 2751 1807 2795 sunt
1847 2741 2070 2811 alicujus

487 2831 899 2904 magnitudinis.
942 2831 1093 2886 Sicut
1119 2831 1262 2886 enim
1305 2830 1563 2886 circulum
1592 2829 1643 2884 in
1674 2831 2066 2898 semicirculos,

488 2933 540 2977 et
570 2922 621 2975 in
660 2935 753 2974 eos
801 2935 938 2990 quos
966 2916 1139 2974 Graeci
1168 2930 1362 2974 vocant
1400 2926 1595 2991 τομιῖς,
1644 2934 1742 2974 nos
1778 2920 2070 2977 divisiones

489 3025 769 3083 possumus
799 3013 1003 3077 dicere,
1039 3010 1430 3076 distribuimus,
1478 3020 1531 3066 et
1575 3019 1907 3079 tetragonum
1942 3013 2071 3068 alias

491 3106 642 3159 ducta
688 3120 781 3174 per
811 3103 1088 3174 angulum,
1137 3102 1401 3158 diametro
1449 3102 1502 3157 in
1536 3102 1822 3172 triangula,
1858 3103 1990 3158 alias
2017 3104 2071 3158 i'n

491 3196 1070 3266 parallelogrammata,
1117 3196 1251 3250 alias
1294 3196 1348 3250 in
1405 3204 1682 3264 tetragona
1731 3209 2067 3264 separamus.

2173 2038 2298 2078 suas
2324 2023 2653 2080 differentias
2680 2037 3017 2093 separamus,
3062 2032 3115 2077 et
3148 2040 3334 2081 rursus
3357 2027 3459 2080 tias
3491 2026 3624 2081 duas
3648 2026 3755 2081 dira

2171 2115 2428 2172 lerentias
2460 2114 2726 2184 superiori
2751 2116 2941 2185 generi
2985 2116 3388 2186 conjungimus;
3421 2126 3476 2171 et
3503 2118 3546 2172 si
3579 2124 3757 2188 requa-

2170 2210 2248 2263 vit
2281 2209 2543 2279 speciem,
2569 2206 2821 2262 diffinitio
2854 2207 3051 2276 speciei
3068 2222 3185 2262 esse
3212 2209 3445 2273 dicetur;
3472 2209 3551 2262 sin
3582 2208 3758 2264 minus

2174 2300 2358 2367 fuerit,
2392 2299 2682 2354 secundam
2716 2298 3071 2354 differentiam
3100 2314 3282 2355 rursus
3323 2302 3374 2354 in
3404 2301 3505 2355 alia
3543 2315 3757 2371 separa.

2175 2407 2313 2446 mus.
2358 2392 2502 2458 Quas
2529 2406 2720 2446 omnes
2749 2391 3122 2461 conjungimus
3153 2405 3272 2445 cum
3304 2407 3534 2461 genere,
3568 2401 3621 2447 et
3639 2384 3779 2447 rur/

2175 2499 2270 2538 sus
2292 2486 2629 2553 speculamur
2661 2484 2705 2537 si
2748 2496 2937 2536 omnes
2963 2481 3279 2538 differentia:
3313 2499 3433 2538 cum
3456 2498 3652 2553 genere
3682 2484 3757 2539 illi

2176 2575 2410 2641 aequales
2438 2575 2543 2628 sint
2574 2575 2769 2642 speciei
2801 2589 2919 2641 qua:
2950 2574 3234 2641 diffinitur,
3298 2586 3349 2629 et
3377 2584 3648 2645 pustremo
3680 2584 3760 2629 to-

2179 2670 2284 2721 ties
2312 2666 2646 2721 differentias
2691 2666 3011 2721 diflerentiis
3037 2666 3408 2721 distribuimus
3436 2681 3604 2737 usque
3632 2666 3759 2722 dum

2177 2774 2361 2814 omnes
2392 2759 2591 2830 junctae
2614 2761 2798 2829 generi
2829 2760 3066 2829 speciem
3096 2761 3289 2829 aequali
3319 2760 3638 2815 difﬁnitione
3666 2761 3761 2817 de-

2177 2853 2437 2907 scribant.
2484 2851 2654 2922 Hujus
2687 2863 2867 2907 autem
2920 2854 2995 2907 rei
3028 2854 3307 2907 clariorem
3354 2852 3550 2907 facient
3573 2868 3758 2907 exem-

2176 2944 2258 3011 pla
2307 2944 2549 2996 notitiam
2587 2943 2687 2997 hoc
2733 2943 2891 2997 modo
2927 2960 2939 2994 :
2995 2940 3051 2996 Si
3085 2952 3167 2996 est
3211 2944 3369 2998 nobis
3428 2945 3758 3014 propositum

2176 3034 2410 3090 diffinire
2434 3050 2658 3099 nomen,
2685 3035 3007 3089 vocabulum
3040 3035 3274 3089 nominis
3301 3034 3367 3089 de
3398 3035 3640 3104 pluribus
3662 3051 3760 3092 no-

2176 3128 2407 3181 minibus
2440 3127 2795 3195 prcedicatur,
2830 3137 2884 3183 et
2928 3128 3162 3197 quodam
3204 3128 3363 3182 modo
3403 3130 3610 3198 species
3633 3144 3760 3186 cuna

2178 3224 2353 3275 tinens
2399 3222 2498 3275 sub
2529 3235 2588 3276 se
2634 3219 2932 3275 individua.
2983 3219 3199 3275 Diffinio
3231 3236 3360 3291 ergo
3389 3234 3584 3276 nomen
3635 3202 3760 3278 sic:

490 3290 562 3348 Ιίδ
589 3309 803 3365 quoque
829 3310 1020 3363 genus,
1069 3303 1127 3349 ιιι
1156 3309 1277 3349 cum
1309 3293 1560 3360 ἀίοίῐηυε,
1592 3309 1937 3349 numerorum
1983 3295 2071 3350 am
2101 3307 2150 3373 C
2178 3328 2335 3368 sumo
2362 3316 2479 3382 ejus
2526 3327 2694 3383 genus
2722 3312 2865 3381 quod
2896 3321 2979 3367 est
3031 3326 3134 3365 vox
3154 3353 3168 3377 ,
3220 3322 3274 3366 et
3314 3312 3496 3368 divido
3531 3328 3763 3373 :vocum

488 3394 615 3442 sunt
647 3400 826 3455 pares,
873 3385 965 3439 alii
1008 3385 1264 3455 impares,
1316 3396 1371 3439 et
1417 3400 1606 3440 rursus
1652 3385 1741 3439 alii
1772 3386 1949 3455 primi,
1983 3384 2076 3440 alii

488 3491 595 3535 non
638 3478 842 3548 primi;
889 3487 941 3532 et
984 3477 1373 3547 triaugulorum
1420 3478 1522 3531 alia
1574 3487 1698 3531 sunt
1746 3480 2075 3547 acquilatera,

492 3570 594 3641 alia
626 3570 731 3625 duo
758 3571 873 3625 sola
906 3569 1072 3624 latera
1098 3569 1326 3638 aequalia
1350 3568 1623 3635 habentia,
1657 3569 1762 3622 alia
1796 3570 1921 3622 totis
1946 3568 2078 3623 inte-

490 3661 672 3732 qualia
711 3661 995 3727 lateribus,
1036 3668 1091 3715 et
1130 3675 1319 3715 rursus
1354 3661 1748 3729 triangulorum
1800 3660 1901 3715 alia
1954 3670 2079 3716 sunt

494 3755 626 3809 recti
657 3753 872 3823 angula,
919 3753 1020 3807 alia
1052 3763 1240 3807 acutos
1271 3750 1523 3807 habentia
1560 3760 1671 3807 tres
1696 3752 1941 3821 angulos,
1975 3753 2077 3807 alia

497 3846 673 3901 obtusi
716 3846 899 3899 unius.
956 3844 1046 3901 Sic
1098 3845 1258 3913 igitur
1296 3844 1508 3914 generis
1562 3843 1720 3899 unius
1766 3845 1837 3916 sit
1884 3845 2079 3900 divisio

500 3943 799 4012 multiplex.
841 3943 970 3997 Illud
1012 3953 1187 3998 autem
1228 3944 1366 3998 scire
1408 3945 1636 4012 perutile
1675 3954 1775 4009 est,
1826 3946 2078 4014 quoniam

499 4049 667 4106 genus
698 4049 799 4089 una
838 4034 1235 4106 quodammodo
1270 4036 1555 4091 multarum
1598 4037 1896 4103 specierum
1927 4037 2082 4091 simi-

498 4124 673 4181 litudo
697 4137 803 4193 est,
845 4142 965 4195 quae
1004 4141 1186 4182 earum
1215 4127 1453 4183 omnium
1489 4126 1916 4183 convenientiam
1950 4128 2079 4181 sub-

499 4218 802 4273 stantialem
824 4230 1109 4287 monstret,
1135 4228 1291 4289 atque
1315 4219 1437 4275 ideo
1458 4220 1798 4274 collectivum
1828 4218 2081 4289 plurima-

501 4326 617 4367 rum
668 4316 969 4381 specierum
1016 4328 1182 4383 genus
1228 4323 1329 4369 est.
1384 4313 1735 4384 Disjuuctivaz
1766 4329 1896 4368 vero
1928 4314 2083 4368 unius

503 4406 715 4474 generis
757 4407 967 4474 species
1002 4416 1128 4461 sunt
1181 4424 1320 4478 qute,
1354 4410 1605 4477 quoniam
1636 4408 1953 4463 differentiis
1998 4408 2082 4462 in-

503 4498 799 4554 formantur
830 4502 915 4571 (ut
957 4500 1159 4555 dictum
1200 4500 1327 4570 est),
1382 4502 1584 4556 idcirco
1624 4502 1724 4557 sub
1755 4518 1859 4555 uno
1886 4515 2083 4572 genere

502 4599 676 4652 minus
722 4598 927 4653 duabus
965 4601 1250 4669 speciebus
1301 4617 1422 4657 esse
1466 4618 1571 4657 non
1614 4612 1856 4673 possunt.
1908 4605 2083 4660 omnis

2179 3404 2296 3458 alia:
2342 3413 2464 3459 sunt
2496 3403 2884 3472 sigiiiticativae,
2918 3402 3037 3455 alia;
3068 3415 3200 3457 vero
3230 3404 3485 3468 minime;
3534 3420 3632 3457 vox
3658 3418 3763 3464 non

2179 3496 2530 3567 significativa
2564 3494 2694 3549 nihil
2753 3494 2815 3548 ad
2848 3508 3041 3548 nomen
3063 3534 3079 3561 ,
3111 3496 3313 3550 etenim
3338 3489 3533 3551 nomen
3564 3497 3764 3566 signiﬁ-

2178 3599 2284 3644 cat.
2343 3589 2508 3643 Sumo
2541 3602 2671 3658 ergo
2715 3586 3073 3643 differentiam
3108 3602 3228 3657 quae
3276 3599 3358 3642 est
3390 3589 3765 3658 significativa,

2180 3690 2233 3735 et
2256 3680 2425 3752 jungo
2447 3695 2568 3735 cum
2598 3694 2795 3749 genere
2816 3722 2831 3747 ,
2883 3680 2936 3735 id
2966 3689 3047 3735 est
3094 3694 3214 3734 cum
3238 3696 3370 3735 voce
3394 3721 3409 3747 ,
3439 3691 3493 3735 et
3515 3680 3634 3735 dico
3663 3695 3767 3738 vox

2181 3773 2528 3845 significativa
2563 3817 2578 3841 ,
2634 3784 2688 3826 et
2729 3783 2857 3826 tunc
2895 3772 3130 3842 respicio
3171 3783 3345 3828 utrum
3387 3788 3555 3843 genus
3586 3774 3686 3830 hoc
3714 3783 3769 3836 et

2181 3866 2481 3921 differentia
2525 3867 2726 3920 nomini
2775 3867 2881 3918 sint
2919 3865 3163 3933 aequalia.
3205 3864 3311 3919 Sed
3361 3866 3596 3921 nondum
3643 3875 3768 3928 sunt

2182 3959 2405 4026 aequalia
2429 3996 2445 4022 ,
2475 3967 2651 4025 potest
2681 3956 2823 4011 enim
2855 3970 2957 4007 vox
2991 3956 3348 4024 signiﬁcativa
3369 3972 3490 4012 esse
3512 4001 3525 4025 ,
3577 3969 3631 4013 et
3661 3975 3768 4024 non

2182 4063 2301 4102 esse
2327 4062 2541 4101 nomen.
2587 4047 2723 4101 Sunt
2750 4047 2891 4099 enim
2926 4047 3169 4115 quaedam
3196 4062 3353 4100 voces
3382 4062 3500 4115 quae
3526 4049 3768 4110 dolorem

2185 4139 2623 4211 designant,a|i:e
2652 4154 2768 4209 qua:
2798 4139 2957 4192 animi
2985 4139 3258 4206 passiones
3284 4142 3617 4210 naturaliter,
3649 4157 3768 4212 quzn

2186 4237 2399 4288 nomina
2421 4247 2524 4287 non
2550 4243 2693 4298 sunt,
2726 4229 3217 4302 utinterjectiones.
3241 4230 3445 4286 Rursus
3476 4232 3645 4302 ipsam
3673 4248 3768 4289 vo-

2186 4343 2303 4383 cem
2330 4326 2735 4395 significativam
2768 4326 2821 4380 in
2849 4325 2982 4380 alias
2998 4323 3330 4379 differentias
3349 4324 3771 4386 dividozvocum

2190 4420 2666 4490 significativarum
2702 4419 2820 4473 aliae
2849 4429 2970 4473 sunt
3000 4421 3294 4473 secundum
3327 4418 3644 4486 positionem
3675 4419 3771 4474 ho-

2188 4514 2389 4567 minum
2412 4554 2428 4579 ,
2460 4513 2577 4565 aliae
2605 4510 2937 4575 naturaliter,
2969 4522 3021 4564 et
3063 4525 3168 4563 vox
3200 4510 3414 4579 quidem
3462 4510 3772 4579 significans

2190 4604 2507 4659 naturaliter
2538 4603 2667 4657 nihil
2699 4604 2761 4655 ad
2794 4616 2986 4655 nomen
3012 4642 3025 4665 ,
3062 4615 3162 4655 vox
3192 4616 3323 4656 vero
3355 4601 3659 4670 significans
3684 4616 3771 4657 sec

502 4692 640 4745 enim
667 4690 967 4747 differentia
1006 4694 1056 4745 in
1081 4692 1443 4748 differentium
1474 4694 1781 4764 pluralitate
1812 4694 2080 4751 consistit.
2108 4681 2163 4742 D
2188 4696 2417 4751 cundum
2452 4695 2769 4764 positionem
2802 4694 3079 4747 hominum
3100 4694 3304 4748 nomini
3336 4695 3599 4764 congruit.
3625 4694 3771 4759 Qum

503 4783 605 4839 Sed
646 4784 714 4839 de
747 4785 1020 4842 divisione
1066 4788 1280 4858 generis
1308 4798 1379 4853 et
1407 4788 1605 4856 Speciei
1651 4788 1899 4857 perplura
1940 4786 2081 4843 dicta

502 4883 645 4928 sunt.
679 4875 825 4931 Hanc
859 4876 1021 4945 igitur
1068 4876 1437 4934 insistentibus
1475 4879 1614 4932 viam
1654 4879 1951 4948 promptior
1990 4892 2085 4948 per

502 4973 820 5030 divisionem
860 4977 1077 5044 generis
1109 4978 1177 5032 ad
1215 4980 1416 5049 speciei
1451 4979 1825 5034 dilfinitionetn
1859 4979 2083 5034 facultas

501 5064 761 5133 aperitur.
793 5067 1014 5135 Oportet
1046 5078 1225 5124 autem
1268 5086 1372 5125 non
1403 5071 1575 5124 solum
1606 5083 1740 5140 quas
1787 5070 1853 5125 ad
1885 5068 2083 5125 diffini-

505 5154 702 5209 tionem
750 5172 1025 5212 sumamus
1065 5159 1399 5215 differentias
1429 5160 1734 5225 addiscere,
1784 5161 1877 5215 sed
1919 5161 2086 5229 ipsius

503 5242 1038 5303 difﬁnitionis’artem
1078 5250 1487 5320 diligentissima
1518 5254 1821 5321 cognitione
1851 5254 2089 5322 comple-

2190 4789 2331 4843 circa
2376 4787 2471 4841 has
2518 4785 2652 4840 duas
2683 4783 3011 4839 differentias
3057 4784 3462 4855 significativam
3493 4795 3545 4841 et
3575 4764 3797 4841 secun’a'

2189 4879 2315 4933 dum
2339 4878 2656 4948 positionem
2685 4877 2852 4947 jungo
2872 4890 2992 4931 cum
3019 4892 3148 4932 voce
3179 4923 3192 4946 ,
3223 4879 3274 4932 id
3296 4889 3375 4932 est
3404 4895 3523 4932 cum
3550 4886 3793 4949 genere.‘

2190 4980 2241 5025 et
2270 4971 2423 5025 dico:
2460 4984 2653 5025 nomen
2681 4980 2764 5024 est
2790 4984 2899 5024 vox
2922 4970 3271 5039 signifieativa
3296 4972 3586 5027 secundum
3607 4971 3773 5039 placi‘

2194 5072 2326 5117 tum.
2380 5062 2487 5118 Sed
2519 5078 2702 5117 rursus
2731 5063 2857 5117 mihi
2884 5078 2987 5117 nou
3020 5074 3260 5133 mquatur
3286 5064 3351 5118 ad
3375 5079 3590 5117 nomen.
3636 5064 3774 5126 Sunt

2193 5172 2425 5227 namque
2451 5164 2505 5210 et
2526 5156 2687 5211 verba
2712 5170 2872 5210 voces
2894 5156 3258 5226 significatlva:
3287 5167 3338 5211 et
3365 5156 3653 5211 secundum
3672 5170 3774 5225 ρος
3799 5146 3804 5153 ’

2187 5250 2463 5303 sitionem.
2494 5249 2606 5302 Non
2633 5248 2789 5314 igitur
2807 5250 2973 5302 solius
3002 5249 3230 5302 nominis
3253 5248 3501 5301 diffluitio
3525 5258 3627 5302 est.
3660 5248 3775 5302 Dis.

504 5339 597 5392 eti.
628 5340 694 5392 Et
718 5339 846 5393 illud
873 5340 1112 5408 quidem.
1142 5355 1209 5394 an
1242 5341 1353 5395 ulla
1381 5342 1549 5410 possit
1575 5342 1823 5396 diltinitio
1860 5344 2085 5398 demon-

506 5429 689 5495 strari,
738 5437 793 5483 et
817 5431 1272 5499 quemadmodum
1318 5447 1411 5501 per
1441 5433 1957 5490 demonstrationem
2000 5450 2091 5489 va-

510 5518 620 5574 leat
673 5522 939 5588 inveniri,
1001 5535 1057 5580 et
1118 5540 1451 5595 quaecunque
1493 5526 1563 5580 de
1617 5540 1678 5581 ea
1725 5526 1977 5590 subtilius
2034 5528 2088 5583 in

511 5614 798 5682 postremis
852 5616 1147 5687 Analyticis
1208 5618 1278 5673 ab
1335 5617 1628 5673 Aristotele
1690 5626 1913 5674 tractata
1965 5628 2092 5676 sunt

2190 5340 2364 5395 tribuo
2409 5340 2601 5393 iterum
2644 5338 3000 5393 differentiam
3039 5355 3155 5408 quae
3202 5348 3283 5393 est
3313 5339 3605 5394 secundum
3632 5340 3783 5409 posi~
3810 5356 3821 5373 -·

2192 5433 2386 5487 tionem
2409 5476 2423 5500 ,
2452 5440 2505 5487 et
2535 5430 2658 5485 dico
2687 5449 2697 5482 :
2732 5431 3027 5485 secundum
3058 5431 3371 5499 positionem
3398 5447 3587 5487 vocum
3612 5431 3781 5503 signia
3810 5440 3813 5447 ‘

2192 5523 2518 5579 ﬁcativarum
2547 5522 2661 5575 aliae
2712 5538 2831 5576 eum
2862 5534 3133 5591 tempore,
3197 5525 3316 5579 alia:
3360 5526 3479 5580 sine
3505 5533 3775 5594 tempore.
3806 5506 3846 5557 δ’

2193 5626 2245 5671 et
2272 5614 2569 5670 differentia
2609 5614 2823 5686 quidem
2850 5631 2969 5670 cum
3000 5626 3236 5685 tempore
3273 5618 3474 5673 nomini
3505 5634 3608 5674 non
3640 5633 3775 5673 con.
3811 5618 3823 5679 ὃ

478 5701 939 5776 praetermittam.
1000 5709 1186 5765 Solam
1241 5719 1445 5766 tantum
1489 5723 1755 5779 exsequar
1792 5708 2091 5769 diffiniendi

507 5800 768 5871 regulam.
820 5800 1022 5857 lterum
1071 5803 1216 5857 enim
1264 5802 1384 5859 aliae
1420 5811 1544 5858 sunt
1589 5802 1927 5872 superiores,
1970 5802 2091 5857 aliae

509 5890 822 5969 inferiores,
849 5897 970 5972 alite
993 5897 1205 5973 mediae.
1254 5898 1573 5981 Superiores
1601 5896 1814 5977 quidem
1840 5888 2091 5969 dilﬁuitio

2187 5708 2455 5777 jungitur,
2512 5706 2712 5763 idcirco
2740 5708 2879 5777 quod
2912 5709 3196 5764 verborum
3242 5718 3325 5765 est
3362 5710 3775 5795 consignincarq

2197 5808 2469 5868 tempora,
2524 5800 2798 5854 nominum
2854 5816 2980 5856 vero
3023 5802 3263 5857 minime.
3321 5804 3508 5860 Restat
3537 5821 3666 5876 ergo
3718 5810 3775 5865 ul

2194 5902 2457 5981 congruat
2488 5892 2578 5951 illa
2592 5892 2895 5952 differentia
2924 5908 3041 5973 quae
3068 5904 3150 5952 est
3174 5896 3291 5958 sine
3312 5906 3569 5975 tempore.
3599 5897 3775 5979 longe
