4290 6272
576 439 673 497 887

1808 441 1913 496 ΑΝ.
1958 438 2162 495 MANL.
2204 438 2358 498 SEV.
2400 443 2618 504 ΒΟΕΤΙΙ

3737 458 3842 519 888

545 552 745 623 -igitur
775 552 871 606 has
900 560 1008 605 tres
1035 548 1367 604 uiderentias
1412 550 1617 640 generi,
1672 558 1726 605 ει
1755 549 1877 604 dico
1903 568 1915 604 :
1967 565 2163 605 nomen
2191 536 2244 613 Ᾰ
2270 551 2498 612 dicimus
2521 598 2534 613 .
2568 557 2776 617 Dicitur
2802 576 3016 634 quoque
3068 573 3237 620 totum
3268 568 3411 637 quod
3442 583 3506 625 ex
3527 568 3840 640 quibusdam

579 652 661 698 est
690 657 790 697 vox
821 640 1171 711 signitlcativa
1201 640 1265 695 ad
1306 639 1555 709 placitum
1587 641 1705 695 sine
1741 648 2001 711 tempore.
2054 642 2158 698 Sed

580 748 764 790 rursus
797 732 925 788 mini
959 749 1062 788 non
1096 732 1253 803 plena
1287 732 1563 787 conclusio
1605 732 1941 789 difﬁnitionis
1966 748 2156 790 occur-

580 827 669 891 rit,
700 834 874 895 potest
895 826 1039 881 enim
1063 842 1163 881 vox
1196 834 1251 880 et
1274 824 1650 892 signiﬁcativa,
1674 834 1729 881 et
1747 825 2036 880 secundum
2061 840 2157 895 po-

575 918 824 974 s’tionem
856 926 910 973 et
958 917 1075 972 sine
1105 927 1348 986 tempore
1377 931 1498 970 esse
1518 956 1534 982 ,
1592 926 1646 971 et
1685 930 1876 972 nomen
1908 932 2013 972 non
2040 932 2158 973 esse

580 1026 770 1074 unum,
804 1011 897 1067 sed
929 1014 1144 1065 nomina
1165 1012 1348 1081 juncta
1379 1027 1498 1081 qua:
1520 1020 1603 1064 est
1632 1012 1805 1065 oratio
1826 1055 1840 1079 ,
1888 1020 1943 1065 ut
1971 1015 2159 1067 Socra-

579 1114 662 1164 tes
691 1120 812 1159 cum
846 1104 1066 1159 Platone
1093 1115 1145 1158 et
1167 1103 1438 1174 discipuli~
1459 1145 1473 1169 ,
1508 1104 1597 1158 sed
1630 1119 1930 1174 quanquam
1962 1105 2159 1174 imper-

575 1194 720 1254 t'ecta
749 1196 964 1266 quidem
995 1199 1064 1249 sit
1093 1196 1207 1251 lucc
1239 1198 1431 1259 oratio,
1478 1207 1654 1251 tamen
1684 1207 1765 1251 est
1793 1197 1985 1251 oratio.
2015 1198 2160 1266 Quo—

579 1288 726 1343 circa
757 1289 939 1343 ultima
983 1287 1276 1343 diﬁ‘erentia
1314 1304 1432 1358 qua:
1481 1298 1564 1343 est
1608 1290 1722 1343 sine
1769 1300 2005 1358 tempore
2046 1289 2160 1344 aliis

575 1381 708 1439 item
740 1380 1056 1435 diﬁ'erentiis
1083 1380 1369 1436 dividenda
1399 1390 1511 1448 est,
1557 1392 1606 1437 et
1639 1381 1878 1439 dicemus
1903 1424 1917 1448 ,
1968 1398 2156 1439 vocum

576 1476 1050 1546 signiﬁcativarum
1082 1474 1373 1531 secundum
1401 1476 1719 1547 positionem
1775 1478 1893 1532 sine
1922 1486 2160 1549 tempore

576 1571 697 1628 aliae
722 1578 848 1625 sunt
874 1584 1096 1635 quarum
1129 1584 1251 1639 pars
1298 1579 1447 1623 extra
1477 1568 1677 1638 aliquid
1707 1569 2004 1639 signiﬁcat,
2058 1573 2159 1627 hoc

575 1662 811 1733 pertinet
837 1660 903 1715 ad
929 1661 1260 1724 orationem,
1288 1661 1405 1715 alite
1432 1676 1655 1731 quarum
1697 1676 1817 1730 pars
1847 1674 1994 1716 extra
2028 1664 2157 1720 nihil

578 1752 877 1823 signiﬁcat,
937 1751 1037 1807 hoc
1069 1752 1299 1820 pertinet
1351 1752 1417 1806 ad
1458 1768 1670 1807 nomen.
1726 1752 1969 1808 Nominis
2013 1757 2154 1812 enim

572 1860 702 1916 pars
736 1845 865 1901 nihil
917 1852 1069 1899 extra
1109 1844 1372 1915 designat.
1431 1845 1512 1899 Fit
1561 1862 1689 1916 ergo
1739 1846 1988 1903 diﬁinitio
2038 1851 2190 1906 sic:\

2264 647 2549 705 virtutibus
2571 663 2803 721 constat,
2831 667 2889 710 ut
2917 656 3110 712 animae
3135 657 3236 713 alia
3259 669 3341 714 est
3367 662 3607 729 potentia
3630 665 3843 734 sapien-

2262 740 2338 804 di,
2368 742 2469 795 alia
2494 745 2779 811 sentiendi,
2810 748 2915 802 alia
2929 751 3240 817 vegetandi:
3263 762 3443 821 partes
3462 763 3606 821 sunt,
3620 756 3713 812 sed
3735 772 3841 815 non

2261 833 2492 900 species.
2528 834 2632 889 Tot
2661 837 2818 907 igitur
2844 839 3017 895 modis
3036 857 3155 896 cum
3188 851 3354 897 totum
3386 843 3615 913 dicatur,
3646 848 3843 906 facien-

2263 924 2328 980 da
2360 935 2443 982 est
2469 929 2628 983 totius
2677 932 2898 1001 divisio,
2956 935 3130 1006 primo
3175 936 3389 1006 quidem
3431 939 3477 994 si
3529 943 3839 1002 continuum

2264 1017 2424 1073 fuerit
2452 1020 2503 1074 in
2535 1036 2626 1075 eas
2669 1034 2846 1092 partes
2874 1040 2937 1080 ex
2966 1026 3158 1096 quibus
3188 1030 3361 1099 ipsum
3390 1010 3559 1087 totum
3590 1044 3842 1092 constare

2265 1110 2611 1180 perspicitur.
2675 1113 2843 1169 Aliter
2895 1117 3033 1172 enim
3078 1119 3270 1174 divisio
3315 1135 3420 1176 non
3462 1122 3536 1177 ﬁt.
3594 1124 3840 1182 Hominis

2264 1201 2406 1255 enim
2438 1217 2636 1272 corpus
2658 1204 2733 1258 ita
2754 1204 2808 1260 in
2835 1217 3007 1272 partes
3031 1223 3155 1263 suas
3184 1209 3405 1276 divides,
3423 1211 3477 1266 in
3505 1223 3683 1283 caput,
3716 1230 3835 1269 ma-

2265 1306 2385 1357 nus,
2418 1291 2695 1349 thoracem
2720 1305 2774 1350 et
2801 1296 2962 1365 pedes
2981 1339 2996 1363 ,
3039 1311 3088 1353 et
3120 1300 3164 1353 si
3202 1315 3306 1370 quo
3333 1301 3438 1355 alio
3464 1303 3622 1359 modo
3648 1318 3836 1359 serun-

2262 1384 2388 1439 dum
2414 1388 2659 1455 proprias
2688 1398 2865 1457 partes
2889 1389 2948 1445 ﬁt
2973 1401 3116 1447 recta
3157 1392 3368 1447 divisio.
3397 1394 3632 1461 Quorum
3660 1405 3837 1452 autem

2264 1479 2540 1548 multiplex
2571 1490 2653 1534 εει
2674 1482 3013 1551 compositio,
3038 1483 3313 1554 multiplex
3340 1485 3501 1540 etiam
3528 1494 3611 1541 est
3626 1486 3839 1553 divisio,

2262 1560 2321 1620 ut
2348 1569 2547 1622 animal
2579 1580 2861 1639 separatur
2891 1571 3104 1642 quidem
3153 1573 3204 1627 in
3253 1581 3433 1643 partes
3476 1587 3568 1629 eas
3594 1588 3713 1645 qua:
3741 1574 3838 1633 sibi

2262 1659 2466 1714 similes
2496 1661 2692 1716 habent
2720 1674 2927 1731 partes,
2957 1664 3007 1718 in
3034 1678 3226 1718 carnes
3247 1705 3261 1730 ,
3301 1675 3355 1720 et
3373 1680 3517 1732 ossa,
3564 1681 3749 1722 rursus
3785 1668 3837 1724 in

2260 1765 2351 1805 eas
2380 1768 2498 1820 qum
2527 1753 2733 1807 similes
2758 1753 2857 1809 sibi
2878 1769 2983 1810 non
3016 1754 3215 1811 habent
3243 1767 3451 1825 partes,
3482 1757 3535 1812 in
3569 1772 3758 1813 manus
3784 1767 3837 1816 et

2264 1842 2449 1911 pedes.
2503 1843 2702 1898 Eodem
2727 1860 2939 1914 quoque
2969 1845 3128 1900 modo
3157 1855 3213 1901 et
3241 1845 3397 1900 navis
3416 1854 3469 1900 et
3494 1846 3705 1904 domus.
3752 1846 3837 1903 Li-

576 1936 781 1998 Nomeu
808 1947 891 1992 est
921 1951 1018 1991 vox
1056 1935 1401 2007 signiﬁcativa
1434 1938 1726 1991 secundum
1754 1940 2004 2007 placitum
2036 1944 2153 1999 sine
2183 1937 2231 1999 B
2261 1934 2412 1989 bium
2444 1951 2655 2005 quoque
2685 1938 2737 1990 in
2760 1951 2969 2001 versus,
3008 1946 3169 2006 atque
3196 1936 3295 1992 ltos
3326 1938 3378 1991 in
3399 1951 3673 1991 sermone!
3692 1976 3708 2004 ο
3736 1934 3836 1995 ho.

577 2041 821 2102 tempore
843 2070 858 2096 ,
890 2029 1043 2100 cujus
1082 2028 1224 2085 nulla
1256 2044 1378 2101 pars
1416 2040 1566 2084 extra
1596 2030 1860 2101 signiﬁcat
1887 2045 2150 2104 separata.

577 2120 814 2181 Videsne
863 2122 1019 2192 igitur
1047 2136 1203 2192 quam
1252 2132 1392 2177 recta
1442 2122 1692 2177 difﬁnitio
1732 2125 2018 2180 constituta
2050 2128 2155 2184 sit?

574 2215 710 2277 Nam
734 2215 874 2288 quod
896 2215 1002 2271 dixi
1035 2230 1246 2281 vocem,
1273 2232 1301 2270 a
1329 2216 1537 2271 caeteris
1561 2219 1705 2274 sonis
1728 2234 1919 2275 nomen
1947 2221 2154 2291 disjun-

571 2312 630 2367 xi
655 2326 669 2376 ;
703 2309 841 2382 quod
864 2308 1267 2380 signiﬁcativam
1286 2309 1527 2379 apposui,
1556 2326 1748 2364 nomen
1768 2312 1834 2365 ab
1861 2327 1965 2366 non
1991 2315 2156 2381 signi-

577 2402 802 2461 ﬁcativis
834 2403 1053 2459 vocibus
1083 2404 1324 2473 separavi
1350 2419 1364 2467 ;
1405 2402 1545 2469 quod
1577 2404 1868 2457 secundum
1898 2404 2154 2472 placitum

574 2502 632 2550 et
659 2494 775 2549 sine
830 2504 1089 2563 tempore,
1119 2494 1186 2549 ab
1211 2493 1518 2549 naturaliter
1548 2494 1911 2563 signiticativis
1940 2494 2156 2550 vocibus

583 2596 640 2644 et
692 2603 721 2641 a
762 2586 942 2643 verbs
968 2588 1264 2657 proprietas
1292 2589 1521 2642 nominis
1551 2588 1814 2657 disjuncta
1843 2599 1960 2655 est;
2012 2590 2153 2659 quod

582 2679 703 2748 ejus
734 2688 909 2746 partes
940 2686 1091 2732 extra
1123 2678 1252 2733 nihil
1280 2678 1582 2747 signiﬁcare
1612 2680 1890 2749 proposui.
1944 2680 2010 2735 ab
2030 2696 2155 2736 ora-

578 2768 729 2824 tione
757 2765 1020 2837 disjunxi,
1074 2767 1226 2834 cujus
1273 2777 1449 2836 partes
1487 2768 1686 2835 aliquid
1717 2780 1976 2838 separata:
2006 2784 2155 2827 ειη-ε

572 2856 1074 2927 Signiﬁcantmnde
1098 2858 1153 2911 ﬁt
1183 2866 1237 2911 ut
1264 2857 1617 2927 quodcunque
1640 2873 1833 2913 nomen
1862 2858 2037 2927 fuerit,
2066 2861 2154 2916 illa

575 2950 899 3008 difﬁnitione
924 2950 1203 3006 claudatur
1226 2993 1241 3018 ,
1270 2962 1322 3006 et
1350 2952 1649 3022 ubicunque
1679 2951 1793 3008 hasc
1814 2956 1985 3008 oratio
2014 2955 2155 3009 ditﬁ-

570 3044 796 3101 nitionis
818 3046 1109 3116 aptabitur,
1142 3045 1267 3101 illud
1292 3059 1414 3101 esse
1443 3061 1635 3100 nomen
1669 3062 1770 3101 non
1798 3046 2029 3102 dubites.
2081 3048 2153 3103 ll-

570 3138 664 3195 lud
695 3153 905 3211 quoque
935 3138 1221 3194 dicendum
1254 3147 1358 3204 est,
1412 3139 1553 3208 quod
1582 3153 1752 3209 genus
1800 3141 1850 3194 in
1893 3141 2155 3197 divisione

572 3234 845 3284 totum-es:
872 3230 921 3283 in
950 3228 1270 3284 diltinitione
1301 3242 1441 3298 pars,
1475 3237 1529 3283 et
1549 3230 1625 3283 sic
1645 3240 1728 3284 est
1757 3230 2003 3284 diiliuitio
2025 3246 2150 3300 qua-

572 3322 619 3377 si
652 3332 830 3392 partes
860 3330 1029 3377 totum
1053 3322 1319 3390 quoddam
1342 3321 1691 3390 conjungant,
1726 3322 1777 3376 et
1804 3324 1880 3377 sic
1903 3332 1985 3379 est
2016 3324 2148 3379 (Ιίιὶ-
2175 3309 2223 3372 C

572 3414 655 3467 sio
682 3415 831 3483 quasi
868 3420 1034 3469 totum
1076 3415 1318 3469 solvatur
1365 3418 1415 3468 in
1446 3423 1646 3485 partes,
1672 3425 1724 3469 et
1752 3426 1833 3470 est
1858 3418 2046 3471 similis
2074 3418 2155 3472 di-

572 3506 707 3559 visio
738 3508 953 3574 generis
985 3505 1146 3560 totius
1176 3506 1458 3572 divisioni,
1503 3506 1751 3559 difﬁnitio
1799 3510 1960 3562 totius
2008 3523 2155 3563 com-

569 3597 847 3670 positioni.
891 3597 1129 3666 Namque
1160 3598 1214 3652 in
1237 3597 1502 3652 divisione
1524 3599 1732 3665 generis
1758 3600 1955 3652 animal
1986 3609 2153 3655 totum

571 3703 654 3749 est
682 3691 931 3746 hominis.
983 3691 1125 3745 lntra
1156 3704 1214 3745 se
1243 3689 1384 3745 enim
1431 3689 1810 3757 complectitur
1851 3690 2149 3747 hominem.

573 3787 630 3842 lu
663 3784 986 3840 difﬁnitione
1037 3797 1163 3838 vero
1194 3797 1317 3853 pars
1347 3790 1450 3846 est,
1507 3783 1685 3850 specie
1730 3798 1959 3852 namque
1986 3798 2154 3853 genus

575 3894 698 3937 cum
721 3877 841 3933 aliis
861 3876 1175 3933 diﬁ‘erentiis
1201 3875 1442 3947 junctum
1470 3875 1773 3944 componit,
1803 3887 1860 3929 ut
1885 3890 2003 3930 cum
2034 3878 2153 3932 dico

575 3969 883 4026 animalium
926 3970 1029 4024 alia
1054 3976 1177 4023 sunt
1213 3966 1527 4031 rationalia,
1561 3966 1665 4019 alia
1697 3965 2045 4031 irrationa‘ia,
2100 3980 2154 4022 et

574 4077 762 4120 rursus
790 4060 1127 4117 rationalium
1159 4060 1263 4114 alia
1291 4070 1415 4114 sunt
1467 4058 1743 4125 mortalia,
1800 4058 1907 4113 alia
1934 4061 2153 4115 immor-

574 4158 720 4222 talia,
753 4157 949 4212 animal
980 4154 1252 4211 rationalis
1270 4161 1438 4207 totum
1471 4161 1646 4218 εει,ει
1677 4166 1863 4206 rursus
1892 4153 2151 4208 rationale

574 4249 820 4313 mortale,
845 4258 900 4303 et
929 4246 1045 4302 iure
1068 4246 1165 4300 tria
1188 4252 1312 4300 sunt
1339 4243 1589 4298 hominis.
1633 4243 1686 4297 Si
1726 4258 1853 4298 vero
1876 4244 1926 4297 in
1954 4244 2151 4298 difﬁni-

572 4345 718 4397 tione
747 4341 954 4404 dicam,
1000 4338 1159 4392 homo
1200 4345 1283 4391 est
1332 4335 1528 4390 animal
1579 4336 1837 4389 rationale
1905 4336 2149 4401 mortale,

575 4441 675 4497 tria
704 4440 819 4495 haec
843 4452 1004 4493 unum
1047 4434 1317 4489 hominem
1344 4432 1690 4501 conjungunt.
1739 4430 1999 4496 Quocirca
2027 4443 2150 4497 pars

488 4524 493 4527 ’
575 4533 740 4603 ipsius
767 4528 1021 4595 hominis,
1047 4536 1095 4582 et
1125 4540 1316 4595 genus,
1343 4532 1397 4578 et
1422 4522 1717 4578 diﬁerentia
1748 4520 2031 4589 reperitur.
2064 4520 2152 4576 Sic

506 4659 510 4663 ‹
578 4623 775 4693 ergoin
787 4621 1047 4676 divisione
1060 4632 1227 4688 genus
1242 4625 1326 4671 est
1344 4624 1533 4678 totum,
1550 4613 1759 4682 species
1783 4628 1921 4681 pars.
1947 4611 2147 4667 Eodem

2261 2035 2440 2080 autem
2467 2026 2517 2080 in
2550 2026 2810 2096 syllibas,
2864 2025 3095 2097 syllabas
3120 2027 3170 2080 iu
3205 2027 3411 2082 litteras
3438 2027 3713 2082 solvimus.
3760 2025 3835 2087 Ita

2258 2114 2317 2173 tit
2344 2129 2400 2174 ut
2422 2118 2644 2190 syllaba:
2675 2128 2725 2173 et
2750 2119 2960 2186 litterze,
3000 2128 3054 2174 et
3075 2120 3311 2186 nomina,
3354 2130 3408 2176 et
3426 2136 3632 2189 verus,
3664 2132 3835 2192 partes

2258 2215 2502 2284 quaedam
2528 2214 2692 2268 totius
2715 2214 2834 2268 libri
2857 2229 2979 2269 esse
3007 2214 3308 2284 videantur,
3341 2216 3445 2272 alio
3477 2227 3652 2273 tamen
3677 2217 3835 2275 modo

2258 2315 2492 2376 acceptae
2531 2322 2636 2361 non
2670 2315 2847 2377 partes
2878 2307 3066 2371 totius,
3108 2308 3203 2362 sed
3234 2319 3411 2374 partes
3438 2312 3664 2378 partium
3688 2320 3829 2371 sunt.

2260 2402 2485 2469 Oportet
2511 2410 2688 2455 autem
2722 2415 2826 2455 non
2858 2400 3035 2455 omnia
3067 2402 3334 2471 speculari
3362 2404 3507 2471 quasi
3544 2413 3664 2458 actu
3695 2405 3825 2460 divi-

2260 2495 2406 2559 dant,
2439 2495 2531 2549 sed
2564 2494 2715 2566 quasi
2736 2496 2915 2549 animo
2935 2504 2989 2550 et
3016 2495 3224 2550 ratione
3242 2539 3255 2560 ,
3282 2504 3341 2550 ut
3366 2498 3541 2551 vinum
3566 2512 3700 2568 aqua
3725 2498 3825 2553 mi.

2259 2597 2401 2643 stum
2433 2588 2722 2643 dividimus
2752 2588 2803 2642 in
2826 2588 2944 2641 vina
2969 2603 3121 2659 aquae
3161 2590 3315 2644 mista
3335 2632 3347 2651 ,
3372 2589 3487 2645 haec
3511 2602 3660 2656 actu;
3689 2591 3829 2647 divia

2261 2680 2435 2734 dimus
2464 2680 2626 2734 etiam
2656 2680 2708 2733 in
2760 2679 2939 2733 vinum
2965 2690 3020 2733 et
3047 2694 3235 2749 aquam
3264 2722 3279 2746 ,
3307 2696 3373 2735 ex
3404 2681 3591 2750 quibus
3614 2683 3825 2739 mistom

2260 2781 2360 2837 est,
2395 2770 2506 2826 haec
2533 2771 2771 2835 ratione,
2820 2770 2934 2825 haec
2961 2770 3099 2826 enim
3129 2771 3238 2840 jam
3262 2772 3418 2827 mista
3445 2782 3564 2827 actu
3598 2775 3827 2845 separari

2260 2878 2367 2917 non
2398 2873 2640 2932 possunt.
2704 2861 2787 2916 Fit
2827 2872 3004 2916 autem
3036 2863 3199 2916 tutius
3228 2862 3424 2916 ditisio
3472 2864 3523 2919 in
3555 2864 3829 2923 materiam

2258 2964 2419 3024 atque
2448 2953 2693 3007 formam.
2728 2952 2894 3007 Aliter
2918 2952 3059 3008 enim
3086 2962 3293 3008 constat
3313 2963 3486 3008 statua
3507 2970 3571 3009 ex
3598 2956 3826 3025 partibus

2260 3051 2394 3113 suis,
2415 3048 2573 3101 aliter
2602 3062 2669 3102 ex
2690 3046 2910 3101 materia
2943 3058 2994 3100 et
3020 3046 3207 3114 forma,
3227 3046 3278 3100 id
3308 3057 3391 3103 e~t
3408 3062 3473 3102 ex
3502 3062 3608 3103 tere
3637 3059 3692 3103 et
3711 3064 3825 3119 spe-

2261 3142 2365 3198 cie.
2401 3140 2660 3196 Similitcr
2687 3149 2863 3194 autent
2904 3139 3063 3193 etiam
3096 3139 3181 3193 illa
3217 3148 3325 3193 tota
3357 3139 3644 3196 dividenda
3687 3150 3826 3211 sunt,

2263 3248 2382 3302 qua:
2406 3234 2658 3287 continua
2694 3245 2798 3284 non
2840 3240 2997 3299 sunt,
3046 3230 3233 3285 eodem
3264 3246 3478 3300 quoque
3506 3231 3665 3286 modo
3691 3232 3743 3286 et
3771 3246 3829 3288 ea

2262 3343 2385 3400 qua:
2415 3336 2540 3382 sunt
2572 3325 2925 3391 universalia,
2971 3332 3028 3378 ut
3056 3323 3330 3378 hominum
3369 3325 3457 3379 alii
3496 3332 3619 3379 sunt
3646 3325 3699 3379 in
3730 3324 3824 3379 Eu-

2264 3434 2413 3488 ropa,
2442 3417 2533 3471 alii
2559 3417 2611 3471 in
2638 3416 2836 3483 Africa,
2860 3415 2946 3468 alii
2974 3415 3026 3468 in
3059 3415 3202 3470 Asia.
3260 3414 3389 3483 Ejus
3420 3429 3628 3481 quoque
3673 3416 3823 3468 tutior

2262 3508 2406 3579 quod
2438 3523 2501 3562 ex
2534 3507 2819 3560 virtutibus
2868 3515 3114 3572 constat,
3162 3505 3262 3560 hoc
3296 3505 3452 3560 modo
3479 3504 3718 3561 facienda
3749 3515 3827 3560 est

2262 3599 2476 3655 divisio.
2521 3600 2727 3653 Anima:
2756 3598 2859 3651 alia
2886 3612 3007 3665 pars
3035 3608 3117 3652 est
3153 3597 3202 3651 in
3229 3596 3487 3666 virgultis,
3511 3595 3613 3650 alia
3643 3599 3698 3649 in
3720 3596 3834 3651 ani-

2264 3691 2492 3746 malibus
2511 3730 2526 3754 ,
2553 3697 2607 3743 et
2639 3701 2822 3741 ruisus
2846 3687 2962 3756 ejus
2994 3703 3113 3755 quae
3146 3697 3227 3741 est
3276 3686 3329 3739 in
3353 3686 3693 3749 animalibus,
3720 3684 3829 3741 alta

2262 3792 2347 3838 est
2370 3781 2647 3836 rationalis
2667 3820 2681 3845 ,
2705 3780 2805 3834 alia
2837 3780 3107 3834 sensibilis
3130 3788 3235 3834 εει.
3274 3777 3341 3831 Ει
3361 3793 3540 3833 rursus
3567 3778 3681 3833 haec
3712 3781 3832 3835 aliis

2262 3875 2363 3929 sub
2385 3873 2734 3928 divisionibus
2762 3871 3107 3941 dissipantur.
3151 3871 3257 3926 Sed
3286 3886 3391 3925 non
3422 3881 3500 3925 est
3524 3872 3697 3924 anima
3731 3869 3825 3923 ho-

2263 3981 2381 4019 rum
2413 3980 2600 4034 genus,
2639 3963 2731 4018 sed
2764 3974 2955 4028 totum,
2985 3972 3163 4032 partes
3183 3964 3325 4018 enim
3360 3965 3441 4016 liae
3469 3963 3665 4017 anima:
3686 3970 3828 4029 sunt,

2265 4057 2357 4111 sed
2392 4072 2497 4111 non
2538 4063 2597 4111 ut
2619 4056 2670 4109 in
2698 4055 3017 4125 quantitate,
3050 4053 3142 4108 sed
3189 4062 3247 4107 ut
3276 4053 3328 4107 iit
3359 4053 3536 4122 aliqua
3580 4060 3833 4122 potestate

2263 4160 2316 4204 et
2353 4149 2565 4203 virtute.
2614 4148 2693 4202 Ex
2740 4147 2828 4202 his
2871 4147 3011 4202 enim
3052 4146 3302 4215 potentiis
3331 4145 3623 4199 Substantia
3646 4147 3833 4197 anima:

2258 4239 2537 4308 jungitur;
2572 4237 2713 4292 unde
2742 4236 2819 4302 ﬁt,
2856 4245 2912 4290 ut
2937 4235 3189 4306 quiddam
3220 4234 3392 4289 simile
3423 4235 3617 4287 habeat
3651 4231 3829 4303 hujus-

2260 4331 2405 4385 modi
2437 4329 2657 4395 divisio,
2688 4338 2744 4384 et
2794 4328 3039 4399 generis,
3088 4338 3139 4383 et
3162 4330 3323 4383 totius
3350 4326 3649 4381 divisionis.
3697 4324 3829 4379 Nam

2260 4421 2400 4490 quod
2428 4421 2681 4490 quaslibet
2712 4434 2834 4490 pars
2865 4420 3015 4490 cujus
3068 4419 3225 4475 fuerit
3276 4418 3391 4488 ejus
3420 4418 3612 4473 animze
3637 4416 3829 4486 praedi-

2259 4514 2399 4569 catio
2425 4527 2542 4569 eant
2570 4513 2810 4583 sequitur
2832 4554 2845 4577 ,
2885 4512 2950 4566 ad
2991 4515 3203 4582 generis
3239 4511 3554 4566 divisionem
3582 4510 3829 4576 refertur,

2259 4607 2414 4675 cujus
2445 4606 2744 4674 ubicunque
2797 4606 3003 4673 species
3046 4606 3229 4669 fuerit,
3290 4605 3462 4672 ipsum
3496 4617 3618 4656 mox
3647 4616 3829 4656 conse-

575 4690 790 4786 qu'oque
821 4712 979 4767 modo
1004 4710 1317 4766 diﬁ'erentize
1335 4717 1500 4762 totum
1534 4716 1676 4770 sunt,
1703 4705 1910 4773 species
1933 4704 1985 4759 in
2016 4718 2148 4772 quas
2174 4690 2231 4752 D
2259 4700 2439 4769 quitur
2455 4713 2654 4769 genus;
2681 4698 2821 4767 quod
2844 4707 3021 4751 autem
3053 4713 3155 4752 non
3185 4697 3360 4751 omnis
3387 4697 3562 4751 anima
3589 4694 3829 4751 omnibus

578 4809 684 4863 illa:
714 4806 1021 4862 dividuntur
1048 4814 1228 4873 partes
1272 4810 1416 4856 sunt.
1476 4801 1531 4855 ln
1578 4797 1897 4854 difﬁnitione
1937 4812 2070 4853 vero
2094 4804 2149 4852 et

570 4914 739 4969 genus
793 4908 845 4954 et
874 4896 1189 4952 diﬁ‘erentize
1218 4902 1392 4964 partes
1418 4900 1555 4946 sunt.
1612 4889 1843 4945 Difﬁnita
1876 4904 2001 4942 vero
2029 4903 2149 4957 spe-

572 4992 683 5048 cies
717 5000 916 5055 totum;
949 4989 1041 5044 sed
1074 4987 1188 5042 haec
1220 4986 1494 5041 hactenus.
1526 4980 1680 5037 Nunc
1703 4979 1771 5034 de
1793 4994 1854 5033 ea
1881 4978 2147 5032 divisione

570 5081 832 5145 dicamus,
864 5094 983 5148 quae
1014 5085 1098 5133 est
1120 5076 1284 5131 tutius
1338 5075 1388 5127 in
1432 5082 1629 5142 partes.
1688 5070 1811 5122 Have
1840 5068 1981 5122 enim
2032 5077 2148 5122 erat

576 5174 810 5230 secunda
839 5171 1032 5227 divisio
1067 5177 1185 5240 post
1212 5166 1420 5237 generis
1450 5163 1785 5217 divisionem.
1833 5158 1981 5225 Quod
2004 5160 2147 5213 enim

573 5267 799 5323 dicimus
851 5275 1060 5329 totum,
1111 5259 1478 5329 multipliciter
1516 5254 1895 5325 signiﬁcamus.
1954 5249 2148 5306 Totum

480 5370 525 5413 -.ε
577 5373 807 5427 namque
829 5366 911 5412 est
931 5353 1070 5425 quod
1101 5351 1413 5407 contimmm
1444 5355 1545 5411 est,
1576 5355 1633 5400 ut
1654 5357 1850 5413 corpus
1878 5343 1963 5398 vel
1987 5343 2144 5411 linea,

477 5486 493 5494 -
576 5453 657 5507 vel
685 5448 883 5520 aliquid
932 5443 1253 5518 lmjusmodi.
1316 5442 1549 5497 Dicimus
1580 5453 1789 5510 quoque
1815 5444 1980 5491 totum
2007 5436 2148 5508 quod

483 5591 493 5604 .
568 5546 886 5600 continuum
918 5555 1023 5595 non
1052 5547 1156 5615 est,
1190 5546 1246 5591 ut
1285 5543 1456 5591 totum
1481 5546 1715 5603 gregem,
1752 5529 1832 5585 vel
1857 5536 2023 5584 totum
2057 5543 2148 5595 po-

573 5636 777 5704 pulum,
808 5633 893 5687 vel
927 5642 1092 5689 totum
1119 5629 1433 5686 exercitum.
1490 5623 1724 5679 Dicimus
1749 5635 1960 5691 quoque
1978 5628 2147 5673 totum

572 5728 712 5782 ouod
736 5726 1037 5782 universale
1059 5731 1162 5785 est,
1189 5730 1245 5775 ut
1269 5721 1535 5775 hominem
1566 5717 1646 5771 vel
1670 5729 1885 5785 equum.
1913 5712 1973 5767 Hi
2004 5711 2145 5765 enim

571 5827 687 5870 sunt
725 5817 818 5868 toti
845 5831 1057 5867 suarum
1088 5813 1339 5882 partium,
1368 5812 1420 5866 id
1450 5820 1532 5867 est
1568 5808 1839 5863 hominum
1864 5805 1949 5859 vel
1976 5816 2147 5875 equo-

584 5919 713 5966 uutz.
745 5900 885 5965 unde
910 5911 964 5961 et
1001 5900 1373 5961 particularem
1416 5911 1844 5963 unumquemque
1876 5896 2142 5957 hominem

2259 4792 2500 4863 partibus
2522 4791 2785 4861 jungitur,
2819 4791 2911 4844 sed
2942 4790 3060 4844 aliis
3088 4789 3191 4843 alia
3218 4829 3230 4854 ,
3270 4789 3370 4843 hoc
3394 4788 3460 4841 ad
3490 4791 3652 4843 totius
3679 4798 3832 4842 natu‘

2260 4902 2376 4943 rant
2403 4884 2587 4940 referri
2620 4897 2838 4939 necesse
2859 4892 2959 4937 est.
2990 4881 3178 4936 Restat
3222 4879 3385 4950 igitur
3411 4888 3468 4934 ut
3496 4879 3565 4934 de
3592 4879 3736 4933 vocis
3780 4879 3829 4935 in

2258 4979 2673 5048 signiﬁcationes
2699 4976 2963 5029 divisione
2993 4983 3299 5027 tractemus.
3349 4970 3428 5025 Fit
3476 4981 3653 5025 autem
3684 4970 3829 5023 vocis

2257 5070 2447 5123 divisio
2486 5068 2655 5122 tribus
2688 5066 2876 5120 modis.
2902 5064 3321 5119 Dividiturenim
3352 5064 3403 5118 in
3418 5062 3829 5132 signiﬁcationes

2263 5160 2475 5228 plures,
2530 5168 2589 5212 ut
2634 5158 2903 5227 aaquivoca
2936 5156 3017 5209 vel
3046 5154 3315 5224 ambigua.
3366 5152 3552 5209 Plures
3577 5153 3721 5207 enim
3748 5166 3828 5206 res

2260 5266 2425 5306 unum
2459 5265 2651 5303 nomen
2684 5249 2991 5319 signiﬁcat,
3020 5257 3076 5301 ιιι
3097 5248 3261 5300 cauis.
3296 5245 3482 5300 Plures
3520 5259 3708 5300 rursus
3732 5259 3829 5300 una

2256 5343 2431 5399 oratio
2451 5384 2466 5409 ,
2517 5352 2572 5395 ut
2601 5356 2722 5396 cum
2754 5340 2876 5393 dico
2906 5338 3121 5394 Gra'cos
3161 5337 3352 5393 vicisse
3381 5335 3661 5404 Trojanus.
3707 5334 3829 5390 ’Alio

2260 5445 2439 5490 autem
2469 5434 2631 5488 modo
2651 5431 2943 5487 secundum
2976 5429 3217 5495 modum,
3247 5428 3362 5483 haec
3382 5430 3524 5482 enim
3550 5427 3698 5496 plura
3727 5443 3829 5480 non

2266 5529 2595 5599 signiﬁcant,
2629 5525 2719 5580 sed
2744 5524 2927 5579 multis
2948 5524 3143 5588 modis,
3168 5532 3223 5577 ut
3253 5536 3373 5576 cum
3405 5520 3629 5575 dicimus
3659 5518 3806 5573 inﬁni

2252 5631 2389 5689 tum,
2415 5636 2575 5677 unam
2602 5633 2715 5673 rem
2741 5616 2953 5687 quidem
2982 5614 3263 5683 signiﬁcat,
3293 5615 3445 5679 cujus
3467 5612 3727 5667 terminus
3756 5614 3828 5663 ia-

2258 5714 2431 5767 veniri
2478 5718 2587 5765 non
2623 5710 2810 5779 possit.
2844 5705 2949 5759 Sed
2988 5707 3090 5759 boc
3132 5705 3359 5759 dicimus
3395 5712 3485 5759 aut
3539 5703 3827 5757 secundum

2256 5818 2587 5866 mensuram,
2619 5809 2711 5854 aut
2738 5800 3029 5854 secundum
3062 5797 3453 5852 multitudinem
3473 5840 3486 5863 ,
3516 5807 3606 5851 aut
3635 5809 3824 5849 secun-

2256 5896 2377 5959 dum
2404 5893 2662 5971 speciem
2694 5908 2708 5944 :
2740 5888 3033 5946 secundum
3076 5903 3379 5944 mensuram
3399 5928 3416 5952 ,
3446 5898 3498 5945 ιιι
3539 5897 3622 5945 est
3651 5886 3826 5948 inﬁni-
