4290 6272
460 445 562 505 889

1734 433 1936 489 LIBER
1974 431 2061 489 DE
2100 433 2165 489 Di
2181 433 2457 491 VISIONE.

3625 443 3727 513 δὴ)

461 572 571 619 tum
594 571 716 615 esse
740 557 1031 623 mundum,
1082 553 1453 627 magnitudine
1478 552 1624 609 enim
1651 550 1882 605 dicimus
1922 551 2044 603 lnﬁ-
2068 556 2123 613 Α
2150 563 2282 604 vero
2317 551 2625 621 amphibola
2656 554 2829 608 oratio
2850 562 2951 620 est,
2988 555 3039 610 id
3072 564 3151 611 est
3178 555 3423 628 ambigua
3444 559 3642 625 evenit,
3678 573 3728 615 ut

462 656 630 710 nitum
655 667 672 718 ;
697 649 992 706 secundum
1014 647 1427 710 multitudinem,
1457 653 1513 700 ut
1543 653 1625 699 est
1643 642 1904 697 inﬁnitam
1923 655 2043 697 esse

431 758 745 819 ‘corporum
770 741 1125 809 divisionem,
1163 738 1428 794 inﬁnitam
1462 749 1691 805 namque
1718 733 2045 788 divisionum

428 830 859 889 ’tnultitudinem
900 831 1289 901 signiﬁcamus.
1343 828 1548 883 Rursus
1594 825 1887 884 secundum
1923 839 2047 893 spe-

463 928 627 991 ciem,
656 932 713 979 ut
744 922 975 978 inﬁnitas
1016 921 1242 976 dicimus
1265 920 1482 990 ﬁguras,
1509 917 1733 972 inﬁnita:
1758 917 1901 973 enim
1922 924 2048 970 sunt

432 1042 435 1047 ν
465 1018 673 1086 species
705 1015 1013 1085 ﬁgurarum.
1060 1012 1294 1067 Dicimus
1348 1010 1514 1065 etiam
1555 1009 1822 1064 inliuitum
1848 1006 2049 1078 aliquid

467 1107 757 1163 secundum
787 1115 1037 1174 tempus,
1093 1114 1148 1157 ut
1198 1102 1461 1157 inﬁnitum
1494 1100 1720 1155 dicimus
1766 1100 2045 1164 mundum,

466 1198 617 1270 cujus
646 1197 901 1253 terminus
922 1194 1216 1251 secundum
1264 1202 1473 1261 tempus
1504 1190 1732 1247 inveniri
1777 1206 1883 1245 non
1916 1206 2037 1260 pos-

466 1289 556 1343 sit.
590 1288 789 1343 Eodem
831 1302 1047 1357 quoque
1091 1285 1253 1341 modo
1289 1284 1552 1338 inﬁnitum
1587 1283 1815 1337 dicimus
1860 1282 2047 1349 Deum,

467 1381 619 1451 cujus
677 1394 927 1450 supernae
984 1380 1106 1433 vitae
1164 1378 1424 1432 terminus
1480 1375 1707 1431 inveniri
1754 1373 2048 1429 secundum

469 1481 679 1541 tempus
708 1484 815 1524 non
870 1469 1057 1537 possit.
1093 1466 1183 1522 Sic
1222 1466 1382 1536 igitur
1431 1467 1546 1520 haec
1584 1480 1686 1520 vox
1744 1481 1852 1520 non
1900 1464 2050 1534 plura

469 1564 733 1635 signiﬁcat
769 1559 1062 1616 secundum
1102 1574 1186 1627 se,
1219 1558 1315 1615 sed
1357 1558 1669 1612 multimode
1715 1557 1783 1612 de
1832 1555 2052 1626 singulis

471 1649 813 1731 praedii-ator,
847 1670 1009 1709 unum
1033 1664 1209 1709 tamen
1238 1652 1351 1720 ipsa
1378 1651 1715 1721 signiﬁcans,
1746 1648 1880 1703 alius
1926 1662 2055 1703 vero

472 1748 662 1804 tnudus
712 1745 1005 1802 secundum
1054 1743 1579 1801 determinationem.
1631 1741 1853 1807 Qu0ties
1907 1740 2051 1795 enim

472 1842 590 1896 siue
637 1838 1081 1895 determinatione
1110 1835 1306 1891 dicitur
1331 1850 1435 1889 vox
1465 1834 1593 1902 ulla,
1627 1832 1754 1886 facit
1801 1832 1852 1885 iu
1894 1831 2054 1886 intel-

2154 641 2446 718 aliquoties
2481 654 2707 713 utroque
2736 644 2896 699 modo
2942 646 3216 715 possibilia
3265 649 3372 703 sint
3403 663 3521 718 qua
3562 648 3727 718 signi-

2149 734 2401 799 ﬁcantur,
2432 743 2491 789 ut
2519 735 2569 789 id
2598 736 2739 804 quod
2786 737 3031 805 superius
3058 739 3194 805 dixi,
3230 740 3398 806 potuit
3422 740 3563 796 enim
3613 740 3730 798 ﬁeri

2151 836 2212 881 ut
2243 826 2418 882 Graeci
2451 828 2730 882 vincerent
2758 827 3038 898 Trojanos,
3064 840 3119 885 et
3150 830 3363 902 Trojani
3392 832 3609 890 Grtccos
3636 850 3729 892 su-

2150 931 2405 991 perarent
2451 938 2462 972 :
2496 930 2621 974 sunt
2650 935 2777 973 vero
2806 920 2907 974 alia
2932 936 3050 990 qua:
3100 922 3447 992 impossibilia
3501 936 3646 996 sunt,
3675 937 3732 985 ttt

2152 1028 2272 1068 cum
2306 1013 2427 1067 dico
2483 1014 2755 1068 hominem
2787 1014 3071 1073 comedere
3097 1031 3307 1086 panem,
3331 1020 3590 1089 signiﬁcat
3608 1023 3731 1093 qui.

2149 1104 2272 1160 dem
2302 1121 2355 1174 qt
2380 1104 2446 1159 od
2475 1106 2635 1160 homo
2662 1105 2908 1161 comedat
2939 1121 3153 1175 panem,
3201 1124 3385 1165 rursus
3410 1113 3550 1181 quod
3584 1116 3733 1184 panis

2153 1195 2450 1261 hominem,
2490 1196 2582 1249 sed
2618 1196 2717 1251 hoc
2762 1199 3091 1267 impossibile
3117 1209 3227 1265 est;
3260 1215 3389 1269 ergo
3417 1204 3625 1272 quoties
3666 1206 3734 1261 ad

2153 1288 2557 1344 contentionem
2582 1290 2814 1356 venitur,
2834 1291 3117 1347 dividenda
3138 1293 3406 1362 possibilia
3423 1306 3475 1350 et
3493 1295 3734 1366 impossi-

2155 1379 2283 1435 bilia
2315 1390 2461 1436 sunt.
2493 1381 2716 1448 Quoties
2747 1384 2811 1437 ad
2844 1387 3143 1454 veritatem,
3187 1388 3299 1441 sola
3339 1387 3616 1458 possibilia
3649 1388 3733 1444 di-

2154 1470 2344 1535 cenda,
2381 1472 2735 1541 impossibilia
2765 1475 3111 1545 relinquenda
3139 1484 3281 1532 sunt.
3325 1476 3588 1544 Quoniam
3617 1481 3735 1551 plu-

2155 1576 2243 1615 res
2281 1573 2403 1615 sunt
2436 1564 2644 1630 species
2696 1565 2846 1634 plura
2877 1566 3283 1635 signiﬁcantium
3330 1584 3518 1625 vocum
3542 1612 3557 1636 ,
3606 1586 3737 1643 ergo

2155 1655 2440 1709 dicendum
2477 1667 2560 1709 est
2602 1656 2742 1724 quod
2779 1656 2898 1710 alia:
2944 1657 2994 1711 in
3043 1659 3301 1727 particula
3330 1660 3735 1731 multiplicitatis

2157 1740 2607 1815 signiﬁcationem
2652 1747 2870 1811 habent,
2922 1748 3039 1802 aliae
3084 1750 3137 1804 in
3196 1760 3305 1805 tota
3357 1752 3620 1810 oratione.
3668 1753 3737 1810 Et

2158 1852 2339 1893 earum
2363 1853 2482 1907 quas
2511 1838 2564 1891 in
2596 1837 2851 1907 particula
2884 1838 3103 1905 habent,
3148 1855 3273 1911 pars
3321 1841 3436 1909 ipsa
3464 1843 3736 1913 tequivoca

474 1933 613 1986 lectu
663 1927 1049 1983 dubitationem
1074 1967 1090 1994 ,
1135 1933 1195 1979 ut
1251 1932 1336 1979 est
1373 1923 1557 1987 hoino,
1610 1922 1724 1976 htec
1766 1920 1907 1975 enim
1954 1935 2053 1973 νυι
2087 1924 2135 1984 Β
2162 1930 2376 1985 dicitur,
2407 1931 2539 1985 Tota
2572 1947 2703 1986 vero
2740 1932 2853 2001 ipsa
2880 1932 3053 1987 oratio
3096 1933 3390 1989 secundum
3440 1938 3735 2006 mqnivoca.

480 2021 647 2076 multa
670 2019 951 2091 signiﬁcat.
982 2019 1141 2074 Nulla
1167 2018 1311 2074 enim
1340 2018 1657 2074 difﬁnitione
1678 2017 1933 2072 conclusa
1958 2030 2055 2071 au-

474 2114 669 2171 dientis
691 2112 1037 2183 intelligentia
1069 2112 1249 2167 multis
1279 2120 1521 2182 raptatur
1559 2110 1647 2164 ﬁut
1669 2110 1828 2175 tibus,
1859 2108 2059 2162 errori-

473 2206 680 2276 busque
707 2204 1020 2259 traducitur.
1044 2202 1197 2270 Quod
1225 2201 1367 2257 enim
1404 2203 1629 2271 quisque
1658 2200 1869 2254 auditor
1897 2199 2058 2253 intel-

473 2298 622 2371 ligat,
674 2297 760 2352 ubi
784 2297 834 2351 id
865 2296 1006 2368 quod
1036 2296 1223 2351 dicens
1263 2294 1499 2365 loquitur
1554 2294 1697 2348 nulla
1728 2293 2055 2348 determina-

472 2390 616 2446 tione
634 2389 942 2445 concludit?
970 2386 1082 2443 Nisi
1110 2388 1251 2443 enim
1279 2388 1398 2457 quis
1441 2387 1513 2441 ita
1562 2384 1793 2441 diﬁiniat
1833 2386 2055 2441 dicens:

472 2485 660 2540 Omnis
688 2484 851 2537 homo
895 2482 1160 2551 ambulat,
1192 2490 1283 2535 aut
1308 2492 1456 2536 certe
1484 2480 1698 2550 quidam
1734 2481 1893 2535 homo
1944 2495 2060 2534 am-

474 2578 643 2643 bulat,
677 2587 732 2633 et
758 2578 860 2632 hoc
888 2576 1105 2631 nomine
1134 2577 1178 2629 si
1208 2576 1279 2629 ita
1305 2574 1567 2643 contingit
1594 2573 1862 2645 designet,
1905 2571 2060 2626 intel-

476 2672 646 2727 lectus
687 2668 954 2724 audientis
1008 2664 1152 2737 quod
1211 2665 1599 2720 rationabiliter
1641 2664 1901 2733 intelligat
1952 2678 2057 2717 non

475 2761 657 2818 habet.
703 2761 838 2816 Sunt
880 2760 1040 2815 etiam
1074 2759 1195 2813 alia:
1224 2757 1734 2822 determinationes,
1785 2766 1843 2809 ut
1871 2756 1914 2809 si
1944 2756 2060 2824 quis

480 2856 642 2921 dicat,
666 2854 755 2909 det
783 2852 939 2919 mihi,
972 2854 1112 2922 quod
1144 2851 1274 2906 dare
1293 2850 1453 2906 debet
1480 2850 1655 2904 nullus
1681 2850 1927 2920 intelligit
1959 2849 2059 2904 nisi

479 2947 782 3004 intellectus
827 2956 882 3002 et
928 2955 1077 3000 certa
1122 2944 1260 2999 ratio
1310 2941 1772 2998 determinationis
1813 2943 2054 3011 addatur,

480 3041 563 3097 vel
594 3040 639 3095 si
670 3041 787 3109 quis
816 3038 979 3104 dicat,
1007 3037 1071 3091 ad
1099 3051 1186 3091 mc
1209 3034 1360 3102 veni,
1388 3049 1495 3105 quo
1516 3034 1693 3089 veniat
1719 3035 1800 3089 vel
1850 3035 2061 3102 quando

479 3135 660 3191 Veniat
690 3133 791 3188 nisi
812 3130 1263 3188 determinatione
1292 3144 1399 3183 non
1447 3129 1808 3199 cognoscitur.
1842 3129 1937 3183 Est
1967 3134 2081 3183 au-'

481 3238 588 3284 tem
618 3242 777 3283 omne
804 3224 1016 3296 quidem
1048 3223 1354 3292 ambiguum
1399 3221 1696 3276 dubitabile
1716 3265 1731 3289 ,
1764 3235 1871 3275 non
1903 3235 2060 3275 onme

2139 2024 2360 2079 .tionrm
2388 2024 2672 2093 multiplex
2700 2034 2803 2079 est.
2837 2025 2927 2080 llla
2951 2042 3080 2081 vero
3116 2042 3233 2097 quae
3263 2027 3313 2082 in
3359 2028 3600 2084 oratione
3626 2038 3736 2089 tota

2158 2114 2564 2185 signiﬁcationis
2595 2118 3042 2187 multiplicitatem
3075 2119 3270 2174 retinet
3301 2118 3385 2189 (ut
3426 2133 3588 2189 supra
3623 2120 3736 2176 dic-

2160 2216 2271 2261 tum
2304 2208 2409 2277 est)
2438 2208 2685 2280 ambigua
2718 2218 3075 2280 nuncupatur.
3102 2209 3417 2265 Dividuutur
3444 2221 3620 2266 autem
3638 2212 3734 2284 sig.

2161 2299 2499 2354 nilicationes
2526 2299 2928 2370 mquivocorutit
2985 2303 3068 2357 vel
3099 2302 3393 2358 secundum
3437 2304 3734 2375 atqnivoca~

2160 2392 2358 2446 tionem
2390 2393 2689 2447 orationum
2718 2403 2808 2447 aut
2830 2393 3163 2462 difﬁnitione,
3192 2405 3246 2449 ut
3266 2410 3388 2451 cum
3414 2396 3558 2461 dico,
3577 2395 3738 2454 homo

2160 2486 2310 2551 vivit,
2344 2486 2658 2556 intelligitur
2678 2498 2730 2541 et
2758 2502 2913 2542 verus
2936 2498 2987 2543 et
3030 2490 3221 2559 pictus.
3257 2489 3523 2545 DLViditur
3554 2500 3735 2546 autem

2163 2580 2266 2633 hoc
2296 2579 2474 2646 modo,
2501 2582 2696 2634 animal
2728 2582 2985 2636 rationale
3016 2585 3242 2639 mortale
3297 2584 3448 2650 vivit,
3478 2585 3618 2655 quod
3648 2600 3737 2641 ve-

2161 2687 2276 2725 rum
2290 2682 2369 2725 est
2386 2688 2399 2734 ;
2416 2672 2685 2738 animalis,
2700 2674 2999 2741 rationalis,
3023 2675 3286 2739 mortalis,
3304 2675 3571 2731 simulatio
3588 2676 3736 2747 vivit,

2161 2765 2302 2835 quod
2326 2766 2514 2820 falsum
2548 2776 2647 2820 est.
2687 2766 2948 2821 Dividitur
2974 2768 3134 2822 etiam
3177 2767 3416 2837 qualibet
3440 2769 3738 2839 adjectiOne

2162 2874 2279 2928 quae
2312 2860 2657 2945 determinet,
2691 2861 2773 2916 vel
2798 2862 3032 2931 generis,
3063 2861 3146 2916 vel
3168 2876 3343 2929 casus,
3399 2863 3486 2918 vel
3514 2862 3737 2934 alicujus

2162 2949 2394 3014 articuli,
2426 2960 2483 3003 ut
2523 2965 2642 3005 cum
2674 2950 2796 3005 dico
2834 2968 2847 3003 τ
2881 2950 3059 3006 Canna
3092 2951 3451 3007 Romanorum
3482 2948 3738 3027 sanguinc

2161 3042 2390 3105 sorduit,
2425 3053 2475 3097 et
2506 3044 2769 3097 calamum
2800 3044 3130 3098 demonstrat
3163 3052 3218 3100 et
3250 3044 3499 3113 ﬁuvium;
3544 3047 3639 3102 sed
3660 3044 3737 3102 di-

2163 3134 2396 3187 vidimus
2424 3134 2518 3199 sic,
2550 3136 2776 3189 articulo
2809 3136 3043 3206 quidem,
3071 3146 3128 3191 tit
3153 3138 3417 3205 dicamus,
3453 3140 3540 3194 hic
3560 3126 3737 3198 Canna

2162 3227 2525 3280 Romanorum
2559 3228 2817 3298 sanguine
2839 3228 3077 3294 sordttit;
3102 3229 3185 3284 vel
3208 3245 3425 3298 genere,
3470 3241 3529 3287 ut
3553 3232 3737 3294 Canna

481 3331 657 3378 tamen
683 3318 975 3373 dubitabile
1000 3328 1077 3373 εει
1103 3315 1431 3385 ambiguum.
1459 3315 1583 3369 llaec
1609 3315 1750 3369 enim
1776 3329 1895 3384 quae
1916 3314 2055 3368 dicta
2083 3300 2141 3369 (ἶ
2162 3318 2518 3372 Romanorum
2550 3318 2740 3387 plenus
2767 3320 3023 3389 sanguine
3058 3319 3187 3385 fuit;
3215 3321 3302 3377 vel
3346 3337 3496 3386 casu,
3530 3324 3611 3380 vel
3642 3339 3736 3380 nu-

478 3425 602 3471 sunt
631 3412 938 3468 dobitabilia
970 3410 1187 3482 quidem
1228 3419 1376 3474 sunt,
1406 3424 1511 3463 non
1563 3417 1737 3463 tamen
1790 3406 2057 3475 ambigua.

479 3506 533 3561 ln
591 3505 853 3576 ambiguis
907 3503 1050 3558 enim
1119 3512 1348 3572 utraque
1396 3501 1607 3556 auditor
1670 3499 2060 3554 rationabiliter

478 3600 711 3669 seipsum
761 3597 1089 3653 intellexisse
1132 3595 1443 3658 arbitratur,
1479 3604 1537 3649 ut
1582 3609 1704 3648 cum
1760 3593 1879 3662 quis
1908 3592 2057 3658 dicit,

479 3692 633 3748 audio
655 3692 872 3748 Graecos
900 3690 1089 3745 vicisse
1106 3688 1386 3758 Trojanos,
1413 3702 1548 3742 unus
1571 3695 1719 3756 putat
1746 3684 1887 3755 quod
1910 3685 2060 3741 Grai-

478 3784 525 3839 ci
553 3781 815 3852 Troianos
842 3782 1089 3846 vicerint,
1120 3780 1259 3835 alius
1310 3778 1451 3850 quod
1479 3778 1699 3849 Trojani
1736 3778 1973 3845 Graecos,
2006 3788 2060 3833 et

480 3876 595 3932 haac
625 3886 847 3947 uterque
871 3874 1099 3930 dicentis
1130 3874 1297 3943 ipsius
1339 3872 1681 3927 sermonibus
1727 3872 2058 3927 rationabili-

480 3976 561 4025 ter
589 3967 851 4036 intelligit.
882 3967 1014 4019 Cum
1061 3976 1238 4019 autem
1270 3964 1415 4030 dico,
1460 3966 1525 4017 da
1559 3963 1711 4029 mihi,
1743 3964 1884 4034 quod
1930 3964 2058 4018 dare

482 4060 678 4114 debeas
705 4059 881 4111 nullus
904 4071 970 4112 ex
998 4056 1128 4125 ipsis
1170 4056 1511 4110 sermonibus
1541 4055 1929 4110 rationabiliter
1956 4068 2053 4107 au-

479 4152 623 4208 ditor
653 4149 914 4220 intelligit.
951 4149 1102 4216 Quod
1132 4149 1275 4205 enim
1300 4163 1399 4216 ego
1430 4164 1537 4203 non
1589 4148 1728 4213 dixi,
1757 4146 1849 4200 ille
1881 4146 2055 4215 potius

478 4245 831 4316 suSpicabitur
851 4258 1011 4314 quam
1041 4243 1218 4312 aliqua
1248 4243 1457 4297 ratione
1508 4240 1559 4295 id
1590 4239 1732 4311 quod
1784 4246 1908 4292 aute
1934 4252 2057 4305 pro-

477 4335 639 4390 latum
671 4351 773 4389 non
804 4344 886 4390 est
916 4335 1296 4405 perspicaciter
1318 4332 1515 4388 videat.
1564 4333 1668 4387 Tot
1701 4331 1859 4402 igitur
1884 4330 2056 4386 modis

478 4440 596 4481 cum
622 4426 766 4480 vocis
786 4425 975 4479 divisio
1004 4427 1111 4493 ﬁat,
1162 4434 1255 4480 aut
1280 4442 1376 4495 per
1399 4424 1800 4495 signiﬁcantias,
1840 4432 1927 4478 aut
1961 4437 2056 4492 per

478 4517 691 4572 modum
741 4516 1219 4587 signiﬁcationum,
1267 4527 1359 4573 aut
1410 4533 1504 4587 per
1558 4517 2051 4583 determinationes,

478 4613 534 4666 in
577 4612 659 4667 his
687 4627 806 4682 quae
833 4612 1123 4667 secundum
1154 4611 1562 4681 signiﬁcantiam
1585 4610 1915 4674 dividuntur,
1946 4626 2050 4664 non

2165 3424 2331 3463 mero.
2359 3409 2413 3463 ln
2442 3409 2531 3462 illo
2553 3411 2693 3464 enim
2724 3410 3009 3480 singularis
3036 3402 3239 3468 tantum
3265 3422 3368 3480 est,
3406 3413 3463 3469 in
3494 3415 3588 3470 illo
3617 3416 3739 3487 plu-

2162 3501 2307 3567 ralis,
2338 3511 2392 3557 et
2420 3502 2486 3557 de
2510 3503 2630 3557 aliis
2678 3503 2896 3573 quidem
2926 3503 3115 3560 eodem
3170 3505 3347 3559 modo.
3397 3505 3536 3562 Sunt
3561 3516 3737 3572 autem

2162 3592 2262 3646 alia
2292 3582 2581 3648 secundum
2611 3604 2921 3659 accentum,
2974 3593 3076 3649 alia
3114 3594 3410 3651 secundum
3456 3596 3738 3669 orthogra-

2162 3687 2362 3754 pham.
2388 3686 2691 3741 Secundum
2720 3700 2995 3743 accentum
3029 3690 3242 3757 quidem
3271 3698 3328 3745 ut
3369 3704 3527 3761 pone,
3572 3690 3736 3762 pond.

2163 3780 2469 3835 Secundum
2498 3781 2954 3852 orthographiam,
2988 3792 3047 3837 ut
3075 3800 3272 3854 queror
3310 3793 3363 3839 et
3392 3799 3622 3856 qumror,
3670 3785 3738 3843 ab

2161 3871 2505 3941 inquisitione
2550 3885 2600 3928 et
2632 3875 2867 3942 querela.
2927 3874 2991 3928 Et
3049 3890 3232 3931 rursus
3284 3875 3401 3931 hatc
3450 3877 3739 3938 secundum

2161 3964 2592 4033 orthographiam
2614 3965 2781 4033 ipsam
2805 3963 3132 4027 dividuntur,
3160 3964 3241 4018 vel
3262 3967 3554 4021 secundum
3577 3967 3737 4023 actio-

2160 4069 2281 4109 nem
2296 4063 2351 4108 et
2372 4054 2672 4123 passionem
2694 4072 2707 4106 :
2728 4054 2866 4121 quod
2892 4068 3103 4123 qumror
3130 4055 3198 4109 ab
3219 4055 3560 4123 inquisitione
3581 4058 3721 4127 passi

2160 4160 2284 4199 vum
2313 4155 2415 4213 est,
2441 4160 2637 4213 queror
2667 4152 2844 4198 autem
2876 4158 2906 4197 a
2933 4143 3149 4213 querela
3181 4146 3387 4213 agentis
3419 4156 3524 4201 est.
3555 4145 3737 4203 Ambi-

2161 4250 2381 4306 guarum
2409 4251 2539 4290 vero
2577 4237 2876 4291 orationum
2910 4235 3147 4289 facienda
3173 4245 3254 4290 est
3275 4234 3486 4302 divisio,
3524 4249 3615 4292 aut
3647 4253 3739 4309 per

2161 4326 2535 4397 adiectionem,
2581 4337 2637 4382 ut
2675 4325 2832 4381 audio
2885 4326 3147 4398 Trojauos
3194 4325 3359 4392 vinci,
3400 4327 3616 4384 Grarcos
3660 4329 3738 4385 vi-

2116 4437 2118 4439 ’
2160 4422 2329 4485 cisse;
2350 4430 2547 4490 autper
2572 4420 3000 4485 diminutionem,
3023 4430 3079 4474 ut
3100 4420 3255 4474 audio
3278 4419 3495 4476 (irae-os
3512 4421 3738 4491 vicisse;

2161 4522 2253 4567 aut
2283 4529 2378 4583 per
2406 4514 2743 4578 divisionem,
2777 4524 2831 4567 ut
2860 4513 3031 4568 Graeci
3077 4515 3338 4579 vicerunt,
3371 4514 3589 4585 Trojani
3614 4514 3739 4574 victi

2161 4614 2426 4671 sunt;aut
2453 4620 2545 4674 per
2574 4607 2803 4675 aliquam
2830 4606 3346 4672 transmutationem,
3382 4615 3437 4659 ut
3467 4621 3588 4662 cum
3608 4606 3737 4664 dici.

476 4704 646 4761 solum
673 4704 973 4759 dividendae
998 4713 1122 4759 sunt
1168 4704 1609 4773 signiﬁcationes,
1654 4704 1747 4757 sed
1780 4702 1937 4757 etiam
1978 4702 2057 4756 di-
2084 4691 2138 4751 D
2166 4706 2271 4760 tur,
2324 4697 2485 4750 audio
2512 4696 2795 4769 Trojanos,
2827 4696 3018 4751 vicisse
3071 4694 3306 4764 Graecos,
3361 4698 3431 4753 ita
3476 4699 3739 4769 dicamus,

475 4811 659 4852 versas
688 4812 776 4852 res
824 4810 947 4851 esse
975 4812 1093 4867 quae
1146 4795 1535 4865 signiﬁcantur,
1592 4794 1911 4848 dilﬁnittoue
1961 4794 2055 4848 de-

474 4889 879 4945 uictistrandum
923 4900 1026 4945 est.
1063 4889 1382 4943 Aristoteles
1419 4887 1560 4942 enim
1598 4886 1712 4941 hmc
1747 4887 1800 4941 in
1840 4885 2054 4955 Topicis

474 4984 755 5051 diligenter
778 4982 1058 5051 proserpit,
1113 4982 1250 5035 utin
1284 4981 1365 5035 his
1416 4994 1535 5049 qua:
1586 4978 1834 5034 dicuntur
1890 4977 2050 5044 bona,

474 5073 576 5126 alia
607 5082 731 5127 sunt
754 5074 915 5138 bona,
949 5083 1006 5127 ut
1037 5088 1100 5127 ea
1128 5088 1247 5142 quae
1278 5073 1401 5127 boni
1447 5072 1677 5127 retinent
1717 5070 2051 5141 qualitatem,

474 5165 576 5218 alia
604 5179 721 5234 qua)
753 5166 871 5234 ipsa
900 5165 1115 5235 quidem
1148 5164 1293 5219 nulla
1345 5164 1602 5234 qualitate
1630 5162 1910 5226 dicuntur,
1959 5161 2053 5215 sed

471 5255 612 5324 quod
662 5256 861 5310 bonam
912 5270 1026 5311 rem
1073 5255 1299 5326 iaciunt,
1350 5257 1548 5311 idcirco
1602 5256 1739 5309 bona
1786 5256 2053 5310 dicuntur.

471 5349 693 5418 Oportet
721 5358 900 5405 autem
933 5348 1165 5403 maxime
1194 5363 1449 5405 exercere
1479 5348 1616 5402 hanc
1647 5359 1837 5410 artem,
1866 5357 1920 5400 ut
1943 5349 2056 5414 ipse

472 5438 792 5493 Aristoteles
824 5439 919 5502 ait,
955 5448 1142 5493 contra
1166 5441 1484 5508 scphisticas
1512 5438 1963 5507 importunitates.
1996 5438 2054 5493 Si

473 5527 615 5582 enim
643 5530 787 5582 nulla
810 5529 1047 5598 subjecta
1076 5532 1147 5583 sit
1189 5545 1279 5585 res
1305 5544 1462 5598 quam
1496 5528 1757 5599 signiﬁcat
1800 5544 1929 5596 vox,
1961 5530 2054 5586 de-

470 5618 731 5688 signativa
762 5633 883 5674 esse
910 5635 1014 5675 non
1041 5619 1272 5685 dicitur;
1306 5622 1390 5676 sin
1418 5636 1547 5676 vero
1574 5638 1675 5676 una
1703 5637 1789 5677 res
1811 5623 2057 5691 sitquam

470 5709 739 5781 signiﬁcat
761 5725 887 5776 vos,
912 5710 1108 5766 dicitur
1124 5712 1391 5781 simplex;
1422 5712 1561 5783 quod
1581 5714 1623 5768 si
1649 5714 1848 5782 plures,
1877 5717 2058 5770 multi-

470 5805 616 5880 plex,
645 5804 702 5861 id
731 5814 814 5863 est
841 5805 1009 5861 multa
1036 5804 1369 5876 signiﬁcans.
1424 5806 1713 5863 Dividenda
1744 5806 1903 5880 igitur
1944 5807 2058 5864 haec

469 5909 621 5970 recte
639 5910 878 5973 suntme
911 5901 963 5963 ill
1019 5899 1197 5971 aliquo
1247 5901 1560 5977 syllogismo
1616 5903 1906 5976 capiamur.
1963 5903 2056 5965 Sin

2162 4790 2333 4843 Audio
2382 4790 2523 4858 quod
2577 4787 2748 4843 Graeci
2810 4790 3035 4843 vicerint
3088 4785 3365 4859 Troianos.
3428 4792 3553 4849 Harc
3597 4808 3738 4851 eum

2161 4883 2483 4952 ambiguitas
2512 4884 2755 4953 quolibet
2806 4899 2991 4938 eorum
3024 4882 3183 4937 modo
3231 4885 3472 4941 solvitur.
3517 4886 3632 4943 Non
3664 4896 3733 4945 ta-

2165 4994 2288 5032 men
2318 4978 2388 5032 ita
2420 4976 2706 5033 dividenda
2734 4988 2818 5033 est
2846 4979 3022 5034 omnis
3051 4994 3238 5033 vocum
3269 4979 3585 5051 signiﬁcatio
3625 4992 3737 5039 tan-

2167 5086 2323 5142 quam
2353 5072 2587 5141 generis.
2622 5070 2675 5125 lu
2728 5086 2922 5142 genere
2950 5071 3089 5125 enim
3142 5087 3331 5127 omnes
3357 5075 3565 5141 species
3610 5088 3736 5131 enuo

2174 5174 2470 5218 merantur.
2533 5163 2584 5215 In
2635 5162 2979 5232 ambiguitate
3035 5178 3159 5216 vero
3217 5172 3377 5217 tanta:
3429 5163 3737 5233 sulﬁciunt,

2167 5265 2382 5325 quantae
2412 5256 2476 5309 ad
2509 5270 2629 5311 eum
2660 5270 2961 5310 sermonem
2986 5264 3208 5324 possunt
3235 5270 3354 5311 esse
3394 5256 3548 5312 utiles
3579 5272 3737 5327 quem

2166 5348 2424 5402 alterutra
2448 5348 2615 5402 nectit
2641 5347 2830 5401 oratio.
2865 5346 2941 5400 Ac
2966 5345 3035 5401 de
3064 5349 3209 5401 vocis
3235 5346 3448 5416 quidem
3477 5347 3737 5411 divisione

2158 5437 2488 5493 sufﬁcienter
2534 5439 2731 5491 dictum
2783 5446 2883 5491 est.
2917 5436 3013 5490 Est
3037 5446 3211 5491 autem
3242 5446 3297 5493 et
3320 5437 3387 5493 de
3410 5438 3622 5507 generis
3661 5450 3735 5494 to-

2165 5531 2375 5600 tiusque
2444 5529 2711 5583 divisione
2783 5528 3115 5598 propositum
3181 5510 3735 5602 atque‘expeditum.

2162 5623 2337 5690 Quare
2364 5622 2431 5676 de
2483 5622 2732 5676 omnibus
2758 5622 3049 5675 secundum
3099 5635 3157 5678 se
3203 5625 3578 5693 partitionibus
3612 5625 3733 5682 dili-

2165 5714 2474 5785 gentissime
2506 5723 2880 5783 pertractatum
2908 5724 3010 5767 est.
3030 5712 3179 5769 Nunc
3197 5715 3263 5770 tle
3281 5715 3361 5770 his
3378 5717 3729 5775 divisionibus

2162 5812 2403 5889 dicemus
2459 5824 2579 5880 quae.
2650 5825 2743 5880 per
2793 5807 3042 5864 accidens
3098 5808 3249 5867 ﬁunt.
3305 5811 3502 5867 liarutn
3557 5828 3730 5869 autem

2164 5910 2445 5966 commune
2476 5912 2797 5980 prteceptum
2830 5908 2936 5976 est,
2958 5900 3215 5981 quidquid
3233 5902 3471 5983 ipsorum
3486 5902 3730 5969 divitlitttl
