4290 6272
540 437 641 503 sot
1774 442 1881 500 AN.
1928 404 2138 501 itANL.
2183 441 2335 500 sev.
2378 418 2603 503 BOETll
3705 448 3811 508 892
3892 392 3901 399 ι

541 566 597 626 in
626 567 865 639 opposita
892 563 1211 634 disgregari,
1241 571 1296 616 ut
1345 576 1467 617 cum
1522 561 1825 634 subjectum
1880 564 1932 617 in
1988 565 2122 618 acci-
2160 563 2213 624 Α
2238 563 2447 630 quidem
2481 564 2849 631 peripatetica)
2876 568 3021 619 seeta
3052 561 3347 634 prudentiae
3379 550 3707 620 dill'erentias
3734 565 3817 622 ἀί-

440 726 451 734 ξ
540 658 717 719 dentis
743 655 1050 720 dividimus,
1102 669 1205 709 non
1257 654 1483 709 dicimus
1513 670 1796 724 corporum
1850 655 1954 709 alia
2005 667 2127 711 sunt

538 750 677 813 alba,
702 748 804 802 alia
832 748 1028 814 dulcia,
1056 764 1173 818 qua:
1205 746 1452 817 opposita
1489 764 1593 802 non
1641 757 1784 813 sunt,
1810 749 1904 803 sed
1933 764 2126 819 corpo-

539 857 655 898 rum
688 842 791 895 alia
832 853 954 896 sunt
985 841 1134 908 alba,
1170 842 1275 896 alia
1330 843 1501 914 nigra,
1535 843 1639 897 alia
1670 853 1877 898 neutra.
1925 844 2121 899 Eodem

539 948 748 1003 quoque
776 933 935 988 modo
962 934 1015 988 in
1040 936 1158 988 aliis
1180 934 1475 989 secundum
1502 934 1750 990 accidens
1773 934 2120 993 divisionibus

539 1026 881 1083 dividendum
913 1037 1017 1095 est,
1046 1039 1206 1097 atque
1236 1029 1364 1083 illud
1408 1028 1638 1084 maxime
1687 1031 2118 1102 perspiciendum

539 1129 645 1186 est,
674 1134 742 1175 ne
771 1120 895 1189 quid
922 1119 1061 1174 ultra
1083 1120 1312 1187 dicatur,
1335 1131 1426 1176 aut
1455 1122 1648 1187 minus,
1682 1124 1818 1177 sicut
1843 1122 1903 1177 ﬁt
1946 1122 2000 1178 in
2027 1139 2118 1195 ge-

540 1211 685 1266 neris
716 1210 1002 1265 divisione.
1033 1211 1148 1265 Non
1191 1212 1330 1265 enim
1381 1221 1592 1279 Oportet
1639 1214 1865 1283 relinqui
1908 1215 2121 1284 aliquod

540 1301 791 1357 accidens
842 1318 910 1358 ex
948 1302 1134 1356 eadem
1186 1304 1524 1372 cppOsitione
1582 1304 1722 1373 quod
1776 1303 2017 1374 subjecto
2049 1306 2123 1360 illi

542 1394 680 1452 inest
711 1396 848 1465 quod
881 1411 983 1450 non
1010 1397 1063 1449 in
1093 1396 1355 1451 όὶνίείοιιε
1379 1396 1605 1463 dicatur,
1648 1414 1822 1467 neque
1852 1414 1982 1453 vero
2004 1399 2125 1454 addi

543 1488 741 1558 aliqu
768 1488 910 1558 quod
960 1488 1208 1557 subjecto
1236 1488 1413 1544 inesse
1463 1506 1567 1543 non
1617 1490 1807 1559 possit.
1856 1490 2126 1545 Posterior

2240 656 2505 710 visionum
2535 655 2942 730 diligentissima
2973 660 3179 713 ratione
3212 659 3500 728 perspexit,
3549 667 3606 715 et
3634 673 3733 730 per
3760 676 3819 718 se

2240 749 2555 804 divisionem
2598 749 2664 803 ab
2711 764 2773 804 ea
2802 764 2920 817 qua!
2944 758 3023 803 ist
3050 750 3345 803 secundum
3380 750 3630 806 accidens
3653 752 3822 822 ipsas-

2232 858 2334 914 que
2359 845 2498 897 inter
2521 858 2580 898 se
2607 842 2873 914 disjunxit
2925 857 2987 895 ac
3027 840 3323 895 distribuit.
3360 842 3704 913 Antiquiores
3732 860 3823 921 au:

2238 947 2343 992 tem
2373 936 2761 1000 indill‘erenter,
2795 943 2848 989 et
2894 934 3168 989 accidente
3196 950 3289 1002 pro
3327 948 3545 1003 genere,
3592 946 3646 990 et
3680 938 3821 992 acci-

2237 1028 2489 1084 dentibus
2542 1042 2639 1098 pro
2688 1026 2966 1096 speciebus
3013 1034 3103 1079 aut
3141 1024 3454 1079 differentiis
3510 1027 3811 1083 utebantur.

2240 1123 2389 1178 Unde
2420 1120 2575 1176 nobis
2624 1130 3017 1189 peropportuna
3054 1118 3255 1173 utilitas
3284 1119 3394 1173 visa
3449 1129 3553 1183 est,
3585 1130 3637 1173 et
3665 1136 3817 1177 com-

2234 1215 2517 1268 muniones
2564 1212 2750 1265 barum
2782 1208 3101 1264 divisionum
3154 1210 3400 1279 prodere,
3455 1218 3510 1264 et
3560 1226 3651 1265 eas
3682 1227 3811 1281 pro-

2233 1306 2364 1375 priis
2396 1303 2713 1359 dili'erentiis
2740 1303 3068 1374 disgregare.
3093 1300 3169 1355 Ac
3194 1301 3262 1356 de
3308 1301 3568 1357 divisione
3596 1304 3813 1372 quidem

2232 1399 2378 1453 omni
2442 1409 2700 1468 quantum
2746 1396 3154 1451 introductionis
3209 1394 3442 1449 brevitas
3497 1397 3851 1466 patiebatur,

2237 1490 2524 1561 diligenter
2546 1489 2926 1558 expressimus.

1256 1742 1515 1847 ΑΝ.
1583 1738 2075 1848 MANL.
2163 1743 2520 1849 SEV.
2605 1742 3129 1849 BOETII

1031 1978 1574 2103 LIBER
1670 1975 1915 2103 DE
2014 1978 2440 2102 DIFF
2474 1977 3319 2107 [ΝῙΤΙΟΝΕ.

614 2238 835 2295 Dicendi
860 2251 924 2293 ac
968 2233 1280 2306 disputandi
1306 2234 1479 2304 prima
1502 2247 1724 2302 semper
1772 2234 1949 2288 oratio
1996 2244 2082 2288 est
2104 2275 2119 2299 ,
2154 2236 2202 2296 Β
2230 2234 2506 2303 singulare
2538 2243 2697 2303 atque
2726 2234 2940 2288 unicum
2973 2233 3115 2288 aliud
3147 2247 3308 2305 quam
3333 2234 3522 2287 oratio.
3557 2232 3696 2301 Ergo
3723 2232 3816 2289 de-

543 2342 597 2391 et
620 2334 730 2403 ian
754 2333 1052 2388 dialecticis
1080 2331 1390 2387 auctoribus
1417 2339 1470 2384 et
1491 2329 1607 2399 ipso
1634 2328 1705 2383 Μ.
1738 2328 1911 2384 Tullio
1934 2329 2129 2398 saepius

543 2427 882 2489 admonente,
898 2438 1022 2494 qua
1042 2422 1237 2478 dicitur
1259 2420 1526 2476 difﬁnitio.
1560 2420 1767 2489 Quippe
1785 2434 1905 2473 cum
1934 2420 1987 2473 in
2011 2435 2130 2474 cer-

545 2527 724 2573 tamen
750 2515 1261 2582 contentionemque
1296 2512 1429 2566 nihil
1462 2512 1629 2581 possit
1660 2511 1823 2582 (quod
1873 2519 2051 2565 tamen
2076 2511 2129 2565 in

546 2610 779 2666 dictione
826 2608 1111 2675 consistat)
1168 2606 1460 2675 aliquando
1518 2604 1729 2669 deduci,
1782 2606 1886 2660 nisi
1916 2606 1981 2660 de
2025 2622 2133 2676 quo

546 2699 719 2754 futura
750 2713 923 2769 pugna
955 2704 1039 2753 est
1091 2698 1235 2767 prius
1264 2696 1428 2751 fuerit
1480 2697 1535 2751 in
1582 2698 1902 2754 dilﬁnitione
1930 2700 2003 2754 ita
2030 2700 2126 2754 de-

546 2790 733 2856 ﬁxum,
763 2801 823 2845 ut
850 2789 1183 2860 possitinter
1209 2797 1496 2857 utrumque
1525 2790 1613 2859 qui
1651 2791 1833 2844 inituri
1862 2801 1986 2844 sunt
2010 2806 2127 2845 eam

546 2884 693 2942 litim
738 2899 862 2939 esse
904 2882 1246 2938 manifestum
1292 2880 1419 2955 quid
1451 2881 1520 2936 sit
1574 2883 1713 2951 illud,
1733 2883 1799 2937 de
1827 2898 1933 2952 quo
1972 2884 2023 2936 in
2058 2882 2129 2937 fu-

547 2986 664 3033 tura
692 2976 990 3045 quastione
1048 2978 1367 3031 tractabitur
1401 2976 1583 3030 :unde
1625 2990 1729 3030 non
1775 2976 1949 3029 solum
1981 2990 2132 3031 cum-

547 3066 821 3123 moditatis
844 3084 1041 3139 genere
1086 3068 1457 3138 perspicienda
1486 3078 1569 3122 est
1618 3068 1786 3122 virtus
1814 3067 2126 3136 deﬁniendi,

547 3160 672 3229 quia
702 3174 797 3229 per
842 3160 980 3215 hanc
1019 3160 1318 3216 orationem
1375 3174 1462 3215 res
1503 3174 1714 3229 semper
1762 3160 2043 3225 evolvitur,
2077 3169 2132 3216 et

546 3250 689 3321 quod
722 3252 811 3309 illa
841 3252 914 3307 sit
964 3270 1083 3322 qua:
1136 3254 1262 3307 illud
1315 3255 1383 3308 de
1431 3269 1537 3323 quo
1580 3253 1839 3323 quaeritur
1880 3254 2170 3323 explicat,’

548 3354 735 3399 verum
764 3345 926 3397 etiam
957 3344 1097 3414 quod
1127 3344 1436 3414 principalis
1486 3359 1699 3411 semper
1727 3343 1962 3399 adhibita
2016 3360 2130 3397 ma-

554 3437 755 3491 ximum
785 3437 967 3490 lumen
1000 3447 1053 3490 et
1108 3437 1448 3491 manifestum
1477 3438 1616 3506 parit
1650 3438 1723 3491 rei
1765 3452 1883 3505 qua:
1916 3438 1969 3490 in
2000 3451 2130 3491 con-

550 3526 769 3582 trarium
802 3526 1027 3581 deducta
1067 3526 1226 3583 habet
1255 3530 1629 3595 quaestionem.
1659 3528 1869 3581 Etenim
1900 3528 1945 3582 si
1969 3528 2130 3582 verba

442 3604 577 3617 ῌκ

550 3606 642 3674 aut
666 3627 797 3673 nota
827 3618 1076 3673 omnibus
1105 3618 1463 3685 exstitissent,
1493 3626 1585 3671 aut
1639 3632 1798 3671 unam
1830 3618 2130 3688 signiﬁcan-
2159 3604 2206 3669 C
2237 3616 2472 3670 narratio
2501 3617 2672 3669 oratio
2726 3615 2938 3686 quidem
2971 3627 3050 3671 est
3113 3632 3238 3693 quae
3272 3633 3374 3670 non
3418 3618 3647 3686 explicat
3676 3614 3820 3685 quod

551 3711 678 3766 tiam
706 3710 789 3764 sui
813 3723 1030 3775 semper
1056 3715 1322 3771 tenerent,
1351 3716 1405 3763 et
1424 3724 1531 3762 non
1562 3708 1813 3779 ambiguo
1834 3709 1915 3765 vel
1945 3709 2137 3765 obscu-

551 3817 615 3859 ro
639 3800 785 3856 dicto
815 3799 1094 3854 audientes
1113 3798 1386 3865 fallerent,
1414 3809 1467 3854 et
1498 3800 1782 3870 loquentes
1809 3801 1910 3856 sub
1925 3800 2137 3857 diversa

549 3895 999 3964 interpretatione
1025 3893 1358 3961 deciperent,
1386 3893 1611 3947 omnino
1662 3892 1906 3949 deﬁnitio
1953 3910 2137 3950 neces-

552 3988 693 4045 saria
723 3986 943 4041 minime
972 3986 1305 4044 crederetur.
1339 3985 1405 4041 At
1433 4001 1554 4040 eum
1589 3987 1803 4040 nomina
1842 3986 2008 4041 rebus
2039 3987 2136 4041 im-

549 4081 723 4151 posita
750 4094 1011 4148 vocesque
1037 4078 1258 4149 singula:
1291 4095 1385 4146 per
1414 4079 1873 4134 existimationem
1901 4078 2020 4149 ejus
2046 4080 2134 4149 qui

550 4172 625 4227 ita
657 4185 744 4226 res
769 4170 1111 4240 appellandas
1134 4186 1253 4225 esse
1278 4171 1488 4225 censuit
1516 4172 1587 4225 ita
1630 4173 1741 4225 sint
1783 4173 2056 4236 institutae,
2085 4179 2139 4226 et

552 4263 628 4319 ita
646 4272 760 4317 arte
772 4264 1103 4330 compositae,
1127 4272 1183 4315 ut
1200 4272 1324 4315 nota
1340 4263 1566 4330 quadam
1592 4262 1641 4316 in
1669 4278 1846 4317 rerum
1873 4263 2140 4331 signiﬁca-

549 4354 718 4421 tione,
737 4368 841 4408 aon
857 4359 1039 4420 aperta
1055 4352 1200 4407 decla
1209 4354 1433 4417 ratione,
1449 4353 1709 4407 ducerent
1731 4352 2027 4415 audientes,
2050 4369 2140 4407 ne-

550 4446 845 4501 ccssarium
874 4444 1159 4498 admodum
1188 4444 1420 4498 arbitror
1448 4458 1607 4498 nosse
1632 4444 1758 4512 quid
1781 4446 1849 4497 sit
1875 4444 2137 4511 deﬁnitio,

552 4538 849 4607 quibusque
862 4537 1144 4606 speciebus
1160 4536 1470 4606 acpartibus
1495 4537 1843 4602 compleatur,
1872 4546 1926 4590 ut
1950 4537 2141 4592 facilli-

556 4640 705 4683 meet
720 4642 835 4681 cam
856 4644 966 4680 rem
985 4642 1142 4697 quam
1158 4628 1389 4684 declarat
1417 4629 1579 4695 possit
1603 4620 1905 4693 ostendete,
1919 4639 1970 4682 et
1992 4629 2152 4681 tollat

556 4720 785 4789 cognitis
809 4720 984 4775 modis
1011 4723 1061 4773 in
1088 4721 1314 4774 dicendo
1334 4736 1426 4774 sua
1456 4710 1711 4775 varietate
1742 4721 2029 4776 fastidium.
2065 4724 2140 4776 Ac

556 4810 702 4879 prius
730 4810 969 4879 ejusdem
1011 4811 1195 4879 ipsius,
1237 4821 1294 4866 ut
1324 4814 1566 4866 ordinem
1600 4828 1690 4881 per
1720 4823 1977 4882 praecepta
2020 4830 2137 4868 ser-

558 4915 683 4957 vare
715 4903 1010 4968 videamur,
1059 4903 1385 4957 deﬁnitionis
1431 4904 1729 4957 adhibenda
1764 4915 1843 4958 est
1875 4906 2135 4960 deﬁnitio.
2166 4941 2220 5001 Β

560 4995 808 5051 Deﬁnitio
838 5007 917 5073 est
943 4997 1022 5065 (ιιι
1044 4995 1111 5048 Μ.
1145 4995 1348 5048 Tullius
1376 4996 1426 5050 in
1456 4996 1671 5063 Topicis
1703 4996 1797 5065 ait)
1826 5000 1994 5050 oratio
2020 5016 2138 5066 quae

560 5085 613 5141 id
639 5088 777 5157 quod
822 5086 1010 5140 deﬁnit
1048 5084 1278 5153 explicat
1327 5084 1451 5153 quid
1483 5086 1589 5149 sit;
1650 5085 1747 5139 hoc
1780 5087 1847 5139 ita
1893 5097 2054 5154 patet,
2087 5096 2141 5143 et

558 5179 629 5233 ita
655 5177 877 5255 intelligi
900 5190 1117 5231 necesse
1134 5183 1235 5243 est,
1256 5184 1310 5228 ut
1326 5183 1380 5231 et
1397 5176 1448 5229 in
1475 5191 1578 5246 quo
1598 5192 1794 5244 genere
1817 5178 1882 5230 sit
1902 5176 2139 5233 deﬁnitio

560 5252 939 5325 declarandum
972 5283 1091 5323 esse
1123 5268 1395 5337 videatur,
1427 5278 1481 5323 et
1524 5268 1650 5337 quid
1698 5270 2133 5337 comprehendat,

505 5366 513 5386 ’
564 5374 613 5434 et
645 5362 1087 5433 quemadmodum
1133 5361 1380 5431 perfecta:
1429 5361 1612 5416 eadem
1652 5360 1889 5416 delinitio
1917 5364 2133 5421 deﬁnita

507 5435 517 5457 ’
560 5471 663 5508 est.
696 5456 919 5511 Nomina
952 5457 1034 5509 vel
1068 5470 1225 5509 voces
1256 5455 1522 5509 interdum
1570 5469 1655 5509 res
1700 5456 2033 5525 signiﬁcant,
2063 5459 2145 5513 in-

562 5548 770 5601 terdum
806 5548 962 5613 facta,
994 5548 1259 5601 interdum
1292 5547 1493 5617 singula
1521 5548 1684 5614 dicta,
1720 5550 1984 5604 interdum
2026 5566 2172 5627 ora-.

562 5634 766 5704 tiones,
799 5649 852 5694 et
881 5652 1182 5709 quanquam
1215 5640 1299 5694 bis
1340 5640 1588 5696 omnibus
1615 5639 1765 5695 factis
1809 5657 1872 5696 ac
1909 5642 2063 5696 dictis
2093 5650 2148 5696 et

532 5727 893 5807 ’orationibus
928 5742 1100 5797 genus
1127 5728 1369 5784 videatur
1415 5746 1532 5786 esse
1580 5732 1719 5800 quod
1758 5732 2023 5797 dicimus,
2055 5747 2145 5787 res

563 5825 743 5873 tamen
787 5821 1004 5887 proprio
1036 5820 1253 5874 nomine
1285 5832 1337 5875 et
1374 5832 1517 5877 certa
1568 5821 1961 5890 signiﬁcatione
1999 5824 2144 5880 aliud

560 5925 686 5972 esse
727 5912 939 5973 videtur
983 5926 1145 5982 quam
1175 5910 1364 5967 factum
1393 5922 1502 5983 est,
1532 5913 1671 5967 aliud
1704 5928 1858 5989 quam
1901 5914 2101 5977 dictant
2126 5958 2143 5991 ,

2236 2328 2406 2382 ﬁnitio
2430 2343 2532 2381 non
2564 2326 2691 2381 facti
2716 2342 2818 2382 vox
2843 2336 2947 2393 est,
2976 2343 3079 2383 non
3103 2327 3182 2383 rei
3213 2326 3431 2395 alicujus
3457 2335 3815 2396 autcorpora-

2236 2423 2335 2483 lis,
2375 2430 2466 2475 aut
2516 2420 2898 2487 incorporalis,
2931 2420 3024 2474 sed
3072 2430 3156 2475 est
3198 2420 3387 2474 oratio.
3436 2419 3641 2474 Etenim
3694 2417 3816 2474 talis

2236 2514 2400 2570 dictio
2425 2528 2542 2582 qute
2572 2513 2826 2581 exprimit
2849 2512 2973 2581 quid
3002 2512 3073 2565 sit
3104 2512 3153 2566 id
3178 2511 3245 2566 de
3267 2527 3372 2581 quo
3400 2511 3672 2578 quaeritur,
3703 2510 3822 2566 sint

2241 2607 2402 2662 dubio
2453 2606 2755 2674 appellatur
2791 2605 2982 2669 oratio,
3030 2613 3084 2658 ut
3114 2606 3286 2658 oratio
3326 2611 3408 2657 est
3436 2601 3741 2667 exordium,
3766 2610 3821 2658 ει

2240 2700 2496 2759 narratio,
2517 2706 2569 2751 et
2596 2707 2789 2751 caetera
2811 2711 2927 2764 quae
2951 2704 3126 2764 partes
3147 2696 3405 2749 orationis
3428 2710 3546 2750 esse
3570 2693 3816 2750 dicimus.

2237 2791 2313 2845 lta
2333 2806 2463 2861 ergo
2487 2798 2541 2843 et
2562 2788 2805 2845 deﬁnitio
2821 2788 2995 2842 oratio
3013 2797 3116 2844 est.
3142 2787 3247 2843 Sed
3265 2788 3516 2858 quoniam
3538 2786 3640 2841 hoc
3663 2802 3823 2858 gene-

2240 2884 2353 2938 rale
2402 2898 2593 2938 nomen
2647 2893 2729 2936 est
2760 2882 2923 2950 quod,
2954 2882 3029 2935 uti
3063 2881 3315 2947 diximus,
3365 2881 3625 2937 convenit
3663 2880 3820 2937 etiam

2238 2974 2585 3044 expositioni,
2620 2972 2944 3037 narrationi,
2978 2972 3320 3037 invocationi,
3355 2973 3672 3041 precationi,
3710 2988 3816 3027 ese-

2208 3064 2474 3145 ~terisqne
2502 3062 2725 3132 singulis
2757 3078 2874 3131 quae
2902 3064 3084 3131 utique
3110 3064 3379 3118 orationes
3404 3078 3523 3118 esse
3551 3064 3820 3131 dicuntur,

2237 3167 2297 3211 ut
2336 3156 2386 3209 id
2418 3155 2561 3225 quod
2603 3156 2926 3224 generaliter
2975 3155 3275 3225 appositum
3314 3168 3426 3221 est,
3461 3156 3629 3226 possit
3670 3155 3736 3210 ad
3772 3155 3822 3213 id

2236 3249 2429 3305 deduci
2458 3250 2523 3304 de
2553 3265 2657 3319 quo
2684 3250 2960 3317 quaeritur,
2991 3248 3199 3317 adjecta
3231 3260 3313 3303 est
3341 3250 3567 3317 Species.
3602 3249 3821 3315 Quasre-

2238 3342 2425 3394 bamus
2457 3341 2598 3395 enim
2623 3340 2748 3410 quid
2777 3349 2921 3394 esset
2949 3339 3207 3407 deﬁnitio,
3232 3342 3297 3395 ad
3326 3357 3481 3411 quam
3516 3357 3626 3395 rem
3648 3342 3819 3395 decla-

2224 3422 2460 3489 ‘randam
2495 3432 2563 3485 Μ.
2597 3432 2801 3485 Tullius
2832 3432 3045 3500 adjecit,
3080 3448 3198 3501 quae.
3249 3433 3297 3485 id
3326 3431 3464 3501 quod
3494 3432 3678 3485 deﬁnit
3726 3447 3817 3486 εις

2238 3523 2399 3595 plicat
2429 3522 2553 3591 quid
2579 3522 2667 3586 sit,
2696 3523 2814 3575 talis
2837 3524 3012 3577 oratio
3040 3539 3145 3577 non
3176 3523 3272 3577 nisi
3296 3523 3534 3577 deﬁnitio
3558 3534 3657 3577 esu
3687 3522 3818 3578 Nam

2244 3706 2463 3773 deﬁnit,
2495 3706 2588 3761 sed
2631 3708 2769 3777 quod
2822 3717 3030 3778 gestuin
3074 3720 3181 3775 est,
3216 3721 3265 3763 et
3293 3709 3416 3763 item
3446 3709 3562 3763 alia:
3593 3710 3821 3780 singulae

2244 3799 2517 3853 orationes
2570 3803 2620 3853 in
2678 3802 2788 3854 suis
2837 3800 3024 3856 ofﬁciis
3068 3803 3466 3872 actionibusque
3518 3803 3820 3858 constituta

2241 3891 2383 3946 aliud
2414 3904 2537 3947 sunt
2568 3909 2727 3962 quam
2759 3896 2856 3947 ista
2886 3895 3057 3948 oratio
3087 3911 3205 3965 qua:
3238 3896 3289 3949 id
3321 3897 3459 3966 quod
3486 3896 3673 3950 deﬁnit
3729 3912 3822 3950 ex-

2236 3985 2405 4055 plicat
2431 3986 2556 4055 quid
2580 3988 2667 4051 sit,
2695 3987 2767 4040 ita
2812 3987 3017 4057 adjecta
3050 3997 3132 4042 est
3158 3990 3387 4056 species,
3424 3999 3479 4042 ιιι
3509 4003 3628 4043 cum
3660 4002 3825 4059 genus

2248 4093 2407 4148 supra
2458 4077 2527 4133 sit
2574 4080 2776 4142 oratio,
2806 4081 3011 4149 species
3042 4081 3111 4135 sit
3159 4096 3276 4150 qua:
3336 4082 3385 4134 id
3434 4082 3577 4152 quod
3624 4082 3823 4137 deﬁnit.

2245 4169 2523 4226 Postremo
2555 4181 2730 4226 tamen
2758 4172 3064 4241 adjunctum
3104 4173 3172 4226 sit
3202 4188 3306 4242 quo
3335 4175 3534 4228 certius
3564 4172 3611 4227 id
3640 4184 3689 4228 et
3721 4189 3824 4242 quo

2247 4264 2417 4330 magis
2452 4264 2720 4331 proprium
2754 4262 2991 4317 declaret
3021 4262 3159 4333 quod
3194 4266 3397 4319 dictum
3448 4276 3558 4329 est,
3596 4262 3823 4333 explicat

2247 4352 2373 4421 quid
2423 4354 2510 4406 sit.
2553 4351 2686 4407 Sunt
2732 4354 2874 4408 enim
2923 4355 3038 4408 alia:
3072 4357 3343 4411 orationes
3391 4372 3509 4425 qua:
3560 4356 3825 4427 explicant

2247 4447 2415 4513 magis
2442 4445 2599 4514 quale
2649 4446 2773 4514 quid
2804 4447 2893 4511 sit,
2927 4458 3017 4501 aut
3044 4458 3297 4517 quantum
3344 4451 3431 4503 sit.
3466 4450 3533 4503 At
3562 4465 3686 4503 vero
3715 4445 3857 4531 hate:

2246 4537 2378 4592 nihil
2413 4539 2623 4604 borum,
2657 4540 2749 4593 sed
2803 4550 3002 4594 tantum
3044 4542 3166 4611 quid
3199 4544 3267 4596 sit
3318 4544 3570 4611 explicat,
3620 4542 3827 4599 diversa

2246 4639 2329 4683 est
2377 4632 2521 4683 enim
2571 4632 2622 4685 in
2665 4632 2760 4686 ista
2818 4634 3101 4705 partitione
3148 4637 3403 4703 cognitio,
3457 4636 3651 4704 quippe
3704 4651 3825 4690 cum

2245 4721 2390 4776 aliud
2421 4730 2503 4776 est
2556 4723 2693 4777 scire
2739 4725 2893 4793 quale
2932 4727 3020 4788 sit,
3056 4734 3109 4779 et
3140 4725 3261 4794 quid
3302 4727 3369 4778 sit
3400 4727 3693 4794 eXplicare,
3730 4726 3828 4782 hoc

2245 4818 2388 4871 enim
2415 4818 2465 4871 in
2512 4819 2851 4888 percipienda
2884 4822 2959 4875 rei
3007 4819 3305 4876 substantia
3335 4822 3638 4877 continetur
3658 4866 3672 4887 ,
3702 4822 3827 4879 illud

2247 4908 2313 4977 in.
2353 4911 2609 4977 qualitate
2660 4913 2959 4975 noscenda,
3013 4922 3067 4966 et
3116 4913 3228 4966 lnec
3281 4913 3495 4981 quidem
3554 4915 3828 4969 Ciceronis

2252 5002 2319 5056 sit
2352 5003 2584 5057 adhibita
2624 5004 2884 5059 deﬁnitio.
2944 5006 3049 5061 Nos
3091 5014 3265 5059 tamen
3315 5009 3551 5075 apertius
3603 5008 3828 5077 idipsum

2251 5094 2376 5161 quid
2428 5096 2496 5147 sit
2548 5095 2786 5149 deﬁnitio
2847 5107 3025 5151 nostra
3091 5098 3465 5166 explanatione
3546 5098 3824 5154 faciamus.

2251 5186 2423 5240 Omne
2450 5188 2586 5254 quod
2639 5188 3034 5245 demonstratur
3059 5191 3332 5255 oratione,
3384 5200 3474 5244 aut
3518 5206 3584 5244 an
3612 5192 3715 5257 sit,
3743 5201 3831 5249 aut

2249 5276 2374 5345 quid
2409 5276 2498 5343 sit,
2533 5289 2621 5331 aut
2648 5268 2804 5347 quale
2826 5282 2895 5336 sit
2925 5282 3245 5347 ostenditur,
3286 5266 3426 5352 quod
3458 5297 3582 5336 cum
3607 5282 3830 5336 adhibe-

2259 5379 2365 5435 tur,
2398 5371 2565 5423 oratio
2596 5370 2661 5425 ad
2703 5372 3118 5429 declarationem
3152 5375 3228 5428 rei
3285 5372 3510 5445 alicujus
3537 5389 3602 5427 an
3632 5374 3698 5427 sit
3729 5390 3831 5429 non
3866 5435 3881 5458 ς

2256 5472 2337 5515 est
2387 5460 2647 5517 deﬁnitio.
2701 5465 2828 5518 ltem
2878 5480 2997 5519 cum
3049 5467 3205 5533 quale
3246 5466 3313 5518 sit
3342 5465 3544 5535 aliquid
3592 5466 3831 5518 oratione

2252 5563 2599 5620 monstratur,
2642 5557 2753 5625 pari
2788 5557 2945 5611 modo
2970 5558 3211 5614 deﬁnitio
3243 5574 3347 5613 non
3392 5558 3515 5614 erit.
3541 5556 3674 5612 Cum
3708 5572 3832 5611 vero

2251 5646 2377 5716 quid
2410 5648 2479 5701 sit
2508 5648 2829 5713 ostenditur,
2859 5651 2997 5718 quod
3024 5650 3256 5705 medium
3289 5660 3370 5704 est
3396 5651 3535 5704 inter
3561 5666 3627 5703 an
3660 5652 3751 5714 sit,
3782 5656 3833 5703 et

2250 5738 2405 5807 quale
2435 5738 2521 5805 sit,
2557 5741 2625 5792 ita
2658 5740 2863 5795 scilicet
2911 5741 3142 5796 medium
3177 5751 3232 5795 ut
3260 5758 3327 5796 an
3354 5740 3424 5795 sit
3457 5740 3601 5794 nulla
3628 5742 3734 5809 jam
3767 5738 3834 5793 sit
3878 5756 3895 5797 ιι

2250 5830 2533 5909 dubitatio,
2577 5834 2701 5899 item
2736 5832 2892 5903 quale
2921 5834 3012 5905 sit,
3055 5850 3159 5889 non
3192 5835 3307 5905 ejus
3335 5836 3424 5905 qui
3458 5834 3712 5903 requirit,
3741 5828 3838 5891 sed

2254 5920 2348 5999 qui
2380 5919 2565 5978 deﬁnit
2596 5923 2663 5978 sit
2710 5923 2760 5980 in
2802 5923 3023 5982 scientia
3051 5925 3368 5984 collocatum
3395 5943 3409 5995 ;
3442 5924 3713 5987 medium.
3745 5920 3838 5993 in-
