4290 6272
414 476 516 539 89";

1626 468 1825 526 LIBER
1868 467 1953 526 DE
1995 467 2475 527 DlFFINITiONE.

3568 418 3575 421 ⁷
3587 469 3690 528 εθι

418 606 599 663 quam,
633 592 735 646 hoc
758 600 927 660 genus
942 587 1084 658 quod
1109 585 1345 641 ostendit
1370 584 1595 654 idipsum
1626 583 1692 637 de
1715 599 1821 652 quo
1851 598 1998 653 quae-
2028 589 2074 646 Α
2102 586 2336 655 jusmodi
2385 587 2732 644 diffinitiones
2783 590 3112 646 contentioni
3160 592 3430 645 oratorum
3458 592 3694 647 maxitno

420 689 554 740 ritur
594 681 718 753 quid
751 683 839 745 sil,
866 678 1107 735 deﬁnitio
1139 686 1493 745 nuncupatur.
1539 676 1725 729 Omnis
1755 674 1994 729 definitio
2042 690 2055 700 '

421 777 475 833 in
498 775 793 846 quastione
820 786 930 827 rem
956 770 1114 825 habet
1140 772 1415 824 incertam.
1434 766 1623 821 Omnis
1643 782 1751 832 res,
1781 767 1828 820 si
1850 776 1995 820 certa

422 882 500 922 est
523 908 537 931 ,
560 865 871 921 definitione
900 876 1005 916 non
1054 869 1202 929 eget;
1231 860 1276 914 si
1306 860 1511 914 incerta
1559 865 1672 925 est,
1712 871 1885 927 neque
1911 871 1999 911 res

420 952 524 1023 est,
553 969 605 1011 ct
630 956 819 1026 quierit
842 951 1150 1009 definitione
1170 951 1478 1007 monstrari.
1507 950 1696 1006 Omnis
1719 951 1862 1005 enim
1884 963 1993 1015 res,

423 1055 466 1105 si
499 1050 656 1105 modo
677 1048 787 1118 jam
818 1061 905 1101 res
935 1054 1038 1111 est,
1082 1042 1532 1115 quemadmodum
1563 1042 1820 1108 diximus,
1851 1048 1998 1096 certa

423 1152 522 1199 est.
550 1142 683 1198 Cum
708 1156 833 1196 vero
856 1141 968 1212 jam
1000 1148 1146 1194 certa
1177 1148 1281 1206 est,
1312 1148 1365 1194 et
1408 1138 1694 1207 qualitates
1740 1148 1865 1192 suas
1904 1136 2005 1189 ba-

423 1235 546 1291 beat
576 1235 768 1304 quibus
796 1249 917 1287 cum
946 1232 1105 1287 facile
1137 1232 1630 1301 comprehenditur,
1676 1229 1831 1284 facile
1878 1228 2003 1299 quid

424 1326 495 1380 sit
543 1325 869 1394 agnoscitur.
904 1322 1186 1392 Nunquam
1218 1321 1359 1375 enim
1393 1320 1517 1389 quid
1549 1320 1618 1374 sit
1658 1318 1881 1388 intelligi
1912 1333 2007 1387 po-

428 1427 554 1488 test,
584 1418 685 1472 nisi
711 1417 867 1486 quale
897 1417 966 1470 sit
996 1414 1154 1469 fuerit
1183 1413 1658 1482 comprehensum.
1691 1411 1878 1466 Omnis
1910 1409 2011 1463 dif~

428 1510 599 1565 ﬁnitio
621 1518 708 1563 aut
724 1506 1012 1578 probandae
1030 1507 1107 1561 rei
1129 1520 1309 1570 causa,
1336 1515 1443 1566 aut.
1461 1505 1506 1558 si
1528 1519 1615 1559 res
1640 1505 1692 1557 in
1716 1502 2011 1572 quaestione

430 1611 694 1663 Versatur,
724 1597 1004 1668 augendae,
1034 1605 1124 1650 aut
1150 1597 1195 1650 si
1226 1595 1311 1650 vel
1355 1595 1493 1664 apud
1525 1594 1887 1649 adversarium
1928 1592 2012 1647 vel

430 1693 569 1764 apud
610 1690 907 1746 auditorem
955 1689 1204 1760 qualibet
1240 1687 1351 1757 jam
1399 1696 1522 1741 nota
1558 1702 1647 1739 res
1676 1694 1778 1751 est,
1824 1684 2013 1737 confir-

434 1782 643 1839 mandae
686 1782 992 1836 assumitur.
1046 1780 1403 1836 Nihilominus
1435 1787 1610 1832 tamen
1640 1772 1917 1841 difﬁnitio,
1956 1784 2013 1828 ut

430 1890 522 1931 res
550 1875 735 1929 eadem
766 1888 883 1943 qua:
922 1880 1049 1927 nota
1078 1880 1190 1938 est,
1223 1880 1277 1927 et
1303 1879 1449 1926 certa
1485 1878 1540 1924 et
1566 1868 1688 1934 fixa,
1735 1876 2008 1931 teneatur,

2106 685 2429 749 convenire,
2460 684 2616 753 longe
2658 695 2839 738 tamen
2878 700 2909 737 a
2940 687 3137 741 virtute
3186 685 3523 740 difiinitionis
3570 700 3693 742 esse

2107 772 2397 839 discretas;
2425 774 2516 832 sed
2560 775 2646 830 ha:
2675 775 3023 832 diffinitione‘s
3074 792 3193 848 qua:
3223 780 3524 833 oratoribus
3553 788 3693 847 apta

2109 882 2231 927 sunt
2261 883 2314 927 et
2346 871 2513 942 poetis
2569 873 2648 926 sui
2701 872 3066 941 explicatione
3114 872 3167 926 in
3195 875 3438 927 oratione
3478 884 3691 929 certum

2110 965 2353 1019 Ordinem
2385 964 2678 1018 continent.
2709 961 2784 1015 De
2807 977 2907 1032 qua
2938 976 2998 1016 re
3027 973 3288 1031 praecepta
3314 964 3365 1016 in
3392 964 3694 1020 Rhetoricis

2113 1070 2234 1114 sunt
2276 1076 2302 1111 τι
2336 1058 2405 1113 M.
2440 1057 2616 1112 Tullio
2662 1058 2971 1121 constituta,
3004 1056 3081 1110 ita
3128 1065 3189 1109 ut
3217 1057 3391 1110 omnis
3414 1056 3693 1124 difﬁnitio,
3787 1087 3797 1109 .-

2112 1152 2213 1206 hoc
2242 1161 2323 1206 est
2366 1151 2567 1217 oratio,
2599 1164 2717 1219 qua:
2752 1148 2985 1217 explicat
3033 1148 3099 1202 de
3144 1162 3252 1217 quo
3285 1149 3541 1216 quaeritur
3567 1150 3693 1217 quid

2112 1243 2212 1307 sit,
2268 1243 2348 1296 his
2381 1242 2632 1297 membris
2682 1240 3027 1311 partibusque
3079 1249 3287 1293 tenetur
3316 1256 3328 1291 :
3360 1239 3587 1307 primum
3619 1240 3693 1294 uti

2114 1332 2346 1389 breviter
2378 1332 2430 1386 id
2476 1332 2544 1386 de
2574 1347 2681 1400 quo
2710 1331 2964 1398 quieritur
3007 1329 3136 1398 quid
3170 1331 3241 1383 sit
3290 1329 3465 1382 oratio
3512 1336 3695 1383 nostra

2114 1427 2405 1486 contineat.
2439 1436 2492 1479 et
2523 1424 2639 1477 haec
2688 1422 2987 1493 appellatur
3027 1421 3279 1476 diffinitio
3305 1437 3319 1485 ;
3349 1420 3546 1475 deinde
3580 1420 3698 1490 ejus

2118 1516 2450 1570 difiinitionis
2479 1524 2818 1584 supponatur
2842 1513 3180 1583 approbatio,
3212 1526 3314 1581 qua
3360 1510 3486 1566 illud
3516 1521 3698 1565 oSten-

2117 1610 2293 1665 dimus
2316 1625 2370 1663 ut
2405 1608 2634 1678 idipSum
2664 1606 2804 1677 quod
2829 1605 3132 1660 breviterin
3160 1605 3485 1660 diffinitione
3514 1605 3697 1673 posui‘

2118 1718 2236 1757 mus
2267 1701 2318 1755 id
2360 1700 2429 1754 ita
2480 1714 2598 1754 esse
2644 1706 3077 1768 argumentorum
3110 1695 3406 1751 rationibus
3438 1696 3697 1766 approbe-
3726 1720 3737 1729 σ

2117 1809 2268 1857 mus;
2303 1793 2534 1856 deinde,
2580 1793 2741 1845 tertio
2790 1791 2939 1857 loco,
2973 1788 3277 1843 inducimus
3322 1788 3697 1843 deductionetn

2118 1884 2357 1954 ejusdem
2388 1882 2722 1937 difiinitionis
2749 1882 2800 1935 in
2843 1894 2962 1934 eam
2986 1880 3220 1950 speciem
3249 1880 3317 1935 de
3342 1894 3445 1949 qua
3473 1880 3700 1949 quaestio

430 1966 741 2022 adhibetur.
772 1965 958 2021 Omnis
977 1964 1247 2030 diffinitio,
1275 1971 1365 2017 aut
1408 1960 1676 2015 rhetorica
1707 1970 1786 2013 est
1816 1959 2011 2027 oratio,
2039 1945 2092 2010 1
2122 1945 2225 2039 ρξε’
2255 1984 2310 2029 ει
2336 1974 2403 2029 de
2432 1989 2530 2043 qua
2567 1972 2824 2042 judicium
2858 1980 2940 2026 εει
2967 1945 3336 2039 “hymnum,
3364 1945 3425 2024 'm
3458 1945 3581 2026 eam
3608 1985 3701 2041 se.

430 2067 529 2112 aut
555 2057 849 2112 diaieeticn.
876 2055 931 2112 Si
957 2065 1038 2110 est
1084 2055 1376 2120 rhetorica,
1401 2053 1661 2122 originem
1695 2065 1761 2105 ex
1796 2060 2018 2105 conten-

436 2150 585 2203 tione
626 2148 926 2217 suscipiens
954 2160 1052 2218 per
1088 2147 1166 2201 rei
1210 2146 1405 2215 dequa
1455 2146 1711 2215 quaeritur
1742 2152 1917 2211 partes
1968 2143 2019 2196 in

432 2252 564 2294 suas
586 2248 643 2293 se
662 2239 882 2303 dividet,
909 2252 1008 2293 nec
1030 2239 1083 2292 in
1109 2238 1264 2291 unius
1286 2244 1513 2290 tractatu
1538 2250 1569 2288 a
1589 2234 1703 2289 suis
1730 2234 1889 2288 rebus
1913 2243 2023 2286 tota

437 2338 732 2400 consistet,
760 2346 821 2389 ut
850 2351 970 2390 cum
1003 2334 1417 2402 uniuscuiusque
1464 2331 1543 2385 rei
1592 2331 1745 2399 plena
1772 2337 1831 2383 et
1855 2340 2022 2382 certa

442 2430 697 2500 perfectio
727 2440 850 2482 nota
896 2427 985 2493 sit,
1016 2436 1236 2482 cunctas
1277 2439 1371 2493 per
1409 2433 1592 2495 partes
1641 2422 1744 2475 sibi
1775 2420 2019 2475 eamdem

444 2519 769 2574 distribuant
794 2519 933 2572 dicta
962 2518 1306 2571 certantium.
1348 2513 1651 2583 Sepultum
1676 2512 2021 2566 violationem

440 2625 552 2665 rem
576 2612 734 2665 etiam
756 2616 957 2665 certam
976 2610 1291 2677 plenamque
1315 2617 1369 2661 et
1390 2605 1685 2673 perfectam
1702 2605 2020 2671 retinemus,

424 2716 562 2756 cum
606 2701 659 2756 in
709 2711 862 2755 erute
904 2699 1149 2769 sepulcro
1177 2708 1259 2753 εει
1301 2697 1459 2752 etiam
1490 2697 1699 2750 animus
1730 2703 1787 2748 et
1825 2695 2021 2748 factum

444 2783 713 2857 violan'tis,
750 2802 805 2845 ut
827 2792 1009 2845 studio
1031 2790 1251 2844 eruendi
1280 2798 1334 2842 et
1365 2786 1675 2858 profanandi
1709 2800 1892 2840 manes
1923 2786 2023 2839 huc

445 2887 708 2955 quispiam
737 2884 975 2938 videatur
1005 2896 1305 2953 aggressus.
1330 2881 1497 2949 Ergo,
1530 2881 1607 2935 uti
1631 2881 1884 2941 diximus,
1910 2878 2025 2933 vio-

442 2977 573 3031 iatio
604 2976 893 3045 sepultura:
920 2966 1137 3029 constat
1165 2981 1219 3029 et
1248 2973 1426 3027 animo
1452 2981 1508 3027 et
1551 2974 1723 3038 facto,
1759 2973 2025 3042 plenaque

445 3071 559 3140 ipsa
598 3085 686 3126 res
713 3079 799 3124 eSt
835 3068 1019 3124 violati
1050 3068 1281 3137 sepulcri
1322 3082 1389 3122 ex
1433 3066 1517 3120 his
1544 3066 1776 3129 duobus,
1816 3068 2026 3133 aperuit

446 3162 747 3231 sepulcrum
790 3160 1001 3229 quidam
1034 3168 1093 3214 ut
1120 3158 1352 3215 auferret
1393 3166 1725 3212 ornamenta.
1772 3157 1915 3212 Idem
1946 3173 2025 3212 se-

446 3256 615 3326 pulcri
642 3254 819 3309 violati
852 3267 975 3309 reus
1003 3254 1054 3308 in
1081 3250 1344 3322 judicium
1379 3251 1687 3315 devocatur,
1720 3251 1835 3305 sine
1863 3246 2023 3304 dubio

445 3346 781 3401 difﬁnitivam
812 3348 1105 3401 orationem
1135 3355 1186 3400 et
1211 3347 1608 3400 contentionem
1632 3347 2021 3413 exprimentem

442 3440 571 3510 quid
586 3440 653 3494 sit
670 3440 890 3493 violatio
908 3438 1194 3507 sepulturae
1218 3438 1526 3493 necessario
1545 3453 1700 3492 causa
1719 3438 2020 3503 desiderat;

446 3532 539 3585 sed
591 3531 812 3601 singulis
860 3532 1101 3600 partibus
1148 3531 1311 3585 totius
1356 3530 1479 3584 facti
1514 3544 1578 3584 ac
1620 3531 1760 3599 pleni
1804 3541 2023 3603 utuntur

446 3635 713 3687 oratores,
744 3634 799 3678 ut
821 3625 1111 3693 sepulturae
1139 3624 1479 3678 vioiationem
1526 3631 1686 3691 ponat
1717 3638 1852 3677 unus
1882 3624 2021 3693 quod

448 3724 687 3781 apertum
720 3716 787 3769 sit
829 3715 1158 3782 sepulcrum,
1182 3723 1366 3768 contra
1390 3713 1528 3767 alius
1548 3714 1837 3782 sepultura:
1860 3713 2029 3768 viola;

449 3806 647 3861 tionem
673 3808 812 3861 dicat
834 3810 885 3861 in
913 3809 1093 3861 animo
1119 3808 1415 3862 contineri:
1444 3810 1512 3860 ita
1531 3808 1711 3861 existit
1731 3807 2028 3863 difﬁnitim

449 3900 712 3953 orationis
740 3899 839 3952 iste
882 3908 1161 3962 tractatus,
1190 3908 1250 3953 ut
1278 3913 1401 3953 eum
1424 3907 1596 3953 totum
1618 3898 1757 3967 quod
1786 3900 2035 3968 agnosci-

456 4006 542 4052 tur
586 3999 638 4051 in
672 3998 961 4067 sepulturae
990 3996 1305 4063 violatiOne,
1350 4010 1447 4065 per
1476 4005 1655 4065 partes
1703 4010 1827 4050 suas
1872 3994 2032 4049 fuerit

451 4091 792 4144 distributum
816 4133 828 4154 ,
863 4102 1059 4157 easque
1090 4099 1267 4157 partes
1311 4098 1553 4142 oratores
1595 4087 1789 4156 singuli
1835 4096 2025 4140 tenue-

452 4184 580 4249 rint,
603 4181 960 4235 conteudendi
981 4195 1178 4249 genere
1199 4179 1514 4233 ditiiuitione
1541 4180 1613 4233 uti
1634 4179 1903 4232 videntur.
1928 4175 2036 4231 Sed

454 4286 558 4327 non
591 4282 735 4327 rrcte
766 4272 958 4326 dicitur
986 4270 1293 4340 huiusmodi
1341 4271 1620 4336 diffinitio,
1672 4285 1793 4324 cum
1843 4286 1947 4324 non
1970 4269 2041 4324 sit

452 4376 620 4431 certa,
646 4381 753 4421 non
786 4365 964 4434 plena,
995 4381 1100 4419 non
1122 4366 1350 4435 integra,
1386 4365 1490 4419 nisi
1523 4379 1648 4417 cum
1686 4372 1852 4417 totum
1885 4362 2040 4433 quid-

454 4458 581 4527 quid
614 4457 777 4525 ipsius
814 4458 892 4511 rei
928 4457 1113 4512 estde
1136 4472 1239 4525 qua
1280 4458 1543 4526 qumritur
1573 4456 1882 4525 exprimens
1911 4454 2053 4523 quid.

373 4560 383 4569 '
457 4553 531 4605 sit
568 4552 739 4604 oratio
762 4548 1066 4615 declararit,
1090 4564 1274 4605 verum
1304 4550 1418 4605 haec
1438 4550 1676 4619 captiosa
1699 4558 1751 4602 et
1775 4548 1907 4603 falsa
1931 4556 2035 4613 est,

2127 2068 2378 2121 neraliter
2402 2082 2513 2121 rem
2539 2063 2930 2128 difiinierimns,
2955 2072 3012 2117 et
3037 2065 3108 2118 ita
3137 2077 3257 2117 esse
3286 2066 3354 2117 de
3385 2076 3491 2132 quo
3515 2064 3700 2132 queri.

2124 2170 2213 2212 tur
2255 2158 2571 2222 dixerimus,
2602 2167 2651 2211 et
2683 2163 2866 2225 postea
2900 2169 2995 2223 per
3026 2154 3466 2224 approbationem
3490 2154 3699 2209 conatis

2124 2251 2387 2305 tuerimus
2432 2264 2613 2303 verum
2650 2262 2783 2302 esse
2813 2247 2952 2317 quod
3002 2247 3324 2311 diffinimus,
3370 2245 3537 2302 tertio
3580 2248 3701 2303 ioco

2128 2343 2520 2398 ostenderimus
2552 2344 2653 2395 hoc
2680 2356 2798 2394 esse
2842 2340 2983 2410 quod
3009 2348 3217 2410 gestum
3243 2348 3325 2394 est
3342 2378 3357 2405 ,
3383 2338 3470 2393 vei
3499 2338 3553 2394 id
3579 2353 3702 2395 esse

2130 2437 2196 2492 de
2225 2451 2327 2506 quo
2355 2436 2636 2506 quzcritur,
2688 2450 2805 2504 quae
2832 2435 3087 2489 orationis
3122 2448 3251 2504 pars
3279 2434 3582 2503 appellatur
3606 2431 3704 2487 de-

2129 2528 2550 2599 ductio-generis
2578 2529 2642 2581 ad
2697 2526 2931 2596 speciem
2957 2542 2972 2591 ;
3004 2537 3193 2597 quarto
3219 2526 3336 2580 loco
3365 2526 3425 2578 in‘
3462 2525 3706 2581 oratione

2128 2632 2308 2676 nostra
2345 2635 2605 2690 ponemus
2634 2619 3053 2674 destructionem
3093 2618 3431 2673 diffinitiorris
3466 2617 3707 2673 adversa

2122 2716 2325 2786 partis,
2360 2713 2461 2769 hoc
2490 2721 2592 2777 est,
2624 2713 2698 2767 uti
2745 2712 3194 2783 quemadmodum
3244 2709 3543 2765 adversarii
3568 2707 3708 2763 astu.

2128 2784 2321 2862 nierint
2368 2805 2595 2872 idipsum
2638 2804 2704 2857 de
2758 2818 2865 2871 quo
2915 2816 3073 2871 supra
3105 2800 3479 2856 diffinitionem
3511 2784 3709 2855 onusti.

2130 2899 2326 2952 tuimus
2357 2910 2739 2966 proponamus,
2773 2893 3002 2962 eamque
3026 2893 3458 2946 adversariorum
3505 2890 3709 2945 difﬂuit-
3774 2936 3789 2947 .

2130 2994 2328 3046 tionem
2360 2990 2611 3045 vitiosam
2650 3004 2769 3042 esse
2791 2987 3099 3049 doceamus,
3120 2998 3240 3053 quae
3256 2980 3708 3053 quentadmodtuu

2129 3081 2320 3133 vitiosa
2373 3080 2441 3131 sit
2472 3087 2653 3147 postea
2705 3075 3116 3130 declarabimus.
3147 3073 3316 3127 Habet
3355 3071 3497 3127 enim
3532 3081 3710 3139 partes

2126 3184 2252 3225 suas
2274 3178 2472 3234 certas,
2506 3170 2765 3237 integras,
2794 3167 2861 3221 de
2892 3164 3087 3235 quibus
3118 3179 3259 3218 nunc
3302 3163 3484 3218 dicere
3526 3176 3707 3231 super-

2130 3263 2403 3316 sedemus.
2455 3260 2550 3314 Esi.
2596 3258 2845 3313 diffinitio
2877 3256 3271 3311 inimicitiarum
3318 3253 3457 3324 apud
3485 3252 3556 3307 li.
3583 3252 3723 3307 Tui.

2134 3357 2264 3411 lium
2298 3356 2494 3420 brevis,
2519 3354 2592 3408 ita
2622 3353 2902 3409 col-locata.
2928 3352 3007 3406 An
3037 3362 3091 3405 ttt
3131 3348 3363 3420 majores
3406 3345 3711 3401 inimicitias

2137 3456 2291 3515 putas
2330 3458 2449 3501 esse
2477 3458 2632 3513 quam
2677 3442 2972 3497 contrarias
3005 3440 3277 3494 hominum
3306 3438 3632 3498 voluntates,
3660 3441 3713 3491 el

2133 3535 2414 3592 dissimilia
2441 3534 2660 3589 studia?
2692 3532 2827 3597 haec,
2858 3539 2916 3586 ut
2941 3530 3197 3595 diximus,
3244 3527 3495 3582 difﬁnitio
3537 3526 3714 3579 rbeto«

2134 3632 2244 3685 rica
2275 3638 2380 3696 est,
2402 3636 2458 3682 et
2490 3628 2721 3682 breviter
2763 3624 2938 3681 oratio
2964 3624 3217 3678 conclusa
3253 3620 3378 3690 quid
3406 3620 3514 3674 sint
3541 3617 3716 3673 iuimi~

2138 3722 2297 3775 citire.
2326 3718 2456 3772 Post
2481 3733 2640 3788 quam
2664 3716 3038 3770 diffinitionem
3070 3711 3355 3767 adhibetur
3383 3706 3717 3778 approbatio.

2143 3810 2326 3865 Fidem
2352 3822 2417 3862 ac
2445 3808 2760 3876 religionem
2785 3805 3181 3859 sanctissimam
3216 3802 3268 3855 in
3299 3801 3405 3855 vita
3434 3798 3530 3868 qui
3544 3805 3717 3869 putat,

2141 3910 2388 3970 potestne
2416 3898 2466 3953 ei
2496 3914 2600 3952 non
2648 3897 2897 3950 inimicus
2950 3908 3072 3948 esse
3107 3893 3197 3960 qui
3251 3893 3370 3945 fana
3409 3888 3718 3958 spoliaret-il

2139 3992 2360 4046 omnia?
2382 3989 2645 4055 Deinceps
2674 3987 2876 4052 reliqua
2897 3996 3018 4051 qua:
3049 3990 3366 4048 sequuntur,
3398 3979 3451 4032 in
3480 3994 3585 4047 quo
3607 3977 3718 4046 qui-

2140 4082 2263 4135 dem
2304 4079 2733 4132 animadvertere
2764 4072 2890 4126 illud
2916 4073 3060 4135 licet,
3093 4084 3248 4138 posse
3271 4067 3520 4137 conjungi
3546 4076 3602 4122 et
3627 4082 3718 4136 ap-

2140 4170 2511 4241 probationem
2532 4165 2889 4229 difiinitionis,
2907 4174 2959 4217 et
2982 4159 3363 4215 deductionem
3387 4157 3719 4214 difiluitioniu

2145 4265 2196 4317 in
2212 4262 2468 4332 speciem.
2489 4260 2728 4327 Namque
2743 4258 2827 4311 hic
2844 4256 3051 4310 Marcus
3065 4253 3271 4309 Tullius
3288 4250 3720 4311 inimicitiasesse

2138 4355 2409 4409 contraria
2436 4351 2612 4407 studia
2637 4358 2693 4404 et
2712 4348 2999 4402 dissimiles
3022 4344 3324 4401 voluntates
3344 4340 3606 4411 approbat
3628 4342 3721 4407 ita,

2144 4454 2202 4498 ut
2228 4444 2465 4513 speciem
2511 4446 2679 4511 ipsam
2705 4440 2772 4494 de
2798 4453 2904 4508 qua
2945 4436 3286 4506 querebatur
3312 4435 3500 4486 factam
3546 4430 3721 4484 verbis

2146 4536 2414 4590 includat:
2441 4535 2612 4604 potuit
2641 4533 2782 4586 enim
2811 4529 3128 4600 approbatio
3152 4527 3288 4593 fieri,
3324 4526 3441 4580 illas
3472 4538 3593 4579 esse
3625 4522 3722 4578 ini-

456 4655 560 4695 nou
607 4648 753 4695 certa
798 4641 1072 4694 rhetorum
1108 4638 1378 4693 difiinitio.
1414 4614 1519 4693 Est.
1549 4639 1651 4692 alia
1705 4638 1864 4692 etiam
1914 4653 2034 4705 qua:

2147 4627 2373 4683 micitias
2400 4641 2520 4696 quae
2557 4622 2853 4678 contrarias
2892 4621 3171 4674 continent
3207 4618 3544 4678 voluntates,
3576 4622 3630 4667 et
3674 4614 3723 4669 itt

457 4732 759 4787 t‘he‘oribus
798 4731 1201 4785 aceotnmodata
1243 4731 1614 4799 cognoscitur,
1648 4744 1766 4797 qute
1806 4731 1963 4798 longe
2004 4744 2035 4783 a

456 4823 650 4877 tirtute
678 4820 972 4875 diffiniendi
1000 4819 1311 4889 plenissime
1338 4828 1637 4888 separatur,
1662 4834 1779 4887 qua:
1808 4834 1903 4887 per
1925 4820 2039 4873 col-

458 4914 706 4968 lationem
740 4929 844 4967 nou
868 4911 997 4981 quid
1025 4914 1094 4966 sit
1113 4912 1367 4974 ostendit,
1387 4912 1478 4964 sed
1504 4911 1621 4964 haec
1648 4924 1767 4964 esse
1797 4928 1822 4962 ει
1853 4910 2036 4977 simili,

456 5020 577 5058 cum
618 5003 761 5057 aliud
790 5004 881 5070 sit,
913 5003 1158 5059 oratione
1194 5004 1486 5070 concludit,
1533 5012 1589 5056 ut
1632 5018 1752 5056 cum
1782 5002 2038 5070 quaeritur

458 5095 581 5162 quid
604 5095 671 5148 sit
699 5095 945 5163 accipere
965 5096 1149 5163 utique
1194 5109 1253 5150 re
1280 5096 1517 5164 propria,
1545 5108 1689 5158 vera,
1715 5100 1881 5157 certa,
1906 5091 2039 5147 nihil

456 5189 601 5239 aliud
621 5196 705 5241 est
732 5186 832 5239 nisi
858 5186 1072 5255 propria
1098 5201 1260 5241 manu
1280 5186 1482 5255 aliquid
1506 5185 1574 5239 ab
1596 5186 1779 5255 aliquo
1798 5184 2037 5240 oblatum

454 5290 691 5331 sumere.
725 5277 826 5331 Per
853 5277 1198 5331 collationem
1229 5277 1299 5330 Μ.
1330 5277 1533 5331 Tullius
1563 5277 1749 5331 definit
1782 5276 2043 5345 pecunias

457 5368 731 5433 accepisse
773 5366 1028 5430 Verrem,
1059 5380 1181 5420 eum
1222 5365 1465 5429 comites,
1506 5371 1644 5419 socii
1699 5366 2038 5433 ministrique

460 5458 717 5527 pecunias
741 5457 1066 5526 acceperint.
1097 5456 1335 5511 Comites
1364 5458 1458 5522 illi,
1488 5458 1681 5526 inquit,
1717 5456 1793 5511 tui
1849 5471 2040 5511 manus

459 5558 612 5606 erant
644 5558 773 5602 tute.
792 5549 923 5602 item
955 5549 1011 5602 in
1040 5549 1150 5603 alio
1178 5549 1423 5617 exemplo
1472 5563 1593 5603 cum
1624 5548 1883 5617 quaeritur
1913 5548 2043 5616 quid

460 5643 533 5696 sit
559 5640 833 5708 inimicus,
859 5639 1089 5696 dicimus
1119 5638 1391 5695 inimicum
1418 5653 1538 5695 esse
1561 5654 1687 5693 eum
1720 5639 1811 5707 qui
1837 5639 2043 5706 aliquid

462 5735 585 5790 mali
614 5734 832 5787 molitus
857 5732 961 5796 sit;
992 5745 1055 5786 ac
1098 5730 1289 5786 (licem
1334 5730 1625 5786 collatione
1673 5740 1830 5785 utens
1872 5729 2040 5786 dicit:

463 5830 714 5886 inimicus
740 5838 823 5882 est
849 5826 937 5896 qui
964 5826 1095 5882 facit
1119 5834 1305 5882 eutttra
1341 5828 1582 5881 omnium
1610 5840 1752 5890 rem,
1803 5823 2045 5879 Volunta-

461 5936 593 6007 ψη,
618 5926 900 6002 unum,
933 5920 1270 5994 dignitatem.
1295 5921 1373 5979 Ea
1399 5919 1593 6010 quibus
1619 5918 1918 6009 colligimus
1938 5916 2043 5975 itu-

2143 4716 2438 4773 rationibus
2460 4712 2825 4782 snpponendis
2849 4710 2969 4764 talis
3009 4709 3173 4763 dictio
3206 4706 3475 4777 componi,
3512 4719 3629 4759 cum
3666 4704 3724 4756 ῆς

2145 4807 2267 4861 dem
2317 4805 2455 4859 alius
2482 4810 2682 4866 servet,
2719 4800 2947 4855 infidelis
2974 4800 3042 4853 sit
3085 4798 3241 4852 alius.
3276 4797 3425 4851 Nulla
3465 4793 3724 4848 dubitatio

2144 4908 2227 4955 est
2253 4900 2382 4968 quin
2411 4895 2498 4951 tali
2526 4896 2703 4948 animo
2724 4904 2877 4961 prout
2934 4893 3072 4947 inter
3100 4906 3158 4945 se
3178 4889 3352 4945 allecti
3383 4885 3582 4941 inimici
3607 4897 3725 4940 esse

2146 4993 2457 5048 credantur.
2488 4990 2614 5044 Item
2650 4986 2897 5054 religioso
2942 4985 3057 5040 viro
3099 4983 3430 5053 irreligiosus
3474 4976 3726 5031 inimicus

2146 5097 2252 5145 est.
2284 5086 2406 5140 Alia
2434 5098 2562 5153 ergo
2604 5083 2651 5137 si
2692 5097 2758 5135 ex
2788 5080 3015 5136 diversis
3056 5077 3247 5131 Studiis
3283 5086 3335 5131 et
3364 5069 3726 5127 voluntatibus

2150 5179 2423 5249 supposita
2473 5174 2804 5237 dicerentur,
2853 5168 2972 5226 sola
3014 5174 3157 5221 esset
3209 5160 3559 5238 approbatio,
3618 5171 3726 5210 non

2144 5276 2307 5330 etiam
2339 5270 2589 5327 deductio
2616 5265 2831 5337 generis
2861 5263 2910 5315 iu
2943 5258 3209 5328 speciem;
3245 5265 3300 5309 at
3329 5268 3449 5308 cum
3480 5265 3620 5306 nunc
3655 5250 3724 5331 ita

2148 5369 2380 5424 nectitur
2411 5362 2572 5416 dictio
2596 5401 2611 5426 ,
2644 5358 2800 5412 titleut
2845 5353 3234 5406 sanctissimam
3278 5349 3329 5403 in
3373 5348 3474 5400 vita
3503 5345 3589 5413 qui
3622 5359 3724 5412 pu-

2154 5467 2263 5520 tat,
2294 5455 2605 5521 religionem
2636 5446 2912 5501 coleudatn
2944 5456 3063 5497 esse
3092 5440 3448 5503 existimatis,
3481 5437 3596 5490 sine
3627 5434 3725 5517 tiu-

2154 5551 2243 5605 bio
2272 5544 2517 5601 inimicus
2543 5550 2628 5596 est
2657 5541 2706 5594 ei
2734 5537 2824 5607 qui
2850 5539 2967 5589 fana
2994 5533 3281 5603 spoliavit,
3318 5530 3495 5585 omnia
3528 5522 3722 5595 templa

2149 5638 2402 5700 violavit,
2432 5633 2655 5688 delubra
2686 5629 2894 5699 polluit.
2922 5626 3018 5681 llic
3048 5625 3208 5681 etiam
3240 5623 3425 5679 Verris
3459 5621 3597 5676 idem
3644 5616 3726 5672 fa-

2147 5742 2291 5788 ctum
2321 5727 2390 5783 de
2416 5742 2524 5797 quo
2553 5722 2808 5793 quieritur
2862 5718 2937 5776 ita
2977 5717 3279 5789 specialiter
3321 5715 3625 5769 continetur
3670 5718 3726 5765 et

2147 5821 2458 5884 includitur,
2489 5824 2545 5874 ut
2570 5814 2729 5872 simul
2757 5826 2877 5870 cum
2908 5811 3293 5883 approbatione
3325 5819 3379 5863 et
3405 5804 3726 5860 deductione

2144 5914 2358 5999 βοθθτίδ
2386 5910 2443 5970 λη
2468 5909 2705 5992 {Daciam
2730 5907 2978 5977 clausum
3003 5912 3281 5969 teneatur;
3307 5908 3428 5972 post
3477 5892 3735 5983 adiungi-
