4290 6272
596 469 697 526 895

1811 460 1923 516 AN.
1965 458 2172 515 MANL.
2215 458 2364 514 SEV.
2410 458 2627 516 ΒΟΕΤΙΙ

3765 457 3865 513 896

595 595 698 650 tur,
732 596 785 639 ut
812 580 1075 647 diximus,
1104 579 1399 635 destructio
1423 578 1760 635 dimnitionis
1785 588 2028 632 adversa:
2056 590 2179 646 par-
2204 577 2258 638 Α
2286 577 2435 631 color
2476 592 2645 645 genus
2689 586 2773 632 est
2814 578 2879 633 ad
2931 578 3032 633 hoc
3078 578 3143 634 de
3188 594 3290 648 quo
3322 592 3505 650 qua-r0
3527 619 3542 642 ,
3575 577 3751 633 album
3783 579 3865 634 vel

594 686 697 751 tis,
731 680 825 736 sed
859 695 951 749 per
982 677 1386 733 concessionem
1409 716 1424 742 ,
1471 675 1521 731 id
1562 683 1645 729 est
1688 673 1940 728 similium
1965 712 1989 739 ,η
2021 687 2087 726 an
2131 671 2175 726 si

593 784 780 835 contra
808 788 921 829 rem
950 786 1125 828 meam
1156 770 1373 827 fecisset
1405 768 1659 839 injuriam
1691 768 1883 837 aliquis
1905 806 1919 829 .
1958 764 2081 835 jure
2126 765 2179 821 ei

593 886 680 926 me
709 867 985 922 inimicum
1030 879 1150 921 esse
1199 861 1524 933 proﬁterer?
1570 860 1842 915 Ponamus
1885 857 2043 927 igitur
2084 856 2179 911 ad-

594 976 760 1016 versm
806 959 973 1031 partis
1018 957 1397 1013 dil‘linitionem
1446 952 1972 1009 talemzlnimicitite
2017 959 2177 1017 sunt,

594 1068 712 1111 eum
744 1058 931 1108 contra
963 1065 1075 1106 rem
1122 1063 1294 1103 meam
1333 1057 1423 1101 aut
1468 1044 1597 1101 fecit
1640 1043 1865 1113 aliquis,
1912 1051 2002 1096 aut
2042 1042 2179 1097 dixit

504 1200 508 1207 .
595 1148 865 1219 iniuriam.
903 1146 1049 1201 lianc
1078 1142 1458 1199 diltiuitionem
1489 1140 1568 1193 sic
1590 1138 1819 1194 destruit
1848 1135 1919 1191 Ill.
1947 1135 2174 1202 Tullius,

598 1251 654 1298 ut
679 1253 938 1296 concesso
968 1253 1033 1293 eo
1063 1234 1203 1307 quod
1237 1235 1306 1289 ita
1336 1242 1420 1289 est
1447 1231 1732 1287 difﬁnitum
1755 1271 1770 1296 ,
1823 1231 2173 1286 nihilominus

596 1343 650 1390 ct
676 1332 785 1386 alio
816 1333 973 1384 modo
1003 1327 1112 1381 sint
1142 1324 1436 1380 inimicitia:
1455 1364 1472 1389 ,
1500 1338 1622 1379 cum
1647 1321 1837 1391 aliquis
1870 1320 2024 1376 faciat
2050 1336 2180 1378 cun-

597 1434 675 1480 tra
704 1422 942 1477 omnium
969 1433 1106 1481 rem,
1136 1418 1394 1472 honorem
1416 1423 1471 1471 et
1493 1414 1826 1484 dignitatem.
1852 1413 1999 1469 Talis
2019 1415 2180 1484 igitur

595 1526 809 1582 semper
834 1512 971 1565 circa
1007 1508 1333 1563 rhetoricam
1374 1505 1752 1562 domuitionem
1810 1521 1905 1575 per
1936 1507 2177 1561 membra

594 1617 825 1680 quatuor
852 1614 1075 1660 testetur
1101 1603 1273 1658 oratio
1306 1616 1321 1655 :
1354 1611 1410 1655 ut
1438 1600 1509 1654 sit
1545 1599 1829 1662 difﬁnitio,
1863 1598 2178 1668 approbatio

594 1698 947 1763 difliuitionis,
970 1695 1223 1750 deductio
1249 1690 1582 1747 deliuitionis
1603 1691 1668 1745 ad
1691 1692 1925 1761 speciem
1945 1733 1959 1756 ,
1983 1692 2178 1749 deinde

593 1802 861 1864 postrema
890 1786 1186 1843 destructio
1213 1783 1553 1839 dil'ilnitionis
1581 1785 1748 1853 partis
1775 1782 2049 1849 adverse;
2082 1783 2177 1840 sed

592 1883 709 1941 haec
739 1893 861 1952 apta
893 1879 1209 1940 rhetoricis,
1245 1892 1351 1932 non
1377 1875 1539 1931 etiam
1571 1874 1908 1945 philosophis
1938 1890 2060 1930 esse
2092 1876 2171 1930 Vl-

2281 669 2491 737 nigrutn
2514 711 2529 735 ,
2565 669 2676 739 jam
2709 670 3078 725 substantialis
3107 672 3210 727 erit
3238 669 3487 725 diiﬁnitio
3528 686 3648 739 qua:
3685 670 3866 742 incipit

2282 777 2312 815 a
2339 776 2539 831 genere
2563 804 2577 827 ,
2612 771 2667 817 et
2696 763 2774 817 sic
2805 773 2999 818 caetera
3029 765 3320 822 connectit.
3350 763 3476 820 Haec
3504 764 3866 819 substantialis

2282 868 2399 909 esse
2424 854 2655 922 dicetur,
2692 864 2745 910 et
2776 855 2888 910 bazc
2920 857 3130 927 propria
3152 898 3169 923 ,
3198 868 3252 911 et
3284 857 3397 912 haec
3428 858 3653 926 integra.
3686 859 3807 913 Hme
3836 875 3864 914 a

2284 945 2617 1015 ριιὶῑοεοιιιιίδ
2654 948 2904 1016 probata,
2942 950 3011 1004 ita
3045 961 3097 1004 ut
3128 949 3237 1004 alio
3267 950 3426 1004 modo
3456 951 3591 1005 farta
3621 951 3867 1006 difliuitio

2290 1053 2563 1109 nunquam
2595 1054 2716 1095 esse
2742 1041 2979 1108 dicatur;
3014 1058 3198 1098 verum
3225 1058 3254 1096 a
3283 1043 3599 1114 quihusdam
3643 1046 3744 1100 huc
3775 1060 3867 1099 noo

2286 1146 2406 1186 men
2444 1132 2606 1187 etiam
2634 1132 2702 1186 ad
2732 1134 2831 1188 alia
2864 1150 2984 1204 quae
3012 1135 3120 1189 alio
3148 1135 3307 1191 modo
3334 1135 3693 1199 dilliuinntnr.
3723 1151 3869 1205 saepe

2288 1225 2625 1282 transfertur.
2652 1226 2791 1294 Ergo
2816 1227 2930 1282 hanc
2948 1229 3315 1284 Sttbstantialis
3334 1229 3580 1285 difliuitio
3601 1244 3629 1282 a
3650 1229 3717 1283 Μ.
3737 1228 3867 1284 Ttil-

2287 1316 2361 1373 lio
2389 1319 2467 1373 sic
2495 1320 2812 1389 explicatur.
2854 1320 3116 1391 Oportere
3158 1338 3255 1377 nos
3296 1325 3469 1392 po.~ito
3505 1339 3702 1394 genere
3744 1323 3864 1394 ejus

2288 1413 2364 1468 rei
2395 1411 2464 1467 de
2491 1430 2593 1482 qua
2621 1415 2898 1484 quaeritur.
2921 1414 3246 1485 subjungere
3270 1417 3507 1486 species,
3537 1428 3593 1471 ut
3618 1418 3719 1471 alia
3745 1432 3865 1485 qua

2288 1507 2464 1563 vicina
2493 1523 2614 1563 esse
2664 1510 2870 1578 possint
2909 1508 3157 1564 discretis
3200 1510 3666 1564 conmuniouibus
3704 1524 3861 1579 sepa-

2285 1613 2503 1666 remus,
2533 1609 2581 1653 et
2618 1600 2798 1654 tandiu
2844 1601 3250 1669 iuterponamus
3290 1600 3657 1659 diiierentias.
3698 1616 3861 1671 quan-

2285 1690 2375 1746 diu
2406 1692 2470 1748 ad
2505 1693 2777 1763 proprium
2810 1693 2926 1763 ejus
2967 1693 3034 1749 de
3078 1709 3185 1763 quo
3223 1693 3486 1762 qureritur
3517 1693 3720 1763 signata
3750 1694 3861 1763 ejus

2284 1784 2632 1853 expressinne
2665 1784 2960 1839 veniamus.
2991 1784 3108 1855 Ipse
3150 1786 3203 1840 in
3234 1784 3448 1853 Topicis
3468 1783 3711 1853 exempla
3735 1785 3860 1837 subt-

2280 1874 2430 1945 jecit.
2484 1875 2590 1931 Nos
2636 1893 2764 1932 vero
2795 1892 2862 1932 ne
2895 1877 2986 1932 ﬁat
3015 1878 3067 1932 in
3113 1877 3375 1947 exemplis
3417 1876 3602 1932 lectori
3639 1891 3701 1931 ex
3742 1876 3861 1945 jura

592 1977 767 2033 detur.
811 1975 903 2031 llla
942 1983 1121 2029 autem
1162 1987 1283 2042 quae
1326 1968 1766 2041 phil050pborum
1812 1971 2025 2040 propria
2054 1982 2174 2039 est,
2209 1962 2258 2025 Β
2284 1968 2559 2035 conlusio,
2616 1970 2715 2025 hoc
2770 1985 3131 2041 proponamus
3178 1971 3483 2040 exemplum
3518 1987 3534 2025 :
3583 1969 3739 2025 homo
3778 1977 3859 2025 est

592 2073 752 2127 etiam
783 2067 1094 2123 oratoribus
1122 2063 1375 2121 convenit
1415 2077 1641 2132 eamque
1668 2061 1802 2129 sibi,
1833 2072 1887 2119 et
1913 2062 1978 2117 ad
2011 2074 2178 2120 mate-

592 2164 726 2221 riam
759 2177 947 2225 suam,
989 2170 1045 2216 et
1082 2158 1149 2214 ad
1193 2156 1426 2227 propriae
1469 2164 1847 2210 ornamentum
1889 2154 2173 2223 dictionis,

592 2254 833 2324 adjuugit
862 2261 1065 2308 orator.
1098 2248 1288 2305 Omnia
1316 2247 1458 2301 enim
1493 2254 1642 2301 recte
1701 2254 1883 2300 orator
1924 2247 2176 2316 exprimit

590 2362 711 2417 qua:
742 2354 864 2399 sunt
894 2344 949 2398 in
994 2340 1224 2397 dicendo
1268 2337 1731 2409 philosophorum.
1776 2335 1908 2391 Nam
1950 2345 2006 2393 et
2049 2353 2175 2394 vero

590 2438 762 2493 utitur
809 2442 1171 2506 argumento,
1224 2431 1365 2501 quod
1419 2439 1501 2485 est
1554 2426 1995 2499 philosophorum
2048 2444 2173 2499 pro-

590 2529 798 2602 prium,
836 2528 1002 2583 utitur
1030 2525 1194 2580 etiam
1228 2522 1557 2577 necessario.
1606 2520 1674 2574 At
1700 2531 1888 2575 contra
1934 2520 2171 2589 philoso-

591 2621 731 2692 phus
776 2619 830 2673 in
881 2614 1335 2686 disputatiunibus
1381 2612 1613 2682 propriis
1657 2611 1933 2667 rhetorum
1983 2621 2172 2666 cuncta

589 2712 952 2773 condemnat,
985 2721 1160 2777 neque
1187 2706 1330 2761 enim
1359 2704 1600 2775 adjungit
1628 2702 1913 2781 aliquando
1941 2703 2174 2775 signum,

542 2790 547 2795 ’
591 2819 767 2876 neque
795 2802 937 2875 quod
968 2799 1232 2857 credibile
1262 2798 1480 2864 dicitur,
1515 2807 1571 2852 et
1595 2811 1755 2851 omne
1787 2796 2058 2866 probabile
2087 2812 2178 2866 pe-

495 2946 511 2956 .
588 2900 732 2956 nitus
758 2914 789 2953 a
821 2898 1017 2953 virtute
1046 2896 1127 2951 sui
1159 2892 1430 2950 sermonis
1455 2889 1714 2946 excludit.
1752 2890 1892 2961 Ergo
1927 2889 2177 2946 diflinitio

589 3010 709 3066 quas
751 3002 833 3049 est
884 2990 1329 3064 philosophorum
1381 2987 1594 3059 propria
1669 2986 1719 3040 in
1785 2985 1948 3041 rebus
1993 2984 2175 3053 expri-

589 3087 799 3146 mendis
826 3099 945 3158 quae
985 3084 1219 3155 explicat
1259 3081 1384 3153 qttid
1429 3083 1530 3147 sit,
1573 3079 1729 3147 quale
1770 3078 1873 3144 sit,
1916 3077 2175 3148 quemad-

589 3177 811 3234 modum
854 3176 1112 3232 membris
1143 3174 1257 3231 suis
1285 3181 1535 3229 constare
1561 3171 1787 3239 debeat,
1817 3184 2167 3240 exponemus.

589 3269 949 3326 Difﬁuitiones
980 3284 1100 3325 esse
1134 3266 1391 3336 principia
1436 3263 1744 3334 disputandi
1793 3271 1848 3318 et
1888 3276 2049 3332 supra
2089 3264 2173 3317 di-

2286 2063 2486 2117 auimal
2518 2063 2817 2129 rationale,
2849 2063 3075 2119 mortale
3096 2102 3111 2128 ,
3143 2072 3411 2118 terrenum
3435 2104 3451 2131 ,
3495 2062 3647 2131 bipes
3668 2100 3685 2127 ,
3725 2061 3860 2117 risus

2283 2171 2476 2225 capax.
2510 2157 2726 2213 Animal
2758 2174 2883 2212 cum
2926 2157 3127 2212 dictum
3173 2167 3255 2213 est
3292 2156 3589 2212 substantia
3636 2155 3860 2212 hominis

2283 2253 2552 2309 declarata
2578 2264 2679 2308 est.
2708 2253 2802 2309 Est
2831 2254 2974 2308 enim
2994 2294 3011 2316 ,
3038 2263 3093 2307 ut
3118 2267 3278 2322 supra
3308 2251 3569 2317 diximus.
3592 2250 3658 2306 ad
3690 2248 3857 2306 homi-

2285 2364 2405 2402 nem
2438 2361 2607 2417 genus
2638 2348 2854 2412 animal,
2899 2362 3058 2401 omne
3089 2357 3265 2401 autem
3300 2360 3464 2410 genus
3509 2344 3702 2415 speciei
3743 2359 3854 2399 suae

2286 2439 2653 2494 substantialis
2683 2448 2770 2493 est
2796 2438 3117 2503 declaratio;
3144 2437 3238 2493 sed
3271 2437 3356 2490 hic
3386 2436 3576 2491 animal
3601 2437 3721 2505 quia
3752 2436 3853 2492 lata

2285 2530 2517 2599 patebat,
2547 2529 2755 2599 adjecta
2782 2530 2992 2601 species
3020 2538 3103 2583 est
3131 2541 3397 2583 terrenum
3416 2570 3429 2589 ,
3451 2527 3557 2597 jam
3584 2526 3856 2587 exclusum

2283 2630 2397 2682 est,
2429 2620 2571 2691 quod
2600 2630 2689 2674 aut
2721 2636 2935 2675 aereum
2964 2628 3045 2675 est
3068 2660 3081 2683 ,
3114 2630 3205 2674 aut
3236 2619 3530 2674 humidum.
3560 2618 3715 2688 Bipes
3738 2633 3858 2673 vers

2286 2725 2500 2784 propter
2549 2715 2649 2767 alia
2705 2713 2954 2767 animalia
3006 2712 3234 2782 positum
3283 2721 3369 2767 est
3429 2728 3549 2781 qua:
3623 2710 3879 2782 plurimis‘

2286 2805 2509 2875 pedibus
2537 2805 2856 2859 innituntur.
2901 2803 3032 2860 Item
3077 2805 3337 2860 rationale
3384 2813 3602 2875 promer
3631 2803 3717 2858 illa
3746 2818 3861 2873 qua)

2291 2897 2495 2949 ratione
2525 2905 2708 2965 egent.
2744 2894 2965 2951 Mortale
2994 2903 3172 2951 autem
3206 2904 3424 2965 propter
3454 2893 3506 2949 id
3538 2892 3677 2965 quod
3725 2893 3861 2953 Deus

2288 2996 2391 3041 est.
2445 2987 2649 3051 Quibus
2723 2986 2972 3042 omnibus
3025 2986 3346 3042 animalibus
3408 3003 3528 3059 qua:
3572 2990 3860 3049 convenire

2286 3088 2535 3150 poterant
2592 3079 2659 3135 ad
2703 3080 2975 3147 superiora
3034 3082 3086 3136 in
3117 3082 3360 3136 oratione
3405 3083 3575 3152 posita
3618 3082 3859 3143 discretis

2282 3184 2442 3241 atque
2486 3173 2732 3236 seclusis.
2764 3173 3033 3244 adjettutu
3075 3184 3157 3229 est
3198 3178 3469 3245 proprium
3496 3175 3547 3228 iu
3576 3186 3727 3243 parte
3770 3189 3857 3245 po-

2280 3272 2513 3331 strema,
2562 3274 2646 3320 est
2688 3264 2832 3320 enim
2876 3266 3049 3320 solum
3098 3266 3330 3321 hominis
3372 3267 3513 3336 quod
3558 3268 3717 3322 ridet.
3770 3267 3856 3323 Sic

587 3363 796 3427 ximus,
825 3370 880 3416 et
909 3360 979 3416 M.
1013 3361 1221 3415 Tullius
1252 3358 1472 3427 probat,
1506 3366 1617 3411 tum
1649 3358 1699 3410 in
1733 3354 1962 3425 dialogis
1991 3355 2168 3410 omui-
2203 3344 2248 3407 C
2281 3357 2516 3428 perfecta
2555 3360 2701 3414 omni
2744 3376 2808 3413 ex
2855 3370 3006 3428 parte
3052 3359 3305 3415 dilliuitio
3348 3372 3431 3416 est
3477 3361 3541 3415 ad
3591 3361 3855 3419 hominem

590 3452 723 3516 bus,
754 3461 862 3505 tum
893 3451 1052 3506 etiam
1084 3451 1138 3505 in
1177 3466 1243 3505 eo
1284 3450 1423 3505 libro
1465 3448 1555 3518 qui
1595 3448 1795 3517 Topica
1837 3448 2165 3514 inscribitur,

587 3542 641 3598 in
693 3558 798 3611 quo
847 3542 1003 3597 docet
1054 3542 1286 3609 primum
1338 3551 1779 3608 argumentorum
1824 3542 2001 3593 locum
2046 3556 2167 3597 esse

586 3632 963 3689 dil'lluitionem
985 3672 1001 3697 ,
1035 3629 1137 3685 ltoc
1161 3640 1239 3685 est
1260 3670 1276 3694 ,
1302 3646 1333 3685 a
1365 3638 1477 3683 toto
1497 3671 1511 3695 ,
1544 3631 1628 3685 cui
1660 3631 1777 3685 loco
1805 3633 1894 3701 qui
1922 3635 2165 3703 appella-

586 3734 671 3779 tur
699 3738 729 3777 a
762 3732 872 3777 toto
904 3720 1208 3776 necessario
1232 3719 1533 3775 adhibenda
1564 3732 1647 3777 est
1676 3721 1959 3789 dillinitio,
2006 3738 2061 3780 ut
2092 3727 2163 3783 ita

584 3816 880 3886 argumenti
908 3815 1057 3870 locus
1082 3829 1111 3867 a
1143 3822 1256 3868 toto
1284 3815 1352 3868 sit
1379 3810 1649 3871 dilt‘tnitio.
1683 3816 1850 3870 Porro
1871 3858 1886 3882 ,
1920 3828 2163 3890 ut’supra

584 3909 673 3965 dix
697 3922 845 3973 mus,
892 3904 1193 3976 explicandi
1239 3908 1535 3975 argumenti
1579 3906 1776 3977 quoda
1806 3916 1916 3962 toto
1968 3920 2051 3964 est
2094 3911 2171 3967 di-

584 4001 723 4056 citur
750 3998 1022 4053 diltinitio.
1056 3996 1197 4067 Ergo
1226 3995 1510 4067 praeceptis
1534 4006 1588 4051 et
1616 3996 2019 4054 dialecticorum
2050 4002 2163 4070 phi-

586 4090 1041 4161 losophorumque
1070 4088 1308 4145 omnium
1341 4087 1470 4143 illud
1516 4098 1701 4145 tenere
1731 4089 1989 4148 debemus
2010 4134 2025 4159 ,
2058 4110 2163 4150 non

582 4201 703 4242 esse
741 4185 1151 4253 dil‘liuitionem,
1198 4184 1297 4239 nisi
1343 4183 1512 4238 solam
1556 4200 1677 4250 quae
1715 4184 1767 4239 in
1811 4199 1875 4241 ea
1904 4201 1962 4240 re
2002 4201 2163 4257 quam

586 4280 809 4335 delinire
838 4280 1085 4334 volumus
1108 4322 1122 4346 ,
1157 4276 1305 4346 prius
1332 4292 1493 4345 quam
1532 4276 1649 4347 ejus
1687 4278 1764 4332 rei
1804 4293 1925 4333 esse
1965 4280 2165 4335 intelli-

580 4374 756 4445 gimus
776 4418 791 4442 ,
824 4373 1063 4428 declaret
1090 4380 1253 4441 atque
1281 4370 1533 4427 OSteudat
1562 4373 1938 4428 substantiam.
1968 4374 2080 4429 Hoc
2108 4384 2167 4431 ut
2210 4421 2217 4427 .

582 4468 822 4537 apertius
868 4465 979 4529 liat,
1023 4462 1338 4519 docebimus
1384 4463 1579 4517 nullam
1626 4477 1747 4518 esse
1789 4462 2161 4520 dillinitiouem

582 4568 806 4622 certam,
836 4557 1123 4627 integram,
1155 4555 1579 4626 approbaudam,
1614 4554 1715 4609 nisi
1744 4570 1860 4611 eam
1890 4572 2047 4624 quam
2077 4558 2158 4613 di-

581 4662 706 4707 cunt
734 4650 1042 4720 philosophi
1070 4649 1509 4713 substantialem,
1553 4648 1741 4704 Graece
1780 4650 2026 4713 οὐσιῶδης
2070 4667 2161 4721 ap-

2277 3451 2682 3520 declaraudum,
2714 3468 2858 3520 cum,
2894 3454 3065 3523 posito
3096 3469 3313 3523 genere,
3352 3455 3583 3510 exclusis
3612 3456 3856 3511 omnibus

2276 3561 2373 3614 per
2402 3545 2738 3602 diaerentias
2780 3565 2900 3619 qua:
2946 3558 3196 3618 poterant
3241 3551 3571 3615 convenire,
3619 3550 3685 3605 ad
3738 3564 3854 3619 pro-

2276 3638 2557 3706 prietatem
2586 3639 2702 3709 ejus
2758 3640 2825 3695 de
2856 3656 2962 3710 quo
2991 3643 3332 3710 quaerebatur
3378 3642 3618 3714 pervenit
3656 3643 3849 3697 oratio.

2259 3730 2450 3800 'Atque
2478 3732 2580 3787 hoc
2614 3744 2937 3804 praeceptum
2970 3736 3269 3790 Tullianum
3299 3745 3414 3806 est,
3450 3752 3690 3807 eousque
3729 3752 3851 3793 eum

2273 3823 2363 3893 qui
2394 3822 2622 3879 dil‘liuiat
2650 3826 2895 3881 oratione
2950 3828 3294 3897 interponere
3340 3840 3395 3883 et
3433 3829 3667 3897 adjicere
3705 3826 3850 3884 diﬂ‘e-

2276 3918 2476 3974 rentias
2520 3929 2803 3985 ottortere,
2843 3936 3124 3993 quousque
3187 3922 3252 3977 ad
3299 3923 3677 3992 proprietatem
3733 3939 3850 3993 qua:

2268 4010 2377 4078 jam
2420 4014 2720 4067 communis
2760 4029 2880 4069 esse
2924 4029 3027 4091 non
3084 4008 3268 4084 possit
3326 4030 3505 4070 sermo
3549 4017 3841 4085 perveniat.

2277 4102 2473 4159 Verum
2495 4107 2814 4161 Aristoteles
2838 4106 3211 4166 diliinitiouem
3242 4108 3529 4177 petfectam
3558 4120 3612 4164 et
3643 4110 3848 4180 plenam

2272 4196 2347 4250 ait
2377 4198 2671 4253 c0nsistere
2700 4215 2765 4253 ex
2810 4214 3008 4268 genere
3047 4211 3103 4255 et
3145 4200 3485 4256 diilerentiis.
3534 4202 3608 4257 Ex
3653 4218 3849 4271 genera

2272 4290 2431 4344 etiam
2461 4300 2511 4343 et
2540 4290 2852 4345 dilferentiis
2882 4291 2982 4348 hoc
3009 4292 3150 4347 idem
3194 4307 3291 4347 nos
3333 4309 3494 4360 supra
3533 4293 3848 4359 docuimus,

2270 4396 2390 4434 cum
2445 4380 2756 4445 interposita
2810 4384 3024 4449 species
3089 4383 3393 4440 dill‘erentia
3435 4400 3528 4439 sua
3589 4383 3687 4439 alia
3731 4401 3848 4455 qua

2272 4483 2493 4542 possunt
2535 4488 2655 4527 esse
2703 4474 3009 4531 consimilia
3056 4488 3352 4546 separaret.
3399 4476 3626 4542 Quidam
3674 4488 3848 4535 tamen

2267 4563 2536 4618 cautiores
2592 4565 2966 4637 plenioresque
3004 4568 3055 4624 in
3097 4556 3345 4625 docendo
3393 4568 3727 4624 diftinitionis
3771 4570 3847 4639 ip-

2270 4656 2383 4713 sius
2413 4672 2516 4723 qna
2549 4656 2564 4710 i
2594 4657 2837 4722 quaedam
2882 4660 3123 4715 membra
3161 4661 3525 4729 constituunt,
3567 4660 3847 4730 dicuntque

582 4717 831 4814 pellatur.
876 4717 1013 4810 Quid
1045 4750 1224 4797 autem
1272 4741 1628 4797 substantiale
1672 4742 1775 4807 sit,
1816 4743 1943 4796 alibi
1984 4744 2159 4812 expli-
2187 4717 2241 4779 θ
2267 4761 2384 4801 eam
2439 4746 2735 4816 perlectam
2788 4750 3170 4808 dil‘linitiouem
3227 4754 3382 4808 istam
3430 4717 3590 4822 quam
3644 4717 3847 4823 appello

579 4835 834 4891 cundum.
898 4833 975 4889 Ad
1024 4833 1390 4903 cognitionem
1447 4833 1660 4887 interitu
1722 4833 1849 4888 illud
1900 4835 2160 4902 accedat,

585 4927 794 4998 quoties
826 4926 893 4981 de
921 4926 1100 4992 aliquo
1129 4924 1388 4993 quaeritur
1412 4924 1539 4992 quid
1568 4925 1671 4988 sit,
1704 4932 1829 4979 tunc
1857 4940 2017 4995 posse
2043 4944 2164 4984 esse

576 5029 780 5075 certam
810 5032 873 5072 ac
904 5014 1316 5071 subSIantialem
1346 5013 1725 5069 dil‘linitionem
1745 5056 1760 5081 ,
1792 5018 2003 5086 quoties
2044 5018 2162 5088 ejus

576 5110 653 5167 rei
680 5110 746 5164 de
775 5123 879 5178 qua
907 5107 1189 5177 quaeritur,
1222 5113 1278 5158 ut
1305 5104 1556 5171 diximus,
1592 5119 1763 5175 genus
1791 5106 2038 5175 ponimus
2064 5149 2078 5174 ,
2108 5120 2162 5164 et

576 5205 701 5261 inde
740 5215 934 5259 caetera
976 5216 1071 5271 per
1112 5198 1440 5255 differentias
1480 5201 1532 5254 iu
1575 5199 1819 5255 oratione
1864 5200 2154 5273 subjungi-

576 5312 716 5354 mus.
762 5298 877 5353 Non
922 5296 1153 5352 alienum
1203 5293 1410 5349 videtur
1451 5293 1758 5362 exemplum
1807 5308 2048 5363 ponere,
2104 5306 2157 5353 et

574 5393 655 5450 sic
691 5393 756 5448 ad
797 5393 1005 5462 reliqua
1033 5406 1151 5461 quae
1177 5401 1303 5445 sunt
1334 5390 1559 5444 obscura
1594 5388 1846 5446 transire.
1890 5388 2159 5455 Quaeritur

575 5484 737 5541 homo
764 5486 889 5556 quid
921 5487 1021 5551 sit,
1056 5484 1176 5539 huic
1214 5485 1395 5553 utique
1435 5497 1602 5553 genus
1640 5490 1724 5537 est
1767 5482 1984 5538 animal.
2023 5485 2154 5541 Cum

574 5578 738 5648 igitur
774 5580 827 5632 in
863 5575 1181 5632 dillinitione
1217 5589 1336 5646 quae
1373 5573 1654 5644 explicabo
1688 5574 1813 5645 quid
1852 5574 1924 5631 sit
1964 5576 2153 5643 homo,

572 5672 771 5726 animal
814 5671 1037 5739 dixero,
1077 5686 1140 5726 ac
1177 5669 1374 5726 deinde
1419 5671 1621 5742 reliqua
1662 5679 2011 5735 connectam,
2055 5671 2157 5725 erit

574 5762 946 5819 substantialis
992 5763 1265 5818 dilllnitio.
1317 5762 1680 5819 Substantiam
1732 5762 1873 5817 enim
1922 5761 2154 5817 hominis

574 5850 851 5909 declaravi
875 5866 997 5909 cum
1028 5853 1137 5908 dixi
1168 5852 1384 5910 animal.
1415 5852 1544 5911 Item
1570 5868 1691 5907 cum
1722 5868 1903 5924 quaero
1932 5851 2057 5925 quid
2086 5853 2154 5911 sit

587 5943 766 6002 album
799 5953 889 6000 aut
921 5946 1136 6013 nigrum
1156 5985 1174 6012 ,
1202 5946 1247 6004 sl
1278 5946 1463 6004 dixero
1491 5947 1669 6006 album
1697 5955 1780 6007 est
1818 5948 1985 6020 color,
2031 5950 2152 6021 quia

2266 4840 2677 4895 substantialem
2712 4856 2776 4897 es
2808 4843 3043 4912 quinque
3076 4844 3316 4913 partibus
3341 4886 3355 4910 ,
3390 4846 3439 4900 id
3468 4855 3551 4901 est
3574 4886 3589 4909 ,
3624 4861 3847 4915 genere,

2266 4932 2458 4998 Specie
2480 4973 2495 4997 ,
2529 4932 2829 4988 dili’erentia
2851 4976 2866 5002 ,
2909 4935 3191 4997 accidenti.
3230 4937 3469 5006 proprio,
3499 4938 3697 4994 debere
3724 4952 3846 4994 con-

2277 5023 2492 5078 sistere.
2580 5024 2687 5079 Sed
2767 5027 3014 5081 accidens
3064 5028 3117 5082 in
3170 5028 3487 5084 difﬁnitinue
3553 5032 3846 5100 minimum,

2270 5119 2553 5184 proprium
2601 5119 2885 5183 plurimum
2933 5121 3096 5175 valet.
3128 5122 3192 5177 Et
3222 5133 3367 5179 recte
3392 5123 3606 5193 quidem
3634 5139 3697 5180 ac
3726 5140 3847 5186 vera

2273 5207 2378 5261 ista
2415 5221 2871 5278 commemorant,
2917 5228 3016 5268 nec
3047 5214 3217 5269 aliena
3239 5254 3254 5279 ,
3292 5224 3383 5269 aut
3413 5231 3443 5270 a
3482 5216 3725 5287 principe
3760 5216 3847 5271 ba-

2275 5315 2403 5355 rum
2442 5302 2639 5356 artium
2670 5305 2960 5361 Aristotele
2981 5348 2996 5373 ,
3028 5314 3121 5361 aut
3144 5323 3173 5361 a
3201 5306 3268 5361 Μ.
3304 5306 3477 5363 Tullio
3503 5309 3593 5379 qui
3629 5308 3700 5364 de
3739 5310 3848 5366 istis

2279 5404 2560 5465 praecepta
2589 5397 2922 5452 tradiderunt
2946 5399 3229 5468 judicanda
3272 5410 3415 5456 sunt.
3452 5401 3675 5457 Constat
3710 5402 3849 5464 enim

2284 5485 2368 5541 his
2410 5488 2649 5559 quinque
2699 5492 2939 5559 partibus
2985 5492 3149 5547 veluti
3198 5494 3454 5550 membris
3498 5495 3610 5549 suis
3648 5495 3848 5564 integra

2280 5577 2568 5643 difﬁnitio;
2604 5596 2789 5635 verum
2813 5593 2868 5637 et
2894 5582 3231 5653 Aristoteles,
3250 5586 3302 5639 in
3333 5584 3484 5640 libris
3509 5584 3847 5656 quosTOpica

2275 5670 2604 5741 appellavit,
2655 5672 2844 5727 docuit
2891 5673 3018 5740 quid
3068 5689 3237 5744 genus
3278 5676 3383 5745 sit,
3431 5676 3557 5745 quid
3606 5679 3843 5750 species,

2285 5763 2413 5834 quid
2444 5763 2737 5820 diﬂ’erentia
2758 5806 2774 5833 ,
2805 5768 2930 5837 quid
2972 5770 3245 5840 proprium
3266 5813 3282 5841 ,
3320 5782 3374 5826 et
3412 5771 3539 5841 quid
3577 5772 3840 5827 accidens.

2286 5853 2353 5909 Et
2383 5854 2596 5925 plurimi
2629 5862 2889 5928 praeterea
2919 5857 3220 5930 philosopr
3264 5860 3415 5916 libris
3441 5861 3554 5915 suis
3583 5860 3841 5931 complexi

2278 5944 2468 6007 barum
2519 5948 2624 6007 vim
2671 5961 2849 6013 rerum
2898 5959 2947 6009 et
2988 5952 3279 6023 potentiam
3330 5952 3686 6015 declararunt.
3736 5951 3844 6016 Not
