  <div class='ocr_page' id='page_1' title='image "/cluster/home/n/w/nwhite01/storage/ocr_20150623/64/hvd.32044073505265/454.png"; bbox 0 0 4290 6272; ppageno 0'>
   <div class='ocr_carea' id='block_1_1' title="bbox 412 380 509 440">
    <p class='ocr_par' dir='ltr' id='par_1_1' title="bbox 412 380 509 440">
     <span class='ocr_line' id='line_1_1' title="bbox 412 380 509 440; baseline -0.021 0"><span class='ocrx_word' id='word_1_1' title='bbox 412 380 509 440; x_wconf 79' lang='grc'><strong>39³1</strong></span> 
     </span>
    </p>
   </div>
   <div class='ocr_carea' id='block_1_2' title="bbox 1626 377 2469 439">
    <p class='ocr_par' dir='ltr' id='par_1_2' title="bbox 1626 377 2469 439">
     <span class='ocr_line' id='line_1_2' title="bbox 1626 377 2469 439; baseline -0.005 0"><span class='ocrx_word' id='word_1_2' title='bbox 1626 377 1823 439; x_wconf 77' lang='lat' dir='ltr'><strong>LIBER</strong></span> <span class='ocrx_word' id='word_1_3' title='bbox 1870 381 1955 436; x_wconf 82' lang='lat' dir='ltr'><strong>DE</strong></span> <span class='ocrx_word' id='word_1_4' title='bbox 1998 379 2469 439; x_wconf 75' lang='lat' dir='ltr'><strong>DIFFINITIONE.</strong></span> 
     </span>
    </p>
   </div>
   <div class='ocr_carea' id='block_1_3' title="bbox 2690 308 2737 317">
    <p class='ocr_par' dir='ltr' id='par_1_3' title="bbox 2690 308 2737 317">
     <span class='ocr_line' id='line_1_3' title="bbox 2690 308 2737 317; baseline -0.021 0"><span class='ocrx_word' id='word_1_5' title='bbox 2690 308 2737 317; x_wconf 72' lang='grc'><strong>..-</strong></span> 
     </span>
    </p>
   </div>
   <div class='ocr_carea' id='block_1_4' title="bbox 3590 378 3692 435">
    <p class='ocr_par' dir='ltr' id='par_1_4' title="bbox 3590 378 3692 435">
     <span class='ocr_line' id='line_1_4' title="bbox 3590 378 3692 435; baseline 0 0"><span class='ocrx_word' id='word_1_6' title='bbox 3590 378 3692 435; x_wconf 66' lang='grc' dir='ltr'><strong>8Εὲ</strong></span> 
     </span>
    </p>
   </div>
   <div class='ocr_carea' id='block_1_5' title="bbox 413 491 3690 570">
    <p class='ocr_par' dir='ltr' id='par_1_5' title="bbox 413 491 3690 570">
     <span class='ocr_line' id='line_1_5' title="bbox 413 491 3690 570; baseline -0.002 -17"><span class='ocrx_word' id='word_1_7' title='bbox 413 499 532 570; x_wconf 75' lang='lat' dir='ltr'><strong>quia</strong></span> <span class='ocrx_word' id='word_1_8' title='bbox 558 500 671 569; x_wconf 86' lang='lat' dir='ltr'><strong>jam</strong></span> <span class='ocrx_word' id='word_1_9' title='bbox 704 512 813 555; x_wconf 90' lang='lat' dir='ltr'><strong>uno</strong></span> <span class='ocrx_word' id='word_1_10' title='bbox 846 497 985 555; x_wconf 87' lang='lat' dir='ltr'><strong>libro</strong></span> <span class='ocrx_word' id='word_1_11' title='bbox 1014 505 1070 556; x_wconf 87' lang='lat' dir='ltr'><strong>et</strong></span> <span class='ocrx_word' id='word_1_12' title='bbox 1098 497 1167 554; x_wconf 91' lang='lat' dir='ltr'><strong>de</strong></span> <span class='ocrx_word' id='word_1_13' title='bbox 1194 497 1278 553; x_wconf 87' lang='lat' dir='ltr'><strong>his</strong></span> <span class='ocrx_word' id='word_1_14' title='bbox 1312 498 1546 569; x_wconf 89' lang='lat' dir='ltr'><strong>quinque</strong></span> <span class='ocrx_word' id='word_1_15' title='bbox 1585 500 1748 552; x_wconf 84' lang='lat' dir='ltr'><strong>rebus</strong></span> <span class='ocrx_word' id='word_1_16' title='bbox 1786 499 1988 568; x_wconf 86' lang='lat' dir='ltr'><strong>ptenis-</strong></span> <span class='ocrx_word' id='word_1_17' title='bbox 2019 498 2071 558; x_wconf 76' lang='grc' dir='ltr'><strong>Α</strong></span> <span class='ocrx_word' id='word_1_18' title='bbox 2097 510 2225 549; x_wconf 73' lang='lat' dir='ltr'><strong>unm</strong></span> <span class='ocrx_word' id='word_1_19' title='bbox 2257 504 2433 549; x_wconf 89' lang='lat' dir='ltr'><strong>autem</strong></span> <span class='ocrx_word' id='word_1_20' title='bbox 2476 494 2613 547; x_wconf 80' lang='lat' dir='ltr'><strong>ultra</strong></span> <span class='ocrx_word' id='word_1_21' title='bbox 2642 492 2783 563; x_wconf 88' lang='lat' dir='ltr'><strong>quod</strong></span> <span class='ocrx_word' id='word_1_22' title='bbox 2839 494 3081 551; x_wconf 89' lang='lat' dir='ltr'><strong>debitum</strong></span> <span class='ocrx_word' id='word_1_23' title='bbox 3120 499 3203 549; x_wconf 88' lang='lat' dir='ltr'><strong>est</strong></span> <span class='ocrx_word' id='word_1_24' title='bbox 3253 491 3501 559; x_wconf 75' lang='lat' dir='ltr'><strong>facimus,</strong></span> <span class='ocrx_word' id='word_1_25' title='bbox 3550 506 3690 563; x_wconf 78' lang='lat' dir='ltr'><strong>pra:-</strong></span> 
     </span>
    </p>
   </div>
   <div class='ocr_carea' id='block_1_6' title="bbox 416 588 1989 660">
    <p class='ocr_par' dir='ltr' id='par_1_6' title="bbox 416 588 1989 660">
     <span class='ocr_line' id='line_1_6' title="bbox 416 588 1989 660; baseline -0.003 -14"><span class='ocrx_word' id='word_1_26' title='bbox 416 591 545 646; x_wconf 81' lang='lat' dir='ltr'><strong>titne</strong></span> <span class='ocrx_word' id='word_1_27' title='bbox 573 590 995 659; x_wconf 76' lang='lat' dir='ltr'><strong>disputavimus,</strong></span> <span class='ocrx_word' id='word_1_28' title='bbox 1028 606 1094 647; x_wconf 91' lang='lat' dir='ltr'><strong>ne</strong></span> <span class='ocrx_word' id='word_1_29' title='bbox 1122 606 1211 647; x_wconf 89' lang='lat' dir='ltr'><strong>res</strong></span> <span class='ocrx_word' id='word_1_30' title='bbox 1240 589 1316 645; x_wconf 87' lang='lat' dir='ltr'><strong>rei</strong></span> <span class='ocrx_word' id='word_1_31' title='bbox 1348 588 1658 660; x_wconf 83' lang='lat' dir='ltr'><strong>interposita</strong></span> <span class='ocrx_word' id='word_1_32' title='bbox 1688 588 1989 643; x_wconf 88' lang='lat' dir='ltr'><strong>obscurita-</strong></span> 
     </span>
    </p>
   </div>
   <div class='ocr_carea' id='block_1_7' title="bbox 417 682 1991 756">
    <p class='ocr_par' dir='ltr' id='par_1_7' title="bbox 417 682 1991 756">
     <span class='ocr_line' id='line_1_7' title="bbox 417 682 1991 756; baseline -0.003 -17"><span class='ocrx_word' id='word_1_33' title='bbox 417 682 519 739; x_wconf 68' lang='lat' dir='ltr'><strong>tem</strong></span> <span class='ocrx_word' id='word_1_34' title='bbox 546 684 750 756; x_wconf 85' lang='lat' dir='ltr'><strong>pariat,</strong></span> <span class='ocrx_word' id='word_1_35' title='bbox 783 693 875 739; x_wconf 90' lang='lat' dir='ltr'><strong>aut</strong></span> <span class='ocrx_word' id='word_1_36' title='bbox 896 683 1037 739; x_wconf 90' lang='lat' dir='ltr'><strong>dicta</strong></span> <span class='ocrx_word' id='word_1_37' title='bbox 1065 691 1393 753; x_wconf 72' lang='lat' dir='ltr'><strong>repetamus,</strong></span> <span class='ocrx_word' id='word_1_38' title='bbox 1424 682 1681 737; x_wconf 77' lang='lat' dir='ltr'><strong>lecturem</strong></span> <span class='ocrx_word' id='word_1_39' title='bbox 1709 682 1773 736; x_wconf 90' lang='lat' dir='ltr'><strong>ad</strong></span> <span class='ocrx_word' id='word_1_40' title='bbox 1801 682 1991 736; x_wconf 89' lang='lat' dir='ltr'><strong>librum</strong></span> 
     </span>
    </p>
   </div>
   <div class='ocr_carea' id='block_1_8' title="bbox 418 775 1992 851">
    <p class='ocr_par' dir='ltr' id='par_1_8' title="bbox 418 775 1992 851">
     <span class='ocr_line' id='line_1_8' title="bbox 418 775 1992 851; baseline 0 -22"><span class='ocrx_word' id='word_1_41' title='bbox 418 780 505 851; x_wconf 88' lang='lat' dir='ltr'><strong>qui</strong></span> <span class='ocrx_word' id='word_1_42' title='bbox 531 775 646 849; x_wconf 85' lang='lat' dir='ltr'><strong>jam</strong></span> <span class='ocrx_word' id='word_1_43' title='bbox 677 779 909 849; x_wconf 86' lang='lat' dir='ltr'><strong>scriptus</strong></span> <span class='ocrx_word' id='word_1_44' title='bbox 938 786 1054 844; x_wconf 87' lang='lat' dir='ltr'><strong>cst,</strong></span> <span class='ocrx_word' id='word_1_45' title='bbox 1084 776 1128 830; x_wconf 90' lang='lat' dir='ltr'><strong>si</strong></span> <span class='ocrx_word' id='word_1_46' title='bbox 1156 775 1309 830; x_wconf 85' lang='lat' dir='ltr'><strong>adest</strong></span> <span class='ocrx_word' id='word_1_47' title='bbox 1337 775 1384 829; x_wconf 92' lang='lat' dir='ltr'><strong>ei</strong></span> <span class='ocrx_word' id='word_1_48' title='bbox 1418 775 1700 846; x_wconf 78' lang='lat' dir='ltr'><strong>indigentia</strong></span> <span class='ocrx_word' id='word_1_49' title='bbox 1720 817 1735 841; x_wconf 91' lang='lat'><strong>,</strong></span> <span class='ocrx_word' id='word_1_50' title='bbox 1778 776 1857 830; x_wconf 89' lang='lat' dir='ltr'><strong>ire</strong></span> <span class='ocrx_word' id='word_1_51' title='bbox 1898 789 1992 829; x_wconf 89' lang='lat' dir='ltr'><strong>vo-</strong></span> 
     </span>
    </p>
   </div>
   <div class='ocr_carea' id='block_1_9' title="bbox 416 866 1994 938">
    <p class='ocr_par' dir='ltr' id='par_1_9' title="bbox 416 866 1994 938">
     <span class='ocr_line' id='line_1_9' title="bbox 416 866 1994 938; baseline -0.003 -13"><span class='ocrx_word' id='word_1_52' title='bbox 416 869 628 932; x_wconf 86' lang='lat' dir='ltr'><strong>lumus.</strong></span> <span class='ocrx_word' id='word_1_53' title='bbox 674 888 813 927; x_wconf 86' lang='lat' dir='ltr'><strong>nunc</strong></span> <span class='ocrx_word' id='word_1_54' title='bbox 855 870 958 926; x_wconf 87' lang='lat' dir='ltr'><strong>sibi</strong></span> <span class='ocrx_word' id='word_1_55' title='bbox 995 884 1102 924; x_wconf 90' lang='lat' dir='ltr'><strong>non</strong></span> <span class='ocrx_word' id='word_1_56' title='bbox 1145 883 1267 923; x_wconf 90' lang='lat' dir='ltr'><strong>esse</strong></span> <span class='ocrx_word' id='word_1_57' title='bbox 1306 866 1693 936; x_wconf 88' lang='lat' dir='ltr'><strong>impedimento</strong></span> <span class='ocrx_word' id='word_1_58' title='bbox 1735 868 1875 938; x_wconf 91' lang='lat' dir='ltr'><strong>quod</strong></span> <span class='ocrx_word' id='word_1_59' title='bbox 1906 867 1994 921; x_wconf 90' lang='lat' dir='ltr'><strong>hic</strong></span> 
     </span>
    </p>
   </div>
   <div class='ocr_carea' id='block_1_10' title="bbox 418 958 1994 1038">
    <p class='ocr_par' dir='ltr' id='par_1_10' title="bbox 418 958 1994 1038">
     <span class='ocr_line' id='line_1_10' title="bbox 418 958 1994 1038; baseline -0.006 -19"><span class='ocrx_word' id='word_1_60' title='bbox 418 965 839 1038; x_wconf 74' lang='lat' dir='ltr'><strong>praetermissum</strong></span> <span class='ocrx_word' id='word_1_61' title='bbox 893 971 1011 1029; x_wconf 91' lang='lat' dir='ltr'><strong>est,</strong></span> <span class='ocrx_word' id='word_1_62' title='bbox 1068 959 1477 1015; x_wconf 74' lang='lat' dir='ltr'><strong>animadvertat.</strong></span> <span class='ocrx_word' id='word_1_63' title='bbox 1534 958 1589 1012; x_wconf 90' lang='lat' dir='ltr'><strong>Id</strong></span> <span class='ocrx_word' id='word_1_64' title='bbox 1638 960 1779 1014; x_wconf 92' lang='lat' dir='ltr'><strong>enim</strong></span> <span class='ocrx_word' id='word_1_65' title='bbox 1834 959 1994 1014; x_wconf 88' lang='lat' dir='ltr'><strong>etiam</strong></span> 
     </span>
    </p>
   </div>
   <div class='ocr_carea' id='block_1_11' title="bbox 419 1052 1998 1124">
    <p class='ocr_par' dir='ltr' id='par_1_11' title="bbox 419 1052 1998 1124">
     <span class='ocr_line' id='line_1_11' title="bbox 419 1052 1998 1124; baseline -0.004 -12"><span class='ocrx_word' id='word_1_66' title='bbox 419 1057 527 1112; x_wconf 88' lang='lat' dir='ltr'><strong>illis</strong></span> <span class='ocrx_word' id='word_1_67' title='bbox 572 1058 823 1111; x_wconf 89' lang='lat' dir='ltr'><strong>omnibus</strong></span> <span class='ocrx_word' id='word_1_68' title='bbox 863 1054 1090 1124; x_wconf 73' lang='lat' dir='ltr'><strong>cognitis</strong></span> <span class='ocrx_word' id='word_1_69' title='bbox 1134 1068 1199 1107; x_wconf 76' lang='lat' dir='ltr'><strong>ex</strong></span> <span class='ocrx_word' id='word_1_70' title='bbox 1244 1061 1632 1122; x_wconf 79' lang='lat' dir='ltr'><strong>praeceptorum</strong></span> <span class='ocrx_word' id='word_1_71' title='bbox 1677 1052 1998 1106; x_wconf 79' lang='lat' dir='ltr'><strong>necessitate</strong></span> 
     </span>
    </p>
   </div>
   <div class='ocr_carea' id='block_1_12' title="bbox 419 1146 2002 1205">
    <p class='ocr_par' dir='ltr' id='par_1_12' title="bbox 419 1146 2002 1205">
     <span class='ocr_line' id='line_1_12' title="bbox 419 1146 2002 1205; baseline -0.003 -1"><span class='ocrx_word' id='word_1_72' title='bbox 419 1149 685 1205; x_wconf 72' lang='lat' dir='ltr'><strong>retinebit.</strong></span> <span class='ocrx_word' id='word_1_73' title='bbox 720 1150 773 1203; x_wconf 95' lang='lat' dir='ltr'><strong>lu</strong></span> <span class='ocrx_word' id='word_1_74' title='bbox 811 1150 1053 1203; x_wconf 86' lang='lat' dir='ltr'><strong>oratione</strong></span> <span class='ocrx_word' id='word_1_75' title='bbox 1096 1146 1194 1202; x_wconf 85' lang='lat' dir='ltr'><strong>ista</strong></span> <span class='ocrx_word' id='word_1_76' title='bbox 1236 1147 1569 1201; x_wconf 86' lang='lat' dir='ltr'><strong>substantiali</strong></span> <span class='ocrx_word' id='word_1_77' title='bbox 1612 1146 1794 1201; x_wconf 89' lang='lat' dir='ltr'><strong>tandiu</strong></span> <span class='ocrx_word' id='word_1_78' title='bbox 1837 1146 2002 1199; x_wconf 83' lang='lat' dir='ltr'><strong>inter-</strong></span> 
     </span>
    </p>
   </div>
   <div class='ocr_carea' id='block_1_13' title="bbox 417 1237 1999 1309">
    <p class='ocr_par' dir='ltr' id='par_1_13' title="bbox 417 1237 1999 1309">
     <span class='ocr_line' id='line_1_13' title="bbox 417 1237 1999 1309; baseline 0.001 -20"><span class='ocrx_word' id='word_1_79' title='bbox 417 1253 615 1309; x_wconf 79' lang='lat' dir='ltr'><strong>ponere</strong></span> <span class='ocrx_word' id='word_1_80' title='bbox 646 1240 902 1295; x_wconf 78' lang='lat' dir='ltr'><strong>debemus</strong></span> <span class='ocrx_word' id='word_1_81' title='bbox 932 1239 1144 1308; x_wconf 88' lang='lat' dir='ltr'><strong>species</strong></span> <span class='ocrx_word' id='word_1_82' title='bbox 1172 1248 1225 1291; x_wconf 88' lang='lat' dir='ltr'><strong>et</strong></span> <span class='ocrx_word' id='word_1_83' title='bbox 1265 1238 1597 1293; x_wconf 82' lang='lat' dir='ltr'><strong>differentias</strong></span> <span class='ocrx_word' id='word_1_84' title='bbox 1634 1237 1868 1307; x_wconf 90' lang='lat' dir='ltr'><strong>quandiu</strong></span> <span class='ocrx_word' id='word_1_85' title='bbox 1911 1252 1999 1291; x_wconf 93' lang='lat' dir='ltr'><strong>se-</strong></span> 
     </span>
    </p>
   </div>
   <div class='ocr_carea' id='block_1_14' title="bbox 418 1330 2003 1401">
    <p class='ocr_par' dir='ltr' id='par_1_14' title="bbox 418 1330 2003 1401">
     <span class='ocr_line' id='line_1_14' title="bbox 418 1330 2003 1401; baseline -0.004 -14"><span class='ocrx_word' id='word_1_86' title='bbox 418 1331 582 1387; x_wconf 81' lang='lat' dir='ltr'><strong>clusis</strong></span> <span class='ocrx_word' id='word_1_87' title='bbox 608 1331 861 1386; x_wconf 89' lang='lat' dir='ltr'><strong>omnibus</strong></span> <span class='ocrx_word' id='word_1_88' title='bbox 887 1346 1007 1401; x_wconf 63' lang='lat' dir='ltr'><strong>quae</strong></span> <span class='ocrx_word' id='word_1_89' title='bbox 1039 1332 1138 1385; x_wconf 91' lang='lat' dir='ltr'><strong>hoc</strong></span> <span class='ocrx_word' id='word_1_90' title='bbox 1183 1330 1322 1384; x_wconf 89' lang='lat' dir='ltr'><strong>idem</strong></span> <span class='ocrx_word' id='word_1_91' title='bbox 1356 1345 1475 1384; x_wconf 81' lang='lat' dir='ltr'><strong>esse</strong></span> <span class='ocrx_word' id='word_1_92' title='bbox 1505 1337 1744 1396; x_wconf 82' lang='lat' dir='ltr'><strong>possunt,</strong></span> <span class='ocrx_word' id='word_1_93' title='bbox 1788 1342 1853 1382; x_wconf 90' lang='lat' dir='ltr'><strong>eo</strong></span> <span class='ocrx_word' id='word_1_94' title='bbox 1882 1342 2003 1395; x_wconf 84' lang='lat' dir='ltr'><strong>per-</strong></span> 
     </span>
    </p>
   </div>
   <div class='ocr_carea' id='block_1_15' title="bbox 418 1421 2003 1493">
    <p class='ocr_par' dir='ltr' id='par_1_15' title="bbox 418 1421 2003 1493">
     <span class='ocr_line' id='line_1_15' title="bbox 418 1421 2003 1493; baseline -0.003 -14"><span class='ocrx_word' id='word_1_95' title='bbox 418 1426 680 1488; x_wconf 64' lang='lat' dir='ltr'><strong>Veniatur,</strong></span> <span class='ocrx_word' id='word_1_96' title='bbox 723 1434 781 1479; x_wconf 87' lang='lat' dir='ltr'><strong>ut</strong></span> <span class='ocrx_word' id='word_1_97' title='bbox 822 1428 1119 1493; x_wconf 70' lang='lat' dir='ltr'><strong>proprietas</strong></span> <span class='ocrx_word' id='word_1_98' title='bbox 1155 1424 1263 1493; x_wconf 91' lang='lat' dir='ltr'><strong>jam</strong></span> <span class='ocrx_word' id='word_1_99' title='bbox 1305 1434 1449 1478; x_wconf 90' lang='lat' dir='ltr'><strong>certa</strong></span> <span class='ocrx_word' id='word_1_100' title='bbox 1482 1431 1741 1477; x_wconf 87' lang='lat' dir='ltr'><strong>teneatur.</strong></span> <span class='ocrx_word' id='word_1_101' title='bbox 1773 1422 1841 1475; x_wconf 81' lang='grc' dir='ltr'><strong>Μ.</strong></span> <span class='ocrx_word' id='word_1_102' title='bbox 1874 1421 2003 1475; x_wconf 91' lang='lat' dir='ltr'><strong>Tul-</strong></span> 
     </span>
    </p>
   </div>
   <div class='ocr_carea' id='block_1_16' title="bbox 420 1513 2006 1587">
    <p class='ocr_par' dir='ltr' id='par_1_16' title="bbox 420 1513 2006 1587">
     <span class='ocr_line' id='line_1_16' title="bbox 420 1513 2006 1587; baseline -0.003 -16"><span class='ocrx_word' id='word_1_103' title='bbox 420 1513 520 1572; x_wconf 88' lang='lat' dir='ltr'><strong>lius</strong></span> <span class='ocrx_word' id='word_1_104' title='bbox 572 1517 625 1571; x_wconf 93' lang='lat' dir='ltr'><strong>in</strong></span> <span class='ocrx_word' id='word_1_105' title='bbox 656 1516 873 1585; x_wconf 82' lang='lat' dir='ltr'><strong>Topicis</strong></span> <span class='ocrx_word' id='word_1_106' title='bbox 921 1517 1008 1587; x_wconf 86' lang='lat' dir='ltr'><strong>jus</strong></span> <span class='ocrx_word' id='word_1_107' title='bbox 1063 1517 1221 1571; x_wconf 85' lang='lat' dir='ltr'><strong>civile</strong></span> <span class='ocrx_word' id='word_1_108' title='bbox 1272 1516 1444 1570; x_wconf 90' lang='lat' dir='ltr'><strong>voluit</strong></span> <span class='ocrx_word' id='word_1_109' title='bbox 1492 1516 1757 1582; x_wconf 91' lang='lat' dir='ltr'><strong>difﬁnire,</strong></span> <span class='ocrx_word' id='word_1_110' title='bbox 1809 1523 1894 1577; x_wconf 88' lang='lat' dir='ltr'><strong>et,</strong></span> <span class='ocrx_word' id='word_1_111' title='bbox 1949 1521 2006 1567; x_wconf 93' lang='lat' dir='ltr'><strong>ut</strong></span> 
     </span>
    </p>
   </div>
   <div class='ocr_carea' id='block_1_17' title="bbox 423 1607 2003 1679">
    <p class='ocr_par' dir='ltr' id='par_1_17' title="bbox 423 1607 2003 1679">
     <span class='ocr_line' id='line_1_17' title="bbox 423 1607 2003 1679; baseline -0.003 -14"><span class='ocrx_word' id='word_1_112' title='bbox 423 1609 658 1679; x_wconf 83' lang='lat' dir='ltr'><strong>oportuit</strong></span> <span class='ocrx_word' id='word_1_113' title='bbox 682 1651 695 1673; x_wconf 93' lang='lat'><strong>,</strong></span> <span class='ocrx_word' id='word_1_114' title='bbox 726 1610 891 1677; x_wconf 84' lang='lat' dir='ltr'><strong>coepit</strong></span> <span class='ocrx_word' id='word_1_115' title='bbox 920 1625 948 1663; x_wconf 93' lang='lat' dir='ltr'><strong>a</strong></span> <span class='ocrx_word' id='word_1_116' title='bbox 979 1625 1174 1679; x_wconf 80' lang='lat' dir='ltr'><strong>genere</strong></span> <span class='ocrx_word' id='word_1_117' title='bbox 1201 1627 1212 1661; x_wconf 91' lang='lat'>:</span> <span class='ocrx_word' id='word_1_118' title='bbox 1247 1607 1380 1663; x_wconf 75' lang='lat' dir='ltr'><strong>dixit</strong></span> <span class='ocrx_word' id='word_1_119' title='bbox 1417 1608 1561 1663; x_wconf 91' lang='lat' dir='ltr'><strong>enim</strong></span> <span class='ocrx_word' id='word_1_120' title='bbox 1610 1608 1660 1662; x_wconf 92' lang='lat' dir='ltr'><strong>iu</strong></span> <span class='ocrx_word' id='word_1_121' title='bbox 1706 1607 1966 1676; x_wconf 90' lang='lat' dir='ltr'><strong>principio</strong></span> <span class='ocrx_word' id='word_1_122' title='bbox 1988 1647 2003 1671; x_wconf 94' lang='lat'><strong>,</strong></span> 
     </span>
    </p>
   </div>
   <div class='ocr_carea' id='block_1_18' title="bbox 424 1701 2006 1774">
    <p class='ocr_par' dir='ltr' id='par_1_18' title="bbox 424 1701 2006 1774">
     <span class='ocr_line' id='line_1_18' title="bbox 424 1701 2006 1774; baseline -0.003 -14"><span class='ocrx_word' id='word_1_123' title='bbox 424 1702 516 1761; x_wconf 74' lang='lat' dir='ltr'><strong>lus</strong></span> <span class='ocrx_word' id='word_1_124' title='bbox 543 1702 700 1760; x_wconf 80' lang='lat' dir='ltr'><strong>civile</strong></span> <span class='ocrx_word' id='word_1_125' title='bbox 729 1713 809 1759; x_wconf 85' lang='lat' dir='ltr'><strong>est</strong></span> <span class='ocrx_word' id='word_1_126' title='bbox 836 1705 1061 1774; x_wconf 69' lang='lat' dir='ltr'><strong>azquitas</strong></span> <span class='ocrx_word' id='word_1_127' title='bbox 1080 1743 1095 1769; x_wconf 94' lang='lat'><strong>,</strong></span> <span class='ocrx_word' id='word_1_128' title='bbox 1126 1706 1223 1757; x_wconf 90' lang='lat' dir='ltr'><strong>hoc</strong></span> <span class='ocrx_word' id='word_1_129' title='bbox 1250 1703 1385 1772; x_wconf 78' lang='lat' dir='ltr'><strong>juris</strong></span> <span class='ocrx_word' id='word_1_130' title='bbox 1413 1716 1581 1771; x_wconf 87' lang='lat' dir='ltr'><strong>genus</strong></span> <span class='ocrx_word' id='word_1_131' title='bbox 1608 1708 1710 1756; x_wconf 90' lang='lat' dir='ltr'><strong>est.</strong></span> <span class='ocrx_word' id='word_1_132' title='bbox 1743 1701 1845 1756; x_wconf 89' lang='lat' dir='ltr'><strong>Sed</strong></span> <span class='ocrx_word' id='word_1_133' title='bbox 1877 1716 2006 1771; x_wconf 83' lang='lat' dir='ltr'><strong>quo-</strong></span> 
     </span>
    </p>
   </div>
   <div class='ocr_carea' id='block_1_19' title="bbox 425 1794 2007 1863">
    <p class='ocr_par' dir='ltr' id='par_1_19' title="bbox 425 1794 2007 1863">
     <span class='ocr_line' id='line_1_19' title="bbox 425 1794 2007 1863; baseline -0.003 -13"><span class='ocrx_word' id='word_1_134' title='bbox 425 1795 566 1850; x_wconf 83' lang='lat' dir='ltr'><strong>niam</strong></span> <span class='ocrx_word' id='word_1_135' title='bbox 599 1795 787 1850; x_wconf 87' lang='lat' dir='ltr'><strong>eadem</strong></span> <span class='ocrx_word' id='word_1_136' title='bbox 818 1794 1044 1863; x_wconf 83' lang='lat' dir='ltr'><strong>aequitas</strong></span> <span class='ocrx_word' id='word_1_137' title='bbox 1076 1808 1213 1848; x_wconf 88' lang='lat' dir='ltr'><strong>nunc</strong></span> <span class='ocrx_word' id='word_1_138' title='bbox 1240 1794 1525 1848; x_wconf 77' lang='lat' dir='ltr'><strong>con~liluta</strong></span> <span class='ocrx_word' id='word_1_139' title='bbox 1571 1803 1685 1857; x_wconf 88' lang='lat' dir='ltr'><strong>est,</strong></span> <span class='ocrx_word' id='word_1_140' title='bbox 1728 1808 1871 1847; x_wconf 91' lang='lat' dir='ltr'><strong>nunc</strong></span> <span class='ocrx_word' id='word_1_141' title='bbox 1916 1808 2007 1846; x_wconf 83' lang='lat' dir='ltr'><strong>na-</strong></span> 
     </span>
    </p>
   </div>
   <div class='ocr_carea' id='block_1_20' title="bbox 2100 582 3696 657">
    <p class='ocr_par' dir='ltr' id='par_1_20' title="bbox 2100 582 3696 657">
     <span class='ocr_line' id='line_1_20' title="bbox 2100 582 3696 657; baseline -0.001 -18"><span class='ocrx_word' id='word_1_142' title='bbox 2100 586 2273 639; x_wconf 84' lang='lat' dir='ltr'><strong>5taudi</strong></span> <span class='ocrx_word' id='word_1_143' title='bbox 2329 584 2701 639; x_wconf 83' lang='lat' dir='ltr'><strong>benevolentia</strong></span> <span class='ocrx_word' id='word_1_144' title='bbox 2743 595 2797 642; x_wconf 87' lang='lat' dir='ltr'><strong>ct</strong></span> <span class='ocrx_word' id='word_1_145' title='bbox 2855 586 3184 657; x_wconf 75' lang='lat' dir='ltr'><strong>benignitate</strong></span> <span class='ocrx_word' id='word_1_146' title='bbox 3235 584 3525 648; x_wconf 85' lang='lat' dir='ltr'><strong>tribuendi,</strong></span> <span class='ocrx_word' id='word_1_147' title='bbox 3579 582 3696 638; x_wconf 74' lang='lat' dir='ltr'><strong>lucc</strong></span> 
     </span>
    </p>
   </div>
   <div class='ocr_carea' id='block_1_21' title="bbox 2100 678 3694 748">
    <p class='ocr_par' dir='ltr' id='par_1_21' title="bbox 2100 678 3694 748">
     <span class='ocr_line' id='line_1_21' title="bbox 2100 678 3694 748; baseline -0.003 -15"><span class='ocrx_word' id='word_1_148' title='bbox 2100 680 2290 733; x_wconf 89' lang='lat' dir='ltr'><strong>merita</strong></span> <span class='ocrx_word' id='word_1_149' title='bbox 2321 687 2712 747; x_wconf 87' lang='lat' dir='ltr'><strong>nuncupantur.</strong></span> <span class='ocrx_word' id='word_1_150' title='bbox 2730 679 3011 733; x_wconf 80' lang='lat' dir='ltr'><strong>Conclusit</strong></span> <span class='ocrx_word' id='word_1_151' title='bbox 3037 678 3194 748; x_wconf 80' lang='lat' dir='ltr'><strong>igitur</strong></span> <span class='ocrx_word' id='word_1_152' title='bbox 3214 688 3503 747; x_wconf 88' lang='lat' dir='ltr'><strong>utrumque</strong></span> <span class='ocrx_word' id='word_1_153' title='bbox 3517 691 3694 748; x_wconf 68' lang='lat' dir='ltr'><strong>genus</strong></span> 
     </span>
    </p>
   </div>
   <div class='ocr_carea' id='block_1_22' title="bbox 2103 770 3696 842">
    <p class='ocr_par' dir='ltr' id='par_1_22' title="bbox 2103 770 3696 842">
     <span class='ocr_line' id='line_1_22' title="bbox 2103 770 3696 842; baseline -0.003 -16"><span class='ocrx_word' id='word_1_154' title='bbox 2103 772 2387 842; x_wconf 61' lang='lat' dir='ltr'><strong>praestandi</strong></span> <span class='ocrx_word' id='word_1_155' title='bbox 2438 787 2557 825; x_wconf 88' lang='lat' dir='ltr'><strong>cum</strong></span> <span class='ocrx_word' id='word_1_156' title='bbox 2591 770 2745 835; x_wconf 78' lang='lat' dir='ltr'><strong>dixit,</strong></span> <span class='ocrx_word' id='word_1_157' title='bbox 2790 771 3021 826; x_wconf 88' lang='lat' dir='ltr'><strong>illustris</strong></span> <span class='ocrx_word' id='word_1_158' title='bbox 3061 781 3114 826; x_wconf 90' lang='lat' dir='ltr'><strong>et</strong></span> <span class='ocrx_word' id='word_1_159' title='bbox 3140 781 3425 842; x_wconf 88' lang='lat' dir='ltr'><strong>pervagata</strong></span> <span class='ocrx_word' id='word_1_160' title='bbox 3452 771 3588 825; x_wconf 85' lang='lat' dir='ltr'><strong>fama</strong></span> <span class='ocrx_word' id='word_1_161' title='bbox 3620 772 3696 822; x_wconf 83' lang='lat' dir='ltr'><strong>fa-</strong></span> 
     </span>
    </p>
   </div>
   <div class='ocr_carea' id='block_1_23' title="bbox 2100 864 3689 937">
    <p class='ocr_par' dir='ltr' id='par_1_23' title="bbox 2100 864 3689 937">
     <span class='ocr_line' id='line_1_23' title="bbox 2100 864 3689 937; baseline 0 -16"><span class='ocrx_word' id='word_1_162' title='bbox 2100 874 2307 921; x_wconf 88' lang='lat' dir='ltr'><strong>ctorum</strong></span> <span class='ocrx_word' id='word_1_163' title='bbox 2339 875 2391 921; x_wconf 92' lang='lat' dir='ltr'><strong>ct</strong></span> <span class='ocrx_word' id='word_1_164' title='bbox 2422 880 2873 937; x_wconf 71' lang='lat' dir='ltr'><strong>prtcmaguorum,</strong></span> <span class='ocrx_word' id='word_1_165' title='bbox 2906 881 3029 920; x_wconf 90' lang='lat' dir='ltr'><strong>cum</strong></span> <span class='ocrx_word' id='word_1_166' title='bbox 3057 864 3110 920; x_wconf 90' lang='lat' dir='ltr'><strong>in</strong></span> <span class='ocrx_word' id='word_1_167' title='bbox 3141 866 3551 932; x_wconf 82' lang='lat' dir='ltr'><strong>rempublicam,</strong></span> <span class='ocrx_word' id='word_1_168' title='bbox 3579 876 3689 921; x_wconf 87' lang='lat' dir='ltr'><strong>tum</strong></span> 
     </span>
    </p>
   </div>
   <div class='ocr_carea' id='block_1_24' title="bbox 2104 957 3696 1013">
    <p class='ocr_par' dir='ltr' id='par_1_24' title="bbox 2104 957 3696 1013">
     <span class='ocr_line' id='line_1_24' title="bbox 2104 957 3696 1013; baseline -0.001 -1"><span class='ocrx_word' id='word_1_169' title='bbox 2104 958 2156 1012; x_wconf 86' lang='lat' dir='ltr'><strong>iii</strong></span> <span class='ocrx_word' id='word_1_170' title='bbox 2180 972 2367 1013; x_wconf 89' lang='lat' dir='ltr'><strong>omnes</strong></span> <span class='ocrx_word' id='word_1_171' title='bbox 2399 961 2547 1013; x_wconf 83' lang='lat' dir='ltr'><strong>cives</strong></span> <span class='ocrx_word' id='word_1_172' title='bbox 2579 958 2714 1011; x_wconf 88' lang='lat' dir='ltr'><strong>fama</strong></span> <span class='ocrx_word' id='word_1_173' title='bbox 2749 958 3083 1012; x_wconf 90' lang='lat' dir='ltr'><strong>meritorum.</strong></span> <span class='ocrx_word' id='word_1_174' title='bbox 3118 957 3193 1012; x_wconf 81' lang='lat' dir='ltr'><strong>Ex</strong></span> <span class='ocrx_word' id='word_1_175' title='bbox 3226 958 3310 1011; x_wconf 88' lang='lat' dir='ltr'><strong>his</strong></span> <span class='ocrx_word' id='word_1_176' title='bbox 3335 958 3583 1013; x_wconf 70' lang='lat' dir='ltr'><strong>omnibus</strong></span> <span class='ocrx_word' id='word_1_177' title='bbox 3612 972 3696 1012; x_wconf 82' lang='lat' dir='ltr'><strong>ar-</strong></span> 
     </span>
    </p>
   </div>
   <div class='ocr_carea' id='block_1_25' title="bbox 2108 1050 3697 1123">
    <p class='ocr_par' dir='ltr' id='par_1_25' title="bbox 2108 1050 3697 1123">
     <span class='ocr_line' id='line_1_25' title="bbox 2108 1050 3697 1123; baseline 0.001 -16"><span class='ocrx_word' id='word_1_178' title='bbox 2108 1053 2277 1107; x_wconf 89' lang='lat' dir='ltr'><strong>bitror</strong></span> <span class='ocrx_word' id='word_1_179' title='bbox 2324 1062 2563 1123; x_wconf 87' lang='lat' dir='ltr'><strong>apertam</strong></span> <span class='ocrx_word' id='word_1_180' title='bbox 2610 1067 2731 1107; x_wconf 85' lang='lat' dir='ltr'><strong>esse</strong></span> <span class='ocrx_word' id='word_1_181' title='bbox 2775 1066 2893 1105; x_wconf 90' lang='lat' dir='ltr'><strong>eam</strong></span> <span class='ocrx_word' id='word_1_182' title='bbox 2952 1050 3351 1119; x_wconf 75' lang='lat' dir='ltr'><strong>diflinitioncm,</strong></span> <span class='ocrx_word' id='word_1_183' title='bbox 3401 1067 3521 1123; x_wconf 68' lang='lat' dir='ltr'><strong>qua:</strong></span> <span class='ocrx_word' id='word_1_184' title='bbox 3573 1052 3697 1109; x_wconf 87' lang='lat' dir='ltr'><strong>sub-</strong></span> 
     </span>
    </p>
   </div>
   <div class='ocr_carea' id='block_1_26' title="bbox 2108 1144 3693 1215">
    <p class='ocr_par' dir='ltr' id='par_1_26' title="bbox 2108 1144 3693 1215">
     <span class='ocr_line' id='line_1_26' title="bbox 2108 1144 3693 1215; baseline -0.001 -16"><span class='ocrx_word' id='word_1_185' title='bbox 2108 1147 2373 1200; x_wconf 81' lang='lat' dir='ltr'><strong>SIantialis</strong></span> <span class='ocrx_word' id='word_1_186' title='bbox 2415 1161 2535 1200; x_wconf 86' lang='lat' dir='ltr'><strong>esse</strong></span> <span class='ocrx_word' id='word_1_187' title='bbox 2566 1146 2745 1214; x_wconf 87' lang='lat' dir='ltr'><strong>debet,</strong></span> <span class='ocrx_word' id='word_1_188' title='bbox 2777 1148 2855 1201; x_wconf 90' lang='lat' dir='ltr'><strong>sic</strong></span> <span class='ocrx_word' id='word_1_189' title='bbox 2900 1160 3021 1201; x_wconf 86' lang='lat' dir='ltr'><strong>esse</strong></span> <span class='ocrx_word' id='word_1_190' title='bbox 3063 1144 3370 1214; x_wconf 85' lang='lat' dir='ltr'><strong>dicendam,</strong></span> <span class='ocrx_word' id='word_1_191' title='bbox 3404 1155 3459 1199; x_wconf 89' lang='lat' dir='ltr'><strong>ut</strong></span> <span class='ocrx_word' id='word_1_192' title='bbox 3499 1160 3693 1215; x_wconf 79' lang='lat' dir='ltr'><strong>propo-</strong></span> 
     </span>
    </p>
   </div>
   <div class='ocr_carea' id='block_1_27' title="bbox 2111 1235 3695 1308">
    <p class='ocr_par' dir='ltr' id='par_1_27' title="bbox 2111 1235 3695 1308">
     <span class='ocr_line' id='line_1_27' title="bbox 2111 1235 3695 1308; baseline -0.002 -15"><span class='ocrx_word' id='word_1_193' title='bbox 2111 1238 2215 1293; x_wconf 84' lang='lat' dir='ltr'><strong>sito</strong></span> <span class='ocrx_word' id='word_1_194' title='bbox 2267 1238 2382 1306; x_wconf 83' lang='lat' dir='ltr'><strong>ejus</strong></span> <span class='ocrx_word' id='word_1_195' title='bbox 2434 1237 2511 1292; x_wconf 89' lang='lat' dir='ltr'><strong>rei</strong></span> <span class='ocrx_word' id='word_1_196' title='bbox 2556 1237 2624 1293; x_wconf 90' lang='lat' dir='ltr'><strong>de</strong></span> <span class='ocrx_word' id='word_1_197' title='bbox 2653 1254 2754 1307; x_wconf 90' lang='lat' dir='ltr'><strong>qua</strong></span> <span class='ocrx_word' id='word_1_198' title='bbox 2787 1238 3043 1308; x_wconf 70' lang='lat' dir='ltr'><strong>qumritur</strong></span> <span class='ocrx_word' id='word_1_199' title='bbox 3078 1252 3297 1307; x_wconf 86' lang='lat' dir='ltr'><strong>genere,</strong></span> <span class='ocrx_word' id='word_1_200' title='bbox 3343 1246 3397 1292; x_wconf 89' lang='lat' dir='ltr'><strong>ct</strong></span> <span class='ocrx_word' id='word_1_201' title='bbox 3426 1235 3695 1304; x_wconf 86' lang='lat' dir='ltr'><strong>adjunctls</strong></span> 
     </span>
    </p>
   </div>
   <div class='ocr_carea' id='block_1_28' title="bbox 2111 1326 3693 1400">
    <p class='ocr_par' dir='ltr' id='par_1_28' title="bbox 2111 1326 3693 1400">
     <span class='ocr_line' id='line_1_28' title="bbox 2111 1326 3693 1400; baseline -0.003 -16"><span class='ocrx_word' id='word_1_202' title='bbox 2111 1330 2392 1400; x_wconf 78' lang='lat' dir='ltr'><strong>Speciebus</strong></span> <span class='ocrx_word' id='word_1_203' title='bbox 2422 1344 2541 1383; x_wconf 86' lang='lat' dir='ltr'><strong>cum</strong></span> <span class='ocrx_word' id='word_1_204' title='bbox 2591 1329 2892 1385; x_wconf 82' lang='lat' dir='ltr'><strong>dill‘erentia</strong></span> <span class='ocrx_word' id='word_1_205' title='bbox 2937 1344 3103 1400; x_wconf 91' lang='lat' dir='ltr'><strong>usque</strong></span> <span class='ocrx_word' id='word_1_206' title='bbox 3134 1328 3199 1383; x_wconf 86' lang='lat' dir='ltr'><strong>ad</strong></span> <span class='ocrx_word' id='word_1_207' title='bbox 3231 1344 3349 1393; x_wconf 75' lang='lat' dir='ltr'><strong>eus</strong></span> <span class='ocrx_word' id='word_1_208' title='bbox 3394 1326 3693 1399; x_wconf 83' lang='lat' dir='ltr'><strong>prepriuin,</strong></span> 
     </span>
    </p>
   </div>
   <div class='ocr_carea' id='block_1_29' title="bbox 2114 1422 3697 1491">
    <p class='ocr_par' dir='ltr' id='par_1_29' title="bbox 2114 1422 3697 1491">
     <span class='ocr_line' id='line_1_29' title="bbox 2114 1422 3697 1491; baseline 0 -13"><span class='ocrx_word' id='word_1_209' title='bbox 2114 1424 2343 1478; x_wconf 87' lang='lat' dir='ltr'><strong>disclusa</strong></span> <span class='ocrx_word' id='word_1_210' title='bbox 2376 1425 2593 1479; x_wconf 89' lang='lat' dir='ltr'><strong>omnino</strong></span> <span class='ocrx_word' id='word_1_211' title='bbox 2623 1425 3019 1491; x_wconf 90' lang='lat' dir='ltr'><strong>communione,</strong></span> <span class='ocrx_word' id='word_1_212' title='bbox 3058 1427 3353 1481; x_wconf 88' lang='lat' dir='ltr'><strong>veniamus.</strong></span> <span class='ocrx_word' id='word_1_213' title='bbox 3384 1424 3461 1480; x_wconf 84' lang='lat' dir='ltr'><strong>Ac</strong></span> <span class='ocrx_word' id='word_1_214' title='bbox 3480 1423 3529 1479; x_wconf 86' lang='lat' dir='ltr'><strong>si</strong></span> <span class='ocrx_word' id='word_1_215' title='bbox 3574 1422 3697 1480; x_wconf 82' lang='lat' dir='ltr'><strong>veli-</strong></span> 
     </span>
    </p>
   </div>
   <div class='ocr_carea' id='block_1_30' title="bbox 2116 1516 3699 1589">
    <p class='ocr_par' dir='ltr' id='par_1_30' title="bbox 2116 1516 3699 1589">
     <span class='ocr_line' id='line_1_30' title="bbox 2116 1516 3699 1589; baseline 0.002 -19"><span class='ocrx_word' id='word_1_216' title='bbox 2116 1532 2234 1572; x_wconf 91' lang='lat' dir='ltr'><strong>mus</strong></span> <span class='ocrx_word' id='word_1_217' title='bbox 2280 1516 2541 1585; x_wconf 81' lang='lat' dir='ltr'><strong>judicium</strong></span> <span class='ocrx_word' id='word_1_218' title='bbox 2593 1519 2706 1573; x_wconf 87' lang='lat' dir='ltr'><strong>veri</strong></span> <span class='ocrx_word' id='word_1_219' title='bbox 2758 1518 3095 1587; x_wconf 55' lang='lat' dir='ltr'><strong>philosophis</strong></span> <span class='ocrx_word' id='word_1_220' title='bbox 3148 1520 3453 1573; x_wconf 84' lang='lat' dir='ltr'><strong>auctoribus</strong></span> <span class='ocrx_word' id='word_1_221' title='bbox 3508 1517 3699 1589; x_wconf 88' lang='lat' dir='ltr'><strong>sequi,</strong></span> 
     </span>
    </p>
   </div>
   <div class='ocr_carea' id='block_1_31' title="bbox 2115 1609 3698 1679">
    <p class='ocr_par' dir='ltr' id='par_1_31' title="bbox 2115 1609 3698 1679">
     <span class='ocr_line' id='line_1_31' title="bbox 2115 1609 3698 1679; baseline 0.001 -16"><span class='ocrx_word' id='word_1_222' title='bbox 2115 1609 2259 1663; x_wconf 90' lang='lat' dir='ltr'><strong>nulla</strong></span> <span class='ocrx_word' id='word_1_223' title='bbox 2291 1610 2495 1663; x_wconf 90' lang='lat' dir='ltr'><strong>dicetur</strong></span> <span class='ocrx_word' id='word_1_224' title='bbox 2534 1610 2635 1663; x_wconf 89' lang='lat' dir='ltr'><strong>alia</strong></span> <span class='ocrx_word' id='word_1_225' title='bbox 2681 1610 2940 1665; x_wconf 90' lang='lat' dir='ltr'><strong>deﬁnitio.</strong></span> <span class='ocrx_word' id='word_1_226' title='bbox 2990 1610 3201 1666; x_wconf 87' lang='lat' dir='ltr'><strong>Etenim</strong></span> <span class='ocrx_word' id='word_1_227' title='bbox 3239 1611 3459 1679; x_wconf 64' lang='lat' dir='ltr'><strong>reliquae</strong></span> <span class='ocrx_word' id='word_1_228' title='bbox 3489 1612 3698 1666; x_wconf 82' lang='lat' dir='ltr'><strong>intelle-</strong></span> 
     </span>
    </p>
   </div>
   <div class='ocr_carea' id='block_1_32' title="bbox 2114 1700 3699 1772">
    <p class='ocr_par' dir='ltr' id='par_1_32' title="bbox 2114 1700 3699 1772">
     <span class='ocr_line' id='line_1_32' title="bbox 2114 1700 3699 1772; baseline 0.001 -17"><span class='ocrx_word' id='word_1_229' title='bbox 2114 1708 2255 1755; x_wconf 86' lang='lat' dir='ltr'><strong>ctum</strong></span> <span class='ocrx_word' id='word_1_230' title='bbox 2290 1702 2463 1769; x_wconf 77' lang='lat' dir='ltr'><strong>potius</strong></span> <span class='ocrx_word' id='word_1_231' title='bbox 2488 1702 2561 1755; x_wconf 89' lang='lat' dir='ltr'><strong>rei</strong></span> <span class='ocrx_word' id='word_1_232' title='bbox 2603 1701 2860 1760; x_wconf 90' lang='lat' dir='ltr'><strong>tribuunt.</strong></span> <span class='ocrx_word' id='word_1_233' title='bbox 2904 1716 3011 1756; x_wconf 87' lang='lat' dir='ltr'><strong>non</strong></span> <span class='ocrx_word' id='word_1_234' title='bbox 3046 1700 3355 1766; x_wconf 87' lang='lat' dir='ltr'><strong>plenissime</strong></span> <span class='ocrx_word' id='word_1_235' title='bbox 3383 1703 3508 1772; x_wconf 88' lang='lat' dir='ltr'><strong>quid</strong></span> <span class='ocrx_word' id='word_1_236' title='bbox 3538 1702 3607 1757; x_wconf 90' lang='lat' dir='ltr'><strong>sit</strong></span> <span class='ocrx_word' id='word_1_237' title='bbox 3636 1715 3699 1757; x_wconf 85' lang='lat' dir='ltr'><strong>ea</strong></span> 
     </span>
    </p>
   </div>
   <div class='ocr_carea' id='block_1_33' title="bbox 2118 1786 3700 1864">
    <p class='ocr_par' dir='ltr' id='par_1_33' title="bbox 2118 1786 3700 1864">
     <span class='ocr_line' id='line_1_33' title="bbox 2118 1786 3700 1864; baseline 0.001 -17"><span class='ocrx_word' id='word_1_238' title='bbox 2118 1807 2204 1847; x_wconf 82' lang='lat' dir='ltr'><strong>res</strong></span> <span class='ocrx_word' id='word_1_239' title='bbox 2246 1794 2479 1847; x_wconf 85' lang='lat' dir='ltr'><strong>adhibita</strong></span> <span class='ocrx_word' id='word_1_240' title='bbox 2527 1793 2771 1848; x_wconf 86' lang='lat' dir='ltr'><strong>oratione</strong></span> <span class='ocrx_word' id='word_1_241' title='bbox 2818 1786 3124 1861; x_wconf 82' lang='lat' dir='ltr'><strong>declarant;</strong></span> <span class='ocrx_word' id='word_1_242' title='bbox 3154 1802 3525 1849; x_wconf 84' lang='lat' dir='ltr'><strong>verumtamen</strong></span> <span class='ocrx_word' id='word_1_243' title='bbox 3567 1809 3700 1864; x_wconf 87' lang='lat' dir='ltr'><strong>quo-</strong></span> 
     </span>
    </p>
   </div>
   <div class='ocr_carea' id='block_1_34' title="bbox 428 1876 3701 1957">
    <p class='ocr_par' dir='ltr' id='par_1_34' title="bbox 428 1876 3701 1957">
     <span class='ocr_line' id='line_1_34' title="bbox 428 1876 3701 1957; baseline -0.002 -14"><span class='ocrx_word' id='word_1_244' title='bbox 428 1887 659 1953; x_wconf 86' lang='lat' dir='ltr'><strong>turalis,</strong></span> <span class='ocrx_word' id='word_1_245' title='bbox 687 1888 775 1954; x_wconf 84' lang='lat' dir='ltr'><strong>jus</strong></span> <span class='ocrx_word' id='word_1_246' title='bbox 802 1900 978 1942; x_wconf 89' lang='lat' dir='ltr'><strong>autem</strong></span> <span class='ocrx_word' id='word_1_247' title='bbox 1010 1886 1167 1941; x_wconf 88' lang='lat' dir='ltr'><strong>civile</strong></span> <span class='ocrx_word' id='word_1_248' title='bbox 1207 1886 1431 1957; x_wconf 66' lang='lat' dir='ltr'><strong>aequitas</strong></span> <span class='ocrx_word' id='word_1_249' title='bbox 1476 1896 1556 1941; x_wconf 89' lang='lat' dir='ltr'><strong>cst</strong></span> <span class='ocrx_word' id='word_1_250' title='bbox 1599 1886 1665 1940; x_wconf 92' lang='lat' dir='ltr'><strong>ah</strong></span> <span class='ocrx_word' id='word_1_251' title='bbox 1704 1885 2009 1940; x_wconf 85' lang='lat' dir='ltr'><strong>hominibus</strong></span> <span class='ocrx_word' id='word_1_252' title='bbox 2039 1876 2087 1937; x_wconf 77' lang='grc' dir='ltr'><strong>Β</strong></span> <span class='ocrx_word' id='word_1_253' title='bbox 2115 1886 2255 1939; x_wconf 85' lang='lat' dir='ltr'><strong>niam</strong></span> <span class='ocrx_word' id='word_1_254' title='bbox 2290 1886 2540 1940; x_wconf 74' lang='lat' dir='ltr'><strong>translata</strong></span> <span class='ocrx_word' id='word_1_255' title='bbox 2587 1886 2805 1941; x_wconf 89' lang='lat' dir='ltr'><strong>nomine</strong></span> <span class='ocrx_word' id='word_1_256' title='bbox 2850 1886 3011 1941; x_wconf 91' lang='lat' dir='ltr'><strong>etiam</strong></span> <span class='ocrx_word' id='word_1_257' title='bbox 3043 1898 3253 1941; x_wconf 62' lang='lat' dir='ltr'><strong>caeteras</strong></span> <span class='ocrx_word' id='word_1_258' title='bbox 3291 1886 3561 1941; x_wconf 78' lang='lat' dir='ltr'><strong>orationes</strong></span> <span class='ocrx_word' id='word_1_259' title='bbox 3601 1885 3701 1940; x_wconf 90' lang='lat' dir='ltr'><strong>hoc</strong></span> 
     </span>
    </p>
   </div>
   <div class='ocr_carea' id='block_1_35' title="bbox 425 1977 2012 2050">
    <p class='ocr_par' dir='ltr' id='par_1_35' title="bbox 425 1977 2012 2050">
     <span class='ocr_line' id='line_1_35' title="bbox 425 1977 2012 2050; baseline -0.001 -17"><span class='ocrx_word' id='word_1_260' title='bbox 425 1977 672 2034; x_wconf 81' lang='lat' dir='ltr'><strong>instituta</strong></span> <span class='ocrx_word' id='word_1_261' title='bbox 695 2023 711 2047; x_wconf 85' lang='lat'><strong>,</strong></span> <span class='ocrx_word' id='word_1_262' title='bbox 744 1980 865 2034; x_wconf 84' lang='lat' dir='ltr'><strong>ideo</strong></span> <span class='ocrx_word' id='word_1_263' title='bbox 895 1978 1123 2048; x_wconf 87' lang='lat' dir='ltr'><strong>adjecit,</strong></span> <span class='ocrx_word' id='word_1_264' title='bbox 1154 1980 1249 2035; x_wconf 69' lang='lat' dir='ltr'><strong>Jus</strong></span> <span class='ocrx_word' id='word_1_265' title='bbox 1290 1979 1448 2034; x_wconf 62' lang='lat' dir='ltr'><strong>ciiile</strong></span> <span class='ocrx_word' id='word_1_266' title='bbox 1493 1987 1576 2033; x_wconf 86' lang='lat' dir='ltr'><strong>est</strong></span> <span class='ocrx_word' id='word_1_267' title='bbox 1618 1982 1841 2050; x_wconf 65' lang='lat' dir='ltr'><strong>aequitas</strong></span> <span class='ocrx_word' id='word_1_268' title='bbox 1885 1993 2012 2033; x_wconf 88' lang='lat' dir='ltr'><strong>con-</strong></span> 
     </span>
    </p>
   </div>
   <div class='ocr_carea' id='block_1_36' title="bbox 426 2069 2009 2141">
    <p class='ocr_par' dir='ltr' id='par_1_36' title="bbox 426 2069 2009 2141">
     <span class='ocr_line' id='line_1_36' title="bbox 426 2069 2009 2141; baseline -0.001 -17"><span class='ocrx_word' id='word_1_269' title='bbox 426 2074 635 2124; x_wconf 86' lang='lat' dir='ltr'><strong>stituta.</strong></span> <span class='ocrx_word' id='word_1_270' title='bbox 672 2070 851 2125; x_wconf 81' lang='lat' dir='ltr'><strong>Posito</strong></span> <span class='ocrx_word' id='word_1_271' title='bbox 882 2085 1114 2141; x_wconf 83' lang='lat' dir='ltr'><strong>genere,</strong></span> <span class='ocrx_word' id='word_1_272' title='bbox 1145 2069 1351 2139; x_wconf 79' lang='lat' dir='ltr'><strong>adjecta</strong></span> <span class='ocrx_word' id='word_1_273' title='bbox 1383 2070 1563 2139; x_wconf 89' lang='lat' dir='ltr'><strong>specie</strong></span> <span class='ocrx_word' id='word_1_274' title='bbox 1589 2072 1822 2140; x_wconf 85' lang='lat' dir='ltr'><strong>speciem</strong></span> <span class='ocrx_word' id='word_1_275' title='bbox 1854 2070 2009 2124; x_wconf 73' lang='lat' dir='ltr'><strong>aliam</strong></span> 
     </span>
    </p>
   </div>
   <div class='ocr_carea' id='block_1_37' title="bbox 426 2161 2009 2233">
    <p class='ocr_par' dir='ltr' id='par_1_37' title="bbox 426 2161 2009 2233">
     <span class='ocr_line' id='line_1_37' title="bbox 426 2161 2009 2233; baseline -0.003 -14"><span class='ocrx_word' id='word_1_276' title='bbox 426 2164 733 2233; x_wconf 71' lang='lat' dir='ltr'><strong>separavit,</strong></span> <span class='ocrx_word' id='word_1_277' title='bbox 779 2163 982 2218; x_wconf 88' lang='lat' dir='ltr'><strong>scilicet</strong></span> <span class='ocrx_word' id='word_1_278' title='bbox 1028 2164 1343 2216; x_wconf 75' lang='lat' dir='ltr'><strong>naturalem.</strong></span> <span class='ocrx_word' id='word_1_279' title='bbox 1392 2163 1495 2218; x_wconf 89' lang='lat' dir='ltr'><strong>Sed</strong></span> <span class='ocrx_word' id='word_1_280' title='bbox 1550 2162 1801 2232; x_wconf 88' lang='lat' dir='ltr'><strong>quoniam</strong></span> <span class='ocrx_word' id='word_1_281' title='bbox 1849 2161 2009 2215; x_wconf 89' lang='lat' dir='ltr'><strong>etiam</strong></span> 
     </span>
    </p>
   </div>
   <div class='ocr_carea' id='block_1_38' title="bbox 424 2256 2009 2328">
    <p class='ocr_par' dir='ltr' id='par_1_38' title="bbox 424 2256 2009 2328">
     <span class='ocr_line' id='line_1_38' title="bbox 424 2256 2009 2328; baseline -0.001 -19"><span class='ocrx_word' id='word_1_282' title='bbox 424 2256 509 2327; x_wconf 83' lang='lat' dir='ltr'><strong>jus</strong></span> <span class='ocrx_word' id='word_1_283' title='bbox 533 2260 771 2328; x_wconf 88' lang='lat' dir='ltr'><strong>gentium</strong></span> <span class='ocrx_word' id='word_1_284' title='bbox 798 2259 1023 2327; x_wconf 51' lang='lat' dir='ltr'><strong>urg-nitas</strong></span> <span class='ocrx_word' id='word_1_285' title='bbox 1048 2258 1334 2312; x_wconf 86' lang='lat' dir='ltr'><strong>constituta</strong></span> <span class='ocrx_word' id='word_1_286' title='bbox 1365 2268 1479 2321; x_wconf 71' lang='lat' dir='ltr'><strong>est,</strong></span> <span class='ocrx_word' id='word_1_287' title='bbox 1511 2271 1558 2312; x_wconf 84' lang='lat' dir='ltr'><strong>et</strong></span> <span class='ocrx_word' id='word_1_288' title='bbox 1592 2272 1694 2310; x_wconf 92' lang='lat' dir='ltr'><strong>non</strong></span> <span class='ocrx_word' id='word_1_289' title='bbox 1726 2266 1803 2311; x_wconf 90' lang='lat' dir='ltr'><strong>est</strong></span> <span class='ocrx_word' id='word_1_290' title='bbox 1834 2266 2009 2309; x_wconf 85' lang='lat' dir='ltr'><strong>tamen</strong></span> 
     </span>
    </p>
   </div>
   <div class='ocr_carea' id='block_1_39' title="bbox 424 2348 2014 2419">
    <p class='ocr_par' dir='ltr' id='par_1_39' title="bbox 424 2348 2014 2419">
     <span class='ocr_line' id='line_1_39' title="bbox 424 2348 2014 2419; baseline -0.001 -16"><span class='ocrx_word' id='word_1_291' title='bbox 424 2349 619 2415; x_wconf 84' lang='lat' dir='ltr'><strong>civile,</strong></span> <span class='ocrx_word' id='word_1_292' title='bbox 653 2350 921 2418; x_wconf 46' lang='lat' dir='ltr'><strong>adjr&#39;ctum</strong></span> <span class='ocrx_word' id='word_1_293' title='bbox 954 2349 1003 2403; x_wconf 91' lang='lat' dir='ltr'><strong>id</strong></span> <span class='ocrx_word' id='word_1_294' title='bbox 1036 2348 1174 2419; x_wconf 90' lang='lat' dir='ltr'><strong>quod</strong></span> <span class='ocrx_word' id='word_1_295' title='bbox 1205 2363 1453 2419; x_wconf 87' lang='lat' dir='ltr'><strong>separare</strong></span> <span class='ocrx_word' id='word_1_296' title='bbox 1484 2350 1739 2416; x_wconf 86' lang='lat' dir='ltr'><strong>potuisset</strong></span> <span class='ocrx_word' id='word_1_297' title='bbox 1764 2349 1855 2418; x_wconf 87' lang='lat' dir='ltr'><strong>jus</strong></span> <span class='ocrx_word' id='word_1_298' title='bbox 1885 2364 2014 2417; x_wconf 90' lang='lat' dir='ltr'><strong>geu-</strong></span> 
     </span>
    </p>
   </div>
   <div class='ocr_carea' id='block_1_40' title="bbox 424 2440 2014 2512">
    <p class='ocr_par' dir='ltr' id='par_1_40' title="bbox 424 2440 2014 2512">
     <span class='ocr_line' id='line_1_40' title="bbox 424 2440 2014 2512; baseline -0.001 -17"><span class='ocrx_word' id='word_1_299' title='bbox 424 2441 554 2496; x_wconf 82' lang='lat' dir='ltr'><strong>tluut</strong></span> <span class='ocrx_word' id='word_1_300' title='bbox 592 2442 751 2505; x_wconf 87' lang='lat' dir='ltr'><strong>:his,</strong></span> <span class='ocrx_word' id='word_1_301' title='bbox 782 2441 949 2512; x_wconf 87' lang='lat' dir='ltr'><strong>inquit</strong></span> <span class='ocrx_word' id='word_1_302' title='bbox 986 2441 1053 2494; x_wconf 80' lang='grc' dir='ltr'><strong>Μ.</strong></span> <span class='ocrx_word' id='word_1_303' title='bbox 1090 2440 1329 2509; x_wconf 83' lang='lat' dir='ltr'><strong>Tullius,</strong></span> <span class='ocrx_word' id='word_1_304' title='bbox 1374 2440 1461 2509; x_wconf 89' lang='lat' dir='ltr'><strong>qui</strong></span> <span class='ocrx_word' id='word_1_305' title='bbox 1504 2440 1743 2507; x_wconf 68' lang='lat' dir='ltr'><strong>ejusdem</strong></span> <span class='ocrx_word' id='word_1_306' title='bbox 1785 2440 2014 2495; x_wconf 77' lang='lat' dir='ltr'><strong>civitatis</strong></span> 
     </span>
    </p>
   </div>
   <div class='ocr_carea' id='block_1_41' title="bbox 425 2532 2009 2606">
    <p class='ocr_par' dir='ltr' id='par_1_41' title="bbox 425 2532 2009 2606">
     <span class='ocr_line' id='line_1_41' title="bbox 425 2532 2009 2606; baseline -0.002 -15"><span class='ocrx_word' id='word_1_307' title='bbox 425 2546 569 2591; x_wconf 88' lang='lat' dir='ltr'><strong>sunt.</strong></span> <span class='ocrx_word' id='word_1_308' title='bbox 609 2536 722 2601; x_wconf 81' lang='lat' dir='ltr'><strong>Qua</strong></span> <span class='ocrx_word' id='word_1_309' title='bbox 767 2536 948 2606; x_wconf 88' lang='lat' dir='ltr'><strong>specie</strong></span> <span class='ocrx_word' id='word_1_310' title='bbox 988 2535 1298 2604; x_wconf 88' lang='lat' dir='ltr'><strong>interposita</strong></span> <span class='ocrx_word' id='word_1_311' title='bbox 1324 2574 1337 2595; x_wconf 85' lang='lat'><strong>,</strong></span> <span class='ocrx_word' id='word_1_312' title='bbox 1375 2532 1467 2602; x_wconf 89' lang='lat' dir='ltr'><strong>jus</strong></span> <span class='ocrx_word' id='word_1_313' title='bbox 1504 2534 1659 2588; x_wconf 78' lang='lat' dir='ltr'><strong>civile</strong></span> <span class='ocrx_word' id='word_1_314' title='bbox 1701 2533 2009 2601; x_wconf 77' lang='lat' dir='ltr'><strong>descripsit.</strong></span> 
     </span>
    </p>
   </div>
   <div class='ocr_carea' id='block_1_42' title="bbox 425 2624 2014 2696">
    <p class='ocr_par' dir='ltr' id='par_1_42' title="bbox 425 2624 2014 2696">
     <span class='ocr_line' id='line_1_42' title="bbox 425 2624 2014 2696; baseline -0.003 -13"><span class='ocrx_word' id='word_1_315' title='bbox 425 2624 523 2683; x_wconf 81' lang='lat' dir='ltr'><strong>Est</strong></span> <span class='ocrx_word' id='word_1_316' title='bbox 549 2628 842 2681; x_wconf 88' lang='lat' dir='ltr'><strong>etiamnum</strong></span> <span class='ocrx_word' id='word_1_317' title='bbox 875 2626 1017 2696; x_wconf 90' lang='lat' dir='ltr'><strong>quod</strong></span> <span class='ocrx_word' id='word_1_318' title='bbox 1050 2641 1169 2679; x_wconf 89' lang='lat' dir='ltr'><strong>cum</strong></span> <span class='ocrx_word' id='word_1_319' title='bbox 1201 2626 1371 2679; x_wconf 84' lang='lat' dir='ltr'><strong>altero</strong></span> <span class='ocrx_word' id='word_1_320' title='bbox 1414 2626 1578 2694; x_wconf 90' lang='lat' dir='ltr'><strong>possit</strong></span> <span class='ocrx_word' id='word_1_321' title='bbox 1616 2640 1736 2680; x_wconf 69' lang='lat' dir='ltr'><strong>esse</strong></span> <span class='ocrx_word' id='word_1_322' title='bbox 1773 2640 2014 2678; x_wconf 88' lang='lat' dir='ltr'><strong>commu-</strong></span> 
     </span>
    </p>
   </div>
   <div class='ocr_carea' id='block_1_43' title="bbox 424 2717 2008 2786">
    <p class='ocr_par' dir='ltr' id='par_1_43' title="bbox 424 2717 2008 2786">
     <span class='ocr_line' id='line_1_43' title="bbox 424 2717 2008 2786; baseline -0.002 -13"><span class='ocrx_word' id='word_1_323' title='bbox 424 2732 530 2783; x_wconf 91' lang='lat' dir='ltr'><strong>ne,</strong></span> <span class='ocrx_word' id='word_1_324' title='bbox 567 2719 669 2771; x_wconf 93' lang='lat' dir='ltr'><strong>hoc</strong></span> <span class='ocrx_word' id='word_1_325' title='bbox 700 2717 875 2786; x_wconf 85' lang='lat' dir='ltr'><strong>ipsum</strong></span> <span class='ocrx_word' id='word_1_326' title='bbox 923 2718 1064 2786; x_wconf 86' lang='lat' dir='ltr'><strong>quod</strong></span> <span class='ocrx_word' id='word_1_327' title='bbox 1105 2732 1267 2785; x_wconf 88' lang='lat' dir='ltr'><strong>supra</strong></span> <span class='ocrx_word' id='word_1_328' title='bbox 1304 2717 1504 2772; x_wconf 88' lang='lat' dir='ltr'><strong>dictum</strong></span> <span class='ocrx_word' id='word_1_329' title='bbox 1550 2728 1631 2771; x_wconf 84' lang='lat' dir='ltr'><strong>est</strong></span> <span class='ocrx_word' id='word_1_330' title='bbox 1677 2717 2008 2772; x_wconf 82' lang='lat' dir='ltr'><strong>universum.</strong></span> 
     </span>
    </p>
   </div>
   <div class='ocr_carea' id='block_1_44' title="bbox 424 2810 2010 2880">
    <p class='ocr_par' dir='ltr' id='par_1_44' title="bbox 424 2810 2010 2880">
     <span class='ocr_line' id='line_1_44' title="bbox 424 2810 2010 2880; baseline -0.001 -15"><span class='ocrx_word' id='word_1_331' title='bbox 424 2810 634 2870; x_wconf 82' lang='lat' dir='ltr'><strong>Etenim</strong></span> <span class='ocrx_word' id='word_1_332' title='bbox 665 2810 800 2880; x_wconf 88' lang='lat' dir='ltr'><strong>relig</strong></span> <span class='ocrx_word' id='word_1_333' title='bbox 824 2826 985 2863; x_wconf 89' lang='lat' dir='ltr'><strong>onum</strong></span> <span class='ocrx_word' id='word_1_334' title='bbox 1020 2810 1127 2877; x_wconf 91' lang='lat' dir='ltr'><strong>juri</strong></span> <span class='ocrx_word' id='word_1_335' title='bbox 1172 2821 1225 2865; x_wconf 90' lang='lat' dir='ltr'><strong>et</strong></span> <span class='ocrx_word' id='word_1_336' title='bbox 1272 2825 1545 2865; x_wconf 84' lang='lat' dir='ltr'><strong>sacrorum</strong></span> <span class='ocrx_word' id='word_1_337' title='bbox 1595 2811 1835 2863; x_wconf 87' lang='lat' dir='ltr'><strong>omnium</strong></span> <span class='ocrx_word' id='word_1_338' title='bbox 1882 2825 2010 2863; x_wconf 88' lang='lat' dir='ltr'><strong>con-</strong></span> 
     </span>
    </p>
   </div>
   <div class='ocr_carea' id='block_1_45' title="bbox 425 2900 2013 2971">
    <p class='ocr_par' dir='ltr' id='par_1_45' title="bbox 425 2900 2013 2971">
     <span class='ocr_line' id='line_1_45' title="bbox 425 2900 2013 2971; baseline -0.003 -13"><span class='ocrx_word' id='word_1_339' title='bbox 425 2902 587 2958; x_wconf 68' lang='lat' dir='ltr'><strong>Venit.</strong></span> <span class='ocrx_word' id='word_1_340' title='bbox 617 2900 853 2971; x_wconf 79' lang='lat' dir='ltr'><strong>Namque</strong></span> <span class='ocrx_word' id='word_1_341' title='bbox 875 2900 963 2971; x_wconf 92' lang='lat' dir='ltr'><strong>jus</strong></span> <span class='ocrx_word' id='word_1_342' title='bbox 995 2901 1309 2970; x_wconf 79' lang='lat' dir='ltr'><strong>religionum</strong></span> <span class='ocrx_word' id='word_1_343' title='bbox 1340 2902 1563 2971; x_wconf 77' lang='lat' dir='ltr'><strong>:cquitas</strong></span> <span class='ocrx_word' id='word_1_344' title='bbox 1594 2910 1706 2965; x_wconf 85' lang='lat' dir='ltr'><strong>est,</strong></span> <span class='ocrx_word' id='word_1_345' title='bbox 1735 2911 1787 2955; x_wconf 88' lang='lat' dir='ltr'><strong>et</strong></span> <span class='ocrx_word' id='word_1_346' title='bbox 1814 2902 2013 2954; x_wconf 85' lang='lat' dir='ltr'><strong>consti-</strong></span> 
     </span>
    </p>
   </div>
   <div class='ocr_carea' id='block_1_46' title="bbox 426 2982 2015 3062">
    <p class='ocr_par' dir='ltr' id='par_1_46' title="bbox 426 2982 2015 3062">
     <span class='ocr_line' id='line_1_46' title="bbox 426 2982 2015 3062; baseline -0.003 -14"><span class='ocrx_word' id='word_1_347' title='bbox 426 3000 539 3048; x_wconf 90' lang='lat' dir='ltr'><strong>tuta</strong></span> <span class='ocrx_word' id='word_1_348' title='bbox 572 2992 797 3061; x_wconf 68' lang='lat' dir='ltr'><strong>aequitas</strong></span> <span class='ocrx_word' id='word_1_349' title='bbox 819 3032 834 3057; x_wconf 97' lang='lat'><strong>,</strong></span> <span class='ocrx_word' id='word_1_350' title='bbox 866 2982 1032 3047; x_wconf 59' lang='lat' dir='ltr'><strong>et&#39;ltis</strong></span> <span class='ocrx_word' id='word_1_351' title='bbox 1062 2992 1310 3047; x_wconf 72' lang='lat' dir='ltr'><strong>omnibus</strong></span> <span class='ocrx_word' id='word_1_352' title='bbox 1337 2994 1424 3062; x_wconf 85' lang='lat' dir='ltr'><strong>qui</strong></span> <span class='ocrx_word' id='word_1_353' title='bbox 1452 2992 1691 3061; x_wconf 87' lang='lat' dir='ltr'><strong>ejusdem</strong></span> <span class='ocrx_word' id='word_1_354' title='bbox 1725 3001 1850 3045; x_wconf 89' lang='lat' dir='ltr'><strong>sunt</strong></span> <span class='ocrx_word' id='word_1_355' title='bbox 1882 2990 2015 3044; x_wconf 83' lang='lat' dir='ltr'><strong>civi—</strong></span> 
     </span>
    </p>
   </div>
   <div class='ocr_carea' id='block_1_47' title="bbox 427 3082 2011 3155">
    <p class='ocr_par' dir='ltr' id='par_1_47' title="bbox 427 3082 2011 3155">
     <span class='ocr_line' id='line_1_47' title="bbox 427 3082 2011 3155; baseline -0.003 -14"><span class='ocrx_word' id='word_1_356' title='bbox 427 3086 576 3141; x_wconf 82' lang='lat' dir='ltr'><strong>tatis.</strong></span> <span class='ocrx_word' id='word_1_357' title='bbox 602 3084 707 3141; x_wconf 83' lang='lat' dir='ltr'><strong>Sed</strong></span> <span class='ocrx_word' id='word_1_358' title='bbox 741 3084 871 3139; x_wconf 91' lang='lat' dir='ltr'><strong>illud</strong></span> <span class='ocrx_word' id='word_1_359' title='bbox 899 3084 988 3155; x_wconf 87' lang='lat' dir='ltr'><strong>jus</strong></span> <span class='ocrx_word' id='word_1_360' title='bbox 1016 3100 1123 3153; x_wconf 73' lang='lat' dir='ltr'><strong>nqn</strong></span> <span class='ocrx_word' id='word_1_361' title='bbox 1152 3086 1483 3153; x_wconf 87' lang='lat' dir='ltr'><strong>appellamus</strong></span> <span class='ocrx_word' id='word_1_362' title='bbox 1506 3099 1626 3139; x_wconf 91' lang='lat' dir='ltr'><strong>esse</strong></span> <span class='ocrx_word' id='word_1_363' title='bbox 1653 3083 1808 3138; x_wconf 91' lang='lat' dir='ltr'><strong>civile</strong></span> <span class='ocrx_word' id='word_1_364' title='bbox 1828 3124 1841 3147; x_wconf 92' lang='lat'><strong>,</strong></span> <span class='ocrx_word' id='word_1_365' title='bbox 1872 3082 2011 3153; x_wconf 86' lang='lat' dir='ltr'><strong>quod</strong></span> 
     </span>
    </p>
   </div>
   <div class='ocr_carea' id='block_1_48' title="bbox 429 3170 2017 3249">
    <p class='ocr_par' dir='ltr' id='par_1_48' title="bbox 429 3170 2017 3249">
     <span class='ocr_line' id='line_1_48' title="bbox 429 3170 2017 3249; baseline -0.001 -16"><span class='ocrx_word' id='word_1_366' title='bbox 429 3185 517 3233; x_wconf 88' lang='lat' dir='ltr'><strong>est</strong></span> <span class='ocrx_word' id='word_1_367' title='bbox 560 3178 903 3247; x_wconf 82' lang='lat' dir='ltr'><strong>pontificum,</strong></span> <span class='ocrx_word' id='word_1_368' title='bbox 951 3170 1053 3233; x_wconf 74' lang='lat' dir='ltr'><strong>hoc</strong></span> <span class='ocrx_word' id='word_1_369' title='bbox 1094 3180 1256 3249; x_wconf 83' lang='lat' dir='ltr'><strong>igitur</strong></span> <span class='ocrx_word' id='word_1_370' title='bbox 1301 3188 1356 3232; x_wconf 81' lang='lat' dir='ltr'><strong>ut</strong></span> <span class='ocrx_word' id='word_1_371' title='bbox 1400 3190 1579 3246; x_wconf 64' lang='lat' dir='ltr'><strong>pusset</strong></span> <span class='ocrx_word' id='word_1_372' title='bbox 1611 3177 1929 3243; x_wconf 76' lang='lat' dir='ltr'><strong>excludere,</strong></span> <span class='ocrx_word' id='word_1_373' title='bbox 1962 3186 2017 3232; x_wconf 88' lang='lat' dir='ltr'><strong>et</strong></span> 
     </span>
    </p>
   </div>
   <div class='ocr_carea' id='block_1_49' title="bbox 427 3256 2093 3342">
    <p class='ocr_par' dir='ltr' id='par_1_49' title="bbox 427 3256 2093 3342">
     <span class='ocr_line' id='line_1_49' title="bbox 427 3256 2093 3342; baseline 0 -17"><span class='ocrx_word' id='word_1_374' title='bbox 427 3267 516 3342; x_wconf 73' lang='lat' dir='ltr'><strong>jus</strong></span> <span class='ocrx_word' id='word_1_375' title='bbox 544 3268 704 3325; x_wconf 86' lang='lat' dir='ltr'><strong>civile</strong></span> <span class='ocrx_word' id='word_1_376' title='bbox 732 3286 897 3341; x_wconf 89' lang='lat' dir='ltr'><strong>usque</strong></span> <span class='ocrx_word' id='word_1_377' title='bbox 924 3272 986 3324; x_wconf 91' lang='lat' dir='ltr'><strong>ad</strong></span> <span class='ocrx_word' id='word_1_378' title='bbox 1010 3272 1283 3341; x_wconf 84' lang='lat' dir='ltr'><strong>proprium</strong></span> <span class='ocrx_word' id='word_1_379' title='bbox 1314 3271 1783 3339; x_wconf 86' lang='lat' dir='ltr'><strong>diffinire,adjecit</strong></span> <span class='ocrx_word' id='word_1_380' title='bbox 1805 3271 1899 3325; x_wconf 88' lang='lat' dir='ltr'><strong>:ad</strong></span> <span class='ocrx_word' id='word_1_381' title='bbox 1932 3286 2017 3325; x_wconf 91' lang='lat' dir='ltr'><strong>res</strong></span> <span class='ocrx_word' id='word_1_382' title='bbox 2049 3256 2093 3318; x_wconf 69' lang='grc' dir='ltr'><strong>(ἶ</strong></span> 
     </span>
    </p>
   </div>
   <div class='ocr_carea' id='block_1_50' title="bbox 427 3362 2015 3431">
    <p class='ocr_par' dir='ltr' id='par_1_50' title="bbox 427 3362 2015 3431">
     <span class='ocr_line' id='line_1_50' title="bbox 427 3362 2015 3431; baseline 0.001 -14"><span class='ocrx_word' id='word_1_383' title='bbox 427 3374 555 3417; x_wconf 85' lang='lat' dir='ltr'><strong>suas</strong></span> <span class='ocrx_word' id='word_1_384' title='bbox 582 3362 918 3417; x_wconf 87' lang='lat' dir='ltr'><strong>obtinendas.</strong></span> <span class='ocrx_word' id='word_1_385' title='bbox 954 3362 1151 3418; x_wconf 65' lang='lat' dir='ltr'><strong>Demu&lt;</strong></span> <span class='ocrx_word' id='word_1_386' title='bbox 1183 3364 1328 3417; x_wconf 89' lang='lat' dir='ltr'><strong>aliud</strong></span> <span class='ocrx_word' id='word_1_387' title='bbox 1361 3364 1666 3431; x_wconf 77' lang='lat' dir='ltr'><strong>exemplum</strong></span> <span class='ocrx_word' id='word_1_388' title='bbox 1715 3365 1766 3418; x_wconf 92' lang='lat' dir='ltr'><strong>in</strong></span> <span class='ocrx_word' id='word_1_389' title='bbox 1812 3365 2015 3418; x_wconf 86' lang='lat' dir='ltr'><strong>oratio-</strong></span> 
     </span>
    </p>
   </div>
   <div class='ocr_carea' id='block_1_51' title="bbox 429 3451 2017 3526">
    <p class='ocr_par' dir='ltr' id='par_1_51' title="bbox 429 3451 2017 3526">
     <span class='ocr_line' id='line_1_51' title="bbox 429 3451 2017 3526; baseline 0.003 -20"><span class='ocrx_word' id='word_1_390' title='bbox 429 3451 589 3507; x_wconf 85' lang='lat' dir='ltr'><strong>nibus</strong></span> <span class='ocrx_word' id='word_1_391' title='bbox 623 3454 851 3521; x_wconf 89' lang='lat' dir='ltr'><strong>positum</strong></span> <span class='ocrx_word' id='word_1_392' title='bbox 876 3495 889 3518; x_wconf 91' lang='lat'><strong>,</strong></span> <span class='ocrx_word' id='word_1_393' title='bbox 920 3468 1025 3523; x_wconf 89' lang='lat' dir='ltr'><strong>quo</strong></span> <span class='ocrx_word' id='word_1_394' title='bbox 1054 3454 1262 3508; x_wconf 83' lang='lat' dir='ltr'><strong>facilius</strong></span> <span class='ocrx_word' id='word_1_395' title='bbox 1291 3469 1377 3510; x_wconf 89' lang='lat' dir='ltr'><strong>res</strong></span> <span class='ocrx_word' id='word_1_396' title='bbox 1402 3466 1455 3509; x_wconf 93' lang='lat' dir='ltr'><strong>et</strong></span> <span class='ocrx_word' id='word_1_397' title='bbox 1483 3454 1817 3509; x_wconf 82' lang='lat' dir='ltr'><strong>manifestius</strong></span> <span class='ocrx_word' id='word_1_398' title='bbox 1842 3456 2017 3526; x_wconf 83' lang='lat' dir='ltr'><strong>expli-</strong></span> 
     </span>
    </p>
   </div>
   <div class='ocr_carea' id='block_1_52' title="bbox 429 3536 2017 3618">
    <p class='ocr_par' dir='ltr' id='par_1_52' title="bbox 429 3536 2017 3618">
     <span class='ocr_line' id='line_1_52' title="bbox 429 3536 2017 3618; baseline 0.003 -19"><span class='ocrx_word' id='word_1_399' title='bbox 429 3552 604 3599; x_wconf 87' lang='lat' dir='ltr'><strong>cetur.</strong></span> <span class='ocrx_word' id='word_1_400' title='bbox 640 3543 841 3600; x_wconf 80' lang='lat' dir='ltr'><strong>Diiﬁuit</strong></span> <span class='ocrx_word' id='word_1_401' title='bbox 870 3545 942 3600; x_wconf 83' lang='grc' dir='ltr'><strong>Μ.</strong></span> <span class='ocrx_word' id='word_1_402' title='bbox 978 3546 1186 3603; x_wconf 84' lang='lat' dir='ltr'><strong>Tullius</strong></span> <span class='ocrx_word' id='word_1_403' title='bbox 1217 3536 1342 3617; x_wconf 86' lang='lat' dir='ltr'><strong>quid</strong></span> <span class='ocrx_word' id='word_1_404' title='bbox 1374 3549 1444 3600; x_wconf 87' lang='lat' dir='ltr'><strong>sit</strong></span> <span class='ocrx_word' id='word_1_405' title='bbox 1474 3547 1638 3615; x_wconf 80' lang='lat' dir='ltr'><strong>gloria</strong></span> <span class='ocrx_word' id='word_1_406' title='bbox 1660 3586 1678 3614; x_wconf 92' lang='lat'><strong>,</strong></span> <span class='ocrx_word' id='word_1_407' title='bbox 1707 3546 1786 3601; x_wconf 94' lang='lat' dir='ltr'><strong>his</strong></span> <span class='ocrx_word' id='word_1_408' title='bbox 1819 3557 1873 3603; x_wconf 91' lang='lat' dir='ltr'><strong>ut</strong></span> <span class='ocrx_word' id='word_1_409' title='bbox 1897 3548 2017 3618; x_wconf 91' lang='lat' dir='ltr'><strong>opi-</strong></span> 
     </span>
    </p>
   </div>
   <div class='ocr_carea' id='block_1_53' title="bbox 430 3636 2016 3709">
    <p class='ocr_par' dir='ltr' id='par_1_53' title="bbox 430 3636 2016 3709">
     <span class='ocr_line' id='line_1_53' title="bbox 430 3636 2016 3709; baseline 0.003 -19"><span class='ocrx_word' id='word_1_410' title='bbox 430 3646 533 3690; x_wconf 86' lang='lat' dir='ltr'><strong>nor</strong></span> <span class='ocrx_word' id='word_1_411' title='bbox 564 3636 780 3691; x_wconf 82' lang='lat' dir='ltr'><strong>verbis:</strong></span> <span class='ocrx_word' id='word_1_412' title='bbox 812 3637 993 3693; x_wconf 60' lang='lat' dir='ltr'><strong>Glrria</strong></span> <span class='ocrx_word' id='word_1_413' title='bbox 1014 3680 1029 3703; x_wconf 85' lang='lat'><strong>,</strong></span> <span class='ocrx_word' id='word_1_414' title='bbox 1062 3638 1261 3707; x_wconf 87' lang='lat' dir='ltr'><strong>inquit,</strong></span> <span class='ocrx_word' id='word_1_415' title='bbox 1297 3648 1380 3693; x_wconf 86' lang='lat' dir='ltr'><strong>est</strong></span> <span class='ocrx_word' id='word_1_416' title='bbox 1408 3639 1627 3693; x_wconf 89' lang='lat' dir='ltr'><strong>illustris</strong></span> <span class='ocrx_word' id='word_1_417' title='bbox 1656 3648 1705 3693; x_wconf 91' lang='lat' dir='ltr'><strong>et</strong></span> <span class='ocrx_word' id='word_1_418' title='bbox 1733 3649 2016 3709; x_wconf 85' lang='lat' dir='ltr'><strong>pervagata</strong></span> 
     </span>
    </p>
   </div>
   <div class='ocr_carea' id='block_1_54' title="bbox 433 3728 2015 3800">
    <p class='ocr_par' dir='ltr' id='par_1_54' title="bbox 433 3728 2015 3800">
     <span class='ocr_line' id='line_1_54' title="bbox 433 3728 2015 3800; baseline 0.001 -16"><span class='ocrx_word' id='word_1_419' title='bbox 433 3738 581 3784; x_wconf 63' lang='lat' dir='ltr'><strong>recte</strong></span> <span class='ocrx_word' id='word_1_420' title='bbox 610 3728 874 3784; x_wconf 87' lang='lat' dir='ltr'><strong>factorum</strong></span> <span class='ocrx_word' id='word_1_421' title='bbox 906 3741 958 3785; x_wconf 92' lang='lat' dir='ltr'><strong>et</strong></span> <span class='ocrx_word' id='word_1_422' title='bbox 991 3745 1451 3800; x_wconf 84' lang='lat' dir='ltr'><strong>praemaguorum,</strong></span> <span class='ocrx_word' id='word_1_423' title='bbox 1485 3730 1567 3786; x_wconf 89' lang='lat' dir='ltr'><strong>vel</strong></span> <span class='ocrx_word' id='word_1_424' title='bbox 1599 3731 1652 3784; x_wconf 91' lang='lat' dir='ltr'><strong>in</strong></span> <span class='ocrx_word' id='word_1_425' title='bbox 1680 3745 1807 3785; x_wconf 87' lang='lat' dir='ltr'><strong>suos</strong></span> <span class='ocrx_word' id='word_1_426' title='bbox 1836 3732 2015 3796; x_wconf 84' lang='lat' dir='ltr'><strong>cives,</strong></span> 
     </span>
    </p>
   </div>
   <div class='ocr_carea' id='block_1_55' title="bbox 431 3821 2013 3892">
    <p class='ocr_par' dir='ltr' id='par_1_55' title="bbox 431 3821 2013 3892">
     <span class='ocr_line' id='line_1_55' title="bbox 431 3821 2013 3892; baseline -0.002 -13"><span class='ocrx_word' id='word_1_427' title='bbox 431 3821 514 3879; x_wconf 58' lang='lat' dir='ltr'><strong>Vel</strong></span> <span class='ocrx_word' id='word_1_428' title='bbox 550 3823 604 3876; x_wconf 92' lang='lat' dir='ltr'><strong>in</strong></span> <span class='ocrx_word' id='word_1_429' title='bbox 640 3823 1023 3888; x_wconf 86' lang='lat' dir='ltr'><strong>rempublicam</strong></span> <span class='ocrx_word' id='word_1_430' title='bbox 1045 3866 1061 3890; x_wconf 89' lang='lat'><strong>,</strong></span> <span class='ocrx_word' id='word_1_431' title='bbox 1093 3824 1178 3877; x_wconf 81' lang='lat' dir='ltr'><strong>v‘el</strong></span> <span class='ocrx_word' id='word_1_432' title='bbox 1222 3824 1272 3877; x_wconf 90' lang='lat' dir='ltr'><strong>in</strong></span> <span class='ocrx_word' id='word_1_433' title='bbox 1316 3838 1477 3877; x_wconf 90' lang='lat' dir='ltr'><strong>omne</strong></span> <span class='ocrx_word' id='word_1_434' title='bbox 1506 3837 1673 3892; x_wconf 90' lang='lat' dir='ltr'><strong>genus</strong></span> <span class='ocrx_word' id='word_1_435' title='bbox 1707 3822 2013 3889; x_wconf 92' lang='lat' dir='ltr'><strong>hominum,</strong></span> 
     </span>
    </p>
   </div>
   <div class='ocr_carea' id='block_1_56' title="bbox 430 3912 2014 3983">
    <p class='ocr_par' dir='ltr' id='par_1_56' title="bbox 430 3912 2014 3983">
     <span class='ocr_line' id='line_1_56' title="bbox 430 3912 2014 3983; baseline -0.001 -15"><span class='ocrx_word' id='word_1_436' title='bbox 430 3913 572 3969; x_wconf 81' lang='lat' dir='ltr'><strong>fama</strong></span> <span class='ocrx_word' id='word_1_437' title='bbox 598 3914 932 3969; x_wconf 86' lang='lat' dir='ltr'><strong>meritorum.</strong></span> <span class='ocrx_word' id='word_1_438' title='bbox 962 3912 1142 3967; x_wconf 88' lang='lat' dir='ltr'><strong>Gloria</strong></span> <span class='ocrx_word' id='word_1_439' title='bbox 1166 3913 1324 3983; x_wconf 89' lang='lat' dir='ltr'><strong>igitur</strong></span> <span class='ocrx_word' id='word_1_440' title='bbox 1346 3914 1769 3968; x_wconf 80' lang='lat' dir='ltr'><strong>substantialiter</strong></span> <span class='ocrx_word' id='word_1_441' title='bbox 1788 3912 2014 3969; x_wconf 85' lang='lat' dir='ltr'><strong>diflinita</strong></span> 
     </span>
    </p>
   </div>
   <div class='ocr_carea' id='block_1_57' title="bbox 430 3992 2014 4074">
    <p class='ocr_par' dir='ltr' id='par_1_57' title="bbox 430 3992 2014 4074">
     <span class='ocr_line' id='line_1_57' title="bbox 430 3992 2014 4074; baseline -0.002 -14"><span class='ocrx_word' id='word_1_442' title='bbox 430 4015 550 4069; x_wconf 87' lang='lat' dir='ltr'><strong>est,</strong></span> <span class='ocrx_word' id='word_1_443' title='bbox 583 3992 704 4058; x_wconf 80' lang='lat' dir='ltr'><strong>eum</strong></span> <span class='ocrx_word' id='word_1_444' title='bbox 733 4002 935 4058; x_wconf 90' lang='lat' dir='ltr'><strong>dictum</strong></span> <span class='ocrx_word' id='word_1_445' title='bbox 979 4013 1058 4057; x_wconf 90' lang='lat' dir='ltr'><strong>est</strong></span> <span class='ocrx_word' id='word_1_446' title='bbox 1095 4002 1255 4057; x_wconf 84' lang='lat' dir='ltr'><strong>fama.</strong></span> <span class='ocrx_word' id='word_1_447' title='bbox 1300 4003 1395 4058; x_wconf 89' lang='lat' dir='ltr'><strong>Est</strong></span> <span class='ocrx_word' id='word_1_448' title='bbox 1435 4004 1577 4057; x_wconf 91' lang='lat' dir='ltr'><strong>enim</strong></span> <span class='ocrx_word' id='word_1_449' title='bbox 1618 4002 1803 4074; x_wconf 72' lang='lat' dir='ltr'><strong>gloriae</strong></span> <span class='ocrx_word' id='word_1_450' title='bbox 1844 4016 2014 4074; x_wconf 86' lang='lat' dir='ltr'><strong>genus</strong></span> 
     </span>
    </p>
   </div>
   <div class='ocr_carea' id='block_1_58' title="bbox 432 4082 2014 4167">
    <p class='ocr_par' dir='ltr' id='par_1_58' title="bbox 432 4082 2014 4167">
     <span class='ocr_line' id='line_1_58' title="bbox 432 4082 2014 4167; baseline -0.002 -15"><span class='ocrx_word' id='word_1_451' title='bbox 432 4096 571 4153; x_wconf 77' lang='lat' dir='ltr'><strong>fama</strong></span> <span class='ocrx_word' id='word_1_452' title='bbox 595 4137 610 4163; x_wconf 92' lang='lat'><strong>,</strong></span> <span class='ocrx_word' id='word_1_453' title='bbox 639 4112 759 4167; x_wconf 71' lang='lat' dir='ltr'><strong>qua:</strong></span> <span class='ocrx_word' id='word_1_454' title='bbox 786 4096 909 4167; x_wconf 89' lang='lat' dir='ltr'><strong>quia</strong></span> <span class='ocrx_word' id='word_1_455' title='bbox 943 4082 1081 4149; x_wconf 81' lang='lat' dir='ltr'><strong>nunc</strong></span> <span class='ocrx_word' id='word_1_456' title='bbox 1113 4111 1291 4150; x_wconf 88' lang='lat' dir='ltr'><strong>rerum</strong></span> <span class='ocrx_word' id='word_1_457' title='bbox 1321 4096 1579 4151; x_wconf 80' lang='lat' dir='ltr'><strong>malarum</strong></span> <span class='ocrx_word' id='word_1_458' title='bbox 1606 4106 1687 4152; x_wconf 87' lang='lat' dir='ltr'><strong>est</strong></span> <span class='ocrx_word' id='word_1_459' title='bbox 1706 4137 1720 4160; x_wconf 91' lang='lat'><strong>,</strong></span> <span class='ocrx_word' id='word_1_460' title='bbox 1750 4112 1890 4151; x_wconf 92' lang='lat' dir='ltr'><strong>nunc</strong></span> <span class='ocrx_word' id='word_1_461' title='bbox 1920 4096 2014 4149; x_wconf 88' lang='lat' dir='ltr'><strong>bo-</strong></span> 
     </span>
    </p>
   </div>
   <div class='ocr_carea' id='block_1_59' title="bbox 432 4187 2012 4259">
    <p class='ocr_par' dir='ltr' id='par_1_59' title="bbox 432 4187 2012 4259">
     <span class='ocr_line' id='line_1_59' title="bbox 432 4187 2012 4259; baseline -0.002 -15"><span class='ocrx_word' id='word_1_462' title='bbox 432 4202 644 4253; x_wconf 90' lang='lat' dir='ltr'><strong>narum,</strong></span> <span class='ocrx_word' id='word_1_463' title='bbox 674 4188 873 4243; x_wconf 90' lang='lat' dir='ltr'><strong>idcirco</strong></span> <span class='ocrx_word' id='word_1_464' title='bbox 897 4202 1065 4258; x_wconf 90' lang='lat' dir='ltr'><strong>genus</strong></span> <span class='ocrx_word' id='word_1_465' title='bbox 1086 4198 1189 4255; x_wconf 89' lang='lat' dir='ltr'><strong>est,</strong></span> <span class='ocrx_word' id='word_1_466' title='bbox 1214 4189 1296 4242; x_wconf 92' lang='lat' dir='ltr'><strong>cui</strong></span> <span class='ocrx_word' id='word_1_467' title='bbox 1319 4188 1524 4259; x_wconf 82' lang='lat' dir='ltr'><strong>species</strong></span> <span class='ocrx_word' id='word_1_468' title='bbox 1544 4188 1719 4243; x_wconf 87' lang='lat' dir='ltr'><strong>addita</strong></span> <span class='ocrx_word' id='word_1_469' title='bbox 1744 4199 1856 4253; x_wconf 88' lang='lat' dir='ltr'><strong>est,</strong></span> <span class='ocrx_word' id='word_1_470' title='bbox 1890 4187 2012 4243; x_wconf 88' lang='lat' dir='ltr'><strong>illu-</strong></span> 
     </span>
    </p>
   </div>
   <div class='ocr_carea' id='block_1_60' title="bbox 432 4283 2013 4356">
    <p class='ocr_par' dir='ltr' id='par_1_60' title="bbox 432 4283 2013 4356">
     <span class='ocr_line' id='line_1_60' title="bbox 432 4283 2013 4356; baseline -0.001 -18"><span class='ocrx_word' id='word_1_471' title='bbox 432 4283 558 4338; x_wconf 80' lang='lat' dir='ltr'><strong>stris</strong></span> <span class='ocrx_word' id='word_1_472' title='bbox 576 4324 592 4349; x_wconf 91' lang='lat'><strong>,</strong></span> <span class='ocrx_word' id='word_1_473' title='bbox 615 4283 757 4354; x_wconf 91' lang='lat' dir='ltr'><strong>quod</strong></span> <span class='ocrx_word' id='word_1_474' title='bbox 787 4286 903 4339; x_wconf 88' lang='lat' dir='ltr'><strong>laus</strong></span> <span class='ocrx_word' id='word_1_475' title='bbox 929 4295 1010 4339; x_wconf 85' lang='lat' dir='ltr'><strong>est</strong></span> <span class='ocrx_word' id='word_1_476' title='bbox 1034 4300 1047 4337; x_wconf 91' lang='lat'><strong>:</strong></span> <span class='ocrx_word' id='word_1_477' title='bbox 1079 4284 1216 4337; x_wconf 89' lang='lat' dir='ltr'><strong>fama</strong></span> <span class='ocrx_word' id='word_1_478' title='bbox 1244 4284 1383 4339; x_wconf 91' lang='lat' dir='ltr'><strong>enim</strong></span> <span class='ocrx_word' id='word_1_479' title='bbox 1408 4300 1529 4356; x_wconf 70' lang='lat' dir='ltr'><strong>qua:</strong></span> <span class='ocrx_word' id='word_1_480' title='bbox 1553 4286 1813 4339; x_wconf 90' lang='lat' dir='ltr'><strong>bonarum</strong></span> <span class='ocrx_word' id='word_1_481' title='bbox 1835 4296 2013 4339; x_wconf 88' lang='lat' dir='ltr'><strong>rerum</strong></span> 
     </span>
    </p>
   </div>
   <div class='ocr_carea' id='block_1_61' title="bbox 433 4375 2018 4448">
    <p class='ocr_par' dir='ltr' id='par_1_61' title="bbox 433 4375 2018 4448">
     <span class='ocr_line' id='line_1_61' title="bbox 433 4375 2018 4448; baseline 0.001 -19"><span class='ocrx_word' id='word_1_482' title='bbox 433 4382 555 4438; x_wconf 85' lang='lat' dir='ltr'><strong>est.</strong></span> <span class='ocrx_word' id='word_1_483' title='bbox 586 4375 702 4430; x_wconf 83' lang='lat' dir='ltr'><strong>laus</strong></span> <span class='ocrx_word' id='word_1_484' title='bbox 731 4387 844 4442; x_wconf 91' lang='lat' dir='ltr'><strong>est,</strong></span> <span class='ocrx_word' id='word_1_485' title='bbox 879 4386 932 4431; x_wconf 91' lang='lat' dir='ltr'><strong>et</strong></span> <span class='ocrx_word' id='word_1_486' title='bbox 977 4376 1220 4431; x_wconf 89' lang='lat' dir='ltr'><strong>illustris.</strong></span> <span class='ocrx_word' id='word_1_487' title='bbox 1272 4377 1379 4433; x_wconf 90' lang='lat' dir='ltr'><strong>llac</strong></span> <span class='ocrx_word' id='word_1_488' title='bbox 1419 4377 1578 4448; x_wconf 79' lang='lat' dir='ltr'><strong>igitur</strong></span> <span class='ocrx_word' id='word_1_489' title='bbox 1607 4393 1665 4433; x_wconf 92' lang='lat' dir='ltr'><strong>re</strong></span> <span class='ocrx_word' id='word_1_490' title='bbox 1692 4378 1905 4433; x_wconf 82' lang='lat' dir='ltr'><strong>exclusa</strong></span> <span class='ocrx_word' id='word_1_491' title='bbox 1936 4386 2018 4432; x_wconf 51' lang='lat' dir='ltr'><strong>eat</strong></span> 
     </span>
    </p>
   </div>
   <div class='ocr_carea' id='block_1_62' title="bbox 433 4466 2019 4542">
    <p class='ocr_par' dir='ltr' id='par_1_62' title="bbox 433 4466 2019 4542">
     <span class='ocr_line' id='line_1_62' title="bbox 433 4466 2019 4542; baseline 0 -17"><span class='ocrx_word' id='word_1_492' title='bbox 433 4466 572 4525; x_wconf 77' lang='lat' dir='ltr'><strong>fama</strong></span> <span class='ocrx_word' id='word_1_493' title='bbox 597 4469 835 4525; x_wconf 67' lang='lat' dir='ltr'><strong>deterior</strong></span> <span class='ocrx_word' id='word_1_494' title='bbox 853 4488 866 4524; x_wconf 88' lang='lat'><strong>:</strong></span> <span class='ocrx_word' id='word_1_495' title='bbox 884 4478 940 4527; x_wconf 90' lang='lat' dir='ltr'><strong>et</strong></span> <span class='ocrx_word' id='word_1_496' title='bbox 967 4472 1217 4541; x_wconf 88' lang='lat' dir='ltr'><strong>quoniam</strong></span> <span class='ocrx_word' id='word_1_497' title='bbox 1246 4472 1359 4526; x_wconf 63' lang='lat' dir='ltr'><strong>haec</strong></span> <span class='ocrx_word' id='word_1_498' title='bbox 1389 4472 1527 4526; x_wconf 87' lang='lat' dir='ltr'><strong>fama</strong></span> <span class='ocrx_word' id='word_1_499' title='bbox 1557 4472 1816 4527; x_wconf 85' lang='lat' dir='ltr'><strong>laudatrix</strong></span> <span class='ocrx_word' id='word_1_500' title='bbox 1844 4480 2019 4542; x_wconf 86' lang='lat' dir='ltr'><strong>potest</strong></span> 
     </span>
    </p>
   </div>
   <div class='ocr_carea' id='block_1_63' title="bbox 433 4564 2015 4636">
    <p class='ocr_par' dir='ltr' id='par_1_63' title="bbox 433 4564 2015 4636">
     <span class='ocr_line' id='line_1_63' title="bbox 433 4564 2015 4636; baseline -0.001 -17"><span class='ocrx_word' id='word_1_501' title='bbox 433 4576 577 4619; x_wconf 91' lang='lat' dir='ltr'><strong>nunc</strong></span> <span class='ocrx_word' id='word_1_502' title='bbox 600 4579 695 4630; x_wconf 90' lang='lat' dir='ltr'><strong>pro</strong></span> <span class='ocrx_word' id='word_1_503' title='bbox 717 4564 938 4629; x_wconf 84' lang='lat' dir='ltr'><strong>merito,</strong></span> <span class='ocrx_word' id='word_1_504' title='bbox 962 4580 1102 4620; x_wconf 91' lang='lat' dir='ltr'><strong>nunc</strong></span> <span class='ocrx_word' id='word_1_505' title='bbox 1128 4565 1221 4619; x_wconf 86' lang='lat' dir='ltr'><strong>ulti</strong></span> <span class='ocrx_word' id='word_1_506' title='bbox 1238 4579 1267 4618; x_wconf 93' lang='lat' dir='ltr'><strong>a</strong></span> <span class='ocrx_word' id='word_1_507' title='bbox 1294 4566 1544 4619; x_wconf 91' lang='lat' dir='ltr'><strong>meritum</strong></span> <span class='ocrx_word' id='word_1_508' title='bbox 1573 4579 1715 4630; x_wconf 90' lang='lat' dir='ltr'><strong>esse,</strong></span> <span class='ocrx_word' id='word_1_509' title='bbox 1764 4565 1983 4636; x_wconf 88' lang='lat' dir='ltr'><strong>frequen</strong></span> <span class='ocrx_word' id='word_1_510' title='bbox 2000 4594 2015 4604; x_wconf 85' lang='lat'><strong>-</strong></span> 
     </span>
    </p>
   </div>
   <div class='ocr_carea' id='block_1_64' title="bbox 2120 1976 3703 2047">
    <p class='ocr_par' dir='ltr' id='par_1_64' title="bbox 2120 1976 3703 2047">
     <span class='ocr_line' id='line_1_64' title="bbox 2120 1976 3703 2047; baseline 0.001 -16"><span class='ocrx_word' id='word_1_511' title='bbox 2120 1976 2258 2031; x_wconf 88' lang='lat' dir='ltr'><strong>idem</strong></span> <span class='ocrx_word' id='word_1_512' title='bbox 2313 1977 2625 2047; x_wconf 85' lang='lat' dir='ltr'><strong>imaginaria</strong></span> <span class='ocrx_word' id='word_1_513' title='bbox 2691 1977 2928 2032; x_wconf 90' lang='lat' dir='ltr'><strong>dictione</strong></span> <span class='ocrx_word' id='word_1_514' title='bbox 2979 1978 3271 2033; x_wconf 88' lang='lat' dir='ltr'><strong>retinentes</strong></span> <span class='ocrx_word' id='word_1_515' title='bbox 3322 1976 3434 2047; x_wconf 75' lang='lat' dir='ltr'><strong>pari</strong></span> <span class='ocrx_word' id='word_1_516' title='bbox 3490 1976 3703 2032; x_wconf 84' lang='lat' dir='ltr'><strong>nomine</strong></span> 
     </span>
    </p>
   </div>
   <div class='ocr_carea' id='block_1_65' title="bbox 2118 2068 3702 2138">
    <p class='ocr_par' dir='ltr' id='par_1_65' title="bbox 2118 2068 3702 2138">
     <span class='ocr_line' id='line_1_65' title="bbox 2118 2068 3702 2138; baseline 0 -17"><span class='ocrx_word' id='word_1_517' title='bbox 2118 2077 2513 2136; x_wconf 82' lang='lat' dir='ltr'><strong>nuncupantur,</strong></span> <span class='ocrx_word' id='word_1_518' title='bbox 2560 2079 2615 2122; x_wconf 91' lang='lat' dir='ltr'><strong>ut</strong></span> <span class='ocrx_word' id='word_1_519' title='bbox 2645 2068 2993 2125; x_wconf 80' lang='lat' dir='ltr'><strong>difﬁuitiones</strong></span> <span class='ocrx_word' id='word_1_520' title='bbox 3021 2070 3289 2137; x_wconf 85' lang='lat' dir='ltr'><strong>dicantur,</strong></span> <span class='ocrx_word' id='word_1_521' title='bbox 3324 2068 3594 2138; x_wconf 89' lang='lat' dir='ltr'><strong>ponendas</strong></span> <span class='ocrx_word' id='word_1_522' title='bbox 3616 2082 3702 2121; x_wconf 84' lang='lat' dir='ltr'><strong>ar-</strong></span> 
     </span>
    </p>
   </div>
   <div class='ocr_carea' id='block_1_66' title="bbox 2117 2157 3701 2230">
    <p class='ocr_par' dir='ltr' id='par_1_66' title="bbox 2117 2157 3701 2230">
     <span class='ocr_line' id='line_1_66' title="bbox 2117 2157 3701 2230; baseline 0 -19"><span class='ocrx_word' id='word_1_523' title='bbox 2117 2157 2286 2211; x_wconf 50' lang='lat' dir='ltr'><strong>bi&#39;ror</strong></span> <span class='ocrx_word' id='word_1_524' title='bbox 2328 2159 2559 2227; x_wconf 86' lang='lat' dir='ltr'><strong>reliquas</strong></span> <span class='ocrx_word' id='word_1_525' title='bbox 2606 2159 2836 2227; x_wconf 80' lang='lat' dir='ltr'><strong>Species,</strong></span> <span class='ocrx_word' id='word_1_526' title='bbox 2870 2175 2977 2230; x_wconf 92' lang='lat' dir='ltr'><strong>quo</strong></span> <span class='ocrx_word' id='word_1_527' title='bbox 3008 2159 3216 2214; x_wconf 87' lang='lat' dir='ltr'><strong>facilius</strong></span> <span class='ocrx_word' id='word_1_528' title='bbox 3256 2169 3309 2213; x_wconf 91' lang='lat' dir='ltr'><strong>et</strong></span> <span class='ocrx_word' id='word_1_529' title='bbox 3338 2158 3478 2228; x_wconf 90' lang='lat' dir='ltr'><strong>quod</strong></span> <span class='ocrx_word' id='word_1_530' title='bbox 3521 2157 3701 2212; x_wconf 64' lang='lat' dir='ltr'><strong>cmteri</strong></span> 
     </span>
    </p>
   </div>
   <div class='ocr_carea' id='block_1_67' title="bbox 2115 2251 3703 2325">
    <p class='ocr_par' dir='ltr' id='par_1_67' title="bbox 2115 2251 3703 2325">
     <span class='ocr_line' id='line_1_67' title="bbox 2115 2251 3703 2325; baseline 0 -20"><span class='ocrx_word' id='word_1_531' title='bbox 2115 2251 2297 2305; x_wconf 71' lang='lat' dir='ltr'><strong>dicunt</strong></span> <span class='ocrx_word' id='word_1_532' title='bbox 2321 2266 2477 2306; x_wconf 91' lang='lat' dir='ltr'><strong>nosse</strong></span> <span class='ocrx_word' id='word_1_533' title='bbox 2510 2252 2808 2321; x_wconf 77' lang='lat' dir='ltr'><strong>possimus,</strong></span> <span class='ocrx_word' id='word_1_534' title='bbox 2841 2263 2897 2308; x_wconf 93' lang='lat' dir='ltr'><strong>et</strong></span> <span class='ocrx_word' id='word_1_535' title='bbox 2949 2254 3281 2309; x_wconf 89' lang='lat' dir='ltr'><strong>difﬁnitionis</strong></span> <span class='ocrx_word' id='word_1_536' title='bbox 3320 2252 3531 2325; x_wconf 89' lang='lat' dir='ltr'><strong>cognito</strong></span> <span class='ocrx_word' id='word_1_537' title='bbox 3570 2252 3703 2307; x_wconf 83' lang='lat' dir='ltr'><strong>inul-</strong></span> 
     </span>
    </p>
   </div>
   <div class='ocr_carea' id='block_1_68' title="bbox 2129 2344 3703 2415">
    <p class='ocr_par' dir='ltr' id='par_1_68' title="bbox 2129 2344 3703 2415">
     <span class='ocr_line' id='line_1_68' title="bbox 2129 2344 3703 2415; baseline -0.001 -15"><span class='ocrx_word' id='word_1_538' title='bbox 2129 2346 2297 2415; x_wconf 88' lang='lat' dir='ltr'><strong>tiplici</strong></span> <span class='ocrx_word' id='word_1_539' title='bbox 2363 2346 2524 2399; x_wconf 87' lang='lat' dir='ltr'><strong>modo</strong></span> <span class='ocrx_word' id='word_1_540' title='bbox 2570 2346 2757 2413; x_wconf 84' lang='lat' dir='ltr'><strong>facile,</strong></span> <span class='ocrx_word' id='word_1_541' title='bbox 2801 2348 2876 2402; x_wconf 88' lang='lat' dir='ltr'><strong>uti</strong></span> <span class='ocrx_word' id='word_1_542' title='bbox 2938 2362 3096 2414; x_wconf 85' lang='lat' dir='ltr'><strong>supra</strong></span> <span class='ocrx_word' id='word_1_543' title='bbox 3145 2348 3344 2403; x_wconf 90' lang='lat' dir='ltr'><strong>dictum</strong></span> <span class='ocrx_word' id='word_1_544' title='bbox 3389 2355 3507 2405; x_wconf 89' lang='lat' dir='ltr'><strong>est.</strong></span> <span class='ocrx_word' id='word_1_545' title='bbox 3556 2344 3703 2400; x_wconf 59' lang='lat' dir='ltr'><strong>difli-</strong></span> 
     </span>
    </p>
   </div>
   <div class='ocr_carea' id='block_1_69' title="bbox 2122 2436 3705 2510">
    <p class='ocr_par' dir='ltr' id='par_1_69' title="bbox 2122 2436 3705 2510">
     <span class='ocr_line' id='line_1_69' title="bbox 2122 2436 3705 2510; baseline 0.003 -20"><span class='ocrx_word' id='word_1_546' title='bbox 2122 2436 2300 2492; x_wconf 90' lang='lat' dir='ltr'><strong>nicudi</strong></span> <span class='ocrx_word' id='word_1_547' title='bbox 2333 2438 2529 2492; x_wconf 90' lang='lat' dir='ltr'><strong>veritas</strong></span> <span class='ocrx_word' id='word_1_548' title='bbox 2558 2448 2850 2494; x_wconf 90' lang='lat' dir='ltr'><strong>reseretur.</strong></span> <span class='ocrx_word' id='word_1_549' title='bbox 2900 2439 2968 2493; x_wconf 84' lang='lat' dir='ltr'><strong>M.</strong></span> <span class='ocrx_word' id='word_1_550' title='bbox 3014 2438 3222 2496; x_wconf 86' lang='lat' dir='ltr'><strong>Tullius</strong></span> <span class='ocrx_word' id='word_1_551' title='bbox 3271 2438 3325 2494; x_wconf 91' lang='lat' dir='ltr'><strong>in</strong></span> <span class='ocrx_word' id='word_1_552' title='bbox 3377 2438 3588 2510; x_wconf 78' lang='lat' dir='ltr'><strong>Topicis</strong></span> <span class='ocrx_word' id='word_1_553' title='bbox 3638 2436 3705 2494; x_wconf 84' lang='lat' dir='ltr'><strong>de</strong></span> 
     </span>
    </p>
   </div>
   <div class='ocr_carea' id='block_1_70' title="bbox 2119 2527 3702 2600">
    <p class='ocr_par' dir='ltr' id='par_1_70' title="bbox 2119 2527 3702 2600">
     <span class='ocr_line' id='line_1_70' title="bbox 2119 2527 3702 2600; baseline 0.004 -22"><span class='ocrx_word' id='word_1_554' title='bbox 2119 2527 2289 2581; x_wconf 90' lang='lat' dir='ltr'><strong>tribus</strong></span> <span class='ocrx_word' id='word_1_555' title='bbox 2320 2527 2450 2582; x_wconf 83' lang='lat' dir='ltr'><strong>locis</strong></span> <span class='ocrx_word' id='word_1_556' title='bbox 2477 2528 2661 2598; x_wconf 91' lang='lat' dir='ltr'><strong>primis</strong></span> <span class='ocrx_word' id='word_1_557' title='bbox 2691 2537 2923 2584; x_wconf 81' lang='lat' dir='ltr'><strong>tractans</strong></span> <span class='ocrx_word' id='word_1_558' title='bbox 2947 2545 2976 2583; x_wconf 92' lang='lat' dir='ltr'><strong>a</strong></span> <span class='ocrx_word' id='word_1_559' title='bbox 3014 2538 3145 2594; x_wconf 90' lang='lat' dir='ltr'><strong>toto,</strong></span> <span class='ocrx_word' id='word_1_560' title='bbox 3176 2545 3205 2584; x_wconf 88' lang='lat' dir='ltr'><strong>a</strong></span> <span class='ocrx_word' id='word_1_561' title='bbox 3234 2530 3471 2600; x_wconf 87' lang='lat' dir='ltr'><strong>partibus</strong></span> <span class='ocrx_word' id='word_1_562' title='bbox 3493 2545 3521 2583; x_wconf 93' lang='lat' dir='ltr'><strong>a</strong></span> <span class='ocrx_word' id='word_1_563' title='bbox 3555 2537 3702 2594; x_wconf 83' lang='lat' dir='ltr'><strong>nuta,</strong></span> 
     </span>
    </p>
   </div>
   <div class='ocr_carea' id='block_1_71' title="bbox 2117 2621 3700 2693">
    <p class='ocr_par' dir='ltr' id='par_1_71' title="bbox 2117 2621 3700 2693">
     <span class='ocr_line' id='line_1_71' title="bbox 2117 2621 3700 2693; baseline 0.001 -17"><span class='ocrx_word' id='word_1_564' title='bbox 2117 2636 2237 2676; x_wconf 81' lang='lat' dir='ltr'><strong>cuzu</strong></span> <span class='ocrx_word' id='word_1_565' title='bbox 2269 2634 2297 2675; x_wconf 87' lang='lat' dir='ltr'><strong>a</strong></span> <span class='ocrx_word' id='word_1_566' title='bbox 2350 2631 2461 2677; x_wconf 91' lang='lat' dir='ltr'><strong>toto</strong></span> <span class='ocrx_word' id='word_1_567' title='bbox 2513 2633 2886 2693; x_wconf 84' lang='lat' dir='ltr'><strong>argumentum</strong></span> <span class='ocrx_word' id='word_1_568' title='bbox 2930 2633 3033 2690; x_wconf 84' lang='lat' dir='ltr'><strong>est,</strong></span> <span class='ocrx_word' id='word_1_569' title='bbox 3087 2632 3143 2679; x_wconf 92' lang='lat' dir='ltr'><strong>ut</strong></span> <span class='ocrx_word' id='word_1_570' title='bbox 3198 2639 3359 2691; x_wconf 90' lang='lat' dir='ltr'><strong>supra</strong></span> <span class='ocrx_word' id='word_1_571' title='bbox 3396 2621 3700 2689; x_wconf 86' lang='lat' dir='ltr'><strong>docuimus,</strong></span> 
     </span>
    </p>
   </div>
   <div class='ocr_carea' id='block_1_72' title="bbox 2118 2714 3705 2785">
    <p class='ocr_par' dir='ltr' id='par_1_72' title="bbox 2118 2714 3705 2785">
     <span class='ocr_line' id='line_1_72' title="bbox 2118 2714 3705 2785; baseline 0.001 -16"><span class='ocrx_word' id='word_1_572' title='bbox 2118 2714 2494 2770; x_wconf 84' lang='lat' dir='ltr'><strong>diflinitioucm</strong></span> <span class='ocrx_word' id='word_1_573' title='bbox 2524 2730 2647 2772; x_wconf 90' lang='lat' dir='ltr'><strong>esse</strong></span> <span class='ocrx_word' id='word_1_574' title='bbox 2675 2715 3034 2772; x_wconf 83' lang='lat' dir='ltr'><strong>adhibendam</strong></span> <span class='ocrx_word' id='word_1_575' title='bbox 3055 2716 3205 2783; x_wconf 89' lang='lat' dir='ltr'><strong>dicit,</strong></span> <span class='ocrx_word' id='word_1_576' title='bbox 3237 2716 3345 2772; x_wconf 90' lang='lat' dir='ltr'><strong>illic</strong></span> <span class='ocrx_word' id='word_1_577' title='bbox 3375 2716 3516 2772; x_wconf 90' lang='lat' dir='ltr'><strong>enim</strong></span> <span class='ocrx_word' id='word_1_578' title='bbox 3550 2730 3705 2785; x_wconf 87' lang='lat' dir='ltr'><strong>pont-</strong></span> 
     </span>
    </p>
   </div>
   <div class='ocr_carea' id='block_1_73' title="bbox 2121 2807 3708 2880">
    <p class='ocr_par' dir='ltr' id='par_1_73' title="bbox 2121 2807 3708 2880">
     <span class='ocr_line' id='line_1_73' title="bbox 2121 2807 3708 2880; baseline 0 -16"><span class='ocrx_word' id='word_1_579' title='bbox 2121 2820 2205 2864; x_wconf 90' lang='lat' dir='ltr'><strong>tur</strong></span> <span class='ocrx_word' id='word_1_580' title='bbox 2234 2824 2398 2879; x_wconf 83' lang='lat' dir='ltr'><strong>genus</strong></span> <span class='ocrx_word' id='word_1_581' title='bbox 2450 2824 2554 2880; x_wconf 89' lang='lat' dir='ltr'><strong>quo</strong></span> <span class='ocrx_word' id='word_1_582' title='bbox 2579 2809 2706 2879; x_wconf 91' lang='lat' dir='ltr'><strong>quid</strong></span> <span class='ocrx_word' id='word_1_583' title='bbox 2735 2824 2820 2865; x_wconf 84' lang='lat' dir='ltr'><strong>res</strong></span> <span class='ocrx_word' id='word_1_584' title='bbox 2862 2809 2976 2878; x_wconf 90' lang='lat' dir='ltr'><strong>ipsa</strong></span> <span class='ocrx_word' id='word_1_585' title='bbox 3006 2811 3075 2864; x_wconf 89' lang='lat' dir='ltr'><strong>sit</strong></span> <span class='ocrx_word' id='word_1_586' title='bbox 3113 2808 3181 2864; x_wconf 90' lang='lat' dir='ltr'><strong>de</strong></span> <span class='ocrx_word' id='word_1_587' title='bbox 3208 2824 3311 2879; x_wconf 77' lang='lat' dir='ltr'><strong>qua</strong></span> <span class='ocrx_word' id='word_1_588' title='bbox 3339 2807 3596 2879; x_wconf 68' lang='lat' dir='ltr'><strong>quaeritur</strong></span> <span class='ocrx_word' id='word_1_589' title='bbox 3617 2824 3708 2864; x_wconf 75' lang='lat' dir='ltr'><strong>ex-</strong></span> 
     </span>
    </p>
   </div>
   <div class='ocr_carea' id='block_1_74' title="bbox 2120 2904 3708 2975">
    <p class='ocr_par' dir='ltr' id='par_1_74' title="bbox 2120 2904 3708 2975">
     <span class='ocr_line' id='line_1_74' title="bbox 2120 2904 3708 2975; baseline 0.001 -16"><span class='ocrx_word' id='word_1_590' title='bbox 2120 2905 2367 2974; x_wconf 75' lang='lat' dir='ltr'><strong>plicetur.</strong></span> <span class='ocrx_word' id='word_1_591' title='bbox 2409 2906 2476 2959; x_wconf 82' lang='lat' dir='ltr'><strong>At</strong></span> <span class='ocrx_word' id='word_1_592' title='bbox 2506 2920 2533 2958; x_wconf 91' lang='lat' dir='ltr'><strong>a</strong></span> <span class='ocrx_word' id='word_1_593' title='bbox 2580 2904 2821 2973; x_wconf 88' lang='lat' dir='ltr'><strong>partibus</strong></span> <span class='ocrx_word' id='word_1_594' title='bbox 2847 2922 2966 2961; x_wconf 92' lang='lat' dir='ltr'><strong>cum</strong></span> <span class='ocrx_word' id='word_1_595' title='bbox 3016 2914 3389 2975; x_wconf 86' lang='lat' dir='ltr'><strong>argumentum</strong></span> <span class='ocrx_word' id='word_1_596' title='bbox 3428 2904 3708 2973; x_wconf 85' lang='lat' dir='ltr'><strong>est,etiam</strong></span> 
     </span>
    </p>
   </div>
   <div class='ocr_carea' id='block_1_75' title="bbox 2120 2995 3709 3067">
    <p class='ocr_par' dir='ltr' id='par_1_75' title="bbox 2120 2995 3709 3067">
     <span class='ocr_line' id='line_1_75' title="bbox 2120 2995 3709 3067; baseline -0.001 -16"><span class='ocrx_word' id='word_1_597' title='bbox 2120 2998 2229 3064; x_wconf 90' lang='lat' dir='ltr'><strong>ipsa</strong></span> <span class='ocrx_word' id='word_1_598' title='bbox 2275 2996 2487 3067; x_wconf 89' lang='lat' dir='ltr'><strong>quidem</strong></span> <span class='ocrx_word' id='word_1_599' title='bbox 2520 2998 2714 3051; x_wconf 66' lang='lat' dir='ltr'><strong>dicitur</strong></span> <span class='ocrx_word' id='word_1_600' title='bbox 2766 2997 3036 3063; x_wconf 83' lang='lat' dir='ltr'><strong>diflinitio,</strong></span> <span class='ocrx_word' id='word_1_601' title='bbox 3082 3005 3266 3052; x_wconf 85' lang='lat' dir='ltr'><strong>verum</strong></span> <span class='ocrx_word' id='word_1_602' title='bbox 3317 2995 3579 3048; x_wconf 80' lang='lat' dir='ltr'><strong>translate</strong></span> <span class='ocrx_word' id='word_1_603' title='bbox 3610 3007 3709 3049; x_wconf 76' lang='lat' dir='ltr'><strong>no-</strong></span> 
     </span>
    </p>
   </div>
   <div class='ocr_carea' id='block_1_76' title="bbox 2121 3086 3711 3158">
    <p class='ocr_par' dir='ltr' id='par_1_76' title="bbox 2121 3086 3711 3158">
     <span class='ocr_line' id='line_1_76' title="bbox 2121 3086 3711 3158; baseline 0 -15"><span class='ocrx_word' id='word_1_604' title='bbox 2121 3093 2265 3144; x_wconf 88' lang='lat' dir='ltr'><strong>tnine</strong></span> <span class='ocrx_word' id='word_1_605' title='bbox 2304 3106 2422 3144; x_wconf 92' lang='lat' dir='ltr'><strong>cum</strong></span> <span class='ocrx_word' id='word_1_606' title='bbox 2455 3106 2484 3145; x_wconf 89' lang='lat' dir='ltr'><strong>e</strong></span> <span class='ocrx_word' id='word_1_607' title='bbox 2535 3090 2831 3145; x_wconf 83' lang='lat' dir='ltr'><strong>numeratis</strong></span> <span class='ocrx_word' id='word_1_608' title='bbox 2860 3089 3109 3144; x_wconf 91' lang='lat' dir='ltr'><strong>omnibus</strong></span> <span class='ocrx_word' id='word_1_609' title='bbox 3152 3096 3294 3143; x_wconf 90' lang='lat' dir='ltr'><strong>totus</strong></span> <span class='ocrx_word' id='word_1_610' title='bbox 3322 3086 3587 3158; x_wconf 70' lang='lat' dir='ltr'><strong>partibus,</strong></span> <span class='ocrx_word' id='word_1_611' title='bbox 3635 3087 3711 3143; x_wconf 78' lang='lat' dir='ltr'><strong>sic</strong></span> 
     </span>
    </p>
   </div>
   <div class='ocr_carea' id='block_1_77' title="bbox 2121 3178 3709 3253">
    <p class='ocr_par' dir='ltr' id='par_1_77' title="bbox 2121 3178 3709 3253">
     <span class='ocr_line' id='line_1_77' title="bbox 2121 3178 3709 3253; baseline -0.001 -17"><span class='ocrx_word' id='word_1_612' title='bbox 2121 3182 2261 3253; x_wconf 89' lang='lat' dir='ltr'><strong>quod</strong></span> <span class='ocrx_word' id='word_1_613' title='bbox 2292 3192 2456 3236; x_wconf 89' lang='lat' dir='ltr'><strong>totum</strong></span> <span class='ocrx_word' id='word_1_614' title='bbox 2488 3192 2570 3238; x_wconf 76' lang='lat' dir='ltr'><strong>est</strong></span> <span class='ocrx_word' id='word_1_615' title='bbox 2617 3182 3041 3252; x_wconf 59' lang='lat' dir='ltr'><strong>recognouitur,</strong></span> <span class='ocrx_word' id='word_1_616' title='bbox 3088 3181 3187 3235; x_wconf 89' lang='lat' dir='ltr'><strong>hac</strong></span> <span class='ocrx_word' id='word_1_617' title='bbox 3218 3196 3355 3250; x_wconf 89' lang='lat' dir='ltr'><strong>peue</strong></span> <span class='ocrx_word' id='word_1_618' title='bbox 3388 3194 3447 3235; x_wconf 91' lang='lat' dir='ltr'><strong>re</strong></span> <span class='ocrx_word' id='word_1_619' title='bbox 3475 3178 3603 3233; x_wconf 84' lang='lat' dir='ltr'><strong>nihil</strong></span> <span class='ocrx_word' id='word_1_620' title='bbox 3629 3179 3709 3235; x_wconf 83' lang='lat' dir='ltr'><strong>in-</strong></span> 
     </span>
    </p>
   </div>
   <div class='ocr_carea' id='block_1_78' title="bbox 2129 3275 3711 3344">
    <p class='ocr_par' dir='ltr' id='par_1_78' title="bbox 2129 3275 3711 3344">
     <span class='ocr_line' id='line_1_78' title="bbox 2129 3275 3711 3344; baseline -0.001 -17"><span class='ocrx_word' id='word_1_621' title='bbox 2129 3284 2293 3330; x_wconf 86' lang='lat' dir='ltr'><strong>terest</strong></span> <span class='ocrx_word' id='word_1_622' title='bbox 2352 3285 2525 3328; x_wconf 88' lang='lat' dir='ltr'><strong>ntrntn</strong></span> <span class='ocrx_word' id='word_1_623' title='bbox 2568 3275 2893 3329; x_wconf 85' lang='lat' dir='ltr'><strong>dilfiuilione</strong></span> <span class='ocrx_word' id='word_1_624' title='bbox 2945 3287 3063 3344; x_wconf 69' lang='lat' dir='ltr'><strong>qua:</strong></span> <span class='ocrx_word' id='word_1_625' title='bbox 3113 3286 3232 3327; x_wconf 86' lang='lat' dir='ltr'><strong>esse</strong></span> <span class='ocrx_word' id='word_1_626' title='bbox 3269 3287 3298 3325; x_wconf 89' lang='lat' dir='ltr'><strong>a</strong></span> <span class='ocrx_word' id='word_1_627' title='bbox 3356 3282 3465 3327; x_wconf 90' lang='lat' dir='ltr'><strong>toto</strong></span> <span class='ocrx_word' id='word_1_628' title='bbox 3494 3279 3711 3327; x_wconf 77' lang='lat' dir='ltr'><strong>cunctas</strong></span> 
     </span>
    </p>
   </div>
   <div class='ocr_carea' id='block_1_79' title="bbox 2128 3363 3713 3437">
    <p class='ocr_par' dir='ltr' id='par_1_79' title="bbox 2128 3363 3713 3437">
     <span class='ocr_line' id='line_1_79' title="bbox 2128 3363 3713 3437; baseline -0.003 -17"><span class='ocrx_word' id='word_1_629' title='bbox 2128 3376 2306 3437; x_wconf 89' lang='lat' dir='ltr'><strong>partes</strong></span> <span class='ocrx_word' id='word_1_630' title='bbox 2357 3366 2519 3421; x_wconf 85' lang='lat' dir='ltr'><strong>totius</strong></span> <span class='ocrx_word' id='word_1_631' title='bbox 2568 3382 2633 3421; x_wconf 79' lang='lat' dir='ltr'><strong>ex</strong></span> <span class='ocrx_word' id='word_1_632' title='bbox 2666 3365 2985 3431; x_wconf 81' lang='lat' dir='ltr'><strong>difﬁnitione</strong></span> <span class='ocrx_word' id='word_1_633' title='bbox 3037 3379 3348 3430; x_wconf 89' lang='lat' dir='ltr'><strong>noscamus,</strong></span> <span class='ocrx_word' id='word_1_634' title='bbox 3377 3379 3442 3417; x_wconf 93' lang='lat' dir='ltr'><strong>an</strong></span> <span class='ocrx_word' id='word_1_635' title='bbox 3474 3363 3713 3426; x_wconf 72' lang='lat' dir='ltr'><strong>collecti.</strong></span> 
     </span>
    </p>
   </div>
   <div class='ocr_carea' id='block_1_80' title="bbox 2128 3459 3714 3529">
    <p class='ocr_par' dir='ltr' id='par_1_80' title="bbox 2128 3459 3714 3529">
     <span class='ocr_line' id='line_1_80' title="bbox 2128 3459 3714 3529; baseline 0.001 -16"><span class='ocrx_word' id='word_1_636' title='bbox 2128 3459 2375 3513; x_wconf 89' lang='lat' dir='ltr'><strong>omnibus</strong></span> <span class='ocrx_word' id='word_1_637' title='bbox 2404 3461 2642 3529; x_wconf 87' lang='lat' dir='ltr'><strong>partibus</strong></span> <span class='ocrx_word' id='word_1_638' title='bbox 2666 3460 2805 3529; x_wconf 88' lang='lat' dir='ltr'><strong>quod</strong></span> <span class='ocrx_word' id='word_1_639' title='bbox 2835 3469 3002 3515; x_wconf 83' lang='lat' dir='ltr'><strong>tntum</strong></span> <span class='ocrx_word' id='word_1_640' title='bbox 3024 3468 3109 3515; x_wconf 86' lang='lat' dir='ltr'><strong>est</strong></span> <span class='ocrx_word' id='word_1_641' title='bbox 3158 3474 3223 3515; x_wconf 78' lang='lat' dir='ltr'><strong>ex</strong></span> <span class='ocrx_word' id='word_1_642' title='bbox 3252 3469 3476 3529; x_wconf 83' lang='lat' dir='ltr'><strong>partium</strong></span> <span class='ocrx_word' id='word_1_643' title='bbox 3498 3472 3714 3514; x_wconf 69' lang='lat' dir='ltr'><strong>enumen</strong></span> 
     </span>
    </p>
   </div>
   <div class='ocr_carea' id='block_1_81' title="bbox 2126 3548 3714 3621">
    <p class='ocr_par' dir='ltr' id='par_1_81' title="bbox 2126 3548 3714 3621">
     <span class='ocr_line' id='line_1_81' title="bbox 2126 3548 3714 3621; baseline 0.002 -16"><span class='ocrx_word' id='word_1_644' title='bbox 2126 3553 2334 3607; x_wconf 89' lang='lat' dir='ltr'><strong>ratione</strong></span> <span class='ocrx_word' id='word_1_645' title='bbox 2386 3553 2675 3619; x_wconf 87' lang='lat' dir='ltr'><strong>capiamus.</strong></span> <span class='ocrx_word' id='word_1_646' title='bbox 2721 3552 2912 3609; x_wconf 89' lang='lat' dir='ltr'><strong>Cicero</strong></span> <span class='ocrx_word' id='word_1_647' title='bbox 2961 3554 3124 3610; x_wconf 82' lang='lat' dir='ltr'><strong>talem</strong></span> <span class='ocrx_word' id='word_1_648' title='bbox 3174 3551 3551 3608; x_wconf 88' lang='lat' dir='ltr'><strong>difﬁnitionetn</strong></span> <span class='ocrx_word' id='word_1_649' title='bbox 3594 3548 3714 3621; x_wconf 65' lang='lat' dir='ltr'><strong>par:</strong></span> 
     </span>
    </p>
   </div>
   <div class='ocr_carea' id='block_1_82' title="bbox 2127 3642 3714 3715">
    <p class='ocr_par' dir='ltr' id='par_1_82' title="bbox 2127 3642 3714 3715">
     <span class='ocr_line' id='line_1_82' title="bbox 2127 3642 3714 3715; baseline 0.002 -18"><span class='ocrx_word' id='word_1_650' title='bbox 2127 3642 2255 3697; x_wconf 91' lang='lat' dir='ltr'><strong>tium</strong></span> <span class='ocrx_word' id='word_1_651' title='bbox 2295 3647 2752 3700; x_wconf 87' lang='lat' dir='ltr'><strong>enumerationem</strong></span> <span class='ocrx_word' id='word_1_652' title='bbox 2798 3644 3049 3715; x_wconf 86' lang='lat' dir='ltr'><strong>appellat,</strong></span> <span class='ocrx_word' id='word_1_653' title='bbox 3097 3643 3191 3700; x_wconf 90' lang='lat' dir='ltr'><strong>sed</strong></span> <span class='ocrx_word' id='word_1_654' title='bbox 3242 3658 3363 3700; x_wconf 88' lang='lat' dir='ltr'><strong>eam</strong></span> <span class='ocrx_word' id='word_1_655' title='bbox 3408 3642 3714 3700; x_wconf 87' lang='lat' dir='ltr'><strong>diflinitioni</strong></span> 
     </span>
    </p>
   </div>
   <div class='ocr_carea' id='block_1_83' title="bbox 2127 3735 3709 3808">
    <p class='ocr_par' dir='ltr' id='par_1_83' title="bbox 2127 3735 3709 3808">
     <span class='ocr_line' id='line_1_83' title="bbox 2127 3735 3709 3808; baseline 0 -19"><span class='ocrx_word' id='word_1_656' title='bbox 2127 3736 2393 3799; x_wconf 87' lang='lat' dir='ltr'><strong>tribuens,</strong></span> <span class='ocrx_word' id='word_1_657' title='bbox 2442 3739 2693 3805; x_wconf 89' lang='lat' dir='ltr'><strong>quoniam</strong></span> <span class='ocrx_word' id='word_1_658' title='bbox 2741 3746 2794 3790; x_wconf 87' lang='lat' dir='ltr'><strong>et</strong></span> <span class='ocrx_word' id='word_1_659' title='bbox 2840 3740 3175 3793; x_wconf 89' lang='lat' dir='ltr'><strong>enumeratio</strong></span> <span class='ocrx_word' id='word_1_660' title='bbox 3204 3737 3435 3808; x_wconf 89' lang='lat' dir='ltr'><strong>partium</strong></span> <span class='ocrx_word' id='word_1_661' title='bbox 3480 3735 3709 3805; x_wconf 87' lang='lat' dir='ltr'><strong>idipsum</strong></span> 
     </span>
    </p>
   </div>
   <div class='ocr_carea' id='block_1_84' title="bbox 2126 3826 3715 3899">
    <p class='ocr_par' dir='ltr' id='par_1_84' title="bbox 2126 3826 3715 3899">
     <span class='ocr_line' id='line_1_84' title="bbox 2126 3826 3715 3899; baseline 0.001 -18"><span class='ocrx_word' id='word_1_662' title='bbox 2126 3828 2193 3881; x_wconf 89' lang='lat' dir='ltr'><strong>de</strong></span> <span class='ocrx_word' id='word_1_663' title='bbox 2222 3843 2327 3898; x_wconf 89' lang='lat' dir='ltr'><strong>quo</strong></span> <span class='ocrx_word' id='word_1_664' title='bbox 2353 3828 2609 3899; x_wconf 64' lang='lat' dir='ltr'><strong>queritur</strong></span> <span class='ocrx_word' id='word_1_665' title='bbox 2638 3830 2760 3898; x_wconf 86' lang='lat' dir='ltr'><strong>quid</strong></span> <span class='ocrx_word' id='word_1_666' title='bbox 2792 3828 2863 3882; x_wconf 90' lang='lat' dir='ltr'><strong>sit</strong></span> <span class='ocrx_word' id='word_1_667' title='bbox 2891 3829 3144 3895; x_wconf 91' lang='lat' dir='ltr'><strong>ostendit,</strong></span> <span class='ocrx_word' id='word_1_668' title='bbox 3178 3842 3229 3885; x_wconf 90' lang='lat' dir='ltr'><strong>et</strong></span> <span class='ocrx_word' id='word_1_669' title='bbox 3263 3828 3364 3884; x_wconf 90' lang='lat' dir='ltr'><strong>hoc</strong></span> <span class='ocrx_word' id='word_1_670' title='bbox 3408 3828 3553 3884; x_wconf 89' lang='lat' dir='ltr'><strong>idem</strong></span> <span class='ocrx_word' id='word_1_671' title='bbox 3601 3826 3715 3899; x_wconf 83' lang='lat' dir='ltr'><strong>agit</strong></span> 
     </span>
    </p>
   </div>
   <div class='ocr_carea' id='block_1_85' title="bbox 2124 3918 3711 3989">
    <p class='ocr_par' dir='ltr' id='par_1_85' title="bbox 2124 3918 3711 3989">
     <span class='ocr_line' id='line_1_85' title="bbox 2124 3918 3711 3989; baseline 0 -16"><span class='ocrx_word' id='word_1_672' title='bbox 2124 3933 2285 3989; x_wconf 87' lang='lat' dir='ltr'><strong>supra</strong></span> <span class='ocrx_word' id='word_1_673' title='bbox 2318 3920 2482 3988; x_wconf 88' lang='lat' dir='ltr'><strong>posita</strong></span> <span class='ocrx_word' id='word_1_674' title='bbox 2522 3918 2789 3984; x_wconf 89' lang='lat' dir='ltr'><strong>diflinitio,</strong></span> <span class='ocrx_word' id='word_1_675' title='bbox 2824 3933 2945 3973; x_wconf 93' lang='lat' dir='ltr'><strong>cum</strong></span> <span class='ocrx_word' id='word_1_676' title='bbox 2985 3920 3159 3972; x_wconf 86' lang='lat' dir='ltr'><strong>oratio</strong></span> <span class='ocrx_word' id='word_1_677' title='bbox 3198 3933 3318 3988; x_wconf 63' lang='lat' dir='ltr'><strong>quas</strong></span> <span class='ocrx_word' id='word_1_678' title='bbox 3351 3918 3477 3989; x_wconf 91' lang='lat' dir='ltr'><strong>quid</strong></span> <span class='ocrx_word' id='word_1_679' title='bbox 3528 3918 3599 3974; x_wconf 89' lang='lat' dir='ltr'><strong>sit</strong></span> <span class='ocrx_word' id='word_1_680' title='bbox 3627 3932 3711 3973; x_wconf 85' lang='lat' dir='ltr'><strong>os-</strong></span> 
     </span>
    </p>
   </div>
   <div class='ocr_carea' id='block_1_86' title="bbox 2125 4009 3714 4080">
    <p class='ocr_par' dir='ltr' id='par_1_86' title="bbox 2125 4009 3714 4080">
     <span class='ocr_line' id='line_1_86' title="bbox 2125 4009 3714 4080; baseline -0.001 -13"><span class='ocrx_word' id='word_1_681' title='bbox 2125 4014 2295 4067; x_wconf 89' lang='lat' dir='ltr'><strong>tendit</strong></span> <span class='ocrx_word' id='word_1_682' title='bbox 2335 4012 2527 4067; x_wconf 89' lang='lat' dir='ltr'><strong>dicitur</strong></span> <span class='ocrx_word' id='word_1_683' title='bbox 2556 4011 2825 4075; x_wconf 84' lang='lat' dir='ltr'><strong>diflinitio,</strong></span> <span class='ocrx_word' id='word_1_684' title='bbox 2881 4012 3022 4065; x_wconf 88' lang='lat' dir='ltr'><strong>unde</strong></span> <span class='ocrx_word' id='word_1_685' title='bbox 3052 4010 3181 4064; x_wconf 89' lang='lat' dir='ltr'><strong>nulli</strong></span> <span class='ocrx_word' id='word_1_686' title='bbox 3221 4010 3441 4064; x_wconf 89' lang='lat' dir='ltr'><strong>dubium</strong></span> <span class='ocrx_word' id='word_1_687' title='bbox 3472 4021 3553 4065; x_wconf 91' lang='lat' dir='ltr'><strong>est</strong></span> <span class='ocrx_word' id='word_1_688' title='bbox 3583 4009 3714 4080; x_wconf 89' lang='lat' dir='ltr'><strong>quitt</strong></span> 
     </span>
    </p>
   </div>
   <div class='ocr_carea' id='block_1_87' title="bbox 2123 4100 3715 4173">
    <p class='ocr_par' dir='ltr' id='par_1_87' title="bbox 2123 4100 3715 4173">
     <span class='ocr_line' id='line_1_87' title="bbox 2123 4100 3715 4173; baseline -0.003 -11"><span class='ocrx_word' id='word_1_689' title='bbox 2123 4107 2283 4162; x_wconf 90' lang='lat' dir='ltr'><strong>etiam</strong></span> <span class='ocrx_word' id='word_1_690' title='bbox 2326 4106 2423 4159; x_wconf 89' lang='lat' dir='ltr'><strong>ista</strong></span> <span class='ocrx_word' id='word_1_691' title='bbox 2453 4104 2700 4159; x_wconf 85' lang='lat' dir='ltr'><strong>diflinitio</strong></span> <span class='ocrx_word' id='word_1_692' title='bbox 2743 4119 2862 4159; x_wconf 79' lang='lat' dir='ltr'><strong>esse</strong></span> <span class='ocrx_word' id='word_1_693' title='bbox 2904 4103 3146 4168; x_wconf 90' lang='lat' dir='ltr'><strong>dicatur;</strong></span> <span class='ocrx_word' id='word_1_694' title='bbox 3207 4102 3382 4172; x_wconf 91' lang='lat' dir='ltr'><strong>posuit</strong></span> <span class='ocrx_word' id='word_1_695' title='bbox 3433 4101 3593 4173; x_wconf 90' lang='lat' dir='ltr'><strong>igitur</strong></span> <span class='ocrx_word' id='word_1_696' title='bbox 3643 4100 3715 4162; x_wconf 75' lang='grc' dir='ltr'><strong>Μ.</strong></span> 
     </span>
    </p>
   </div>
   <div class='ocr_carea' id='block_1_88' title="bbox 2124 4193 3709 4267">
    <p class='ocr_par' dir='ltr' id='par_1_88' title="bbox 2124 4193 3709 4267">
     <span class='ocr_line' id='line_1_88' title="bbox 2124 4193 3709 4267; baseline -0.003 -14"><span class='ocrx_word' id='word_1_697' title='bbox 2124 4198 2327 4253; x_wconf 91' lang='lat' dir='ltr'><strong>Tullius</strong></span> <span class='ocrx_word' id='word_1_698' title='bbox 2347 4196 2618 4266; x_wconf 75' lang='lat' dir='ltr'><strong>explicans</strong></span> <span class='ocrx_word' id='word_1_699' title='bbox 2645 4196 2769 4267; x_wconf 91' lang='lat' dir='ltr'><strong>quid</strong></span> <span class='ocrx_word' id='word_1_700' title='bbox 2802 4198 2870 4251; x_wconf 80' lang='lat' dir='ltr'><strong>sit</strong></span> <span class='ocrx_word' id='word_1_701' title='bbox 2900 4195 3060 4263; x_wconf 90' lang='lat' dir='ltr'><strong>liber,</strong></span> <span class='ocrx_word' id='word_1_702' title='bbox 3094 4194 3172 4251; x_wconf 85' lang='lat' dir='ltr'><strong>vel</strong></span> <span class='ocrx_word' id='word_1_703' title='bbox 3204 4195 3255 4249; x_wconf 92' lang='lat' dir='ltr'><strong>in</strong></span> <span class='ocrx_word' id='word_1_704' title='bbox 3281 4195 3554 4249; x_wconf 90' lang='lat' dir='ltr'><strong>contrario</strong></span> <span class='ocrx_word' id='word_1_705' title='bbox 3582 4193 3709 4263; x_wconf 88' lang='lat' dir='ltr'><strong>quid</strong></span> 
     </span>
    </p>
   </div>
   <div class='ocr_carea' id='block_1_89' title="bbox 2124 4284 3712 4352">
    <p class='ocr_par' dir='ltr' id='par_1_89' title="bbox 2124 4284 3712 4352">
     <span class='ocr_line' id='line_1_89' title="bbox 2124 4284 3712 4352; baseline -0.002 -7"><span class='ocrx_word' id='word_1_706' title='bbox 2124 4289 2192 4345; x_wconf 86' lang='lat' dir='ltr'><strong>sit</strong></span> <span class='ocrx_word' id='word_1_707' title='bbox 2212 4304 2314 4344; x_wconf 89' lang='lat' dir='ltr'><strong>non</strong></span> <span class='ocrx_word' id='word_1_708' title='bbox 2347 4289 2497 4345; x_wconf 91' lang='lat' dir='ltr'><strong>liber.</strong></span> <span class='ocrx_word' id='word_1_709' title='bbox 2513 4289 2773 4352; x_wconf 83' lang='lat' dir='ltr'><strong>Quoniam</strong></span> <span class='ocrx_word' id='word_1_710' title='bbox 2796 4288 3016 4344; x_wconf 87' lang='lat' dir='ltr'><strong>libertas</strong></span> <span class='ocrx_word' id='word_1_711' title='bbox 3034 4301 3197 4343; x_wconf 89' lang='lat' dir='ltr'><strong>censu</strong></span> <span class='ocrx_word' id='word_1_712' title='bbox 3219 4284 3399 4352; x_wconf 89' lang='lat' dir='ltr'><strong>datur,</strong></span> <span class='ocrx_word' id='word_1_713' title='bbox 3431 4286 3586 4341; x_wconf 86' lang='lat' dir='ltr'><strong>datur</strong></span> <span class='ocrx_word' id='word_1_714' title='bbox 3605 4286 3712 4342; x_wconf 86' lang='lat' dir='ltr'><strong>vin-</strong></span> 
     </span>
    </p>
   </div>
   <div class='ocr_carea' id='block_1_90' title="bbox 2124 4380 3713 4453">
    <p class='ocr_par' dir='ltr' id='par_1_90' title="bbox 2124 4380 3713 4453">
     <span class='ocr_line' id='line_1_90' title="bbox 2124 4380 3713 4453; baseline -0.002 -14"><span class='ocrx_word' id='word_1_715' title='bbox 2124 4383 2285 4453; x_wconf 90' lang='lat' dir='ltr'><strong>dicta,</strong></span> <span class='ocrx_word' id='word_1_716' title='bbox 2312 4384 2468 4440; x_wconf 72' lang='lat' dir='ltr'><strong>ditur</strong></span> <span class='ocrx_word' id='word_1_717' title='bbox 2491 4393 2829 4450; x_wconf 90' lang='lat' dir='ltr'><strong>testamento,</strong></span> <span class='ocrx_word' id='word_1_718' title='bbox 2851 4393 2902 4440; x_wconf 89' lang='lat' dir='ltr'><strong>et</strong></span> <span class='ocrx_word' id='word_1_719' title='bbox 2922 4383 3004 4438; x_wconf 68' lang='lat' dir='ltr'><strong>hae</strong></span> <span class='ocrx_word' id='word_1_720' title='bbox 3031 4389 3210 4452; x_wconf 87' lang='lat' dir='ltr'><strong>partes</strong></span> <span class='ocrx_word' id='word_1_721' title='bbox 3233 4380 3426 4436; x_wconf 73' lang='lat' dir='ltr'><strong>danda:</strong></span> <span class='ocrx_word' id='word_1_722' title='bbox 3447 4380 3713 4436; x_wconf 84' lang='lat' dir='ltr'><strong>libertatis</strong></span> 
     </span>
    </p>
   </div>
   <div class='ocr_carea' id='block_1_91' title="bbox 2124 4471 3713 4548">
    <p class='ocr_par' dir='ltr' id='par_1_91' title="bbox 2124 4471 3713 4548">
     <span class='ocr_line' id='line_1_91' title="bbox 2124 4471 3713 4548; baseline -0.001 -18"><span class='ocrx_word' id='word_1_723' title='bbox 2124 4487 2277 4542; x_wconf 91' lang='lat' dir='ltr'><strong>sunt;</strong></span> <span class='ocrx_word' id='word_1_724' title='bbox 2310 4478 2353 4530; x_wconf 91' lang='lat' dir='ltr'><strong>si</strong></span> <span class='ocrx_word' id='word_1_725' title='bbox 2380 4492 2573 4548; x_wconf 85' lang='lat' dir='ltr'><strong>nequc,</strong></span> <span class='ocrx_word' id='word_1_726' title='bbox 2606 4477 2797 4547; x_wconf 88' lang='lat' dir='ltr'><strong>inquit,</strong></span> <span class='ocrx_word' id='word_1_727' title='bbox 2826 4491 3013 4541; x_wconf 85' lang='lat' dir='ltr'><strong>censu,</strong></span> <span class='ocrx_word' id='word_1_728' title='bbox 3042 4489 3219 4545; x_wconf 88' lang='lat' dir='ltr'><strong>neque</strong></span> <span class='ocrx_word' id='word_1_729' title='bbox 3250 4471 3505 4539; x_wconf 91' lang='lat' dir='ltr'><strong>vindicta,</strong></span> <span class='ocrx_word' id='word_1_730' title='bbox 3540 4486 3713 4542; x_wconf 85' lang='lat' dir='ltr'><strong>neque</strong></span> 
     </span>
    </p>
   </div>
   <div class='ocr_carea' id='block_1_92' title="bbox 2126 4565 3714 4639">
    <p class='ocr_par' dir='ltr' id='par_1_92' title="bbox 2126 4565 3714 4639">
     <span class='ocr_line' id='line_1_92' title="bbox 2126 4565 3714 4639; baseline -0.001 -14"><span class='ocrx_word' id='word_1_731' title='bbox 2126 4581 2443 4627; x_wconf 88' lang='lat' dir='ltr'><strong>testamento</strong></span> <span class='ocrx_word' id='word_1_732' title='bbox 2467 4573 2601 4626; x_wconf 86' lang='lat' dir='ltr'><strong>liber</strong></span> <span class='ocrx_word' id='word_1_733' title='bbox 2631 4580 2736 4637; x_wconf 86' lang='lat' dir='ltr'><strong>est,</strong></span> <span class='ocrx_word' id='word_1_734' title='bbox 2768 4586 2871 4625; x_wconf 91' lang='lat' dir='ltr'><strong>non</strong></span> <span class='ocrx_word' id='word_1_735' title='bbox 2900 4577 2983 4624; x_wconf 87' lang='lat' dir='ltr'><strong>est</strong></span> <span class='ocrx_word' id='word_1_736' title='bbox 3012 4569 3172 4639; x_wconf 91' lang='lat' dir='ltr'><strong>igitur</strong></span> <span class='ocrx_word' id='word_1_737' title='bbox 3216 4567 3375 4623; x_wconf 89' lang='lat' dir='ltr'><strong>liber.</strong></span> <span class='ocrx_word' id='word_1_738' title='bbox 3408 4565 3499 4623; x_wconf 89' lang='lat' dir='ltr'><strong>Sic</strong></span> <span class='ocrx_word' id='word_1_739' title='bbox 3529 4565 3714 4637; x_wconf 79' lang='lat' dir='ltr'><strong>positis</strong></span> 
     </span>
    </p>
   </div>
   <div class='ocr_carea' id='block_1_93' title="bbox 438 4639 3715 4735">
    <p class='ocr_par' dir='ltr' id='par_1_93' title="bbox 438 4639 3715 4735">
     <span class='ocr_line' id='line_1_93' title="bbox 438 4639 3715 4735; baseline 0.002 -25"><span class='ocrx_word' id='word_1_740' title='bbox 438 4664 519 4711; x_wconf 89' lang='lat' dir='ltr'><strong>ter</strong></span> <span class='ocrx_word' id='word_1_741' title='bbox 550 4654 693 4710; x_wconf 85' lang='lat' dir='ltr'><strong>enim</strong></span> <span class='ocrx_word' id='word_1_742' title='bbox 724 4656 883 4711; x_wconf 90' lang='lat' dir='ltr'><strong>aliter</strong></span> <span class='ocrx_word' id='word_1_743' title='bbox 908 4672 1068 4727; x_wconf 87' lang='lat' dir='ltr'><strong>quam</strong></span> <span class='ocrx_word' id='word_1_744' title='bbox 1099 4672 1185 4711; x_wconf 88' lang='lat' dir='ltr'><strong>res</strong></span> <span class='ocrx_word' id='word_1_745' title='bbox 1213 4668 1360 4727; x_wconf 90' lang='lat' dir='ltr'><strong>gesta</strong></span> <span class='ocrx_word' id='word_1_746' title='bbox 1392 4667 1491 4723; x_wconf 90' lang='lat' dir='ltr'><strong>est,</strong></span> <span class='ocrx_word' id='word_1_747' title='bbox 1525 4656 1709 4727; x_wconf 90' lang='lat' dir='ltr'><strong>opinio</strong></span> <span class='ocrx_word' id='word_1_748' title='bbox 1739 4656 1806 4712; x_wconf 92' lang='lat' dir='ltr'><strong>de</strong></span> <span class='ocrx_word' id='word_1_749' title='bbox 1836 4657 2015 4727; x_wconf 88' lang='lat' dir='ltr'><strong>aliquo</strong></span> <span class='ocrx_word' id='word_1_750' title='bbox 2044 4639 2100 4702; x_wconf 76' lang='lat' dir='ltr'><strong><em>D</em></strong></span> <span class='ocrx_word' id='word_1_751' title='bbox 2128 4665 2362 4735; x_wconf 88' lang='lat' dir='ltr'><strong>partibus</strong></span> <span class='ocrx_word' id='word_1_752' title='bbox 2393 4664 2582 4735; x_wconf 87' lang='lat' dir='ltr'><strong>quibus</strong></span> <span class='ocrx_word' id='word_1_753' title='bbox 2610 4665 2742 4721; x_wconf 90' lang='lat' dir='ltr'><strong>liber</strong></span> <span class='ocrx_word' id='word_1_754' title='bbox 2771 4664 3024 4731; x_wconf 87' lang='lat' dir='ltr'><strong>efﬁcitur,</strong></span> <span class='ocrx_word' id='word_1_755' title='bbox 3049 4662 3289 4731; x_wconf 73' lang='lat' dir='ltr'><strong>sequitur</strong></span> <span class='ocrx_word' id='word_1_756' title='bbox 3315 4663 3526 4733; x_wconf 85' lang='lat' dir='ltr'><strong>negatio</strong></span> <span class='ocrx_word' id='word_1_757' title='bbox 3556 4662 3715 4718; x_wconf 57' lang='lat' dir='ltr'><strong>liberi</strong></span> 
     </span>
    </p>
   </div>
   <div class='ocr_carea' id='block_1_94' title="bbox 433 4749 2012 4821">
    <p class='ocr_par' dir='ltr' id='par_1_94' title="bbox 433 4749 2012 4821">
     <span class='ocr_line' id='line_1_94' title="bbox 433 4749 2012 4821; baseline 0.003 -19"><span class='ocrx_word' id='word_1_758' title='bbox 433 4750 721 4815; x_wconf 85' lang='lat' dir='ltr'><strong>emanavit,</strong></span> <span class='ocrx_word' id='word_1_759' title='bbox 766 4749 967 4805; x_wconf 89' lang='lat' dir='ltr'><strong>idcirco</strong></span> <span class='ocrx_word' id='word_1_760' title='bbox 1019 4749 1193 4821; x_wconf 90' lang='lat' dir='ltr'><strong>inquit</strong></span> <span class='ocrx_word' id='word_1_761' title='bbox 1236 4753 1373 4805; x_wconf 83' lang='lat' dir='ltr'><strong>fama</strong></span> <span class='ocrx_word' id='word_1_762' title='bbox 1418 4751 1755 4815; x_wconf 89' lang='lat' dir='ltr'><strong>meritorum,</strong></span> <span class='ocrx_word' id='word_1_763' title='bbox 1794 4766 1857 4806; x_wconf 92' lang='lat' dir='ltr'><strong>ea</strong></span> <span class='ocrx_word' id='word_1_764' title='bbox 1888 4759 2012 4806; x_wconf 87' lang='lat' dir='ltr'><strong>sunt</strong></span> 
     </span>
    </p>
   </div>
   <div class='ocr_carea' id='block_1_95' title="bbox 432 4842 2017 4918">
    <p class='ocr_par' dir='ltr' id='par_1_95' title="bbox 432 4842 2017 4918">
     <span class='ocr_line' id='line_1_95' title="bbox 432 4842 2017 4918; baseline 0.003 -19"><span class='ocrx_word' id='word_1_765' title='bbox 432 4842 573 4899; x_wconf 91' lang='lat' dir='ltr'><strong>enim</strong></span> <span class='ocrx_word' id='word_1_766' title='bbox 615 4845 805 4900; x_wconf 89' lang='lat' dir='ltr'><strong>merita</strong></span> <span class='ocrx_word' id='word_1_767' title='bbox 856 4860 977 4915; x_wconf 73' lang='lat' dir='ltr'><strong>qua:</strong></span> <span class='ocrx_word' id='word_1_768' title='bbox 1019 4860 1140 4900; x_wconf 93' lang='lat' dir='ltr'><strong>cum</strong></span> <span class='ocrx_word' id='word_1_769' title='bbox 1173 4854 1490 4916; x_wconf 66' lang='lat' dir='ltr'><strong>praestamus</strong></span> <span class='ocrx_word' id='word_1_770' title='bbox 1535 4846 1731 4902; x_wconf 90' lang='lat' dir='ltr'><strong>mereri</strong></span> <span class='ocrx_word' id='word_1_771' title='bbox 1778 4861 1876 4902; x_wconf 88' lang='lat' dir='ltr'><strong>nos</strong></span> <span class='ocrx_word' id='word_1_772' title='bbox 1901 4848 2017 4918; x_wconf 86' lang='lat' dir='ltr'><strong>glo-</strong></span> 
     </span>
    </p>
   </div>
   <div class='ocr_carea' id='block_1_96' title="bbox 431 4935 2019 5010">
    <p class='ocr_par' dir='ltr' id='par_1_96' title="bbox 431 4935 2019 5010">
     <span class='ocr_line' id='line_1_96' title="bbox 431 4935 2019 5010; baseline 0.003 -20"><span class='ocrx_word' id='word_1_773' title='bbox 431 4935 563 4990; x_wconf 82' lang='lat' dir='ltr'><strong>riam</strong></span> <span class='ocrx_word' id='word_1_774' title='bbox 608 4936 826 4992; x_wconf 82' lang='lat' dir='ltr'><strong>faciunt.</strong></span> <span class='ocrx_word' id='word_1_775' title='bbox 860 4937 1001 5009; x_wconf 87' lang='lat' dir='ltr'><strong>Ergo</strong></span> <span class='ocrx_word' id='word_1_776' title='bbox 1029 4938 1239 5005; x_wconf 89' lang='lat' dir='ltr'><strong>Cicero,</strong></span> <span class='ocrx_word' id='word_1_777' title='bbox 1268 4939 1362 5010; x_wconf 91' lang='lat' dir='ltr'><strong>qui</strong></span> <span class='ocrx_word' id='word_1_778' title='bbox 1404 4938 1618 4995; x_wconf 83' lang='lat' dir='ltr'><strong>volebat</strong></span> <span class='ocrx_word' id='word_1_779' title='bbox 1642 4948 1768 4994; x_wconf 93' lang='lat' dir='ltr'><strong>tunc</strong></span> <span class='ocrx_word' id='word_1_780' title='bbox 1797 4940 2019 5009; x_wconf 89' lang='lat' dir='ltr'><strong>gloriam</strong></span> 
     </span>
    </p>
   </div>
   <div class='ocr_carea' id='block_1_97' title="bbox 431 5024 2020 5102">
    <p class='ocr_par' dir='ltr' id='par_1_97' title="bbox 431 5024 2020 5102">
     <span class='ocr_line' id='line_1_97' title="bbox 431 5024 2020 5102; baseline 0.003 -19"><span class='ocrx_word' id='word_1_781' title='bbox 431 5024 630 5083; x_wconf 63' lang='lat' dir='ltr'><strong>Caesari</strong></span> <span class='ocrx_word' id='word_1_782' title='bbox 667 5028 799 5084; x_wconf 90' lang='lat' dir='ltr'><strong>dare</strong></span> <span class='ocrx_word' id='word_1_783' title='bbox 827 5044 949 5085; x_wconf 88' lang='lat' dir='ltr'><strong>cum</strong></span> <span class='ocrx_word' id='word_1_784' title='bbox 991 5031 1302 5100; x_wconf 73' lang='lat' dir='ltr'><strong>reipublicm</strong></span> <span class='ocrx_word' id='word_1_785' title='bbox 1335 5030 1658 5102; x_wconf 70' lang='lat' dir='ltr'><strong>pra-fuisset,</strong></span> <span class='ocrx_word' id='word_1_786' title='bbox 1691 5031 1892 5088; x_wconf 84' lang='lat' dir='ltr'><strong>ideirco</strong></span> <span class='ocrx_word' id='word_1_787' title='bbox 1920 5032 2020 5088; x_wconf 88' lang='lat' dir='ltr'><strong>ista</strong></span> 
     </span>
    </p>
   </div>
   <div class='ocr_carea' id='block_1_98' title="bbox 431 5118 2023 5199">
    <p class='ocr_par' dir='ltr' id='par_1_98' title="bbox 431 5118 2023 5199">
     <span class='ocr_line' id='line_1_98' title="bbox 431 5118 2023 5199; baseline 0.006 -25"><span class='ocrx_word' id='word_1_788' title='bbox 431 5118 566 5175; x_wconf 81' lang='lat' dir='ltr'><strong>facta</strong></span> <span class='ocrx_word' id='word_1_789' title='bbox 589 5122 673 5177; x_wconf 89' lang='lat' dir='ltr'><strong>vel</strong></span> <span class='ocrx_word' id='word_1_790' title='bbox 704 5123 894 5178; x_wconf 89' lang='lat' dir='ltr'><strong>merita</strong></span> <span class='ocrx_word' id='word_1_791' title='bbox 927 5125 1261 5195; x_wconf 88' lang='lat' dir='ltr'><strong>generaliter</strong></span> <span class='ocrx_word' id='word_1_792' title='bbox 1292 5125 1466 5196; x_wconf 88' lang='lat' dir='ltr'><strong>posita</strong></span> <span class='ocrx_word' id='word_1_793' title='bbox 1497 5126 1683 5182; x_wconf 86' lang='lat' dir='ltr'><strong>divisit</strong></span> <span class='ocrx_word' id='word_1_794' title='bbox 1712 5127 1763 5183; x_wconf 91' lang='lat' dir='ltr'><strong>in</strong></span> <span class='ocrx_word' id='word_1_795' title='bbox 1790 5119 2023 5199; x_wconf 81' lang='lat' dir='ltr'><strong>species,</strong></span> 
     </span>
    </p>
   </div>
   <div class='ocr_carea' id='block_1_99' title="bbox 430 5212 2026 5291">
    <p class='ocr_par' dir='ltr' id='par_1_99' title="bbox 430 5212 2026 5291">
     <span class='ocr_line' id='line_1_99' title="bbox 430 5212 2026 5291; baseline 0.008 -26"><span class='ocrx_word' id='word_1_796' title='bbox 430 5220 485 5266; x_wconf 89' lang='lat' dir='ltr'><strong>et</strong></span> <span class='ocrx_word' id='word_1_797' title='bbox 505 5212 769 5282; x_wconf 78' lang='lat' dir='ltr'><strong>adjunxit,</strong></span> <span class='ocrx_word' id='word_1_798' title='bbox 801 5231 923 5270; x_wconf 89' lang='lat' dir='ltr'><strong>cum</strong></span> <span class='ocrx_word' id='word_1_799' title='bbox 956 5217 1007 5270; x_wconf 93' lang='lat' dir='ltr'><strong>in</strong></span> <span class='ocrx_word' id='word_1_800' title='bbox 1038 5232 1164 5273; x_wconf 92' lang='lat' dir='ltr'><strong>suos</strong></span> <span class='ocrx_word' id='word_1_801' title='bbox 1190 5219 1359 5286; x_wconf 90' lang='lat' dir='ltr'><strong>cives,</strong></span> <span class='ocrx_word' id='word_1_802' title='bbox 1394 5228 1506 5275; x_wconf 90' lang='lat' dir='ltr'><strong>tum</strong></span> <span class='ocrx_word' id='word_1_803' title='bbox 1549 5220 1602 5275; x_wconf 91' lang='lat' dir='ltr'><strong>in</strong></span> <span class='ocrx_word' id='word_1_804' title='bbox 1632 5221 2026 5291; x_wconf 87' lang='lat' dir='ltr'><strong>rempublicam</strong></span> 
     </span>
    </p>
   </div>
   <div class='ocr_carea' id='block_1_100' title="bbox 428 5304 2024 5381">
    <p class='ocr_par' dir='ltr' id='par_1_100' title="bbox 428 5304 2024 5381">
     <span class='ocr_line' id='line_1_100' title="bbox 428 5304 2024 5381; baseline 0.008 -23"><span class='ocrx_word' id='word_1_805' title='bbox 428 5304 513 5361; x_wconf 85' lang='lat' dir='ltr'><strong>vel</strong></span> <span class='ocrx_word' id='word_1_806' title='bbox 547 5304 599 5360; x_wconf 90' lang='lat' dir='ltr'><strong>in</strong></span> <span class='ocrx_word' id='word_1_807' title='bbox 641 5321 803 5364; x_wconf 90' lang='lat' dir='ltr'><strong>omne</strong></span> <span class='ocrx_word' id='word_1_808' title='bbox 840 5323 1011 5379; x_wconf 91' lang='lat' dir='ltr'><strong>genus</strong></span> <span class='ocrx_word' id='word_1_809' title='bbox 1040 5310 1343 5376; x_wconf 83' lang='lat' dir='ltr'><strong>hominum,</strong></span> <span class='ocrx_word' id='word_1_810' title='bbox 1384 5327 1505 5381; x_wconf 68' lang='lat' dir='ltr'><strong>quae</strong></span> <span class='ocrx_word' id='word_1_811' title='bbox 1532 5312 1738 5369; x_wconf 61' lang='lat' dir='ltr'><strong>scilicet</strong></span> <span class='ocrx_word' id='word_1_812' title='bbox 1764 5313 2024 5371; x_wconf 88' lang='lat' dir='ltr'><strong>factorum</strong></span> 
     </span>
    </p>
   </div>
   <div class='ocr_carea' id='block_1_101' title="bbox 428 5400 2025 5475">
    <p class='ocr_par' dir='ltr' id='par_1_101' title="bbox 428 5400 2025 5475">
     <span class='ocr_line' id='line_1_101' title="bbox 428 5400 2025 5475; baseline 0.007 -23"><span class='ocrx_word' id='word_1_813' title='bbox 428 5406 578 5453; x_wconf 87' lang='lat' dir='ltr'><strong>recte</strong></span> <span class='ocrx_word' id='word_1_814' title='bbox 616 5400 827 5467; x_wconf 90' lang='lat' dir='ltr'><strong>species</strong></span> <span class='ocrx_word' id='word_1_815' title='bbox 855 5400 1114 5469; x_wconf 62' lang='lat' dir='ltr'><strong>subjecta!</strong></span> <span class='ocrx_word' id='word_1_816' title='bbox 1143 5418 1315 5473; x_wconf 87' lang='lat' dir='ltr'><strong>usque</strong></span> <span class='ocrx_word' id='word_1_817' title='bbox 1335 5404 1401 5458; x_wconf 90' lang='lat' dir='ltr'><strong>ad</strong></span> <span class='ocrx_word' id='word_1_818' title='bbox 1431 5404 1810 5475; x_wconf 91' lang='lat' dir='ltr'><strong>proprietatem</strong></span> <span class='ocrx_word' id='word_1_819' title='bbox 1839 5406 2025 5475; x_wconf 70' lang='lat' dir='ltr'><strong>glorias</strong></span> 
     </span>
    </p>
   </div>
   <div class='ocr_carea' id='block_1_102' title="bbox 427 5490 2024 5569">
    <p class='ocr_par' dir='ltr' id='par_1_102' title="bbox 427 5490 2024 5569">
     <span class='ocr_line' id='line_1_102' title="bbox 427 5490 2024 5569; baseline 0.008 -26"><span class='ocrx_word' id='word_1_820' title='bbox 427 5490 741 5544; x_wconf 76' lang='lat' dir='ltr'><strong>convenire.</strong></span> <span class='ocrx_word' id='word_1_821' title='bbox 790 5490 966 5546; x_wconf 80' lang='lat' dir='ltr'><strong>liabet</strong></span> <span class='ocrx_word' id='word_1_822' title='bbox 1006 5494 1149 5548; x_wconf 91' lang='lat' dir='ltr'><strong>enim</strong></span> <span class='ocrx_word' id='word_1_823' title='bbox 1193 5510 1336 5551; x_wconf 91' lang='lat' dir='ltr'><strong>nunc</strong></span> <span class='ocrx_word' id='word_1_824' title='bbox 1373 5506 1574 5550; x_wconf 86' lang='lat' dir='ltr'><strong>certam</strong></span> <span class='ocrx_word' id='word_1_825' title='bbox 1607 5507 1661 5553; x_wconf 90' lang='lat' dir='ltr'><strong>et</strong></span> <span class='ocrx_word' id='word_1_826' title='bbox 1686 5512 1869 5552; x_wconf 87' lang='lat' dir='ltr'><strong>veram</strong></span> <span class='ocrx_word' id='word_1_827' title='bbox 1897 5513 2024 5569; x_wconf 88' lang='lat' dir='ltr'><strong>pro-</strong></span> 
     </span>
    </p>
   </div>
   <div class='ocr_carea' id='block_1_103' title="bbox 430 5577 2019 5659">
    <p class='ocr_par' dir='ltr' id='par_1_103' title="bbox 430 5577 2019 5659">
     <span class='ocr_line' id='line_1_103' title="bbox 430 5577 2019 5659; baseline 0.009 -28"><span class='ocrx_word' id='word_1_828' title='bbox 430 5577 713 5648; x_wconf 80' lang='lat' dir='ltr'><strong>prietatem</strong></span> <span class='ocrx_word' id='word_1_829' title='bbox 765 5578 819 5635; x_wconf 92' lang='lat' dir='ltr'><strong>in</strong></span> <span class='ocrx_word' id='word_1_830' title='bbox 853 5581 1097 5650; x_wconf 85' lang='lat' dir='ltr'><strong>partibus</strong></span> <span class='ocrx_word' id='word_1_831' title='bbox 1127 5583 1320 5654; x_wconf 87' lang='lat' dir='ltr'><strong>gloria.</strong></span> <span class='ocrx_word' id='word_1_832' title='bbox 1366 5584 1499 5640; x_wconf 86' lang='lat' dir='ltr'><strong>Nam</strong></span> <span class='ocrx_word' id='word_1_833' title='bbox 1528 5602 1687 5642; x_wconf 87' lang='lat' dir='ltr'><strong>omne</strong></span> <span class='ocrx_word' id='word_1_834' title='bbox 1714 5596 1853 5658; x_wconf 84' lang='lat' dir='ltr'><strong>quod</strong></span> <span class='ocrx_word' id='word_1_835' title='bbox 1878 5604 2019 5659; x_wconf 66' lang='lat' dir='ltr'><strong>prm-</strong></span> 
     </span>
    </p>
   </div>
   <div class='ocr_carea' id='block_1_104' title="bbox 430 5673 2019 5750">
    <p class='ocr_par' dir='ltr' id='par_1_104' title="bbox 430 5673 2019 5750">
     <span class='ocr_line' id='line_1_104' title="bbox 430 5673 2019 5750; baseline 0.008 -23"><span class='ocrx_word' id='word_1_836' title='bbox 430 5679 661 5738; x_wconf 81' lang='lat' dir='ltr'><strong>stamus,</strong></span> <span class='ocrx_word' id='word_1_837' title='bbox 687 5682 777 5727; x_wconf 87' lang='lat' dir='ltr'><strong>aut</strong></span> <span class='ocrx_word' id='word_1_838' title='bbox 805 5673 959 5743; x_wconf 89' lang='lat' dir='ltr'><strong>quasi</strong></span> <span class='ocrx_word' id='word_1_839' title='bbox 984 5674 1223 5731; x_wconf 88' lang='lat' dir='ltr'><strong>debitum</strong></span> <span class='ocrx_word' id='word_1_840' title='bbox 1251 5678 1465 5744; x_wconf 89' lang='lat' dir='ltr'><strong>damus,</strong></span> <span class='ocrx_word' id='word_1_841' title='bbox 1498 5687 1590 5734; x_wconf 91' lang='lat' dir='ltr'><strong>aut</strong></span> <span class='ocrx_word' id='word_1_842' title='bbox 1617 5680 1767 5750; x_wconf 91' lang='lat' dir='ltr'><strong>quasi</strong></span> <span class='ocrx_word' id='word_1_843' title='bbox 1798 5695 1905 5737; x_wconf 91' lang='lat' dir='ltr'><strong>non</strong></span> <span class='ocrx_word' id='word_1_844' title='bbox 1928 5683 2019 5740; x_wconf 83' lang='lat' dir='ltr'><strong>de-</strong></span> 
     </span>
    </p>
   </div>
   <div class='ocr_carea' id='block_1_105' title="bbox 431 5757 2019 5848">
    <p class='ocr_par' dir='ltr' id='par_1_105' title="bbox 431 5757 2019 5848">
     <span class='ocr_line' id='line_1_105' title="bbox 431 5757 2019 5848; baseline 0.012 -32"><span class='ocrx_word' id='word_1_845' title='bbox 431 5761 620 5831; x_wconf 83' lang='lat' dir='ltr'><strong>bitum,</strong></span> <span class='ocrx_word' id='word_1_846' title='bbox 654 5776 778 5820; x_wconf 87' lang='lat' dir='ltr'><strong>cum</strong></span> <span class='ocrx_word' id='word_1_847' title='bbox 822 5775 972 5822; x_wconf 88' lang='lat' dir='ltr'><strong>recte</strong></span> <span class='ocrx_word' id='word_1_848' title='bbox 1001 5764 1281 5839; x_wconf 85' lang='lat' dir='ltr'><strong>faciamus,</strong></span> <span class='ocrx_word' id='word_1_849' title='bbox 1309 5770 1356 5826; x_wconf 87' lang='lat' dir='ltr'><strong>si</strong></span> <span class='ocrx_word' id='word_1_850' title='bbox 1386 5770 1501 5826; x_wconf 90' lang='lat' dir='ltr'><strong>sola</strong></span> <span class='ocrx_word' id='word_1_851' title='bbox 1531 5757 1691 5828; x_wconf 34' lang='lat' dir='ltr'><strong>facta.</strong></span> <span class='ocrx_word' id='word_1_852' title='bbox 1725 5786 1849 5830; x_wconf 87' lang='lat' dir='ltr'><strong>sunt</strong></span> <span class='ocrx_word' id='word_1_853' title='bbox 1898 5793 2019 5848; x_wconf 70' lang='lat' dir='ltr'><strong>qum</strong></span> 
     </span>
    </p>
   </div>
   <div class='ocr_carea' id='block_1_106' title="bbox 433 5852 2013 5927">
    <p class='ocr_par' dir='ltr' id='par_1_106' title="bbox 433 5852 2013 5927">
     <span class='ocr_line' id='line_1_106' title="bbox 433 5852 2013 5927; baseline 0.01 -16"><span class='ocrx_word' id='word_1_854' title='bbox 433 5853 584 5913; x_wconf 74' lang='lat' dir='ltr'><strong>quasi</strong></span> <span class='ocrx_word' id='word_1_855' title='bbox 612 5852 792 5914; x_wconf 85' lang='lat' dir='ltr'><strong>debita</strong></span> <span class='ocrx_word' id='word_1_856' title='bbox 838 5865 989 5926; x_wconf 84' lang='lat' dir='ltr'><strong>sunt,</strong></span> <span class='ocrx_word' id='word_1_857' title='bbox 1020 5856 1219 5917; x_wconf 88' lang='lat' dir='ltr'><strong>dicitur</strong></span> <span class='ocrx_word' id='word_1_858' title='bbox 1270 5860 1495 5920; x_wconf 88' lang='lat' dir='ltr'><strong>illustris</strong></span> <span class='ocrx_word' id='word_1_859' title='bbox 1552 5864 1687 5925; x_wconf 85' lang='lat' dir='ltr'><strong>fama</strong></span> <span class='ocrx_word' id='word_1_860' title='bbox 1732 5867 2013 5927; x_wconf 84' lang='lat' dir='ltr'><strong>factorum.</strong></span> 
     </span>
    </p>
   </div>
   <div class='ocr_carea' id='block_1_107' title="bbox 2128 4754 3707 4827">
    <p class='ocr_par' dir='ltr' id='par_1_107' title="bbox 2128 4754 3707 4827">
     <span class='ocr_line' id='line_1_107' title="bbox 2128 4754 3707 4827; baseline 0.001 -17"><span class='ocrx_word' id='word_1_861' title='bbox 2128 4757 2273 4825; x_wconf 90' lang='lat' dir='ltr'><strong>tatis,</strong></span> <span class='ocrx_word' id='word_1_862' title='bbox 2296 4758 2337 4811; x_wconf 89' lang='lat' dir='ltr'><strong>si</strong></span> <span class='ocrx_word' id='word_1_863' title='bbox 2368 4757 2511 4811; x_wconf 89' lang='lat' dir='ltr'><strong>nulla</strong></span> <span class='ocrx_word' id='word_1_864' title='bbox 2541 4756 2729 4812; x_wconf 86' lang='lat' dir='ltr'><strong>harum</strong></span> <span class='ocrx_word' id='word_1_865' title='bbox 2757 4758 2985 4827; x_wconf 89' lang='lat' dir='ltr'><strong>partium</strong></span> <span class='ocrx_word' id='word_1_866' title='bbox 3014 4756 3064 4810; x_wconf 91' lang='lat' dir='ltr'><strong>in</strong></span> <span class='ocrx_word' id='word_1_867' title='bbox 3098 4754 3271 4811; x_wconf 82' lang='lat' dir='ltr'><strong>danda</strong></span> <span class='ocrx_word' id='word_1_868' title='bbox 3294 4755 3540 4811; x_wconf 85' lang='lat' dir='ltr'><strong>libertate</strong></span> <span class='ocrx_word' id='word_1_869' title='bbox 3568 4770 3707 4826; x_wconf 69' lang='lat' dir='ltr'><strong>pra:-</strong></span> 
     </span>
    </p>
   </div>
   <div class='ocr_carea' id='block_1_108' title="bbox 2131 4847 3715 4919">
    <p class='ocr_par' dir='ltr' id='par_1_108' title="bbox 2131 4847 3715 4919">
     <span class='ocr_line' id='line_1_108' title="bbox 2131 4847 3715 4919; baseline 0.002 -15"><span class='ocrx_word' id='word_1_870' title='bbox 2131 4848 2311 4904; x_wconf 85' lang='lat' dir='ltr'><strong>cessit.</strong></span> <span class='ocrx_word' id='word_1_871' title='bbox 2362 4847 2469 4903; x_wconf 87' lang='lat' dir='ltr'><strong>Nec</strong></span> <span class='ocrx_word' id='word_1_872' title='bbox 2501 4863 2593 4904; x_wconf 93' lang='lat' dir='ltr'><strong>vos</strong></span> <span class='ocrx_word' id='word_1_873' title='bbox 2640 4859 2852 4905; x_wconf 88' lang='lat' dir='ltr'><strong>moveat</strong></span> <span class='ocrx_word' id='word_1_874' title='bbox 2887 4848 3028 4919; x_wconf 92' lang='lat' dir='ltr'><strong>quod</strong></span> <span class='ocrx_word' id='word_1_875' title='bbox 3056 4847 3185 4919; x_wconf 92' lang='lat' dir='ltr'><strong>quid</strong></span> <span class='ocrx_word' id='word_1_876' title='bbox 3233 4863 3337 4903; x_wconf 91' lang='lat' dir='ltr'><strong>non</strong></span> <span class='ocrx_word' id='word_1_877' title='bbox 3366 4849 3437 4902; x_wconf 88' lang='lat' dir='ltr'><strong>sit</strong></span> <span class='ocrx_word' id='word_1_878' title='bbox 3485 4847 3622 4904; x_wconf 90' lang='lat' dir='ltr'><strong>liber</strong></span> <span class='ocrx_word' id='word_1_879' title='bbox 3664 4848 3715 4907; x_wconf 90' lang='lat' dir='ltr'><strong>in</strong></span> 
     </span>
    </p>
   </div>
   <div class='ocr_carea' id='block_1_109' title="bbox 2132 4938 3715 5013">
    <p class='ocr_par' dir='ltr' id='par_1_109' title="bbox 2132 4938 3715 5013">
     <span class='ocr_line' id='line_1_109' title="bbox 2132 4938 3715 5013; baseline 0.002 -19"><span class='ocrx_word' id='word_1_880' title='bbox 2132 4938 2451 4995; x_wconf 88' lang='lat' dir='ltr'><strong>diffinitione</strong></span> <span class='ocrx_word' id='word_1_881' title='bbox 2492 4951 2573 4996; x_wconf 88' lang='lat' dir='ltr'><strong>est</strong></span> <span class='ocrx_word' id='word_1_882' title='bbox 2604 4943 2978 5008; x_wconf 90' lang='lat' dir='ltr'><strong>constitutum,</strong></span> <span class='ocrx_word' id='word_1_883' title='bbox 3011 4955 3116 4997; x_wconf 91' lang='lat' dir='ltr'><strong>nou</strong></span> <span class='ocrx_word' id='word_1_884' title='bbox 3147 4941 3273 5013; x_wconf 89' lang='lat' dir='ltr'><strong>quid</strong></span> <span class='ocrx_word' id='word_1_885' title='bbox 3304 4940 3394 4995; x_wconf 90' lang='lat' dir='ltr'><strong>sit.</strong></span> <span class='ocrx_word' id='word_1_886' title='bbox 3440 4940 3543 4996; x_wconf 84' lang='lat' dir='ltr'><strong>Par</strong></span> <span class='ocrx_word' id='word_1_887' title='bbox 3573 4943 3715 4997; x_wconf 88' lang='lat' dir='ltr'><strong>enim</strong></span> 
     </span>
    </p>
   </div>
   <div class='ocr_carea' id='block_1_110' title="bbox 2132 5034 3715 5104">
    <p class='ocr_par' dir='ltr' id='par_1_110' title="bbox 2132 5034 3715 5104">
     <span class='ocr_line' id='line_1_110' title="bbox 2132 5034 3715 5104; baseline 0.004 -17"><span class='ocrx_word' id='word_1_888' title='bbox 2132 5034 2271 5088; x_wconf 87' lang='lat' dir='ltr'><strong>ratio</strong></span> <span class='ocrx_word' id='word_1_889' title='bbox 2307 5044 2388 5089; x_wconf 91' lang='lat' dir='ltr'><strong>est</strong></span> <span class='ocrx_word' id='word_1_890' title='bbox 2434 5043 2485 5091; x_wconf 91' lang='lat' dir='ltr'><strong>et</strong></span> <span class='ocrx_word' id='word_1_891' title='bbox 2513 5036 2699 5093; x_wconf 81' lang='lat' dir='ltr'><strong>eadem</strong></span> <span class='ocrx_word' id='word_1_892' title='bbox 2735 5034 3035 5093; x_wconf 88' lang='lat' dir='ltr'><strong>difﬁniendi</strong></span> <span class='ocrx_word' id='word_1_893' title='bbox 3065 5037 3164 5103; x_wconf 92' lang='lat' dir='ltr'><strong>vis,</strong></span> <span class='ocrx_word' id='word_1_894' title='bbox 3206 5047 3259 5092; x_wconf 90' lang='lat' dir='ltr'><strong>et</strong></span> <span class='ocrx_word' id='word_1_895' title='bbox 3286 5049 3409 5091; x_wconf 93' lang='lat' dir='ltr'><strong>cum</strong></span> <span class='ocrx_word' id='word_1_896' title='bbox 3441 5034 3567 5104; x_wconf 90' lang='lat' dir='ltr'><strong>quid</strong></span> <span class='ocrx_word' id='word_1_897' title='bbox 3611 5051 3715 5093; x_wconf 84' lang='lat' dir='ltr'><strong>non</strong></span> 
     </span>
    </p>
   </div>
   <div class='ocr_carea' id='block_1_111' title="bbox 2136 5116 3713 5200">
    <p class='ocr_par' dir='ltr' id='par_1_111' title="bbox 2136 5116 3713 5200">
     <span class='ocr_line' id='line_1_111' title="bbox 2136 5116 3713 5200; baseline -0.003 -21"><span class='ocrx_word' id='word_1_898' title='bbox 2136 5127 2207 5182; x_wconf 88' lang='lat' dir='ltr'><strong>sit</strong></span> <span class='ocrx_word' id='word_1_899' title='bbox 2235 5127 2554 5198; x_wconf 89' lang='lat' dir='ltr'><strong>ostenditur,</strong></span> <span class='ocrx_word' id='word_1_900' title='bbox 2588 5139 2642 5186; x_wconf 90' lang='lat' dir='ltr'><strong>et</strong></span> <span class='ocrx_word' id='word_1_901' title='bbox 2670 5144 2791 5185; x_wconf 92' lang='lat' dir='ltr'><strong>cum</strong></span> <span class='ocrx_word' id='word_1_902' title='bbox 2822 5131 2948 5200; x_wconf 89' lang='lat' dir='ltr'><strong>quid</strong></span> <span class='ocrx_word' id='word_1_903' title='bbox 2996 5130 3066 5185; x_wconf 89' lang='lat' dir='ltr'><strong>sit</strong></span> <span class='ocrx_word' id='word_1_904' title='bbox 3114 5128 3352 5183; x_wconf 89' lang='lat' dir='ltr'><strong>adhibita</strong></span> <span class='ocrx_word' id='word_1_905' title='bbox 3394 5116 3713 5184; x_wconf 74' lang='lat' dir='ltr'><strong>diflinitione</strong></span> 
     </span>
    </p>
   </div>
   <div class='ocr_carea' id='block_1_112' title="bbox 2134 5216 3712 5295">
    <p class='ocr_par' dir='ltr' id='par_1_112' title="bbox 2134 5216 3712 5295">
     <span class='ocr_line' id='line_1_112' title="bbox 2134 5216 3712 5295; baseline -0.002 -21"><span class='ocrx_word' id='word_1_906' title='bbox 2134 5221 2387 5278; x_wconf 87' lang='lat' dir='ltr'><strong>nudatur.</strong></span> <span class='ocrx_word' id='word_1_907' title='bbox 2416 5223 2728 5295; x_wconf 86' lang='lat' dir='ltr'><strong>Quanquam</strong></span> <span class='ocrx_word' id='word_1_908' title='bbox 2768 5223 2840 5278; x_wconf 83' lang='grc' dir='ltr'><strong>Μ.</strong></span> <span class='ocrx_word' id='word_1_909' title='bbox 2870 5222 3076 5278; x_wconf 84' lang='lat' dir='ltr'><strong>Tullius</strong></span> <span class='ocrx_word' id='word_1_910' title='bbox 3101 5220 3257 5276; x_wconf 89' lang='lat' dir='ltr'><strong>aliter</strong></span> <span class='ocrx_word' id='word_1_911' title='bbox 3278 5222 3331 5274; x_wconf 85' lang='lat' dir='ltr'><strong>in</strong></span> <span class='ocrx_word' id='word_1_912' title='bbox 3359 5216 3549 5275; x_wconf 90' lang='lat' dir='ltr'><strong>eodem</strong></span> <span class='ocrx_word' id='word_1_913' title='bbox 3577 5216 3712 5271; x_wconf 81' lang='lat' dir='ltr'><strong>libro</strong></span> 
     </span>
    </p>
   </div>
   <div class='ocr_carea' id='block_1_113' title="bbox 2133 5309 3711 5385">
    <p class='ocr_par' dir='ltr' id='par_1_113' title="bbox 2133 5309 3711 5385">
     <span class='ocr_line' id='line_1_113' title="bbox 2133 5309 3711 5385; baseline -0.004 -17"><span class='ocrx_word' id='word_1_914' title='bbox 2133 5312 2451 5383; x_wconf 88' lang='lat' dir='ltr'><strong>Topicorum</strong></span> <span class='ocrx_word' id='word_1_915' title='bbox 2508 5316 2584 5369; x_wconf 90' lang='lat' dir='ltr'><strong>ait</strong></span> <span class='ocrx_word' id='word_1_916' title='bbox 2620 5329 2740 5370; x_wconf 88' lang='lat' dir='ltr'><strong>esse</strong></span> <span class='ocrx_word' id='word_1_917' title='bbox 2768 5315 2875 5370; x_wconf 92' lang='lat' dir='ltr'><strong>duo</strong></span> <span class='ocrx_word' id='word_1_918' title='bbox 2904 5328 3099 5385; x_wconf 89' lang='lat' dir='ltr'><strong>genera</strong></span> <span class='ocrx_word' id='word_1_919' title='bbox 3139 5310 3519 5367; x_wconf 90' lang='lat' dir='ltr'><strong>dilﬁnitionum</strong></span> <span class='ocrx_word' id='word_1_920' title='bbox 3556 5324 3570 5361; x_wconf 88' lang='lat'><strong>:</strong></span> <span class='ocrx_word' id='word_1_921' title='bbox 3610 5309 3711 5377; x_wconf 87' lang='lat' dir='ltr'><strong>pri-</strong></span> 
     </span>
    </p>
   </div>
   <div class='ocr_carea' id='block_1_114' title="bbox 2132 5401 3709 5479">
    <p class='ocr_par' dir='ltr' id='par_1_114' title="bbox 2132 5401 3709 5479">
     <span class='ocr_line' id='line_1_114' title="bbox 2132 5401 3709 5479; baseline -0.003 -18"><span class='ocrx_word' id='word_1_922' title='bbox 2132 5420 2274 5461; x_wconf 91' lang='lat' dir='ltr'><strong>mum</strong></span> <span class='ocrx_word' id='word_1_923' title='bbox 2318 5407 2466 5462; x_wconf 90' lang='lat' dir='ltr'><strong>enim</strong></span> <span class='ocrx_word' id='word_1_924' title='bbox 2506 5422 2627 5463; x_wconf 90' lang='lat' dir='ltr'><strong>cum</strong></span> <span class='ocrx_word' id='word_1_925' title='bbox 2674 5407 2727 5463; x_wconf 91' lang='lat' dir='ltr'><strong>id</strong></span> <span class='ocrx_word' id='word_1_926' title='bbox 2769 5407 2911 5479; x_wconf 88' lang='lat' dir='ltr'><strong>quod</strong></span> <span class='ocrx_word' id='word_1_927' title='bbox 2946 5416 3029 5463; x_wconf 89' lang='lat' dir='ltr'><strong>est</strong></span> <span class='ocrx_word' id='word_1_928' title='bbox 3075 5405 3361 5473; x_wconf 87' lang='lat' dir='ltr'><strong>difﬁnitur,</strong></span> <span class='ocrx_word' id='word_1_929' title='bbox 3414 5401 3709 5460; x_wconf 80' lang='lat' dir='ltr'><strong>secundum</strong></span> 
     </span>
    </p>
   </div>
   <div class='ocr_carea' id='block_1_115' title="bbox 2128 5497 3705 5573">
    <p class='ocr_par' dir='ltr' id='par_1_115' title="bbox 2128 5497 3705 5573">
     <span class='ocr_line' id='line_1_115' title="bbox 2128 5497 3705 5573; baseline -0.005 -14"><span class='ocrx_word' id='word_1_930' title='bbox 2128 5518 2251 5559; x_wconf 91' lang='lat' dir='ltr'><strong>cum</strong></span> <span class='ocrx_word' id='word_1_931' title='bbox 2297 5501 2348 5558; x_wconf 89' lang='lat' dir='ltr'><strong>id</strong></span> <span class='ocrx_word' id='word_1_932' title='bbox 2384 5503 2523 5573; x_wconf 91' lang='lat' dir='ltr'><strong>quod</strong></span> <span class='ocrx_word' id='word_1_933' title='bbox 2556 5503 2639 5558; x_wconf 91' lang='lat' dir='ltr'><strong>sui</strong></span> <span class='ocrx_word' id='word_1_934' title='bbox 2670 5500 3018 5557; x_wconf 88' lang='lat' dir='ltr'><strong>substantiam</strong></span> <span class='ocrx_word' id='word_1_935' title='bbox 3065 5512 3171 5555; x_wconf 93' lang='lat' dir='ltr'><strong>non</strong></span> <span class='ocrx_word' id='word_1_936' title='bbox 3230 5497 3394 5555; x_wconf 87' lang='lat' dir='ltr'><strong>habet</strong></span> <span class='ocrx_word' id='word_1_937' title='bbox 3419 5497 3705 5559; x_wconf 88' lang='lat' dir='ltr'><strong>dilﬁnitur.</strong></span> 
     </span>
    </p>
   </div>
   <div class='ocr_carea' id='block_1_116' title="bbox 2126 5589 3710 5667">
    <p class='ocr_par' dir='ltr' id='par_1_116' title="bbox 2126 5589 3710 5667">
     <span class='ocr_line' id='line_1_116' title="bbox 2126 5589 3710 5667; baseline -0.001 -17"><span class='ocrx_word' id='word_1_938' title='bbox 2126 5593 2229 5651; x_wconf 87' lang='lat' dir='ltr'><strong>hoc</strong></span> <span class='ocrx_word' id='word_1_939' title='bbox 2254 5602 2336 5651; x_wconf 90' lang='lat' dir='ltr'><strong>est</strong></span> <span class='ocrx_word' id='word_1_940' title='bbox 2363 5595 2504 5667; x_wconf 89' lang='lat' dir='ltr'><strong>quod</strong></span> <span class='ocrx_word' id='word_1_941' title='bbox 2545 5610 2650 5649; x_wconf 91' lang='lat' dir='ltr'><strong>non</strong></span> <span class='ocrx_word' id='word_1_942' title='bbox 2680 5604 2783 5659; x_wconf 87' lang='lat' dir='ltr'><strong>est,</strong></span> <span class='ocrx_word' id='word_1_943' title='bbox 2803 5602 2858 5649; x_wconf 90' lang='lat' dir='ltr'><strong>et</strong></span> <span class='ocrx_word' id='word_1_944' title='bbox 2884 5592 2986 5649; x_wconf 86' lang='lat' dir='ltr'><strong>hoc</strong></span> <span class='ocrx_word' id='word_1_945' title='bbox 3016 5591 3315 5663; x_wconf 86' lang='lat' dir='ltr'><strong>partitionis</strong></span> <span class='ocrx_word' id='word_1_946' title='bbox 3349 5605 3517 5663; x_wconf 87' lang='lat' dir='ltr'><strong>genus</strong></span> <span class='ocrx_word' id='word_1_947' title='bbox 3543 5590 3593 5646; x_wconf 92' lang='lat' dir='ltr'><strong>in</strong></span> <span class='ocrx_word' id='word_1_948' title='bbox 3629 5589 3710 5648; x_wconf 88' lang='lat' dir='ltr'><strong>his</strong></span> 
     </span>
    </p>
   </div>
   <div class='ocr_carea' id='block_1_117' title="bbox 2126 5682 3710 5759">
    <p class='ocr_par' dir='ltr' id='par_1_117' title="bbox 2126 5682 3710 5759">
     <span class='ocr_line' id='line_1_117' title="bbox 2126 5682 3710 5759; baseline -0.003 -15"><span class='ocrx_word' id='word_1_949' title='bbox 2126 5703 2245 5759; x_wconf 68' lang='lat' dir='ltr'><strong>quas</strong></span> <span class='ocrx_word' id='word_1_950' title='bbox 2280 5702 2437 5756; x_wconf 84' lang='lat' dir='ltr'><strong>supra</strong></span> <span class='ocrx_word' id='word_1_951' title='bbox 2467 5686 2578 5742; x_wconf 82' lang='lat' dir='ltr'><strong>dixi</strong></span> <span class='ocrx_word' id='word_1_952' title='bbox 2606 5685 2797 5742; x_wconf 89' lang='lat' dir='ltr'><strong>clausit</strong></span> <span class='ocrx_word' id='word_1_953' title='bbox 2822 5695 2879 5742; x_wconf 89' lang='lat' dir='ltr'><strong>et</strong></span> <span class='ocrx_word' id='word_1_954' title='bbox 2926 5685 3251 5743; x_wconf 76' lang='lat' dir='ltr'><strong>extenuavit.</strong></span> <span class='ocrx_word' id='word_1_955' title='bbox 3299 5684 3405 5743; x_wconf 84' lang='lat' dir='ltr'><strong>Sed</strong></span> <span class='ocrx_word' id='word_1_956' title='bbox 3449 5682 3550 5740; x_wconf 84' lang='lat' dir='ltr'><strong>alia</strong></span> <span class='ocrx_word' id='word_1_957' title='bbox 3589 5698 3710 5740; x_wconf 84' lang='lat' dir='ltr'><strong>esse</strong></span> 
     </span>
    </p>
   </div>
   <div class='ocr_carea' id='block_1_118' title="bbox 2126 5778 3708 5851">
    <p class='ocr_par' dir='ltr' id='par_1_118' title="bbox 2126 5778 3708 5851">
     <span class='ocr_line' id='line_1_118' title="bbox 2126 5778 3708 5851; baseline 0.001 -19"><span class='ocrx_word' id='word_1_958' title='bbox 2126 5782 2293 5836; x_wconf 89' lang='lat' dir='ltr'><strong>voluit</strong></span> <span class='ocrx_word' id='word_1_959' title='bbox 2321 5795 2439 5849; x_wconf 77' lang='lat' dir='ltr'><strong>qure</strong></span> <span class='ocrx_word' id='word_1_960' title='bbox 2482 5795 2600 5837; x_wconf 89' lang='lat' dir='ltr'><strong>esse</strong></span> <span class='ocrx_word' id='word_1_961' title='bbox 2637 5778 2866 5843; x_wconf 80' lang='lat' dir='ltr'><strong>diccbat,</strong></span> <span class='ocrx_word' id='word_1_962' title='bbox 2920 5778 3020 5834; x_wconf 88' lang='lat' dir='ltr'><strong>alia</strong></span> <span class='ocrx_word' id='word_1_963' title='bbox 3067 5796 3183 5851; x_wconf 63' lang='lat' dir='ltr'><strong>qua:</strong></span> <span class='ocrx_word' id='word_1_964' title='bbox 3233 5795 3335 5834; x_wconf 89' lang='lat' dir='ltr'><strong>non</strong></span> <span class='ocrx_word' id='word_1_965' title='bbox 3384 5793 3523 5836; x_wconf 89' lang='lat' dir='ltr'><strong>csse.</strong></span> <span class='ocrx_word' id='word_1_966' title='bbox 3577 5778 3708 5834; x_wconf 85' lang='lat' dir='ltr'><strong>Esse</strong></span> 
     </span>
    </p>
   </div>
   <div class='ocr_carea' id='block_1_119' title="bbox 2124 5867 3716 5945">
    <p class='ocr_par' dir='ltr' id='par_1_119' title="bbox 2124 5867 3716 5945">
     <span class='ocr_line' id='line_1_119' title="bbox 2124 5867 3716 5945; baseline -0.001 -16"><span class='ocrx_word' id='word_1_967' title='bbox 2124 5874 2265 5929; x_wconf 87' lang='lat' dir='ltr'><strong>enim</strong></span> <span class='ocrx_word' id='word_1_968' title='bbox 2295 5873 2427 5929; x_wconf 87' lang='lat' dir='ltr'><strong>dicit</strong></span> <span class='ocrx_word' id='word_1_969' title='bbox 2468 5888 2527 5930; x_wconf 89' lang='lat' dir='ltr'><strong>ea</strong></span> <span class='ocrx_word' id='word_1_970' title='bbox 2563 5889 2789 5941; x_wconf 84' lang='lat' dir='ltr'><strong>quorum</strong></span> <span class='ocrx_word' id='word_1_971' title='bbox 2816 5873 3057 5941; x_wconf 81' lang='lat' dir='ltr'><strong>subiacet</strong></span> <span class='ocrx_word' id='word_1_972' title='bbox 3081 5888 3296 5945; x_wconf 88' lang='lat' dir='ltr'><strong>corpus,</strong></span> <span class='ocrx_word' id='word_1_973' title='bbox 3326 5882 3381 5929; x_wconf 90' lang='lat' dir='ltr'><strong>ut</strong></span> <span class='ocrx_word' id='word_1_974' title='bbox 3414 5887 3536 5931; x_wconf 91' lang='lat' dir='ltr'><strong>cum</strong></span> <span class='ocrx_word' id='word_1_975' title='bbox 3562 5867 3716 5933; x_wconf 61' lang='lat' dir='ltr'><strong>utrm,</strong></span> 
     </span>
    </p>
   </div>
  </div>
