4290 6272
603 300 708 364 899

1820 309 1926 367 ΑΝ.
1970 309 2180 371 ΜΑΝι.
2221 308 2371 373 θεν.
2416 310 2637 373 ΒΟΕΤΙΙ

3767 318 3881 401 eos

605 420 781 515 nimus
806 422 931 515 quid
957 422 1027 515 sit
1051 435 1205 515 aqua,
1237 420 1383 515 quid
1404 422 1558 491 ignis.
1578 422 1707 495 Non
1742 434 1915 480 autem
1942 442 2064 484 esse
2092 430 2181 483 illa
2211 434 2400 497 A'tum
2428 442 2542 497 est,
2573 432 2770 505 quippe
2817 447 2938 493 cum
2970 434 3059 506 sit,
3082 445 3137 493 et
3181 454 3234 495 in
3280 446 3784 515 senatusconsultis,
3816 456 3881 505 et

605 510 827 580 intelligi
856 511 1020 565 voluit
1046 512 1236 578 quibus
1278 512 1422 565 nulla
1465 516 1762 583 corporalis
1806 516 2017 573 videtur
2059 535 2182 575 esse

604 607 918 668 substantia,
952 614 1007 657 ut
1035 614 1154 659 sunt
1201 606 1386 674 pietas,
1422 608 1609 675 virtus,
1661 608 1897 665 libertas.
1943 612 2048 667 Sed
2084 628 2181 669 nos

604 700 778 753 omnia
819 698 921 752 iSia
943 698 1022 753 vel
1053 714 1171 779 qua:
1201 709 1324 754 sunt
1352 716 1472 756 cum
1505 688 1753 771 corpore,
1796 704 1882 759 vel
1912 720 2029 776 qua:
2057 715 2182 761 sunt

603 789 805 844 scilicet
836 789 889 844 in
912 804 1154 859 corpore,
1188 793 1231 845 si
1257 792 1385 848 ineo
1416 793 1770 862 accipiuntur,
1799 808 1855 849 ut
1884 806 1974 849 aut
1999 812 2096 866 per
2126 813 2185 853 se

603 899 742 948 esse,
764 886 921 939 autin
950 885 1127 956 aliquo
1154 888 1272 941 esse
1304 886 1599 953 videantur,
1634 889 1682 941 in
1715 903 1819 942 uno
1855 903 2053 959 genere
2086 906 2186 943 nu-

604 977 866 1050 meranda‘
897 978 1162 1045 ducimus,
1202 988 1257 1034 ut
1298 980 1397 1034 ista
1436 980 1617 1035 omnia
1647 994 1766 1034 esse
1814 980 2183 1050 intelligantur

602 1071 795 1141 quibus
851 1046 1099 1125 omnibus
1152 1086 1247 1125 sua
1292 1080 1468 1143 potest
1523 1086 1642 1127 esse
1691 1070 2011 1137 substantia,
2068 1072 2184 1128 sive

604 1161 709 1218 illae
733 1161 1060 1229 corporales,
1090 1163 1228 1231 sive,
1250 1172 1306 1216 ut
1336 1163 1693 1216 certissimum
1727 1170 1808 1215 est
1830 1170 1883 1216 et
1916 1170 2062 1216 recto
2088 1178 2182 1215 no-

604 1256 747 1313 mine
775 1257 1027 1326 appellari
1053 1266 1295 1326 possunt,
1314 1256 1614 1325 qualitates.
1638 1256 1829 1310 Verum
1856 1264 2049 1326 praeter
2069 1256 2182 1311 llaec

605 1347 852 1403 dil'ﬁuitio
892 1352 992 1412 eSt,
1029 1363 1149 1401 cum
1191 1346 1389 1415 aliquid
1416 1347 1556 1416 quod
1603 1362 1704 1399 non
1748 1350 1819 1400 sit
1859 1346 2176 1402 ostenditur.

604 1441 929 1496 Dilﬁnitione
973 1439 1114 1494 enim
1159 1454 1292 1511 opus
1321 1450 1404 1494 est
1448 1448 1503 1493 ut
1536 1440 1798 1508 possimus
1826 1438 2021 1494 docere
2051 1439 2180 1508 quid

606 1547 709 1589 non
758 1533 851 1588 sit.
906 1532 1042 1603 Ergo
1083 1532 1129 1584 si
1181 1531 1501 1601 partitione,
1556 1532 1879 1587 enume;atis
1920 1531 2179 1600 partibus,

600 1627 731 1698 quid
761 1625 980 1681 libertas
1030 1626 1097 1680 sit
1132 1625 1382 1690 dicimus,
1415 1625 1536 1693 quid
1570 1642 1673 1678 non
1703 1627 1773 1678 sit
1818 1625 2037 1679 libertas
2086 1639 2179 1678 ea-

602 1719 727 1776 dem
776 1721 1063 1789 partitione
1113 1719 1550 1774 moiistrabimus.
1584 1718 1699 1774 Fiet
1741 1718 1901 1789 igitur
1948 1720 2108 1773 etiam
2152 1734 2182 1772 a

2292 525 2605 593 plebiscitis,
2653 525 2722 581 sit
2782 527 2837 581 in
2883 526 3093 593 edictis,
3143 538 3198 584 et
3245 532 3545 609 principum
3587 536 3750 609 jussis
3777 540 3869 610 sit,

2277 608 2516 672 'lortasse
2544 618 2718 672 adhuc
2756 628 2808 673 et
2861 621 2911 677 in
2952 620 3094 676 aliis.
3142 620 3248 677 Sed
3281 638 3402 680 cum
3436 608 3781 691 enumeratis
3808 608 3883 689 cx

2292 708 2512 763 inﬁnitis
2556 710 2823 779 aliquibus
2874 712 3113 781 partibus
3159 712 3307 771 notio
3352 716 3476 772 data
3518 716 3678 774 fuerit
3698 720 3884 791 juris,

2291 800 2417 870 quid
2459 802 2546 869 jus
2583 800 2738 857 civile
2765 802 2839 858 sit
2868 803 2919 858 in
2958 804 3222 861 similibus
3251 805 3701 864 existimabimus.
3737 809 3878 880 Ergo

2292 895 2552 950 divisione
2574 896 2655 950 vel
2698 898 2986 964 partitione
3026 898 3261 954 efﬁcitur
3305 898 3408 956 ista
3450 900 3519 958 de
3548 918 3657 973 qua
3708 901 3879 972 loqui-

2288 1001 2408 1045 mur
2428 985 2698 1053 dilﬁnitio,
2720 987 2795 1043 sic
2810 989 2953 1044 enim
2983 991 3145 1046 etiam
3170 990 3283 1060 ipsa
3310 990 3635 1051 difﬁnitione
3658 994 3879 1051 eadem-

2287 1093 2393 1147 que
2427 1080 2730 1149 partitione,
2760 1084 3088 1137 enumeratis
3126 1082 3210 1138 vel
3258 1083 3530 1149 omnibus,
3588 1084 3635 1139 si
3692 1100 3878 1157 pauca:

2285 1181 2434 1239 sunt,
2464 1174 2541 1229 vel
2567 1173 2765 1238 multis,
2798 1174 2841 1228 si
2864 1175 3107 1241 inﬁnitae,
3133 1188 3225 1231 aut
3254 1178 3559 1249 speciebus,
3590 1188 3691 1237 aut
3710 1181 3875 1250 parti-

2288 1264 2408 1330 bus,
2457 1264 2525 1319 ad
2554 1267 2912 1335 cognitionem
2939 1267 3014 1322 rei
3046 1267 3113 1323 de
3152 1283 3257 1338 qua
3281 1269 3537 1341 quaeritur
3568 1273 3872 1329 notionem-

2288 1370 2395 1426 que
2432 1354 2767 1413 deducimur.
2811 1356 3055 1412 Sciamus
3084 1366 3262 1414 autem
3295 1360 3661 1419 deﬁnitionem
3706 1379 3737 1417 a
3779 1380 3873 1436 ge-

2291 1463 2421 1503 nere
2439 1462 2575 1512 esse,
2601 1463 2720 1502 cum
2749 1450 2956 1518 Species
2972 1464 3373 1518 enumerantur,
3388 1456 3729 1523 partitionem
3750 1472 3879 1518 cum

2291 1550 2489 1609 partes.
2510 1542 2838 1612 QuaprOpter
2864 1543 3065 1599 animal
3092 1543 3447 1613 diiﬁuiamus,
3468 1547 3593 1602 huic
3614 1562 3747 1603 cum
3766 1549 3880 1611 sint

2289 1635 2496 1703 species
2513 1650 2737 1689 numero
2754 1635 2998 1703 inﬁnita),
3017 1645 3075 1695 nt
3102 1635 3286 1702 homo,
3311 1636 3429 1703 bos,
3453 1653 3653 1710 equus,
3670 1639 3773 1709 leo,
3805 1642 3877 1711 pi-

2289 1726 2413 1790 scis,
2447 1726 2573 1780 item
2601 1735 2818 1791 c'ctera,
2843 1726 3026 1797 paucis
3047 1730 3378 1783 enumeratis
3390 1730 3671 1799 speciebus
3688 1746 3874 1803 possu-

572 1860 579 1863 _
604 1812 845 1884 partibus
871 1812 1139 1876 difﬁnitio,
1173 1820 1230 1865 ut
1263 1812 1308 1866 si
1336 1811 1529 1875 dicam,
1578 1811 1623 1865 si
1653 1827 1750 1866 nec
1781 1812 2048 1866 masculus
2077 1822 2179 1878 est,
2217 1836 2265 1901 Β
2290 1819 2545 1887 musquid
2561 1818 2632 1873 sit
2656 1820 2873 1885 animal,
2904 1820 3341 1878 declarare.Atsi
3370 1822 3485 1879 illas
3514 1825 3725 1894 species
3752 1828 3873 1881 teti-

604 1919 701 1961 nec
730 1904 947 1973 femina,
981 1904 1141 1958 homo
1172 1918 1276 1956 non
1305 1912 1405 1957 est.
1440 1903 1569 1957 Item
1619 1904 1661 1956 si
1712 1919 1809 1957 nec
1850 1918 2040 1957 servus
2068 1913 2183 1970 est,

603 2014 703 2055 nec
734 1998 887 2062 liber,
913 1998 1072 2052 bomo
1095 2011 1197 2049 non
1229 2003 1328 2050 est.
1356 1995 1496 2050 Sane
1528 1996 1612 2049 bic
1642 1993 2035 2049 admonendum
2060 2004 2186 2063 puto

604 2102 782 2163 partes
820 2106 962 2161 saepe
1005 2090 1074 2147 ab
1101 2091 1215 2159 ipso
1246 2090 1311 2143 de
1340 2104 1444 2159 quo
1473 2088 1725 2156 quieritur
1753 2097 1864 2141 toto
1918 2088 2091 2157 accipi
2118 2086 2183 2143 ad

601 2188 717 2257 ejus
747 2186 1141 2249 diiﬁnitiouem,
1168 2198 1312 2253 smpe
1339 2198 1443 2237 non
1488 2182 1554 2236 ab
1583 2181 1770 2236 eodem
1818 2182 1959 2251 ipso,
1992 2182 2086 2235 sed
2118 2182 2184 2236 ab

603 2295 669 2337 eo
698 2280 839 2351 quod
861 2281 909 2335 ei
933 2278 1148 2346 accidit,
1170 2286 1226 2331 ut
1254 2276 1547 2332 accidentis
1576 2274 1910 2329 enumeratio
1956 2275 2183 2345 partium

599 2372 769 2444 possit
798 2371 1033 2426 difﬁnire
1063 2371 1200 2439 quo»!
1232 2378 1397 2423 totum
1426 2377 1527 2423 est.
1568 2366 1807 2435 Namque
1850 2381 1971 2420 cum
2016 2374 2185 2421 totum

600 2465 670 2521 sit
699 2464 858 2517 homo
887 2464 953 2519 de
993 2477 1098 2531 quo
1127 2463 1381 2530 quatritur
1416 2461 1543 2530 quid
1586 2460 1674 2526 sit,
1714 2474 1821 2514 non
1850 2459 1966 2529 ejus
2009 2469 2188 2528 partes

601 2560 725 2609 sunt
753 2569 938 2607 servus
968 2566 1030 2605 ac
1047 2552 1200 2615 liber,
1233 2551 1325 2605 sed
1349 2550 1645 2604 accidentia
1691 2550 1914 2605 homini.
1942 2549 2186 2615 Quorum

600 2649 935 2702 enumeratio
979 2658 1097 2700 cum
1151 2644 1308 2698 fuerit
1353 2644 1678 2709 constituta,
1732 2644 1891 2698 homo
1947 2642 2076 2712 quid
2116 2642 2188 2696 sit

599 2736 918 2795 05tenditur.
952 2737 1094 2791 Sane
1123 2736 1281 2789 etiam
1310 2734 1439 2788 illud
1473 2734 1868 2788 admonendum
1916 2734 2005 2788 bic
2044 2734 2185 2787 arbi-

600 2836 738 2895 tror,
770 2844 891 2882 cum
931 2844 958 2879 a
1002 2826 1237 2896 partibus
1278 2825 1335 2878 ﬁt
1373 2824 1643 2888 difﬁnitio,
1676 2840 1833 2894 posse
1878 2826 2189 2895 contingere

601 2930 661 2977 ut
700 2922 858 2977 modo
891 2930 1061 2978 totum
1109 2920 1175 2976 ab
1204 2919 1453 2974 omnibus
1504 2920 1747 2989 partibus
1792 2920 2099 2990 colligatur,
2132 2929 2190 2974 ut

598 3029 756 3081 supra
801 3013 1152 3080 ostendimus,
1195 3013 1355 3065 modo
1401 3011 1471 3064 ita
1504 3022 1683 3077 partes
1719 3020 2106 3065 enumerentur
2133 3012 2183 3064 in

598 3105 921 3168 deﬁnitione,
957 3113 1014 3159 ut
1058 3105 1111 3157 in
1159 3104 1383 3173 singulis
1434 3112 1598 3156 tntum
1644 3102 1739 3168 sit,
1787 3106 1924 3157 sicut
1972 3102 2099 3156 illud
2131 3102 2184 3157 in

598 3200 976 3254 controversiis
1000 3205 1101 3263 est,
1128 3196 1382 3251 auxilium
1422 3195 1563 3250 ferre
1597 3205 1677 3249 est
1707 3194 2021 3257 decernere,
2063 3198 2181 3248 mit-
2212 3217 2259 3283 ο

599 3291 757 3345 tendo
784 3288 1069 3359 prizﬁcisci,
1095 3289 1278 3344 venire
1307 3288 1467 3344 etiam
1509 3287 1554 3342 si
1583 3302 1686 3342 non
1716 3285 2058 3355 pugnaveris,
2085 3286 2183 3339 bo-

598 3395 706 3441 stes
737 3399 805 3439 ne
847 3385 1099 3439 dimicent
1137 3392 1360 3439 terrere.
1402 3383 1492 3440 Sic
1533 3384 1601 3437 Μ.
1643 3384 1849 3438 Tullius
1899 3383 2081 3438 multis
2104 3386 2180 3471 'in

599 3476 750 3540 locis,
793 3488 845 3531 et
875 3477 988 3545 ipse
1035 3492 1130 3544 pro
1172 3477 1455 3542 Cornelio,
1489 3477 1577 3535 ubi
1630 3478 1888 3545 quaeritur
1937 3476 2065 3546 quid
2113 3478 2182 3531 sit

599 3570 929 3637 majestatem
963 3569 1223 3633 minuere,
1256 3576 1468 3631 tractat,
1491 3566 1632 3635 quod
1666 3568 1859 3622 malam
1884 3568 2058 3639 legem
2092 3578 2176 3622 tu-

599 3658 677 3716 lit:
724 3659 865 3730 quod
922 3659 1145 3729 legendo
1178 3657 1415 3713 codicem
1461 3643 1894 3713 intercessiOuem
1936 3662 2173 3724 sustulit,

599 3752 738 3821 quod
766 3752 1083 3815 seditionem
1121 3750 1265 3808 fecit.
1309 3751 1363 3805 ln
1402 3750 1593 3819 quibus
1619 3753 1865 3807 omnibus
1915 3752 2177 3807 dilﬁnitur

600 3846 724 3917 liesa
755 3844 1021 3914 majestas.
1049 3844 1152 3899 Sed
1177 3844 1247 3898 ita
1291 3844 1492 3912 singula
1534 3852 1680 3913 sunt,
1715 3852 1773 3897 ut
1813 3845 1865 3897 in
1898 3843 2030 3912 ipsis
2060 3843 2175 3897 sin-

598 3936 735 4006 gulis
764 3944 951 3998 totum,
976 3934 1026 3989 id
1056 3944 1140 3989 est
1160 3936 1282 3989 lassa
1322 3936 1573 4004 majestas
1599 3938 1764 4003 possit
1791 3935 2025 3989 ostendi.
2062 3934 2177 3989 Hoc

597 4026 757 4089 etiam
790 4042 886 4096 pro
918 4028 985 4083 Μ.
1035 4027 1206 4082 Coelio
1238 4036 1404 4086 tenet.
1452 4027 1540 4082 ubi
1589 4042 1682 4097 per
1712 4025 2173 4082 enumerationem

599 4119 856 4173 malorum
884 4134 977 4187 per
1004 4134 1136 4188 quos
1187 4118 1243 4171 ﬁt
1281 4120 1435 4173 dolus
1490 4119 1658 4173 malus
1684 4118 1924 4172 deﬁnitio
1973 4118 2045 4173 ita
2094 4118 2172 4183 ﬁt,

598 4223 653 4267 ut
702 4213 923 4283 singulis
975 4212 1255 4281 Speciebus
1306 4212 1459 4265 dolus
1516 4212 1688 4264 malus
1721 4211 1889 4280 possit
1938 4213 2174 4281 agnosci.

595 4300 706 4360 Hoc
732 4319 849 4359 eum
872 4315 1054 4365 aperte
1084 4303 1310 4372 p0>itum
1336 4301 1713 4373 intelligamus,
1748 4310 1860 4354 tum
1886 4301 2013 4355 illud
2042 4316 2174 4369 quu-

595 4413 697 4468 que
727 4398 1058 4450 manifestum
1089 4407 1187 4459 est,
1218 4396 1487 4447 notionem
1524 4394 1806 4463 quamdam
1839 4395 1889 4447 in
1913 4395 2014 4449 ista
2036 4392 2180 4447 difﬁ-

596 4489 818 4553 nitione,
848 4502 952 4545 non
999 4501 1111 4541 rem
1163 4485 1549 4555 plenissimam,
1583 4484 1867 4548 contineri,
1920 4491 1974 4539 et
2022 4485 2180 4554 longe

2289 1923 2421 1979 gero
2447 1924 2564 1976 quae
2594 1908 2911 1966 diﬁ'ereutize
2939 1913 3107 1981 magis
3140 1923 3283 1977 sunt,
3308 1929 3428 1983 quae
3461 1916 3590 1987 ipsa:
3621 1924 3727 1971 tres
3751 1931 3873 1978 esse

2291 2007 2532 2068 possunt,
2558 2000 2854 2067 humidum,
2883 2012 3177 2070 terrenum,
3201 2004 3444 2071 caeleste,
3468 2008 3872 2064 enumeratione

2294 2087 2477 2143 barum
2503 2107 2681 2145 rerum
2704 2094 2941 2146 omnium
2967 2094 3162 2147 animal
3181 2094 3467 2150 dillinitum
3484 2098 3570 2150 sit.
3597 2095 3709 2153 Hoc
3732 2098 3871 2158 idem

2290 2192 2343 2235 et
2374 2182 2426 2235 in
2459 2184 2681 2251 partium
2714 2185 3122 2240 enumeratione
3149 2187 3409 2253 servabis,
3444 2195 3503 2242 ut
3527 2188 3574 2242 si
3602 2189 3869 2263 dicamus,

2294 2275 2523 2330 mundus
2552 2286 2654 2341 est,
2682 2292 2848 2342 mare,
2880 2288 3042 2346 terra,
3068 2278 3288 2347 ctelum,
3317 2282 3727 2338 enumeratione
3757 2300 3871 2351 par—

2297 2364 2449 2432 tium,
2477 2367 2570 2421 sed
2601 2384 2703 2422 non
2735 2379 2909 2425 tamen
2938 2372 3199 2438 omnium,
3227 2372 3351 2439 quid
3376 2374 3605 2431 mundus
3644 2375 3750 2443 sit,
3781 2392 3870 2437 ex-

2294 2458 2543 2527 plicatum
2561 2460 2754 2513 est.Ac
2780 2463 2822 2514 si
2848 2461 2948 2516 boc
2984 2462 3122 2517 idem
3148 2478 3242 2532 per
3264 2474 3442 2539 partes
3459 2466 3592 2521 alias
3612 2466 3871 2539 inﬁnitas,

2294 2550 2618 2605 voluerimus
2656 2553 2893 2608 adhibita
2945 2558 3351 2612 enumeratione
3383 2559 3509 2629 quid
3544 2559 3776 2615 mundus
3802 2562 3872 2620 sit

2293 2641 2539 2707 deﬁnire,
2569 2643 2840 2709 quoniam,
2872 2658 2926 2700 ut
2949 2646 3017 2699 M.
3046 2645 3252 2703 Tullius
3268 2647 3362 2713 ait,
3388 2647 3871 2721 enumeratio’par.

2295 2737 2424 2786 tium
2455 2749 2597 2803 saepe
2629 2744 2711 2788 cst
2733 2735 3020 2802 inﬁnitior,
3060 2747 3387 2809 prmeeptum
3412 2741 3566 2797 nobis
3595 2740 3727 2796 illud
3756 2751 3872 2812 est,

2294 2840 2360 2879 ne
2405 2825 2623 2893 aliquod
2670 2826 2855 2880 vitium
2885 2825 2936 2881 in
2963 2831 3370 2886 enumeratione
3400 2831 3687 2889 credamus
3711 2875 3724 2899 ,
3752 2849 3871 2896 cum

2291 2919 2491 2989 aliquid
2525 2920 2952 2989 praeterimus,ea
2981 2920 3237 2977 duntaxat
3261 2926 3313 2979 in
3337 2940 3416 2991 re,
3436 2925 3525 2981 ubi
3549 2936 3728 2996 partes
3750 2937 3873 2990 sunt

2290 3012 2533 3076 inﬁnitae,
2567 3028 2693 3082 ergo
2720 3013 3010 3082 poterimus
3033 3014 3239 3070 dicere:
3258 3014 3582 3073 Mundusest
3602 3020 3706 3083 sol,
3722 3018 3871 3088 luna,

2289 3114 2463 3167 astra,
2493 3118 2616 3171 aer,
2642 3114 2693 3158 et
2717 3115 2906 3160 cuncta
2947 3121 3065 3176 qua:
3095 3108 3146 3160 in
3182 3108 3246 3162 eo
3268 3119 3430 3176 sunt,
3466 3110 3515 3164 id
3541 3119 3626 3165 est
3651 3121 3797 3167 terra
3820 3121 3871 3170 et

2288 3203 2505 3259 cratera,
2534 3211 2651 3265 quae
2678 3197 2780 3251 etsi
2824 3211 2928 3252 non
2962 3200 3296 3254 enumeratis
3327 3199 3567 3269 partibus
3595 3204 3869 3261 enuntiata

2292 3287 2641 3355 proferimus,
2682 3303 2750 3343 ex
2773 3289 2933 3343 dictis
2962 3292 3190 3358 partium
3236 3292 3585 3349 similitudine
3627 3309 3871 3365 compre-

2288 3378 2453 3435 hensa
2500 3380 2747 3434 omnibus
2790 3381 2913 3450 quid
2958 3381 3029 3435 sit
3076 3382 3308 3439 mundus
3357 3386 3707 3441 ostendimus.
3760 3366 3869 3441 Hoc

2288 3472 2447 3542 igitur
2502 3473 2661 3528 modo
2704 3474 2954 3528 diitinitio
2987 3475 3147 3529 etiam
3199 3477 3431 3545 partium
3468 3479 3869 3537 enumeratione

2284 3564 2627 3635 tractabitur,
2685 3576 2863 3635 partes
2922 3581 3017 3635 pro
3066 3566 3347 3635 speciebus
3409 3569 3531 3634 poni
3594 3569 3919 3625 rationalis.

2284 3659 2496 3713 licentia
2547 3667 2656 3724 est,
2706 3669 2761 3712 ut
2807 3667 2975 3711 totum
3032 3673 3129 3727 pro
3175 3673 3400 3729 genere,
3456 3674 3727 3728 nunquam
3781 3668 3867 3716 ta-

2282 3765 2399 3803 men
2445 3764 2608 3819 genus
2650 3765 2745 3817 pro
2785 3758 2930 3815 toto,
2971 3759 3063 3803 aut
3103 3765 3199 3819 pro
3229 3757 3375 3819 parte
3427 3750 3634 3821 species
3687 3752 3864 3809 nomi-

2281 3854 2457 3897 natur.
2510 3843 2678 3896 Omne
2731 3840 2990 3912 cujusque
3048 3857 3217 3912 genus
3263 3856 3386 3896 suas
3417 3840 3481 3894 ad
3532 3843 3737 3911 species
3780 3850 3863 3901 est

2280 3933 2431 4004 quasi
2490 3943 2654 3988 totum
2684 3974 2700 3999 ,
2762 3935 2901 3989 unde
2949 3943 3116 3989 totum
3171 3950 3267 4003 pro
3318 3950 3513 4005 genere
3558 3934 3678 4004 jure
3727 3934 3864 3989 dici-

2280 4041 2417 4080 mus.
2452 4025 2757 4095 Eodemque
2788 4025 2946 4080 modo
2976 4035 3156 4097 partes
3195 4041 3291 4095 pro
3336 4010 3515 4095 specie
3558 4024 3860 4080 nominabi-

2284 4133 2424 4173 mus.
2479 4118 2609 4172 Nam
2637 4120 2680 4174 si
2707 4119 2770 4172 ad
2796 4118 2848 4172 id
2872 4134 3041 4190 genus
3067 4128 3121 4174 et
3141 4120 3456 4174 vocabulum
3504 4118 3645 4191 quod
3675 4118 3865 4175 dicitur

2285 4220 2451 4265 totum
2479 4212 2596 4281 jure
2622 4211 2875 4271 sociatur.
2912 4227 3006 4281 par
3044 4213 3179 4268 ratio
3207 4220 3292 4267 est
3324 4228 3421 4283 pro
3449 4214 3728 4284 speciebus
3752 4227 3865 4283 par.

2285 4312 2364 4356 tes
2390 4303 2539 4371 quasi
2582 4302 2679 4356 sub
2716 4304 2810 4355 toti
2858 4303 3215 4372 appellatione
3248 4318 3589 4361 enumerare.
3621 4301 3748 4358 Illud
3787 4311 3865 4359 ως

2285 4410 2406 4449 men
2434 4395 2596 4465 probe
2629 4394 2955 4449 admonitum
2985 4396 3129 4464 volo,
3156 4411 3275 4451 cum
3308 4397 3414 4450 duo
3453 4410 3647 4468 genera
3688 4410 3863 4453 rerum

2286 4487 2412 4553 sint,
2442 4487 2736 4555 corporalia
2776 4496 2831 4540 et
2874 4487 3247 4555 incorporalia,
3279 4488 3332 4541 iu
3365 4496 3595 4557 utroque
3620 4495 3673 4542 et
3697 4484 3863 4559 genus

594 4578 740 4634 illam
776 4589 1029 4648 praestare
1053 4576 1424 4632 difﬁnitionem
1455 4593 1613 4647 quam
1658 4590 1818 4645 supra
1868 4577 2174 4647 posuimus,
2284 4588 2335 4634 et
2363 4589 2527 4633 tutum
2555 4579 2741 4648 accipi,
2774 4593 2834 4633 ac
2870 4576 2983 4649 pari
3025 4580 3186 4633 modo
3220 4588 3400 4649 partes
3429 4588 3484 4632 et
3514 4558 3729 4647 species
3764 4593 3863 4633 no-

593 4685 715 4726 cum
745 4685 942 4740 genere
972 4671 1233 4724 collocato
1259 4669 1323 4722 ad
1361 4669 1776 4724 declarationem
1808 4669 1884 4723 rei
1914 4686 2032 4740 qum
2072 4670 2176 4724 dii-

594 4765 780 4818 ﬁnitur
832 4761 1184 4816 substantiam
1210 4762 1347 4845 ‘ejus
1396 4761 1637 4817 iudicans
1693 4760 1913 4818 aﬁ‘ertur
1975 4762 2176 4819 oratio.

591 4856 732 4912 Sane
762 4854 1123 4926 adjiciendum
1149 4856 1377 4908 arbitror
1400 4870 1504 4907 non
1531 4868 1647 4909 esse
1675 4854 1958 4924 quamdam
1988 4869 2177 4910 neces-

591 4946 801 5003 sitatem
833 4945 883 4999 in
914 4944 1011 4998 ista
1052 4945 1276 5012 partium
1316 4943 1741 5010 enumeratione,
1798 4944 1884 4997 ubi
1929 4951 2013 4997 est
2041 4959 2175 5014 quo-

590 5037 876 5095 dammodo
921 5035 1187 5098 difﬁnitio,
1231 5036 1274 5088 si
1328 5036 1547 5089 inﬁnitae
1596 5044 1774 5103 partes
1819 5035 2037 5099 fuerint,
2086 5038 2173 5092 vel

589 5133 834 5205 plurima:
860 5129 1084 5200 species,
1117 5142 1337 5197 quarum
1367 5126 1653 5195 partitione
1685 5125 1919 5179 facienda
1950 5140 2176 5181 enume-

589 5226 723 5281 ratio
744 5231 853 5288 est;
886 5236 991 5276 non
1020 5220 1257 5289 inquam,
1294 5217 1523 5272 arbitror
1550 5218 1601 5271 in
1635 5218 1734 5272 ista
1765 5219 2175 5276 enumeratione

588 5316 837 5371 universa
868 5328 989 5385 quae
1030 5313 1237 5368 inlinita
1279 5322 1401 5367 sunt
1445 5326 1547 5365 non
1579 5311 1774 5367 debere
1823 5313 2172 5370 concludere.

588 5407 795 5466 Sufﬁcit
846 5409 988 5461 enim
1016 5407 1099 5462 vel
1136 5406 1487 5476 plurimorum
1514 5404 1647 5460 efﬁci
1675 5408 2162 5475 enumerationem,

586 5518 707 5558 cum
752 5501 803 5554 in
832 5500 1049 5554 inﬁnitis
1082 5516 1183 5553 non
1227 5500 1294 5553 sit
1323 5499 1519 5568 aliquid
1573 5500 1984 5571 praetermittere
2014 5501 2168 5554 vitio-

585 5609 703 5646 sum
730 5592 1075 5647 :liocCicero
1103 5594 1153 5645 in
1186 5592 1399 5660 'l‘opicis
1429 5593 1735 5657 collocavit,
1768 5606 1924 5661 posse
1961 5607 2057 5645 uos
2077 5591 2164 5657 jus

586 5684 747 5737 civile
772 5685 1169 5737 enumeratione
1199 5683 1450 5738 difﬁnire.
1484 5683 1632 5750 Quod
1684 5682 1736 5736 in
1781 5662 1987 5753 legibus
2018 5696 2169 5735 more

580 5762 840 5843 aequitate
882 5774 1144 5840 consistit,
1186 5787 1293 5829 non
1339 5784 1519 5831 autem
1562 5782 1729 5829 totum
1766 5773 2168 5843 jus‘enumera-

2282 4672 2493 4738 minari,
2543 4671 2635 4727 sed
2681 4682 2920 4741 separata
2971 4671 3196 4726 rationis
3240 4672 3469 4742 propria:
3512 4673 3775 4740 sectione,
3808 4680 3863 4730 ut

2281 4778 2402 4819 cum
2430 4778 2597 4832 genus
2621 4765 2887 4832 qualitatis
2909 4763 3068 4817 modo
3094 4763 3255 4818 fuerit
3283 4762 3637 4831 nominatum,
3665 4764 3714 4817 ei
3744 4776 3864 4832 spe-

2282 4856 2393 4910 cies
2430 4855 2732 4925 suppositas
2768 4855 3065 4926 intelligere
3104 4855 3418 4911 debeamus.
3448 4852 3580 4909 Cum
3618 4869 3745 4909 vero
3784 4863 3863 4910 to-

2282 4958 2413 5012 tum,
2462 4964 2566 5003 non
2602 4965 2707 5020 quo
2743 4948 2966 5019 qualitas
3002 4948 3121 5019 ejus
3157 4948 3616 5003 animadvertatur
3643 4962 3759 5018 quae
3790 4948 3864 5002 si-

2280 5040 2559 5110 gnilicatur
2610 5055 2825 5111 semper
2872 5042 2923 5095 in
2972 5055 3191 5111 genere,
3248 5040 3341 5095 sed
3393 5040 3547 5111 quasi
3595 5039 3862 5110 quoddam

2281 5132 2625 5185 substantiale
2655 5146 2875 5202 corpus,
2907 5140 2964 5187 ut
3004 5131 3057 5186 id
3093 5142 3295 5186 sectum
3336 5132 3388 5185 in
3432 5142 3610 5201 partes
3636 5144 3761 5185 suas
3785 5137 3863 5184 at-

2279 5237 2382 5292 que
2418 5222 2756 5276 distributum
2787 5223 2940 5293 quasi
2964 5221 3242 5291 cujusdam
3268 5222 3579 5293 quantitatis
3599 5222 3861 5291 receperit

2280 5315 2591 5370 sectionem.
2638 5313 2763 5370 Sive
2803 5314 2932 5369 illud
2976 5327 3173 5384 corpus
3211 5313 3303 5380 sit,
3334 5313 3446 5368 sive
3485 5312 3567 5382 (ut
3601 5310 3858 5379 diximus)

2280 5409 2636 5478 incorporale,
2681 5408 3146 5464 animadversione
3179 5408 3461 5478 utriusque
3500 5398 3857 5476 cognationis,

2276 5513 2391 5567 que
2422 5509 2511 5551 aut
2543 5498 2592 5552 in
2622 5498 2874 5567 qualitate
2919 5507 3011 5553 aut
3051 5499 3103 5554 in
3137 5484 3435 5569 quantitate
3466 5508 3568 5553 est.
3599 5495 3657 5552 Si
3689 5496 3861 5579 quali-

2268 5594 2381 5645 tate
2414 5605 2523 5644 rem
2555 5590 2871 5660 appellatam
2901 5590 3145 5655 velimus,
3178 5604 3348 5661 genus
3372 5603 3494 5645 esse
3520 5589 3782 5651 dicamus,
3805 5592 3857 5641 et

2276 5684 2398 5736 huic
2426 5684 2632 5751 species
2660 5697 2780 5738 esse
2821 5684 3145 5753 suppositas.
3189 5682 3246 5739 Si
3288 5682 3638 5753 quantitatem
3666 5690 3855 5749 quam-

2275 5775 2393 5829 dam
2427 5777 2477 5831 in
2509 5791 2572 5831 eo
2602 5775 2738 5845 quod
2770 5783 2939 5832 totum
2982 5784 3067 5833 est
3099 5773 3623 5849 comprehendimus,
3664 5771 3857 5837 merito
