4290 6272
414 350 509 411 9M
594 378 599 387 -

1619 342 1819 407 ussn
1860 345 1945 398 DE
1985 340 2459 417 DlFFlNlTlONE.

3571 341 3676 401 903

414 485 479 526 ac
519 470 641 540 jure
687 472 865 543 partes
914 463 968 541 in
1010 461 1246 523 sectione
1289 472 1410 515 esse
1444 457 1689 515 dicimus.
1721 456 1990 511 Concesso
2018 466 2067 535 Α
2093 455 2266 511 rentia
2294 455 2397 510 dici
2434 463 2625 523 potest.
2653 456 2890 526 Septima
2920 463 3002 512 est
3028 479 3155 513 acerra
3182 477 3486 533 μεταφοραν,
3519 456 3569 512 id
3594 464 3678 513 est

416 562 507 616 illo
539 560 604 613 ad
636 573 788 623 usum
817 564 870 610 et
900 555 1120 609 licenter
1146 559 1473 621 accepto,_ut
1512 549 1718 619 species
1761 548 1985 617 partium

418 654 633 709 nomine
678 664 1078 717 nuncupemus,
1118 660 1391 717 genusque
1441 645 1612 713 ipsum
1664 641 1805 715 quod
1849 643 1988 696 circa

418 748 725 816 qdalitatem
784 738 1013 798 diximus
1072 740 1231 792 totius
1288 736 1641 806 ap,ellatione
1698 735 1814 789 sine
1862 734 1989 787 vitio

420 840 767 915 proferamus,
801 848 1069 902 nunquam
1104 838 1280 886 tamen
1312 830 1450 898 quod
1479 827 1745 897 qualitatis
1776 836 1878 891 εει,
1904 826 1989 881 ubi

420 939 593 995 totum
609 927 889 991 dicendum
915 935 1020 988 est,
1050 939 1217 994 genus
1247 920 1598 991 proferamus,
1632 936 1729 977 nec
1757 920 1856 977 sub
1884 929 1992 975 toto

417 1022 701 1090 alituando
731 1020 957 1089 species,
992 1017 1084 1072 sed
1122 1032 1335 1085 semper
1363 1024 1543 1087 partes
1576 1014 1993 1069 nomiualiimus.

418 1115 595 1177 Tertia
622 1113 866 1171 difﬁnitio
891 1121 973 1169 est
1002 1127 1116 1180 quae
1144 1118 1318 1165 anota
1350 1110 1565 1174 dicitur,
1594 1124 1714 1162 cum
1742 1106 1824 1162 vis
1846 1096 1993 1161 verbi

416 1207 495 1265 vel
527 1204 777 1267 nominis,
806 1218 923 1273 qua:
952 1204 1003 1259 in
1030 1201 1417 1269 compositione
1448 1201 1546 1254 sita
1571 1208 1672 1265 est,
1704 1214 1817 1253 rem
1840 1212 1991 1251 suam

414 1298 553 1363 tacut
582 1298 806 1366 quadam
843 1294 1183 1365 separatione
1211 1291 1472 1361 designat.
1504 1291 1661 1345 Fides
1693 1299 1799 1359 est,
1822 1287 1996 1359 inquit

417 1391 486 1455 ii,
519 1389 741 1453 Tullius,
772 1403 892 1443 cum
922 1388 977 1441 lit
1006 1386 1146 1456 quod
1176 1384 1390 1440 dicitur.
1420 1384 1513 1437 Hic
1548 1381 1727 1451 itaque
1760 1379 1991 1450 prospici

415 1484 569 1551 licet,
598 1482 760 1539 veluti
795 1479 1021 1548 simplex
1053 1493 1247 1533 nomen
1280 1478 1347 1529 sit
1378 1476 1554 1528 fictum
1586 1482 1745 1543 atque
1774 1485 1997 1541 compo-

416 1577 613 1645 situm,
653 1585 705 1629 ut
753 1574 807 1628 in
856 1588 943 1628 res
990 1587 1113 1625 suas
1162 1570 1387 1625 obscura
1442 1569 1567 1622 licet
1609 1563 1994 1636 compositione

416 1677 655 1731 t¢50net,
688 1681 823 1736 pene
851 1665 993 1720 enim
1024 1679 1086 1719 ex
1118 1662 1304 1717 iisdem
1346 1660 1565 1732 syllabis
1596 1674 1707 1713 rem
1738 1672 1888 1712 suam
1915 1655 1995 1709 di-

416 1761 658 1821 centibus
698 1758 923 1814 verbum
954 1758 1308 1826 compositum
1346 1753 1412 1807 ad
1457 1752 1508 1805 id
1546 1750 1688 1821 quod
1734 1747 1996 1819 significat

2094 563 2193 617 per
2242 546 2659 601 translationem.
2710 546 2907 603 Octava
2962 558 3045 604 est
3094 551 3227 605 κατὰ
3277 551 3540 626 ἀφαίρεσιν
3585 554 3676 604 τοῦ

2095 641 2344 703 ἐναντίου,
2381 638 2429 690 id
2472 647 2550 692 est
2590 652 2684 706 per
2713 639 3027 707 privantiam
3068 640 3317 695 contrarii
3345 640 3483 709 ejus.
3527 639 3675 694 Nona

2096 734 2223 787 κατὰ
2244 733 2592 795 ὑποτύπωσιν,
2625 729 2674 782 id
2703 739 2785 784 est
2807 746 2899 798 per
2921 732 3199 799 quamdam
3222 732 3674 801 imaginationem.

2098 822 2313 877 Decima
2358 829 2442 875 est
2484 826 2551 881 ὡς
2593 819 2769 885 τύπος,
2819 820 3004 876 Latine
3046 822 3225 876 veluti.
3268 822 3555 878 Undecima
3595 830 3679 878 est

2098 916 2226 970 κατὰ
2249 912 2445 969 ἔνδειαν
2475 915 2700 989 πλήρους
2736 914 2789 967 ἐκ
2831 919 2927 969 τοῦ
2965 914 3119 968 αὐτοῦ
3156 916 3349 987 γένους,
3378 915 3430 969 id
3460 924 3543 971 est
3584 929 3678 985 per

2099 1005 2443 1076 indigentiam
2482 1005 2621 1076 pleni
2651 1021 2716 1060 ex
2747 1005 2937 1060 eodem
2984 1020 3201 1075 genere.
3250 1005 3567 1061 Duodecim
3596 1014 3677 1063 est

2098 1102 2225 1155 κατὰ
2262 1099 2486 1165 ἔπαινον,
2520 1100 2571 1153 id
2602 1108 2688 1155 est
2733 1113 2825 1168 per
2870 1096 3097 1152 laudem.
3146 1097 3322 1152 Tertia
3362 1098 3567 1152 decima
3595 1106 3679 1169 est

2099 1195 2232 1247 κατά
2258 1193 2543 1263 ἀναλογίαν,
2575 1189 2625 1244 id
2657 1196 2739 1245 est
2770 1190 2919 1259 juxta
2952 1192 3235 1255 rationem,
3260 1203 3386 1258 quae.
3405 1189 3681 1259 proportio

2100 1282 2310 1339 dicitur.
2328 1284 2527 1349 Quarta
2550 1282 2755 1338 decima
2779 1292 2859 1336 est
2886 1284 3017 1339 κατὰ
3037 1284 3093 1339 τὸ
3118 1284 3243 1344 πρὸς
3268 1303 3337 1349 τι,
3362 1282 3463 1337 hoc
3482 1289 3567 1336 est
3586 1295 3683 1351 per

2101 1378 2153 1434 id
2184 1379 2322 1455 quod
2352 1378 2415 1431 ad
2446 1378 2641 1447 aliquid
2686 1386 2783 1432 est.
2830 1376 3018 1443 Quinta
3065 1378 3270 1431 decima
3300 1384 3382 1441 est
3417 1374 3676 1442 aenean,“

2101 1486 2316 1528 causam
2351 1471 2611 1525 tribuens.
2648 1473 2720 1526 De
2753 1472 2920 1540 prima
2949 1470 3267 1526 diffluitione
3293 1472 3478 1541 plenus
3508 1472 3560 1526 in
3592 1486 3682 1528 su-

2104 1562 2401 1632 perioribus
2447 1576 2627 1616 sermo
2673 1561 2946 1617 confectus
2993 1574 3096 1630 est,
3145 1580 3263 1618 cum
3315 1564 3685 1621 substantialis

2104 1668 2222 1723 qua:
2287 1654 2355 1707 sit
2406 1652 2657 1707 difllnitio
2710 1653 3005 1723 quibusque
3059 1655 3297 1723 partibus
3350 1656 3682 1726 compleatur

2101 1745 2453 1800 ostendimus.
2480 1743 2725 1799 Secunda
2748 1745 2940 1799 dicitur
2963 1746 3309 1817 ἐννοηματική,
3332 1762 3487 1815 quam
3508 1749 3679 1803 notio.
3730 1804 3733 1807 _

416 1868 479 1913 ex
511 1850 834 1907 discretione
864 1848 1255 1919 cognoscimus,
1293 1845 1386 1901 sed
1431 1861 1573 1913 saepe
1615 1843 1836 1899 verbum
1868 1842 1992 1895 sim-
2026 1833 2075 1901 B
2101 1852 2220 1892 nem
2274 1852 2379 1891 non
2429 1836 2647 1906 proprio
2702 1836 2917 1891 nomine
2956 1836 3050 1891 sed
3091 1838 3359 1891 communi
3402 1852 3682 1907 possumus

415 1946 537 2018 plen
562 1954 616 2001 et
647 1958 836 2014 purum
882 1942 1027 1996 nulla
1050 1941 1440 2010 compositione
1468 1951 1771 1993 connexum
1807 1936 1858 1988 in
1889 1933 1993 1987 dil-

416 2029 659 2101 ftnitione
682 2050 713 2091 a
738 2044 864 2090 nota
898 2034 1142 2101 ducetur,
1171 2033 1257 2086 ubi
1284 2042 1365 2085 est
1392 2030 1473 2084 vis
1498 2029 1616 2097 ejus
1644 2043 1801 2099 quam
1827 2023 1995 2081 Graeci

416 2127 687 2199 appellant
734 2127 1087 2201 ἐτυμολογίαν,
1130 2130 1185 2177 at
1228 2122 1414 2178 Cicero
1466 2120 1838 2188 veriloquium.
1891 2114 1996 2170 Sed

416 2233 522 2279 non
561 2227 733 2287 potest
772 2233 838 2272 ex
877 2217 1220 2279 discretione,
1252 2230 1369 2284 qua:
1410 2213 1554 2267 nulla
1595 2220 1697 2277 est,
1731 2207 2000 2277 composi-

416 2313 583 2377 tionis.
603 2311 832 2374 ostendi,
867 2310 960 2365 sed
1001 2308 1237 2364 adhibita
1278 2306 1636 2361 declaratione
1664 2318 1729 2359 ac
1758 2301 2001 2356 denomi-

416 2406 630 2469 natioue
682 2402 1073 2475 quodammodo
1112 2399 1236 2470 quid
1277 2401 1347 2453 sit
1390 2397 1441 2452 id
1488 2397 1555 2451 de
1595 2412 1699 2467 quo
1737 2395 1995 2465 quaeritur

416 2494 690 2564 explicari,
723 2503 779 2547 ut
808 2508 838 2546 a
865 2492 1101 2547 bonitate
1126 2490 1320 2555 bonus,
1348 2498 1401 2541 et
1429 2504 1456 2542 a
1490 2486 1689 2539 malitia
1723 2484 1912 2548 malus,
1945 2491 1999 2536 et

417 2602 447 2649 τι
474 2584 736 2655 sapientia
763 2584 998 2652 sapiens.
1042 2582 1250 2635 Etenim
1278 2595 1397 2633 cum
1439 2578 1490 2631 in
1530 2575 1635 2630 alio
1664 2574 1881 2628 nomine
1912 2586 1999 2626 res

417 2678 623 2748 cognita
669 2686 772 2741 est,
818 2675 972 2729 facile
1004 2674 1104 2727 hoc
1132 2671 1270 2742 quod
1302 2672 1368 2724 ab
1396 2685 1460 2723 co
1490 2678 1571 2723 est
1600 2667 1901 2722 derivatum
1946 2672 2001 2720 et

420 2766 809 2838 quodammodo
836 2764 1232 2823 denominatum
1272 2762 1335 2815 ad
1368 2761 1723 2830 cognitionem
1761 2758 1995 2828 deducit,

420 2844 475 2915 ut
504 2859 630 2935 quid
658 2858 729 2913 sit
756 2857 1023 2921 ostendat,
1057 2864 1111 2909 ut
1138 2855 1189 2909 in
1220 2854 1466 2908 Pisonem
1492 2851 1680 2905 Cicero
1728 2852 2001 2905 consulem

422 2966 450 3006 a
480 2949 811 3019 consulendo
852 2947 929 3002 ait
964 2946 1187 3011 dictum,
1228 2946 1583 3014 maximeque,
1632 2941 1825 3012 inquit,
1862 2940 2003 3011 quod

422 3044 501 3097 vis
542 3044 658 3111 ejus
706 3039 936 3094 nominis
984 3038 1095 3107 ipsa
1145 3035 1439 3105 praescribit
1470 3034 1779 3102 reipublicze
1810 3047 2004 3087 consu-

421 3110 605 3202 lendo,
644 3140 700 3187 et
735 3130 837 3186 hoc
876 3128 1211 3185 diilinitionis
1252 3141 1418 3197 genus
1444 3140 1563 3181 esse
1588 3124 1870 3207 dicendum
1894 3135 1996 3178 est.

2101 1930 2300 1985 dicere.
2334 1930 2385 1983 In
2414 1929 2661 1984 omnibus
2690 1930 2829 1983 enim
2861 1930 3080 2000 reliquis
3101 1930 3507 1987 difﬁnitionibus
3536 1932 3682 1989 notio

2100 2022 2176 2077 rei
2211 2020 2493 2090 profertur,
2531 2037 2633 2073 non
2661 2020 3025 2076 subsmntiaiis
3051 2023 3331 2090 explicatio
3357 2023 3679 2089 declaratur,

2102 2128 2285 2169 verum
2317 2114 2429 2167 hmc
2456 2128 2574 2182 qua:
2603 2114 2838 2168 secunda
2869 2123 2971 2177 est,
3004 2116 3103 2169 hoc
3135 2115 3294 2170 modo
3329 2104 3542 2188 semper
3564 2119 3682 2173 elfi-

2102 2205 2260 2265 citur.
2288 2219 2407 2259 cum
2435 2203 2705 2273 proposito
2735 2219 2799 2259 eo
2822 2206 2962 2276 quod
2985 2206 3350 2263 difiini‘endum
3379 2218 3482 2277 est,
3508 2225 3683 2282 neque

2106 2295 2249 2350 dicto
2277 2293 2393 2363 ejus
2420 2308 2635 2364 genere,
2668 2296 2848 2351 verbis
2887 2296 2937 2349 in
2985 2299 3063 2352 rei
3104 2314 3319 2354 sensum
3367 2300 3682 2358 ducentibus

2106 2387 2572 2458 audientem,quid
2598 2389 2727 2443 illud
2758 2391 2828 2445 sit
2855 2390 2922 2447 de
2948 2404 3051 2461 quo
3078 2393 3332 2463 quaeritur
3361 2397 3682 2464 eXplicatur.

2111 2481 2312 2552 Estque
2334 2480 2454 2537 huic
2481 2498 2615 2551 pene
2640 2484 2900 2540 familiare
2926 2501 3013 2541 res
3045 2488 3340 2557 propositas
3369 2503 3462 2559 per
3486 2492 3684 2561 super-

2104 2573 2244 2644 jecta
2279 2576 2494 2630 nomina
2538 2574 2790 2642 diffinire,
2839 2586 2897 2631 ut
2933 2577 2978 2632 si
3016 2577 3209 2645 dicam,
3244 2580 3407 2636 homo
3431 2590 3514 2636 est
3541 2581 3683 2653 quod

2105 2664 2358 2719 rationali
2386 2666 2737 2735 conceptione
2766 2674 2820 2721 et
2856 2668 3119 2724 exercitio
3150 2678 3344 2739 praeest
3370 2671 3687 2729 animalibus

2108 2756 2337 2822 cunctis,
2369 2756 2453 2811 hic
2478 2773 2583 2811 non
2607 2758 2819 2828 quidem
2849 2760 3021 2827 ipsum
3057 2762 3197 2831 quod
3234 2763 3303 2817 sit
3331 2763 3458 2829 dixi,
3489 2763 3586 2820 sed
3609 2764 3688 2819 di-

2108 2846 2278 2901 cendo
2306 2847 2432 2917 quid
2461 2855 2603 2918 agat,
2630 2852 2780 2919 quasi
2812 2851 3041 2920 quodam
3074 2855 3225 2921 signo
3252 2853 3303 2907 in
3334 2854 3579 2909 notitiam
3600 2859 3689 2911 de~

2108 2941 2311 2996 vocavi.
2363 2943 2481 2997 Alia
2525 2952 2650 2997 sunt
2703 2945 2847 3011 apud
2894 2945 2963 2997 M.
3013 2946 3241 3001 Tullium
3295 2948 3348 3002 in
3391 2948 3690 3004 Rhetoricis

2109 3032 2292 3096 multa,
2328 3041 2385 3085 ut
2413 3033 2698 3088 honestum
2728 3050 2902 3091 causm
2928 3052 3095 3103 genus
3122 3047 3223 3101 est.
3253 3040 3343 3093 cui
3368 3039 3549 3093 statim
3575 3040 3690 3097 sine

2110 3121 2351 3175 oratione
2393 3132 2571 3176 nostra
2608 3123 2749 3178 favet
2796 3126 3056 3181 auditoris
3086 3127 3314 3193 animus,
3343 3138 3398 3184 et
3436 3130 3561 3184 item
3596 3131 3689 3184 adu

422 3227 732 3297 Quanquam
764 3223 833 3279 Μ.
871 3223 1076 3277 Tullius
1117 3222 1170 3275 in
1219 3221 1434 3290 Topicis
1479 3220 1779 3290 argumenti
1828 3219 2003 3273 locum
2031 3210 2078 3279 C
2112 3213 2373 3281 mirabile,
2406 3228 2435 3267 a
2472 3229 2579 3283 quo
2615 3215 2876 3272 alienatus
2910 3229 2987 3272 est
3018 3220 3229 3274 animus
3260 3236 3445 3277 eorum
3478 3223 3565 3289 qui
3593 3237 3690 3277 au.

423 3317 611 3373 fecerit
636 3330 793 3385 quem
825 3311 1116 3368 nominavit
1144 3312 1504 3380 coniugatum,
1532 3311 1723 3378 quiest
1747 3310 2002 3365 finitimus

422 3410 537 3465 loco
567 3410 655 3483 qui
686 3423 713 3462 a
746 3417 869 3461 nota
899 3414 1001 3468 est,
1032 3420 1128 3459 nos
1160 3414 1335 3459 tamen
1367 3418 1471 3458 non
1500 3404 1654 3457 aliter
1680 3419 1851 3473 neque
1876 3418 2005 3457 con-

423 3510 534 3570 tra,
581 3501 673 3557 sed
725 3515 845 3555 cum
896 3499 1006 3568 pari
1058 3497 1419 3568 praeceptione
1469 3496 1841 3552 diffinitimiem
1886 3496 2003 3566 iure

424 3595 678 3659 dicemus,
708 3600 982 3647 servantes
1021 3600 1345 3660 praeceptum
1391 3590 1463 3644 uti
1498 3606 1619 3645 cum
1647 3591 2002 3659 compositum

425 3702 613 3743 nomen
646 3686 907 3740 divisione
950 3685 1001 3739 in
1048 3699 1133 3738 res
1176 3699 1299 3737 suas
1328 3698 1460 3753 quas
1498 3693 1650 3737 sonat
1678 3688 1895 3753 accepta
1951 3682 2002 3737 id

424 3778 563 3849 quod
592 3777 851 3847 signiﬁcat
872 3776 1247 3846 intelligamus,
1280 3776 1335 3829 fit
1364 3774 1611 3829 diffinitio
1639 3789 1667 3827 a
1698 3784 1844 3829 nota.
1869 3774 2001 3829 Cum

424 3880 603 3925 autem
644 3869 870 3937 simplex
903 3867 1125 3922 verbum
1161 3866 1302 3921 unde
1339 3867 1407 3920 sit
1437 3868 1834 3921 denominatum
1867 3866 2004 3920 acci-

426 3975 553 4031 pere
587 3960 868 4026 cmpimus,
899 3966 1266 4026 argumentum
1299 3971 1328 4009 a
1356 3957 1639 4026 conjugato
1676 3957 2002 4027 accepimus,

423 4062 479 4107 ut
507 4052 575 4108 M.
612 4051 815 4105 Tullius
852 4050 1044 4119 posuit,
1088 4048 1455 4103 difiiuitionem
1491 4060 1665 4103 tamen
1710 4064 1829 4102 esse
1858 4049 2005 4101 dica-

420 4155 557 4211 mus,
586 4143 706 4213 quia
737 4143 860 4213 quid
888 4142 957 4196 sit
984 4143 1235 4208 ostendit,
1263 4143 1402 4212 quod
1435 4146 1710 4213 proprium
1743 4152 1826 4197 est
1865 4142 2002 4195 diffi-

410 4238 656 4295 ‘nitionis.
693 4238 783 4291 Ha:
810 4244 933 4289 sunt
972 4244 1079 4290 tres
1109 4251 1247 4290 nunc
1277 4250 1304 4288 a
1333 4252 1419 4290 me
1464 4237 1649 4306 posita:
1681 4232 2002 4305 principales

419 4329 762 4385 diffiuitiones
799 4329 1201 4396 substantiales,
1233 4345 1350 4399 quae
1375 4346 1401 4382 a
1434 4339 1543 4384 toto
1574 4338 1684 4394 est,
1714 4345 1741 4382 a
1768 4328 1999 4399 partium

420 4420 839 4485 enumeratione,
869 4428 921 4472 et
949 4429 1091 4485 nota,
1127 4420 1199 4473 ita
1230 4429 1285 4473 ut
1313 4420 1400 4473 illa
1436 4436 1551 4488 quae
1580 4421 1726 4489 prior
1756 4430 1856 4485 est,
1887 4422 1999 4475 sola

420 4526 546 4577 vere
573 4509 814 4565 diﬁinitio
854 4520 1209 4580 nuncupetur,
1248 4511 1363 4565 istae
1398 4523 1573 4566 autem
1613 4513 1731 4565 dure
1769 4513 2000 4566 nominis

2110 3305 2273 3360 dituri
2293 3318 2439 3362 sunt.
2460 3308 2548 3362 Sic
2577 3308 2811 3379 reliquas
2834 3325 2952 3365 cum
2977 3312 3029 3366 in
3057 3314 3292 3369 secundo
3318 3314 3451 3369 libro
3474 3316 3689 3375 adhibet

2111 3397 2455 3454 difﬁnitiones
2498 3399 2549 3454 in
2584 3401 2867 3457 virtutibus
2902 3404 3257 3460 declarandis.
3301 3406 3543 3461 Primum
3567 3423 3689 3462 cum

2113 3494 2241 3550 dicit
2269 3495 2393 3564 quid
2431 3497 2503 3552 sit
2529 3497 2643 3565 ipsa
2673 3498 2862 3567 virtus,
2892 3500 3144 3569 ponitque
3174 3500 3289 3570 ejus
3319 3500 3690 3558 difiinitionem

2111 3588 2324 3643 habitus
2349 3597 2554 3644 natura:
2574 3589 2741 3645 modo
2761 3598 2918 3661 atque
2946 3592 3136 3647 rationi
3164 3600 3579 3660 consentaneus;
3608 3596 3691 3651 hic

2110 3682 2360 3747 quoniam
2409 3697 2581 3752 genus
2620 3683 2793 3753 posuit
2820 3692 2875 3738 ut
2907 3684 3149 3740 habitum
3176 3687 3411 3752 diceret,
3443 3689 3691 3744 substan-

2107 3773 2248 3827 tialis
2276 3770 2527 3829 difﬂuitio
2556 3785 2657 3829 est.
2706 3778 2773 3830 At
2821 3792 2941 3831 cum
2983 3778 3130 3846 dicit,
3173 3781 3427 3837 memoria
3471 3790 3551 3836 est
3597 3798 3691 3852 per

2107 3881 2265 3935 quam
2298 3866 2505 3920 animus
2536 3867 2735 3937 repetit
2764 3869 2854 3922 illa
2888 3884 3009 3937 qua:
3033 3871 3263 3933 fuerant.
3299 3884 3350 3926 et
3378 3874 3507 3927 item
3537 3875 3691 3930 intel-

2107 3957 2320 4021 ligentia
2351 3966 2433 4010 est
2466 3972 2564 4027 per
2592 3973 2750 4027 quam
2792 3959 2879 4013 illa
2918 3962 3135 4027 respicit
3162 3978 3281 4030 qua:
3312 3974 3454 4029 sunt,
3487 3980 3548 4019 ac
3576 3967 3689 4033 pari

2108 4047 2266 4101 modo
2298 4048 2627 4114 providentia
2661 4059 2742 4102 est
2790 4064 2884 4115 per
2916 4066 3072 4116 quam
3112 4052 3344 4106 futurum
3374 4055 3573 4122 aliquid
3605 4059 3689 4110 vi-

2107 4138 2281 4203 detur,
2309 4139 2439 4193 satis
2468 4140 2668 4193 clarum
2701 4151 2781 4193 est
2818 4156 2924 4194 non
2960 4143 3362 4199 substantialetn
3403 4146 3557 4200 istam
3586 4149 3689 4202 dif-

2109 4232 2431 4296 finitionem,
2480 4232 2603 4293 scd,
2655 4233 3102 4303 quemadmodum
3151 4236 3411 4304 diximus,
3454 4254 3519 4293 ea
3563 4255 3686 4310 quae

2106 4326 2437 4395 ἐννοηματική
2472 4323 2657 4379 Grtcce
2700 4323 2911 4389 dicitur,
2944 4340 3064 4380 cum
3112 4328 3187 4382 rei
3229 4329 3383 4383 notio
3415 4344 3519 4384 non
3561 4335 3688 4388 sub—

2105 4417 2339 4472 stantiati
2387 4418 2592 4471 ratione
2636 4428 2905 4487 percepta,
2936 4418 3039 4472 sed
3061 4429 3181 4473 actu
3209 4435 3295 4475 rcs
3329 4423 3536 4490 cognita
3563 4438 3686 4493 pro-

2106 4511 2321 4565 feratur.
2367 4511 2541 4565 Tertia
2589 4511 2921 4566 difﬁnitionis
2962 4514 3167 4581 species
3202 4522 3285 4569 est
3321 4530 3438 4585 qua}
3476 4519 3686 4581 ποιότης·

419 4605 624 4660 honore
662 4618 716 4658 et
754 4577 1052 4667 honestate,
1113 4577 1233 4675 quia
1267 4604 1318 4658 id
1350 4608 1414 4659 de
1443 4620 1548 4674 quo
1585 4606 1839 4675 quaeritur
1876 4606 2002 4675 quid
2029 4577 2087 4638 Β·
2110 4603 2324 4669 dicitur,
2373 4602 2485 4656 haec
2524 4603 2753 4656 dicendo
2780 4604 2920 4673 quod
2962 4577 3118 4674 quale
3144 4607 3214 4660 sit
3266 4577 3517 4677 ostendit,
3549 4577 3687 4668 et

419 4700 487 4756 sit
516 4698 823 4764 ostendunt,
857 4714 961 4752 non
990 4713 1138 4763 vere,
1179 4697 1272 4751 scd
1300 4707 1475 4751 tamen
1503 4696 1847 4753 diffinitioncs
1883 4712 2004 4753 esse

418 4791 677 4849 dicentur.
711 4792 860 4846 Nunc
888 4791 953 4845 ad
986 4790 1125 4844 illam
1169 4805 1287 4859 quae
1318 4805 1345 4842 a
1378 4797 1490 4843 toto
1519 4800 1600 4843 est
1627 4787 1997 4843 diffinitionem

418 4894 767 4950 revertamur,
811 4884 931 4954 quia
975 4882 1085 4951 ipsa
1127 4882 1177 4935 in
1223 4896 1281 4936 se
1323 4882 1561 4949 recipere
1596 4878 1791 4933 formas
1823 4888 2001 4949 potest

418 4978 693 5050 plurimas.
738 4977 842 5034 Sed
880 4992 945 5032 ex
988 4977 1068 5031 his
1100 4992 1190 5031 cas
1229 4991 1361 5047 quas
1405 4975 1657 5045 colligere
1707 4974 1996 5044 potuimus,

418 5070 708 5138 partiemur
739 5072 886 5137 (sunt
912 5068 1051 5122 enim
1083 5078 1134 5122 et
1175 5068 1290 5120 alia:
1318 5052 1590 5137 fortasse):
1616 5065 1812 5121 deinde
1838 5065 2003 5119 ratio-

417 5175 512 5215 nes
553 5174 614 5215 ac
650 5160 980 5214 diﬂ‘erentias
1021 5168 1075 5213 et
1116 5158 1354 5227 exempla
1397 5159 1658 5212 dicemus.
1703 5158 1799 5213 Est
1840 5157 2004 5228 igitur

418 5251 589 5323 prima
616 5266 734 5320 quae
762 5250 947 5305 Graece
982 5249 1251 5315 οὐσιώδης,
1288 5249 1476 5305 Latino
1519 5250 1881 5306 substantialis
1911 5266 2005 5319 ap-

417 5344 601 5415 pellari
646 5351 841 5412 potest.
883 5341 1126 5399 Secunda
1179 5349 1259 5396 est
1306 5344 1651 5414 ἔννοηματική,
1684 5358 1800 5411 qua:
1832 5343 2033 5396 solam.

420 5436 690 5495 netionem
739 5435 972 5504 subiicit.
1021 5433 1200 5488 Tertia
1240 5436 1467 5495 ποιότης,
1501 5449 1620 5503 quae
1668 5448 1697 5487 a
1742 5434 2001 5503 qualitate

419 5540 612 5580 nomen
644 5527 852 5595 accipit.
884 5525 1082 5593 Quarta
1114 5528 1456 5603 ὑπογραφικὴ,
1489 5542 1605 5595 qua:
1647 5539 1674 5577 a
1716 5525 1783 5579 Μ.
1827 5524 2001 5579 Tullio

419 5617 705 5686 descriptio
744 5619 1065 5683 nominatur.
1110 5619 1303 5686 Quinta
1344 5623 1474 5675 κατὰ
1515 5621 1772 5685 ἀντίλεξιν,
1818 5617 2004 5676 Latine

417 5710 484 5768 ad
527 5710 750 5767 verbum
803 5726 1088 5783 possumus
1136 5712 1335 5771 dicere.
1381 5711 1537 5766 Sexta
1574 5713 1706 5766 κατά
1740 5708 2002 5783 διαφοράν,

412 5804 591 5864 Latini
621 5807 687 5864 de
716 5806 908 5864 eodem
951 5814 1006 5862 et
1049 5806 1116 5863 de
1160 5806 1329 5864 altero
1374 5808 1669 5869 nominant,
1700 5818 1823 5869 qua:
1847 5802 2004 5863 αισθ-

2110 4709 2268 4764 supra
2300 4703 2541 4748 nostrum
2575 4708 2935 4762 proponemus
2963 4698 3286 4765 exemplum,
3323 4710 3376 4754 ut
3409 4702 3563 4758 facite
3586 4720 3684 4773 ap-

2109 4796 2293 4857 pareat
2340 4786 2407 4841 de
2460 4787 2647 4843 eodem
2697 4802 2804 4841 uno
2860 4789 3049 4856 plures
3089 4790 3437 4850 diffinitiones
3491 4797 3683 4853 contici

2110 4894 2283 4947 posse.
2316 4880 2584 4933 hominem
2617 4880 2842 4948 primum
2870 4882 3292 4938 substantialiter
3310 4886 3680 4947 difiinivimus.

2108 4972 2310 5026 Deinde
2355 4972 2604 5027 secundae
2650 4972 2981 5028 difﬁnitionis
3042 4975 3207 5031 modo
3244 4968 3516 5033 uotioiiem
3562 4982 3680 5049 ejus

2109 5065 2489 5135 expressimus.
2553 5065 2702 5119 Nunc
2749 5080 2842 5134 per
2884 5066 3090 5120 tertiam
3138 5066 3509 5125 diffinitionem
3555 5071 3682 5139 quid

2109 5156 2273 5212 homo
2311 5159 2387 5211 sit»
2414 5156 2811 5225 expiicabimus.
2844 5156 3014 5210 Homo
3043 5163 3127 5211 est
3152 5158 3238 5213 ubi
3267 5160 3451 5227 pietas,
3485 5162 3573 5215 ubi
3598 5162 3685 5230 λιι.

2108 5250 2272 5315 stitia,
2305 5249 2390 5302 ubi
2427 5251 2669 5319 :equitas,
2702 5249 2790 5304 ubi
2816 5249 3161 5315 continentia,
3197 5250 3285 5304 ubi
3312 5266 3499 5307 rursus
3529 5253 3684 5308 mali-

2110 5342 2198 5405 tia,
2233 5340 2482 5409 versutia,
2511 5341 2963 5409 czcteraquevitia
2996 5349 3296 5407 versantur,
3331 5343 3423 5413 qui
3464 5342 3681 5413 ingenio

2072 5488 2082 5497 ,
2110 5436 2287 5499 valet,
2330 5436 2481 5489 artibe
2506 5448 2532 5488 ε
2578 5434 2758 5502 pollet,
2789 5442 2840 5487 et
2872 5433 3181 5501 cognitione
3211 5448 3391 5489 rerum
3419 5445 3508 5490 aut
3538 5437 3679 5504 quod

2109 5544 2267 5599 agere
2289 5528 2478 5581 debeat
2504 5526 2689 5593 diligit,
2716 5533 2805 5577 aut
2832 5524 3287 5581 animadversione
3309 5528 3458 5597 quod
3490 5529 3683 5587 inutile

2108 5624 2179 5678 sit
2202 5620 2513 5683 contemnit,
2541 5618 2800 5687 repudiat,
2842 5618 3032 5685 rejicit.
3086 5619 3181 5675 [iis
3206 5621 3551 5690 qualitatibus
3577 5637 3681 5678 ex-

2078 5742 2081 5745 λ
2110 5728 2323 5784 pressus
2353 5719 2436 5766 est
2468 5710 2645 5777 homo,
2678 5724 2785 5763 non
2817 5711 2967 5764 enim
3003 5713 3165 5767 alium
3197 5714 3340 5769 aliud
3370 5716 3566 5771 animal
3599 5714 3685 5774 his

2108 5804 2342 5861 matibus
2381 5802 2579 5858 mentis
2622 5801 2931 5872 qualitatem
2965 5805 3363 5886 designautibus
3411 5807 3585 5882 eligit
3601 5809 3684 5871 vis
