4286 6274
693 292 792 352 905

690 507 825 560 libus
873 508 924 561 in
971 519 1148 566 mente
1178 513 1362 580 positis
1401 526 1456 570 et
1497 521 1822 592 constitutis,
1856 528 2007 595 quasi
2037 531 2261 598 quidam

687 599 763 651 vel
791 601 1048 654 naturalis
1076 605 1263 659 artifex
1305 609 1382 661 vel
1432 611 1553 665 vitae
1596 615 1946 684 gubernator,
1992 621 2260 689 imp‘etur.

684 687 804 743 Haec
826 691 1038 760 quidem
1061 699 1215 751 lenia
1242 707 1295 753 et
1324 703 1554 756 secunda
1586 706 1673 759 illa
1701 720 1922 773 possunt
1945 687 2112 768 videri
2139 715 2261 785 qui-

680 778 900 837 busdam
926 800 1045 841 esse
1072 803 1382 847 communes
1413 812 1425 846 :
1457 811 1575 850 nam
1606 812 1749 868 saepe
1777 802 1977 858 sufficit
2005 805 2056 859 in
2084 808 2255 876 quali-

678 869 767 927 bet
797 863 1075 932 harum'ad
1107 880 1478 940 dil'linitionem
1503 889 1617 956 ejus
1645 863 1721 946 rei
1751 893 1818 946 de
1846 911 1947 965 qua
2000 901 2257 966 quatritur

675 967 845 1020 solum
874 968 989 1036 ejus
1030 975 1296 1042 proprium
1338 980 1619 1047 nominari,
1663 993 1718 1037 ut
1762 986 1804 1037 si
1852 987 2046 1055 dicam,
2092 990 2254 1048 homo

675 1069 755 1112 est
789 1061 927 1128 quod
975 1064 1130 1134 ridet,
1174 1069 1274 1121 hoc
1318 1072 1456 1125 enim
1499 1076 1765 1142 proprium
1815 1078 2045 1135 hominis
2077 1099 2249 1153 neque

674 1150 834 1204 ullius
867 1154 1111 1209 animalis
1141 1169 1248 1223 est;
1280 1177 1384 1230 quo
1415 1163 1558 1218 dicto
1597 1169 1877 1239 tacitisque
1915 1174 2031 1228 aliis
2071 1179 2249 1232 omni-

671 1239 770 1296 bus
797 1246 989 1313 quibus
1020 1251 1176 1303 Iiomo
1208 1253 1379 1319 possit
1401 1257 1631 1324 ostendi,
1661 1263 1776 1314 solo
1809 1272 1982 1318 tanien
2015 1268 2096 1321 sui
2130 1285 2252 1337 pro-

670 1336 783 1403 prio
806 1326 1104 1394 declaratus
1125 1353 1225 1396 est.
1255 1346 1318 1398 tit
1346 1346 1446 1400 hoc
1469 1348 1656 1405 Cicero
1680 1353 1746 1408 de
1771 1359 2094 1424 proprietate
2116 1361 2251 1416 dixit

666 1439 831 1494 genus
852 1443 972 1484 esse
998 1430 1332 1490 diflinitionis
1363 1439 1502 1508 quod
1536 1445 1738 1498 notioni
1771 1448 2023 1515 applicari
2055 1463 2244 1520 potest,

666 1526 725 1572 ut
750 1520 1064 1589 quibusdam
1111 1525 1335 1597 videtur,
1381 1542 1556 1600 potest
1587 1536 1745 1590 etiam
1785 1539 1907 1594 huic
1941 1543 2247 1601 diiﬁnitioni

663 1626 781 1680 qua:
819 1616 1087 1682 qualitatis
1122 1621 1309 1673 sortita
1352 1635 1432 1677 est
1473 1627 1689 1682 nomen.
1724 1630 1871 1686 Unde
1908 1636 2118 1701 quidam
2152 1639 2246 1695 has

662 1702 792 1758 duas
820 1705 957 1761 inter
982 1723 1040 1763 se
1072 1710 1216 1765 nullo
1250 1713 1353 1769 line
1393 1716 1650 1775 discretas
1706 1737 1865 1778 unam
1905 1742 2024 1783 esse
2071 1732 2244 1797 potius

660 1807 900 1862 censent,
933 1814 1053 1854 cum
1078 1803 1208 1858 satis
1240 1819 1490 1876 appareat
1529 1811 1670 1866 illam
1706 1817 1865 1870 nullis
1899 1822 2083 1887 positis
2114 1839 2244 1892 qna-

657 1885 891 1945 litatibus
935 1894 1228 1966 notionem,
1264 1909 1317 1952 ut
1345 1914 1504 1969 supra
1543 1903 1846 1969 docuimus.
1892 1927 2048 1980 posse
2089 1933 2242 1971 com-

655 1984 810 2053 pleri,
847 1986 986 2042 hanc
1033 1992 1219 2057 positis
1259 1997 1603 2061 qualitatibus
1648 2018 1767 2071 qua:
1815 2021 1900 2060 res
1946 2009 2036 2072 sit,
2081 2013 2241 2066 tacito

653 2076 812 2130 etiam
847 2079 963 2146 ejus
1008 2084 1223 2152 proprio
1270 2101 1456 2153 posse,
1503 2096 1805 2150 ostendere.
1850 2098 2100 2164 Quartam
2143 2119 2240 2162 nos

652 2165 1022 2226 diffinitionem
1077 2175 1424 2253 ὑπογραφικὴν
1477 2182 1740 2251 diximus,
1788 2205 1892 2244 non
1951 2209 2230 2250 numerum

648 2259 798 2327 quasi
847 2263 1115 2333 proprium
1149 2269 1493 2336 coltocantes.
1532 2278 1624 2330 sed
1669 2279 1911 2336 instituto
1941 2286 2130 2342 ordine
2165 2290 2231 2344 ad

645 2347 933 2407 faetliorem
967 2357 1321 2426 cognitionem
1348 2365 1663 2423 vocabulum
1693 2371 1946 2429 exhibita:
1977 2394 2118 2432 nunc
2148 2397 2234 2435 ra-

645 2440 773 2496 tioni
799 2443 1062 2500 sociantes
1086 2466 1100 2500 :
1127 2465 1230 2504 non
1273 2453 1414 2507 enim
1445 2469 1655 2525 quarta,
1684 2478 1804 2531 qua:
1830 2477 1912 2520 est
1938 2469 2226 2546 ὑπογραφὴ,

641 2547 760 2602 qua:
787 2548 818 2587 a
848 2528 1005 2590 nobis
1024 2539 1312 2609 descriptio
1338 2546 1476 2602 dicta
1506 2561 1610 2618 est,
1643 2528 1832 2624 quarta
1865 2528 2089 2618 dicenda
2121 2528 2226 2622 est.

641 2620 745 2678 Sed
794 2626 914 2692 quia
949 2629 1081 2682 ordo
1116 2634 1495 2701 prapositionis
1533 2657 1803 2713 exegerat,
1858 2650 1978 2704 ideo
2028 2669 2225 2712 nomen

636 2715 846 2770 numeri
873 2718 1255 2778 collocaviinus
1284 2727 1385 2782 hoc
1414 2731 1550 2785 loco.
1586 2735 1831 2818 Namque
1877 2744 1967 2812 qui
1999 2758 2222 2814 quartus

634 2815 732 2871 est,
766 2805 952 2864 Cicero
976 2811 1042 2867 de
1063 2816 1251 2872 eodem
1274 2831 1324 2873 et
1347 2822 1514 2877 alt'ero
1542 2811 1915 2888 diffiiiitimieiii
1947 2842 2140 2909 posuit,
2166 2853 2221 2898 et

634 2898 711 2954 sic
736 2900 1086 2980 ὗπογραφικὴν
1119 2911 1356 2980 quintam
1385 2920 1692 2988 constituit;
1725 2925 1817 2978 sed
1858 2944 1978 2993 nos,
2009 2936 2215 2991 omissa

630 2997 1031 3063 numerOsitate,
1053 3000 1177 3069 quid
1200 3003 1516 3081 ὐπογραφική
1536 3012 1622 3078 sit,
1643 3029 1760 3083 qua:
1779 3031 1809 3070 a
1828 3017 1896 3073 Μ.
1924 3020 2099 3078 Tullio
2128 3027 2215 3081 de-

627 3087 848 3156 scriptio
878 3093 1200 3162 nominatur,
1235 3105 1504 3167 pr0posita
1551 3110 1756 3163 ratione
1786 3109 2118 3183 docebimus,
2157 3128 2214 3174 et

1899 309 2009 372 AN.
2047 315 2253 375 MANL.
2293 321 2446 382 SEV.
2487 325 2712 383 BOETlI

693 416 815 479 tam,
841 413 934 467 sed
963 413 1136 468 solum
1164 414 1262 471 hoc
1291 419 1510 488 animal,
1542 424 1682 493 quod
1711 435 1796 483 est
1824 429 2006 498 homo,
2041 435 2274 503 qualita-
2301 444 2353 505 Α
2378 442 2736 512 declaramus,
2768 446 2883 503 haec
2908 448 3006 505 erit
3036 453 3219 522 quinta
3251 455 3320 513 de
3377 474 3482 530 qua

3862 351 3967 408 9οι

3526 462 3797 538 loquimur
3826 468 3961 523 diffi-

2370 533 2519 588 nitio.
2548 535 2616 591 M.
2649 537 2853 594 Tullius
2884 541 2984 616 hac
3023 559 3149 601 usus
3187 559 3270 605 est
3311 551 3365 606 in
3396 533 3637 627 Topicis,
3677 573 3831 628 cum,
3883 561 3961 616 lo-

2366 639 2488 679 cum
2519 632 2814 697 argumenti
2851 631 3147 707 diffiniens,
3177 640 3313 696 dixit
3343 659 3466 701 esse
3511 650 3728 718 sedem,
3762 653 3832 708 ita
3879 655 3954 709 lo-

2366 729 2488 771 cum
2521 721 2738 777 nomine
2771 739 2876 780 uno
2919 728 3083 798 cujus
3125 747 3238 788 rem
3265 739 3540 805 quaerebat
3569 742 3671 797 alia
3713 747 3951 814 appella-

2366 810 2508 866 tione
2533 814 2596 868 ad
2630 818 2846 872 verbum
2879 823 3051 890 posita
3084 839 3181 893 per
3206 827 3583 888 difﬁnitionetn
3613 810 3947 909 quiil'esset,

2367 906 2628 971 ostendit,
2668 909 2849 964 sedem
2891 912 3138 983 dicendo,
3172 917 3309 975 hanc
3339 921 3511 980 δι’εοὶ
3555 927 3669 982 κατ’
3699 931 3941 996 ἀντιλίξιν

2365 998 2657 1064 appellant,
2686 1010 2741 1054 ut
2765 1005 2887 1080 ἀνὴρ
2918 1007 3102 1064 ἐστὶνὸ
3131 1008 3406 1091 ἅνθρωπος.
3437 1017 3596 1073 Sexta
3618 1025 3747 1077 κατὰ
3774 1022 3948 1097 διαφοδ

2363 1090 2477 1164 ρὰν,
2510 1091 2717 1158 species
2755 1094 3089 1154 dtflinitionis
3119 1090 3230 1167 est,
3266 1106 3401 1161 hanc
3431 1123 3528 1164 nos
3569 1125 3663 1180 per
3692 1090 3946 1172 dilferen-

2362 1179 2488 1232 tiain
2520 1181 2764 1239 dicimus.
2813 1188 3113 1258 Scriptores
3153 1211 3281 1251 vero
3326 1201 3518 1256 artium
3559 1179 3624 1260 de
3666 1208 3854 1263 eodem
3885 1219 3944 1266 et

2361 1271 2530 1328 altero
2561 1278 2868 1345 nominant,
2900 1291 2956 1336 ut
2985 1299 3104 1339 cum
3137 1293 3393 1358 quteritur
3422 1295 3548 1364 quid
3590 1297 3729 1354 inter
3757 1317 3938 1372 regem

2358 1366 2427 1418 sit
2458 1375 2512 1420 et
2543 1378 2820 1438 tyrannum
2849 1375 3051 1442 adjecta
3093 1380 3392 1440 differentia
3413 1427 3430 1453 ,
3460 1389 3584 1456 q‘uid
3619 1366 3845 1463 uterque
3868 1395 3938 1452 sit

2351 1456 2632 1528 diflinitur,
2663 1472 2717 1516 et
2755 1468 2930 1522 omnis
2974 1471 3187 1539 quidem
3230 1475 3501 1549 dillinitio,
3549 1483 3706 1540 sicuti
3748 1456 3934 1542 docui-

2351 1565 2467 1604 mus
2496 1567 2687 1622 supra,
2729 1573 2834 1613 non
2886 1562 2985 1617 nisi
3032 1568 3289 1635 appositis
3320 1572 3638 1630 differentiis
3685 1593 3933 1650 Compre-

2350 1642 2624 1714 hensoque
2662 1665 2760 1704 suo
2789 1655 3006 1721 pmprio
3053 1659 3180 1728 quid
3231 1664 3303 1717 sit
3329 1665 3396 1718 de
3429 1681 3535 1735 quo
3563 1671 3817 1738 quaeritur
3841 1689 3932 1728 ex-

2351 1739 2562 1806 primit;
2614 1758 2719 1797 non
2752 1755 2926 1802 tamen
2961 1751 3061 1806 hoc
3107 1754 3247 1808 idem
3282 1758 3550 1814 videbitur
3580 1779 3700 1821 esse
3742 1767 3927 1823 modus

2274 1818 2321 1878 B
2349 1827 2450 1883 iste
2478 1831 2544 1886 de
2573 1850 2677 1900 quo
2710 1853 2848 1892 nunc
2875 1840 3161 1911 loquimur,
3190 1848 3453 1917 siquidem
3489 1854 3604 1909 Sttla
3631 1857 3927 1917 differentia

2346 1936 2464 1976 cum
2511 1927 2682 1992 posita
2727 1928 2891 1985 fuerit
2941 1935 3077 1990 inter
3119 1939 3276 2005 duos,
3319 1942 3384 1998 de
3430 1947 3622 2014 quibus
3670 1953 3925 2019 quaeritur

2346 2014 2471 2082 quid
2503 2018 2600 2079 sit,
2638 2029 2923 2092 utrumque
2952 2032 3330 2096 COgliOSCilur:
3361 2039 3558 2093 etenim
3591 2041 3642 2095 in
3683 2046 3922 2113 superio-

2342 2107 2488 2161 ribus
2535 2112 2651 2166 sola
2699 2131 2926 2187 qumque
2977 2121 3326 2194 definiuntur,
3367 2130 3454 2186 hic
3490 2133 3594 2188 duo
3636 2139 3790 2206 quasi
3829 2154 3920 2195 co-

2339 2200 2507 2266 gnita,
2549 2204 2641 2257 sed
2680 2208 2908 2275 quadam
2953 2213 3095 2269 inter
3138 2232 3195 2273 se
3241 2225 3617 2282 communione
3663 2232 3916 2300 coiifusa,

2344 2304 2372 2341 a
2402 2288 2548 2358 ‘jecta
2597 2294 2892 2354 dill‘erentia
2935 2318 3309 2377 secernuntur,
3346 2329 3439 2382 per
3476 2333 3635 2386 quam
3679 2322 3805 2392 quid
3847 2325 3915 2381 sit

2343 2393 2625 2455 utrumque
2669 2395 3028 2463 cognoscitur,
3063 2409 3120 2454 ut
3147 2418 3241 2457 rex
3270 2415 3350 2461 est
3395 2409 3670 2468 modestus
3699 2425 3754 2470 et
3785 2427 3914 2474 tem-

2339 2485 2573 2544 peratus,
2607 2489 2861 2549 tyrannus
2887 2504 3011 2544 vero
3042 2493 3291 2551 crudelis.
3317 2496 3395 2553 Ex
3429 2500 3530 2558 hoc
3555 2505 3683 2561 illud
3710 2518 3792 2564 est
3815 2510 3913 2567 Te-

2336 2572 2523 2639 rentii,
2557 2575 2756 2643 pudore
2783 2595 2846 2635 ac
2889 2581 3210 2644 liberalitate
3241 2591 3438 2650 liberos
3479 2598 3711 2657 retinere
3746 2605 3912 2662 satius

2335 2675 2454 2716 esse
2493 2678 2618 2733 puto
2662 2685 2819 2738 quam
2863 2686 3034 2743 metu,
3093 2683 3189 2736 hoc
3238 2696 3390 2751 pater
3428 2701 3490 2743 ac
3535 2690 3782 2750 dominus
3823 2697 3907 2753 in-

2333 2761 2517 2810 terest.
2553 2760 2680 2813 Item
2716 2762 2782 2817 Μ,
2808 2763 3012 2822 Tullius
3045 2786 3138 2840 pro
3165 2772 3329 2830 Sexto
3362 2778 3594 2838 lioscio:
3626 2791 3801 2858 Atque
3830 2791 3906 2848 in-

2329 2850 2405 2899 ter
2439 2847 2575 2903 hanc
2604 2853 2764 2908 vitam
2808 2862 3122 2926 perpolitam
3170 2865 3504 2930 humanitate
3533 2886 3588 2932 et
3628 2879 3775 2936 illam
3807 2883 3902 2940 im-

2322 2951 2533 2993 manem
2577 2941 2708 2997 nibil
2753 2947 2974 3006 interest
3009 2971 3164 3024 quam
3201 2959 3290 3028 jus
3327 2973 3485 3034 atque
3533 2969 3630 3024 vis.
3667 2973 3899 3043 Septima

2317 3038 2398 3081 est
2439 3034 2568 3088 κατά
2613 3043 2928 3115 praepes,
2980 3045 3029 3098 id
3080 3059 3163 3103 est
3205 3067 3304 3120 per
3373 3059 3799 3135 translationem,
3843 3078 3897 3125 ut

2317 3118 2503 3179 Cicero
2535 3128 2584 3180 in
2617 3129 2851 3200 T0picis,
2883 3136 3055 3194 Littns
3085 3153 3168 3197 est
3196 3118 3335 3214 quod
3368 3150 3558 3210 fluctus
3581 3157 3730 3214 eluit.
3764 3163 3889 3220 ltetn

2699 3185 2712 3200 ι
2764 3185 2851 3197 "’7
2883 3185 3054 3194 —-""~'
3087 3185 3168 3197 νυν
3196 3185 3334 3214 quva
3368 3185 3558 3210 ιιυυιυθ
3581 3185 3730 3214 ῦΙΙΙΙΙιο
3764 3185 3887 3220 ΙΙείῐΙ

625 3191 720 3247 per
745 3185 1066 3253 exemplum,
1091 3204 1208 3258 quze
1239 3193 1410 3247 oratio
1441 3211 1546 3252 non
1575 3200 1698 3268 quid
1728 3203 1797 3257 sit
1855 3208 2031 3275 potius
2058 3211 2204 3280 dicit,
2241 3187 2286 3251 (ἶ
2317 3213 2672 3275 adolescentia
2701 3234 2784 3278 est
2812 3227 2911 3282 llos
2944 3234 3136 3302 aetatis,
3165 3251 3410 3298 senectus
3440 3261 3661 3306 occasus
3687 3256 3887 3322 aetatis;

987 3279 1305 3322 cirnllilinnn
1327 3284 1587 3322 Αἰμίλιοι-ειη
1612 3291 1973 3322 ῘιιΛΙΛ-ηι...,-.μ.
2003 3302 2014 3322 2
2039 3303 2051 3322 Ι
2089 3307 2099 3317 ο
2320 3304 2331 3322 Ι
2367 3321 2390 3322 η
2572 3313 2581 3322 .
2872 3321 2876 3322 ,

623 3269 716 3323 sed
731 3272 966 3330 adhibita
987 3279 1306 3337 circuitione
1327 3284 1587 3343 dictorum
1610 3291 1976 3366 factorumque
2001 3302 2052 3356 id
2069 3307 2208 3372 (jum-

626 3374 733 3433 que
773 3377 862 3418 res
907 3367 976 3420 sit
1011 3368 1373 3441 descriptione
1415 3379 1669 3436 declarat.
1706 3385 2039 3458 Descriptiva
2085 3367 2205 3450 vista

618 3451 813 3509 dicitur
841 3471 960 3514 esse
988 3459 1255 3532 diliinitio,
1286 3477 1341 3521 ut
1366 3484 1485 3524 cum
1531 3478 1790 3542 quaeritur
1831 3451 1957 3550 quid
2009 3500 2202 3544 avarus

617 3545 720 3610 sit,
767 3549 894 3618 quid
943 3553 1207 3624 crudelis,
1262 3561 1389 3628 quid
1441 3563 1781 3636 luxuriosus,
1832 3583 1886 3628 et
1943 3581 2194 3639 universa

613 3639 795 3706 avari,
821 3641 1128 3710 ,luxuriosi,
1167 3651 1423 3720 crudelis,
1457 3666 1646 3713 natura
1677 3662 2020 3725 describitur.
2067 3675 2194 3742 Quae

612 3729 946 3791 diflinitionis
988 3739 1194 3807 species
1225 3743 1419 3802 dicitur
1448 3752 1837 3815 exhortationis
1877 3778 2075 3830 genere
2104 3771 2197 3827 de-

608 3823 849 3892 scriptio,
889 3837 945 3882 ut
975 3828 1276 3891 luxuriosus
1299 3848 1383 3893 est
1410 3842 1579 3900 victus
1609 3863 1715 3902 non
1747 3860 2066 3930 necessarii,
2093 3866 2192 3919 sed

606 3921 907 3986 sumptuosi
937 3931 992 3977 et
1021 3928 1230 3983 onerosi
1268 3944 1543 4003 appetens,
1581 3940 1634 3993 in
1665 3941 1890 4002 delicias
1936 3949 2186 4022 affluens,

605 4006 657 4062 in
691 4009 963 4070 libidinem
994 4032 1211 4086 pronus.
1237 4021 1364 4079 llaec
1392 4037 1447 4081 et
1473 4029 1575 4084 alia
1622 4032 1895 4094 diffininnt
1939 4043 2184 4103 luxurio-

602 4114 753 4169 sum,
791 4116 845 4160 et
872 4108 1234 4181 descriptione
1273 4116 1576 4190 difliniunt,
1611 4125 1724 4184 haec
1772 4133 2022 4193 dil‘linitio
2061 4153 2182 4212 apta

598 4207 810 4264 semper
842 4211 924 4254 est
959 4207 1180 4260 oratori.
1216 4207 1348 4265 liuic
1379 4214 1521 4269 enim
1557 4217 1671 4274 laus
1701 4222 1912 4281 dicendi
1947 4245 2043 4298 per
2072 4207 2181 4289 cir-

596 4289 794 4344 cuitum
821 4292 1070 4351 tribuitur
1095 4311 1310 4368 propter
1334 4303 1665 4365 honestatem
1683 4352 1699 4377 ,
1730 4331 1832 4370 non
1860 4289 1960 4374 ille.
2006 4327 2183 4392 aptior

595 4391 649 4436 et
675 4382 1056 4445 determinatus
1081 4404 1260 4449 sermo
1290 4397 1380 4465 qui
1414 4401 1577 4455 veluti
1609 4401 1890 4464 familiaris
1925 4423 2009 4468 est
2040 4382 2182 4472 diffi-

595 4474 778 4531 nitioiii
829 4494 989 4548 quam
1023 4497 1181 4554 supra
1208 4487 1619 4549 substantialem
1647 4512 1767 4554 esse
1796 4509 2175 4575 prmcepimus.

592 4562 791 4624 idcirco
818 4573 999 4628 multis
1033 4574 1085 4630 in
1117 4577 1253 4634 locis
1283 4581 1352 4638 M.
1393 4583 1616 4653 Tullius,
1648 4604 1768 4646 cum
1803 4594 2172 4657 diffiniendum

590 4656 782 4728 aliquid
815 4661 976 4731 dicit,
1007 4681 1114 4722 non
1144 4673 1571 4734 substantialiter
1603 4687 1858 4754 praecepit
1895 4703 2012 4743 esse
2038 4656 2178 4747 diffi-

589 4749 870 4821 niendum,
903 4757 999 4822 sed
1029 4761 1204 4828 potius
1233 4764 1675 4840 describendum,
1713 4788 1768 4832 et
1807 4779 1910 4836 hoc
1955 4786 2171 4842 nomine

587 4844 769 4911 utitur,
795 4858 852 4903 ut
875 4865 996 4907 cum
1029 4857 1304 4927 quzeritur,
1338 4862 1537 4933 inquit,
1568 4868 1692 4937 quid
1725 4872 1795 4925 sit
1822 4874 1928 4940 fur,
1959 4887 2012 4930 et
2041 4879 2168 4948 quid

584 4936 654 4991 sit
693 4941 1005 5013 sacrilegus,
1048 4961 1142 5003 sua
1183 4949 1546 5024 descriptione
1596 4966 2002 5021 monstrandum
2055 4981 2159 5025 est.

581 5027 773 5095 Quinta
799 5036 1004 5102 species
1048 5039 1380 5100 diflinitionis
1425 5057 1509 5102 est
1550 5062 1707 5118 quam
1762 5056 1876 5112 κατ’
1920 5061 2160 5128 ἀντιλέξιν

579 5117 828 5188 diximus,
859 5124 1048 5184 Latine
1076 5130 1140 5185 ad
1185 5134 1403 5190 verbum
1451 5117 1739 5206 possumus
1781 5147 1984 5207 dicere.
2037 5156 2160 5210 llaec

579 5224 762 5270 vocem
788 5216 931 5272 illam
977 5219 1046 5276 de
1081 5221 1235 5292 cujus
1262 5241 1319 5281 re
1347 5229 1605 5298 quaeritur
1640 5234 1746 5291 alio
1775 5255 2026 5301 sermone
2056 5247 2156 5305 de-

575 5300 750 5374 signat
787 5322 891 5364 uno
919 5324 984 5366 ac
1008 5312 1296 5384 singulari,
1336 5331 1390 5374 et
1417 5324 1811 5392 quodammodo
1842 5336 1968 5404 quid
2017 5300 2146 5397 illud

572 5394 644 5448 sit
669 5413 774 5455 uno
802 5403 968 5458 verbo
1012 5410 1238 5474 positum
1297 5427 1403 5469 uno
1442 5417 1603 5474 verbo
1645 5420 1753 5476 alio
1782 5394 2056 5496 declarat,
2091 5442 2147 5488 ut

572 5490 932 5552 conticescere
962 5505 1139 5556 tacere
1166 5512 1276 5571 est,
1309 5505 1432 5563 item
1467 5509 1602 5566 latus
1633 5513 1812 5570 haurit
1862 5532 2142 5593 apertum,

572 5574 626 5630 id
654 5592 734 5637 est
765 5587 1020 5655 percutit,
1053 5593 1177 5650 item
1206 5611 1327 5653 cum
1370 5604 1652 5659 terminum
1684 5574 1911 5667 dicimus
1941 5614 2099 5670 linem
2123 5656 2141 5686 ,

569 5679 661 5723 aut
702 5678 977 5745 populatas
1007 5683 1427 5770 interpretamur
1473 5711 1595 5754 esse
1629 5713 1882 5770 vastatas,
1926 5717 1979 5763 et
2023 5725 2140 5765 om-

568 5757 697 5825 nino
730 5778 849 5820 cum
895 5762 1047 5826 unius
1095 5779 1242 5833 verbi
1289 5797 1398 5838 rem
1432 5788 1594 5843 verbo
1639 5794 2002 5855 tnanifestiore
2033 5802 2137 5858 alio

2318 3304 2431 3360 haec
2475 3313 2616 3365 varie
2667 3321 2881 3374 tractari
2927 3335 3118 3391 potest
3162 3313 3316 3388 Illodo
3354 3338 3498 3394 enim
3544 3352 3600 3397 ut
3645 3358 3889 3418 moneat;

2313 3401 2472 3456 modo
2501 3413 2559 3458 ut
2583 3407 2852 3480 designet,
2880 3420 3040 3473 modo
3075 3433 3129 3477 ut
3153 3426 3444 3499 vituperet,
3473 3447 3563 3492 aut
3591 3439 3801 3500 laudet:
3831 3401 3886 3506 ll;

2308 3507 2554 3565 moneat,
2589 3504 2838 3562 nobilitas
2867 3521 2948 3566 est
2974 3515 3140 3571 virtus
3171 3522 3432 3593 majorum
3473 3533 3610 3600 apud
3641 3546 3882 3605 posteros

2307 3587 2541 3655 sarcina;
2577 3603 2634 3646 ut
2663 3596 2937 3670 de~ignet,
2965 3619 3123 3675 caput
3151 3621 3235 3667 est
3265 3629 3359 3670 arx
3405 3587 3672 3692 corporis;
3707 3638 3766 3684 ut
3803 3631 3881 3688 vi-

2305 3682 2540 3747 tuperet,
2583 3684 2778 3743 divitia:
2817 3703 2941 3749 sunt
2981 3698 3156 3755 brevis
3197 3704 3319 3760 vitae
3355 3682 3565 3782 longdm
3598 3717 3877 3790 viaticum;

2305 3777 2360 3821 ut
2387 3770 2595 3840 laudet,
2627 3781 2986 3843 adolescentia
3028 3802 3111 3846 est
3137 3793 3236 3849 ﬂos
3270 3770 3591 3862 aetatisrllis
3614 3809 3792 3881 itaque
3821 3770 3876 3870 ei

2300 3861 2416 3915 aliis
2449 3868 2621 3922 modis
2653 3874 2877 3940 proferri
2912 3891 3088 3949 potest
3116 3887 3217 3943 ista
3259 3892 3528 3963 diffinitio,
3560 3900 3616 3956 in
3653 3861 3756 3974 quia
3784 3922 3874 3978 ge-

2298 3966 2425 4006 nere
2455 3966 2627 4015 tamen
2660 3964 2787 4020 illud
2813 3973 3102 4029 cavendum
3131 3989 3243 4047 est,
3278 3999 3345 4038 ne
3373 3997 3465 4041 aut
3501 3964 3755 4060 ldnge'sit
3784 3964 3872 4067 pe-
3971 4027 3984 4033 -

2295 4042 2387 4098 tita
2431 4053 2743 4123 translatio,
2790 4071 2881 4115 aut
2927 4069 3115 4136 turpis.
3158 4070 3341 4145 Longe
3380 4081 3541 4147 petita
3591 4042 3871 4150 :rausla'tio

2293 4148 2404 4247 est,
2433 4153 2486 4194 ut
2516 4147 2666 4200 turba
2692 4152 3016 4226 reipublicic,
3043 4163 3208 4220 chaos
3230 4181 3312 4223 est
3337 4171 3540 4242 legum,
3571 4182 3714 4247 quod
3738 4147 3867 4241 Τυιζ

2293 4226 2393 4282 lius
2428 4245 2523 4299 pro
2551 4237 2712 4293 Sexto
2748 4242 2940 4301 Roscio
2972 4257 3300 4321 temperavit.
3333 4226 3496 4326 Qdasi
3526 4226 3861 4338 se‘mpiterna

2291 4334 2390 4376 nox
2435 4338 2604 4394 esset,
2642 4332 2834 4402 inquit,
2869 4340 2920 4393 in
2966 4358 3071 4412 quo
3109 4348 3269 4405 etiam
3309 4352 3354 4406 si
3399 4356 3469 4410 sit
3497 4332 3736 4428 quasi-ut
3769 4381 3863 4436 per

2290 4413 2693 4481 similitudinem
2725 4429 2822 4497 sit,
2853 4432 3102 4493 diffinitio
3131 4443 3298 4513 accipi
3338 4413 3539 4517 potest:
3593 4413 3858 4528 tempera-

2288 4518 2522 4565 mentum
2553 4518 2821 4585 accipiens
2846 4539 2912 4578 ex
2954 4531 3208 4595 particula
3247 4539 3629 4601 similitudinis.
3665 4518 3856 4620 Turpis

2286 4603 2559 4660 translatio
2600 4609 2656 4663 ﬁt
2690 4612 2897 4672 duobus
2941 4623 3143 4691 modis,
3182 4641 3303 4684 cum
3351 4631 3570 4692 honesta
3615 4603 3856 4709 turpibus

2280 4689 2588 4761 difliuimus,
2623 4712 2712 4757 aut
2755 4710 2929 4778 turpia
2977 4689 3236 4784 honestis,
3283 4734 3340 4778 ut
3365 4727 3410 4780 si
3441 4731 3558 4797 quis
3598 4689 3853 4801 patrratio~

2276 4795 2398 4836 nent
2450 4787 2749 4860 diffiniens,
2826 4800 3092 4874 lacrytnas
3147 4809 3289 4867 dicat
3353 4787 3566 4876 veneris
3598 4787 3852 4895 'fatigatte

2275 4888 2433 4943 quem
2465 4883 2712 4943 sudorem
2745 4892 2934 4950 melius
2964 4900 3286 4960 nominaret.
3312 4908 3416 4965 Aut
3442 4924 3630 4969 contra
3656 4883 3849 4988 ali‘ijuis

2275 4963 2410 4988 κη,
2468 4973 2478 4988 ,
2922 4987 2927 4988 ,

3449 4963 3630 4969 --
3656 4963 3849 4988 -..η-η.

2272 4963 2437 5038 dicat,
2466 4973 2713 5047 lacrymaa
2752 4995 2875 5039 sunt
2900 4987 3102 5047 doloris
3132 5001 3380 5066 patratio,
3413 5003 3536 5061 huic
3577 5009 3706 5065 vitio
3750 5026 3847 5070 nec
3930 5009 3932 5013 ’

2269 5065 2517 5128 superior
2578 5077 2834 5138 particula
2899 5065 3376 5154 temperamentum
3435 5100 3641 5156 tribuit.
3701 5103 3844 5177 Ergo

2265 5164 2588 5222 magnopere
2627 5163 2768 5221 istud
2818 5172 2989 5229 vitare
3045 5178 3321 5239 debemus.
3376 5188 3575 5246 Octava
3631 5163 3843 5265 specie:

2265 5238 2495 5265 λεηεληε,
2549 5251 2558 5260 .
2743 5257 2753 5265 .
2803 5262 2812 5265 -

3311 5238 3316 5239 ,
3387 5238 3575 5246 _--_-_
3631 5238 3841 5265 Ἴων...-

2259 5238 2592 5305 diffinitionis
2640 5257 2753 5311 κατ’
2789 5262 3053 5338 ἀφαίρεσιν
3093 5278 3187 5327 τοῦ
3227 5276 3476 5343 ἐναντίου,
3524 5284 3576 5336 id
3621 5296 3703 5341 est
3748 5301 3841 5358 per

2257 5333 2571 5401 privantiam
2609 5350 2862 5405 contrarii
2900 5333 3017 5423 ejus
3056 5361 3198 5429 quod
3235 5333 3833 5439 άιΐίιιιὶιιιίκ-ιιιῐιιιιδῖιι

2259 5434 2341 5480 est
2364 5432 2505 5498 quod
2536 5436 2736 5494 malum
2769 5457 2870 5497 non
2901 5456 3012 5514 est;
3044 5449 3146 5507 hoc
3170 5470 3367 5525 genere
3394 5432 3731 5524 difﬁnitionis

2255 5519 2512 5581 debemus
2552 5543 2670 5585 cum
2702 5539 3026 5597 contrarium
3068 5519 3250 5605 notum
3279 5563 3381 5608 est.
3423 5554 3554 5613 Nam
3587 5557 3700 5618 lich
3726 5563 3832 5618 duo

2252 5631 2370 5676 cum
2402 5623 2472 5680 ita
2499 5627 2859 5702 intelligentur
2884 5648 2944 5694 ut
2971 5641 3197 5701 alterum
3225 5650 3342 5707 sine
3376 5652 3544 5712 altero
3574 5673 3694 5716 esse
3725 5677 3828 5718 non

2252 5718 2454 5784 possit,
2498 5721 2717 5778 alterius
2769 5733 3004 5798 cognitio
3042 5740 3312 5807 quomodo
3359 5744 3483 5814 fiet,
3528 5749 3628 5805 nisi
3669 5751 3829 5810 fuerit

2251 5819 2531 5882 utrumque
2558 5827 3045 5891 comprehensum?
3073 5835 3208 5895 Cum
3237 5842 3400 5913 igitur
3427 5848 3654 5904 alterum
3685 5868 3829 5924 qua:
