4290 6272
368 330 557 388 ~905

1681 343 1880 400 LIBER
1920 348 2009 403 DE
2046 349 2525 410 DIFFINITIONE.

3158 326 3190 336 π-
3209 327 3240 342 »ηρ

3630 382 3739 439 906

452 465 590 520 ritur
632 463 760 535 quid
806 465 904 534 sit,
943 466 1125 537 utique
1153 466 1253 523 hac
1281 468 1603 528 difﬁnitione
1644 473 2035 547 comprehendi
2069 469 2119 527 Α
2145 472 2523 536 consequentia
2555 480 2677 525 sum
2716 488 2782 528 εκ
2835 476 2937 533 ¹¹⁰ο
2983 483 3126 551 (ἰύυά
3167 495 3281 541 0m
3335 504 3557 549 munere
3609 511 3749 554 con-

457 573 561 612 non
595 566 801 627 potest,
827 574 950 615 cum
985 571 1270 635 utrumque
1299 565 1556 631 nescitur,
1583 567 1725 636 quod
1750 582 1809 624 se
1838 571 1907 624 ita
1939 588 2035 627 na-
2078 590 2081 591 ν

455 650 695 705 turaliter
720 650 879 722 ligatj,
904 660 960 707 ut
986 653 1343 711 necessariam
1364 656 1719 727 cognitionem
1748 660 1850 715 sibi
1881 663 2037 719 unius

454 740 934 810 comprehensione
980 754 1286 800 connectat.
1343 745 1681 802 Periclitatur
1730 764 1861 819 ergo
1912 752 2037 807 talis

452 831 718 899 diilinitio,
749 832 888 888 unde
917 848 986 889 an
1030 838 1359 891 contrarium
1388 837 1505 907 ejus
1536 848 1722 895 notum
1752 840 1857 905 sit,
1900 842 2042 898 scire

452 922 739 992 debemus,
773 934 831 981 ut
855 926 958 983 hoc
984 928 1195 984 sublato
1225 928 1316 985 ﬁat
1342 930 1457 999 ejus
1498 931 1734 1001 cognitio
1762 935 1906 1006 quod
1940 935 2044 991 dif-

457 1016 657 1073 ﬁuitur.
688 1018 869 1086 Quare
898 1021 1090 1084 melius
1129 1037 1275 1092 saape
1302 1023 1362 1078 ﬁt
1403 1024 1447 1078 si
1493 1036 1794 1096 quaerentes
1840 1028 2042 1099 aliquid

452 1110 592 1180 quod
634 1110 1007 1168 difﬁniendum
1036 1116 1136 1181 sit,
1168 1116 1495 1172 contrarium
1525 1119 1644 1188 ejus
1687 1119 2036 1187 dimniamus,

449 1214 556 1268 quo
583 1200 799 1257 sublato
829 1203 961 1258 illud
1005 1206 1147 1275 quod
1179 1208 1435 1276 quaaritur
1463 1209 1874 1281 declarabimus,
1905 1220 1963 1268 ut
1989 1215 2036 1269 si

448 1292 646 1350 bonum
668 1303 750 1350 est
778 1297 921 1366 quod
951 1298 1169 1366 prodest
1194 1313 1315 1353 cum
1348 1301 1651 1369 honestate,
1683 1303 1734 1358 id
1761 1305 1905 1375 quod
1934 1306 2037 1360 tale

448 1397 551 1437 non
593 1396 674 1438 est
717 1386 916 1441 malum
958 1396 1058 1443 est.
1105 1386 1297 1444 Cicero
1352 1392 1404 1445 in
1451 1391 1801 1449 Rhetoricis:
1844 1396 2042 1452 Neces-

446 1471 586 1526 sarie
614 1472 1059 1531 demonstrantur
1095 1492 1160 1532 ea
1189 1493 1310 1546 qua:
1341 1479 1501 1535 aliter
1543 1495 1605 1535 ac
1634 1482 1899 1539 debentur
1941 1501 2041 1542 nec

449 1563 564 1618 lieri
609 1578 711 1620 nec
754 1566 968 1635 probari
1016 1580 1261 1637 possunt.
1295 1570 1564 1629 Ponamus
1605 1576 1748 1631 enim
1792 1593 2042 1635 necessao

448 1652 583 1707 rium
617 1666 670 1709 et
701 1669 809 1712 non
855 1662 1220 1716 necessarium
1254 1665 1545 1733 contraria,
1578 1674 1639 1721 ut
1678 1670 1860 1724 omnia
1908 1686 2039 1727 con-

450 1754 610 1808 traria
645 1754 731 1813 hic
762 1770 863 1812 nos
903 1773 1102 1827 ponere
1140 1759 1407 1833 intelligas
1456 1778 1683 1833 quorum
1731 1766 2037 1825 sublatione

2156 556 2388 624 sulatus,
2434 561 2574 615 unde
2622 566 2979 636 ἑννοηματική,
3017 572 3131 629 haec
3170 581 3274 631 erit
3320 578 3599 651 difﬁnitio;
3632 587 3739 649 hoc

2153 652 2389 745 aperti-us
2438 663 2495 708 ut
2534 654 2657 721 ﬁat,
2693 658 2832 714 daho
2873 662 3016 719 aliud
3066 672 3389 742 exemplum.
3426 675 3495 731 Μ.
3526 677 3740 745 Tullius

2151 739 2205 794 in
2232 740 2423 799 eadem
2451 761 2465 798 :
2496 745 2637 813 Quid
2673 759 2757 803 est
2786 752 2929 808 aliud
2963 756 3140 814 furere
3180 739 3338 831 quam
3382 782 3487 822 non
3535 739 3739 844 cogno-

2152 845 2305 889 scere
2336 835 2601 906 homines,
2635 856 2739 896 non
2768 858 3094 914 cognoscere
3126 854 3291 925 leges,
3322 874 3430 919 non
3457 835 3737 939 senatum,

2132 940 2255 981 non
2299 930 2600 999 civitatem,
2643 948 2924 995 cruentare
2954 957 3148 1015 corpus
3197 955 3387 1005 suum?
3420 956 3560 1028 Ergo
3603 930 3734 1019 con;

2150 1022 2423 1088 sequentia
2456 1025 2749 1081 accidentia
2794 1031 3049 1102 colligere
3078 1036 3412 1097 ililﬁiiitiOnis
3452 1022 3535 1103 est
3582 1052 3738 1109 ἔννοι-

2148 1118 2384 1179 ματικής,
2414 1115 2533 1184 ejus
2569 1133 2700 1173 vero
2727 1125 2867 1190 quod
2900 1123 3132 1182 diflinies
3160 1136 3486 1191 contrarium
3525 1116 3737 1213 tollere,

2149 1200 2263 1257 haec
2299 1214 2382 1259 est
2412 1206 2497 1261 illa
2534 1224 2692 1280 quam
2719 1222 2961 1270 octavam
3008 1232 3165 1288 supra
3206 1221 3437 1282 diximus
3464 1200 3739 1289 diiﬁnitio:

2146 1291 2295 1349 Nona
2323 1299 2529 1365 species
2550 1303 2879 1363 dimnitionis
2918 1320 3001 1365 est
3032 1316 3158 1370 κατὰ
3188 1318 3547 1390 ὑποτύπωσιν,
3572 1325 3622 1381 id
3654 1339 3739 1385 est

2149 1398 2244 1452 per
2284 1390 2567 1456 quamdam
2608 1393 3072 1471 imaginationem,
3113 1408 3420 1467 ut'ASneas
3465 1425 3548 1470 est
3594 1416 3737 1475 lilius

2151 1476 2370 1535 Veneris
2395 1490 2450 1536 et
2473 1484 2737 1550 Anchise;
2772 1490 2884 1545 haec
2914 1509 3127 1564 semper
3156 1498 3207 1553 in
3240 1500 3526 1562 individuis
3554 1523 3735 1565 versa-

2148 1575 2253 1631 tur,
2299 1587 2418 1640 quaa
2465 1572 2637 1631 (ἔτωοὶ
2684 1578 2855 1652 ἄτομα
2905 1599 3115 1643 vocant.
3166 1591 3506 1654 Desideratur
3550 1615 3730 1659 autem

2147 1660 2247 1714 ista
2289 1662 2535 1721 difﬁnitio
2590 1670 2732 1726 circa
2790 1677 3005 1731 nomina
3062 1696 3179 1749 qua:
3232 1698 3522 1758 omonyma
3570 1687 3727 1761 sunt,

2150 1750 2416 1810 individua
2463 1759 2748 1830 duntaxat,
2783 1775 2840 1821 ut
2883 1768 3015 1838 Ajax
3047 1781 3100 1826 et
3147 1771 3328 1832 Oileus
3357 1750 3416 1834 et
3440 1750 3729 1843 'l'helamo:

448 1846 498 1899 ω
545 1846 686 1916 quod
742 1849 1007 1920 quem“,
1050 1852 1365 1910 diuinum...
1417 1855 1559 1927 Ergo
1614 1860 1757 1929 quod
1809 1876 1916 1917 non
1958 1837 2284 1942 esanius.
2339 1848 2465 1904 Item
2524 1853 2771 1909 subvenit
2830 1859 2880 1911 in
2932 1837 2997 1914 eo
3052 1878 3249 1936 genere
3306 1837 3730 1942 dictionistiibi

449 1939 817 1996 necessarium
848 1941 920 1997 ita
950 1941 1172 1999 difﬁniri
1217 1956 1394 2014 pctest
1414 1987 1431 2014 ,
1460 1949 1604 2018 quod
1634 1951 1790 2007 aliter
1814 1968 1877 2009 ac
1904 1953 2041 2010 dici-

448 2038 532 2082 tur
561 2038 616 2083 et
644 2028 761 2084 ﬁeri
799 2039 853 2086 et
879 2033 1098 2109 probari
1131 2046 1306 2103 potest
1334 2056 1347 2091 :
1381 2038 1483 2094 hoc
1510 2056 1630 2095 cum
1655 2043 1787 2099 tollo
1807 2086 1822 2110 ,
1853 2061 2041 2102 neces-

446 2120 575 2175 sarii
618 2121 997 2181 difﬁnitionem
1043 2127 1333 2185 constituo.
1386 2132 1525 2202 Ergo
1573 2143 1716 2190 recte
1771 2136 1889 2192 fieri
1938 2154 2038 2209 po-

448 2222 550 2269 test
576 2214 880 2288 hujusmodi
909 2218 1177 2288 dillinitio,
1213 2212 1305 2279 sed
1348 2225 1449 2279 hoc
1480 2227 1641 2283 modo
1685 2231 2036 2297 quemadmo—

444 2307 568 2362 dum
606 2310 783 2365 docui.
822 2312 887 2367 Et
925 2314 1027 2369 hoc
1068 2324 1150 2370 est
1193 2317 1335 2386 quod
1372 2317 1440 2373 Μ.
1467 2318 1679 2376 Tullius
1710 2323 1760 2376 iu
1792 2324 2040 2381 Partitio-

443 2400 598 2455 nibus
624 2405 900 2473 prazcepit,
924 2420 1069 2471 saepe
1090 2423 1154 2462 ex
1184 2412 1468 2465 contrariis
1491 2426 1615 2468 esse
1639 2412 2035 2472 difﬁniendum.

446 2491 555 2547 Sub
601 2496 739 2551 hanc
770 2494 1145 2553 diltinitionem
1188 2499 1384 2556 cadunt
1415 2502 1583 2559 etiam
1613 2506 1887 2574 notiones,
1914 2524 2037 2565 cum

444 2586 739 2641 accidentia
770 2588 1047 2655 tolluntur,
1074 2600 1128 2646 et
1148 2592 1252 2647 alia
1280 2596 1458 2651 omnia
1489 2611 1609 2667 qua:
1638 2599 1853 2656 diversa
1886 2613 2033 2675 sunt,

444 2685 495 2731 ct
520 2691 641 2733 cum
682 2682 1010 2736 contrarium
1059 2684 1355 2740 accidentis
1390 2689 1476 2743 vel
1517 2695 1902 2761 consequentis
1948 2710 2037 2751 ac-

445 2768 677 2823 cidentis
724 2770 946 2837 tollitur,
977 2781 1035 2826 ut
1062 2776 1107 2827 si
1137 2775 1257 2845 quis
1295 2791 1416 2833 esse
1458 2779 1817 2837 substantiam
1861 2783 2035 2851 dicat,

447 2862 588 2931 quod
620 2878 794 2934 neque
821 2866 1075 2936 qualitas,
1107 2885 1279 2939 neque
1305 2875 1597 2944 quantitas,
1630 2893 1801 2949 neque
1831 2881 2037 2953 reliqua

446 2956 742 3011 accidentia
764 2960 863 3023 sit,
888 2973 1008 3014 Clllll
1038 2961 1143 3016 alia
1176 2979 1294 3033 qua:
1334 2964 1552 3022 diversa
1580 2979 1707 3024 sunt
1746 2972 2031 3039 tolluntur;

446 3052 568 3104 talis
612 3061 690 3106 est
746 3050 1020 3119 diflinitio,
1069 3062 1125 3109 ut
1169 3055 1215 3109 si
1260 3057 1380 3126 quis
1431 3057 1703 3115 hominem
1754 3061 2027 3119 difﬁniens

448 3144 603 3198 tollat
631 3145 809 3199 omnia
847 3147 1130 3216 animalia,
1162 3152 1241 3205 vel
1270 3151 1614 3219 generaliter,
1649 3154 1729 3209 vel
1773 3157 2031 3224 speciali-

2144 1936 2379 2007 aliquem
2423 1943 2596 2010 pudor
2639 1955 2731 2000 aut
2771 1958 2943 2004 metus
2970 1962 3053 2007 est
3083 1956 3395 2015 nominare:
3430 1964 3511 2020 Me
3541 1936 3732 2024 videli-

2145 2038 2260 2118 cet,
2295 2031 2467 2103 inquit
2496 2035 2815 2108 M.Tullius,
2859 2043 3036 2099 sicarii
3086 2046 3160 2103 illi
3208 2051 3609 2125 describebant;
3661 2062 3730 2119 de

2144 2112 2305 2181 domo
2334 2141 2427 2182 sua
2458 2128 2555 2183 sic.
2590 2134 2656 2185 At
2694 2146 2791 2202 pro
2838 2134 3114 2194 Fundanio
3156 2142 3257 2209 ita,
3299 2112 3628 2220 descripsisti
3663 2171 3727 2210 ne

2144 2222 2262 2284 ejus
2300 2222 2659 2278 necessarium
2707 2236 2949 2283 nostrum
2994 2238 3395 2304 competitorem
3441 2242 3599 2300 istum
3641 2250 3724 2318 ip-

2147 2322 2293 2376 sum;
2336 2313 2451 2383 ejus
2497 2331 2637 2372 nunc
2682 2320 2881 2388 studio,
2931 2333 2984 2378 et
3036 2330 3236 2397 gratia,
3303 2343 3407 2387 tota
3452 2313 3724 2396 accusatio

2143 2401 2243 2455 ista
2299 2407 2501 2461 munita
2550 2420 2651 2464 est.
2713 2411 2772 2467 In
2821 2424 2965 2471 metu
3018 2417 3190 2476 fuerat
3237 2428 3548 2499 nominare,
3604 2436 3727 2492 ideo

2143 2507 2271 2564 ergo
2312 2496 2611 2571 descriptus
2654 2512 2756 2559 est.
2800 2505 2930 2563 Item
2975 2526 3073 2581 pro
3110 2513 3403 2577 Cornelio:
3435 2496 3732 2594 Majestatis'

2143 2584 2255 2654 ipsa
2286 2598 2430 2654 sunt,
2462 2591 2622 2662 legite
2648 2604 2710 2649 ut
2737 2596 3019 2667 legebatis,
3066 2602 3191 2660 hinc
3230 2584 3535 2681 intelligetis
3582 2584 3727 2675 nulla

2144 2679 2453 2735 tenuissima
2482 2686 2788 2757 suspicione
2816 2689 3047 2749 describi
3088 2711 3178 2751 aut
3207 2679 3494 2772 signiﬁcari
3524 2708 3727 2767 Corne-

2142 2766 2292 2823 liun.
2326 2772 2451 2828 Haec
2484 2783 2685 2833 tantum
2725 2779 2793 2835 de
2835 2786 3066 2854 propriis
3096 2766 3402 2850 nominibus
3435 2818 3447 2852 :
3490 2800 3594 2855 alia
3637 2766 3727 2859 illa

2140 2862 2209 2953 sit
2248 2878 2409 2933 quam
2459 2867 2806 2945 ὑπογραφικήν
2864 2876 3098 2935 diximus
3149 2889 3396 2952 superior
3452 2892 3723 2953 difﬁnitio.

2141 2951 2283 3023 Ergo
2328 2971 2358 3009 a
2400 2973 2624 3028 genere,
2666 2964 2858 3031 patria,
2894 2981 3139 3037 corpore,
3170 2951 3343 3039 factis,
3386 2978 3562 3046 dictis,
3609 2985 3725 3041 sive

2138 3045 2372 3112 casibus,
2413 3058 2571 3118 atquc
2600 3051 2668 3105 ab
2688 3054 2868 3109 animo
2893 3071 3053 3112 unum
3088 3059 3237 3117 illum
3276 3082 3433 3135 quem
3476 3045 3726 3133 uolumus

2138 3132 2476 3192 diftinitionis
2522 3154 2724 3209 genere
2762 3143 3118 3205 declaramus.
3153 3132 3363 3211 Decima
3405 3162 3613 3228 species
3642 3179 3724 3221 est

447 3246 545 3291 ter.
585 3236 702 3300 Quo
744 3253 943 3307 genere
994 3238 1330 3295 diliinitionis
1378 3243 1515 3297 Deus
1561 3244 1778 3300 dil’liniri
1807 3219 2067 3317 potest.‘

2141 3227 2207 3285 ὡς
2237 3224 2431 3294 τύπος,
2462 3230 2600 3286 hanc
2642 3233 2801 3289 veluti
2835 3236 3087 3307 diximus,
3119 3251 3176 3297 ut
3212 3246 3257 3299 si
3283 3219 3554 3317 quaeratur
3593 3242 3725 3325 quid

445 3326 657 3382 Etenim
694 3328 816 3383 tum
853 3330 978 3400 quid
1023 3332 1091 3386 sit
1128 3332 1267 3388 Deus
1311 3335 1457 3389 nullo
1488 3336 1647 3391 modo
1692 3338 1831 3407 scire
1864 3341 2036 3409 possi-

444 3430 591 3486 mus,
641 3419 952 3477 sublatione
1002 3425 1240 3479 omnium
1298 3428 1641 3483 existentium
1694 3448 1811 3501 quae
1860 3430 2033 3489 Graeci

444 3505 561 3564 ὄντα
582 3512 872 3582 appellant,
899 3514 1259 3582 cognitionem
1298 3517 1412 3582 Dei,
1441 3519 1603 3572 nobis
1626 3520 2033 3591 circumscripta

444 3609 495 3655 et
526 3601 701 3657 ablata
732 3611 977 3659 notarum
1021 3621 1199 3664 rerum
1230 3609 1558 3678 cognitione,
1595 3614 1865 3682 supponit.
1893 3613 2035 3668 Deus

446 3702 523 3745 est
560 3707 732 3763 neque
776 3709 994 3765 corpus,
1036 3708 1208 3767 neque
1251 3699 1416 3753 ullum
1447 3701 1803 3767 elementum,
1862 3720 2035 3773 neque

446 3783 655 3850 anima,
693 3798 864 3854 neque
903 3802 1077 3854 mens,
1119 3803 1294 3858 neque
1338 3802 1552 3857 sensus,
1600 3806 1773 3861 neque
1822 3792 2033 3848 intelle-

446 3885 589 3939 ctus,
622 3891 795 3945 neque
819 3877 1019 3948 aliquid
1060 3880 1200 3948 quod
1231 3895 1299 3935 ex
1333 3881 1415 3936 his
1442 3882 1557 3951 capi
1590 3893 1783 3951 potest.
1832 3885 1925 3940 llis
1957 3896 2032 3940 ta-

448 3963 587 4018 libus
616 3966 867 4033 sublatis,
897 3967 1026 4037 quid
1056 3968 1124 4021 sit
1172 3969 1311 4024 Deus
1358 3973 1555 4041 poterit
1584 3973 1797 4028 dilﬂniri
1816 4014 1830 4040 ,
1867 3975 2034 4045 magis

448 4056 491 4108 si
544 4054 713 4111 addas
759 4058 901 4127 quod
949 4059 1109 4113 etiam
1141 4059 1357 4115 diltiniri
1402 4078 1505 4116 non
1559 4074 1730 4132 poteSt
1767 4066 1816 4118 id
1866 4065 2033 4120 Deum

447 4162 586 4202 esse.
631 4147 967 4204 Contrarium
1012 4151 1303 4206 accidentis
1351 4154 1435 4208 vel
1485 4154 1863 4224 consequentis
1911 4171 2031 4209 cum

448 4240 649 4295 tollitur
681 4241 800 4295 talis
826 4250 910 4296 est
936 4240 1232 4298 diliinitio:
1267 4245 1501 4315 Vigilare
1537 4256 1621 4302 est
1655 4249 1728 4302 uti
1763 4247 2047 4313 sensibus,

448 4331 683 4385 dormire
728 4340 809 4387 est
854 4346 960 4387 non
998 4333 1075 4387 uti
1116 4334 1398 4403 sensibus;
1438 4341 1761 4394 naturaliter
1807 4350 2037 4409 possunt

448 4423 616 4477 videri
658 4424 955 4493 hujusmodi
988 4426 1338 4485 difﬁnitiones
1378 4432 1670 4487 convenire
1711 4431 1792 4487 illi
1830 4431 2035 4487 diitini-

451 4518 581 4571 tioni
627 4534 784 4588 quam
825 4534 982 4589 supra
1036 4523 1382 4595 ἐννοιματικήν
1417 4522 1669 4581 diximus.
1701 4525 1898 4582 Verum
1946 4527 2034 4582 illa

449 4700 531 4754 vel
560 4701 1039 4771 consequentibus;
1070 4703 1183 4758 hazc
1204 4721 1267 4758 ex
1300 4706 1606 4771 contrariis,
1641 4707 1821 4775 itaque
1848 4723 1915 4763 ex
1945 4708 2034 4762 illa

448 4808 565 4861 quae
610 4799 922 4865 εννοιματική
964 4805 1047 4851 est
1096 4810 1161 4850 ex
1210 4797 1576 4853 accidentibus
1624 4798 1717 4862 ιιι,
1768 4804 1829 4853 ut
1877 4798 2035 4855 docet

446 4885 516 4940 Μ.
549 4885 754 4941 Tullius
804 4887 1051 4942 Pisonem
1098 4903 1203 4943 non
1251 4888 1419 4945 fuisse
1468 4890 1747 4944 consulem
1788 4889 1909 4946 ita:
1954 4892 2034 4945 Au

448 4992 575 5032 vero
609 4978 814 5048 reliquo
851 4986 1096 5049 tempore
1133 4980 1411 5035 consulem
1447 4992 1496 5035 te
1533 4983 1815 5052 quisquam
1845 4981 2037 5037 duxit?

446 5070 723 5138 quisquam
743 5072 834 5127 tibi
853 5072 1085 5127 venienti
1104 5074 1159 5127 in
1182 5075 1384 5129 curiam
1405 5077 1723 5141 assurrexit,
1751 5075 2032 5146 quisquam

448 5161 748 5214 consulenti
787 5163 1218 5232 respondendum
1249 5166 1491 5233 putavit?
1523 5165 1695 5234 Atque
1727 5165 1885 5235 hujus
1932 5166 2031 5221 loci

446 5255 690 5320 superior
736 5254 908 5306 oratio
964 5261 1021 5307 et
1060 5269 1401 5325 consequens
1448 5257 1503 5310 in
1557 5256 1658 5309 hac
1710 5255 2035 5311 difﬁnitione

445 5345 721 5410 consistit,
748 5337 857 5415 qua
884 5345 1047 5399 variis
1086 5346 1259 5401 modis
1288 5342 1518 5415 explicat
1563 5361 1686 5401 eum
1730 5360 1836 5399 non
1868 5344 2032 5400 fuisse

444 5434 718 5488 consulem
738 5476 752 5499 ,
782 5434 985 5490 docens
1010 5436 1172 5491 etiam
1203 5450 1299 5506 per
1324 5452 1386 5491 ea
1427 5452 1545 5505 qua:
1575 5443 1880 5504 repugnant
1905 5450 2059 5490 con--

444 5525 549 5579 suli
590 5526 824 5592 adictis,
856 5528 1029 5595 iactis,
1060 5530 1343 5598 cogitatis;
1385 5544 1413 5581 a
1455 5527 1914 5597 consequentibus
1953 5528 2033 5583 sic

444 5616 641 5673 dillinit
663 5618 943 5673 consulem
976 5635 990 5673 :
1019 5622 1200 5675 animo
1229 5635 1351 5676 esse
1382 5627 1597 5690 oportet
1620 5619 1868 5685 consilio,
1902 5620 2029 5685 (ide,
2062 5664 2065 5667 μ

443 5709 738 5779 gravitate,
798 5709 1107 5779 vigilantia,
1158 5726 1321 5778 cura,
1370 5721 1483 5767 toto
1527 5712 1759 5781 denique
1812 5727 2066 5768 munere;

439 5803 774 5872 consulatus,
806 5803 1131 5874 hucusquea
1154 5796 1626 5876 consequentibus.
1657 5804 1850 5861 Omnia
1879 5805 2022 5863 enim
2058 5833 2071 5842 α
2142 5810 2358 5868 pax~est
2381 5799 2664 5869 tranquilla
2692 5802 2943 5874 libertas,
2971 5807 3065 5864 sed
3099 5808 3237 5865 inter
3267 5825 3459 5871 uacent
3473 5822 3529 5871 et
3549 5818 3765 5909 sem-.1

730 5944 1000 6007 ΡΑι-ιιοι..
1052 5941 1280 6007 LXIV.

2142 3319 2211 3371 sit
2253 3319 2471 3389 animal,
2507 3328 2897 3394 respondeatur
2946 3341 3000 3385 ut
3054 3333 3232 3392 homo.
3275 3337 3363 3395 Sic
3400 3319 3721 3406 Aristoteles

2139 3408 2268 3465 dicit
2314 3413 2465 3468 οὐσία
2510 3416 2621 3473 ἐστι
2649 3419 2717 3479 ὡς
2755 3417 3048 3497 ἅνθρωπος,
3096 3442 3209 3482 rem
3257 3432 3399 3486 enim
3439 3439 3724 3506 quaesitam

2139 3502 2488 3573 subjdnctum
2512 3507 2753 3564 declarat
2774 3515 3105 3585 exemplum,
3133 3528 3187 3573 et
3216 3519 3316 3576 hoc
3338 3534 3416 3579 est
3446 3502 3724 3598 proprium

2138 3594 2497 3665 diiiinitionis,
2528 3602 2655 3670 quid
2683 3603 2754 3656 sit
2796 3605 2925 3660 illud
2968 3610 3111 3677 quod
3140 3616 3395 3681 quaeritur
3424 3594 3721 3680 declarare.

2143 3687 2431 3746 Undecima
2479 3696 2686 3762 species
2736 3696 3070 3757 diflinitionis
3118 3716 3201 3760 est
3250 3709 3361 3764 κατ’
3401 3709 3587 3770 ἔνδειαν
3630 3726 3720 3771 τοῦ

2138 3783 2362 3860 πλήρους
2389 3787 2441 3849 ἐξ
2466 3789 2629 3843 αὐτοῦ
2656 3791 2850 3861 γένους,
2886 3793 2936 3846 id
2969 3805 3050 3849 est
3078 3812 3175 3865 per
3205 3801 3549 3873 indigentiam
3576 3809 3724 3878 pleni

2140 3889 2205 3929 ex
2239 3878 2427 3931 eodem
2457 3893 2675 3947 genere,
2712 3890 2767 3934 ut
2794 3883 2837 3935 si
2872 3894 3141 3951 quaeratur
3170 3891 3295 3957 quid
3334 3896 3401 3947 sit
3425 3896 3744 3971 quadrans,1

2141 3970 2531 4035 rcSpondeatur
2556 3973 2641 4025 cui
2672 3972 2904 4029 dodrans
2933 3975 3106 4042 deest,
3140 3988 3197 4032 ut
3225 3983 3297 4035 sit
3320 3985 3474 4040 assis.
3506 3981 3744 4059 Duode-f

2139 4060 2275 4114 cima
2321 4061 2526 4129 species
2554 4063 2890 4119 dittinitionis
2917 4076 2999 4121 est
3036 4069 3140 4121 κατ’
3172 4069 3395 4139 ἔπαινον,
3428 4077 3481 4130 id
3510 4088 3593 4134 est
3621 4066 3742 4149 pch

2142 4151 2375 4215 laudem,
2408 4159 2465 4206 ut
2495 4153 2561 4207 Μ.
2600 4153 2819 4207 Tullius
2838 4171 2935 4224 pro
2965 4156 3214 4213 Ciuentio
3245 4179 3255 4213 :
3295 4162 3401 4218 Lex
3434 4178 3517 4223 est
3542 4148 3741 4240 mens,"

2141 4253 2195 4297 et
2222 4243 2455 4309 animus,
2484 4254 2539 4299 et
2568 4246 2874 4316 consilium,
2906 4257 2960 4302 et
2991 4249 3215 4305 scientia
3242 4254 3503 4324 civitatis;
3533 4271 3588 4316 et
3618 4264 3739 4319 nos

2140 4336 2379 4405 quidem,
2424 4346 2481 4392 ut
2521 4338 2898 4396 dilﬁnitionem
2944 4342 3374 4413 ostenderemus,
3420 4349 3492 4403 ita
3534 4330 3740 4421 posui-"

2142 4444 2261 4485 mus
2306 4432 2630 4500 exemplum.
2668 4429 2801 4487 Nam
2840 4433 2941 4513 hoc
2984 4434 3125 4490 idem
3171 4436 3243 4491 Μ.
3288 4437 3491 4496 Tullius
3535 4420 3739 4502 dicens.

2146 4537 2251 4597 non
2275 4523 2511 4579 adhibita
2538 4525 2786 4580 oratione
2826 4527 3184 4595 diﬂinitionis,
3216 4530 3531 4601 simpliciter
3553 4523 3741 4594 collo?
3804 4554 3811 4591 ι

450 4624 513 4661 ex
546 4608 911 4665 accidentibus
953 4610 1072 4680 ejus
1104 4613 1181 4667 rei
1214 4628 1371 4683 quam
1410 4613 1763 4669 dillinivimus
1790 4625 2030 4683 constat,
2060 4600 2116 4660 Π
2140 4617 2280 4671 cavit
2300 4632 2313 4669 :
2333 4616 2499 4683 Mens,
2536 4618 2725 4686 inquit,
2755 4627 2810 4672 et
2836 4620 3047 4673 animus
3072 4620 3306 4676 civitatis
3329 4633 3383 4679 et
3410 4606 3741 4696 consilium;
3796 4634 3804 4694 έ

2139 4716 2194 4763 et
2231 4707 2450 4762 scientia
2486 4709 2655 4777 posita
2686 4718 2768 4764 est
2817 4712 2869 4764 in
2911 4712 3152 4781 legibus;
3194 4724 3266 4781 et,
3318 4727 3373 4772 ut
3417 4734 3513 4774 nos
3557 4737 3721 4790 supra

2139 4800 2439 4865 docuimus,
2472 4800 2843 4857 difﬁnitionem
2870 4803 3002 4858 nihil
3030 4805 3175 4860 aliud
3205 4809 3375 4863 voluit
3401 4826 3560 4880 quam
3594 4798 3747 4898 om:

2143 4892 2339 4947 tionem
2366 4906 2510 4948 esse.
2554 4893 2694 4963 Ergo
2721 4893 2940 4953 diverso
2970 4896 3129 4953 modo
3168 4898 3236 4954 Μ.
3269 4898 3475 4958 Tullius
3502 4907 3722 4974 protulit

2142 4982 2286 5052 quod
2321 4998 2351 5037 a
2384 4983 2540 5038 nobis
2565 4986 2867 5040 conversim
2899 4989 3143 5043 oratione
3186 5004 3282 5044 sua
3324 4995 3493 5048 l'orma
3521 4992 3748 5064 difﬁni-I

2143 5072 2303 5128 tionis
2333 5074 2559 5143 accepit,
2587 5082 2641 5129 et
2682 5073 2783 5130 hoc
2814 5078 2968 5148 longe
2998 5080 3064 5134 ab
3104 5080 3194 5135 illo
3224 5082 3383 5137 modo
3436 5083 3601 5140 distat
3628 5088 3722 5155 qui

2145 5164 2200 5216 tit
2239 5179 2335 5235 per
2382 5165 2776 5235 metaphoram,
2820 5184 2924 5222 non
2964 5168 3107 5223 enim
3140 5172 3418 5229 translatio
3462 5184 3565 5242 est,
3594 5191 3719 5234 cum

2142 5257 2224 5311 lex
2258 5272 2410 5313 meus
2446 5258 2641 5313 dicitur
2670 5261 2925 5325 civitatis,
2970 5277 3070 5318 nec
3102 5273 3277 5319 tamen
3324 5281 3495 5337 genus
3536 5280 3619 5326 est
3660 5283 3721 5326 ut

2139 5347 2499 5405 substantialis
2525 5348 2783 5407 habeatur
2805 5351 3072 5416 οὐσιώδης.
3099 5370 3437 5426 consequens
3466 5361 3610 5416 enim
3636 5374 3719 5418 est

2141 5442 2277 5487 utet
2308 5450 2400 5505 per
2445 5435 2909 5504 vituperationem,
2959 5437 3053 5492 sed
3083 5438 3199 5495 sine
3230 5443 3577 5501 translatione
3624 5458 3751 5516 po-'

2139 5534 2328 5592 natur;
2356 5527 2435 5581 sic
2463 5526 2631 5582 videri
2655 5539 2834 5596 potest
2860 5547 2886 5582 a
2917 5528 3094 5587 Tullio
3123 5532 3409 5590 diﬂinitum
3437 5554 3450 5589 :
3474 5536 3721 5593 Servitus

2135 5627 2219 5672 est
2250 5629 2574 5687 postremum
2598 5620 2879 5689 malorum,
2910 5637 3015 5677 non
3040 5624 3200 5681 modo
3226 5626 3392 5694 bello,
3417 5631 3513 5685 sed
3543 5640 3718 5687 morte

2137 5709 2295 5762 etiam
2320 5708 2701 5777 repellendum.
2736 5711 3053 5783 Quanquam
3081 5719 3222 5772 enim
3262 5719 3332 5773 ita
3361 5721 3430 5776 sit
3464 5737 3717 5790 exorsus,
3758 5734 3759 5737 ‘

3126 5950 3198 6014 29

3796 4658 3807 4694 Β

3816 576 3832 646 i

3890 1530 3903 1561 \
