4290 6272
574 352 677 437 907

1784 378 1891 437 AN.
1938 380 2143 436 MANL.
2186 378 2335 434 SFN.
2381 376 2619 433 ΒΟΙΞΤΙΙ.

3739 371 3843 426 908

556 484 746 547 'tu'tem
778 481 1060 561 plurimum
1093 487 1337 553 interest,
1369 496 1425 540 ut
1456 502 1551 557 per
1576 487 1933 542 diﬁc-rendam
1961 486 2161 555 dilﬁni-
2189 493 2237 550 Λ
2268 488 2548 557 rationale,
2579 488 2829 554 mortale,
2863 488 3031 557 bipes,
3076 486 3215 543 risus
3244 500 3434 554 capax,
3468 486 3558 539 ﬁat
3590 498 3729 541 rccta
3761 504 3845 542 re.

575 584 655 643 tio
687 600 806 641 esse
832 582 1105 650 videatur;
1154 593 1331 638 tamen
1360 583 1483 652 quia
1534 597 1638 637 non
1690 581 1977 637 articulum
2012 581 2159 636 illum

572 676 814 735 breviter
869 689 975 746 quo
1019 673 1242 729 distaret
1294 672 1550 738 ostendit,
1592 672 1687 728 sed
1732 686 2160 743 unamquamque

506 826 509 829 λ
574 783 690 824 rem
732 782 832 822 suo
863 782 1058 838 genere
1089 766 1359 833 tlilﬁnivit,
1410 766 1697 821 collatione
1737 764 1907 835 magis
1936 779 2041 835 quo
2072 763 2159 818 di-

502 856 503 859 “
575 864 781 913 starent
814 857 1072 922 ostendit,
1124 872 1229 911 non
1261 871 1458 926 genere
1507 854 1851 911 difﬁnitionis
1882 870 1976 925 pcr
2008 852 2158 915 dilic-

573 950 825 1008 rentiam.
865 946 979 1003 Erit
1010 948 1167 1019 igitur
1191 948 1334 1017 prior
1358 946 1501 1018 pacis
1534 946 1785 1002 dillinitio
1809 948 2157 1017 ἐννοηματική.

574 1057 607 1097 a
629 1036 1083 1112 consequentibus
1112 1039 1227 1109 ejus
1257 1039 1333 1094 rei
1364 1053 1522 1109 quam
1557 1038 1858 1095 diliiniebat
1888 1056 1901 1092 :
1936 1036 2044 1094 Pax
2077 1047 2161 1097 est

572 1134 861 1208 tranquilla
889 1135 1128 1192 libertas.
1162 1134 1285 1189 llzec
1309 1134 1537 1189 secunda
1566 1134 1735 1204 magis
1766 1148 1862 1204 per
1890 1134 2159 1203 vitupera-

574 1226 778 1285 tionem
812 1248 824 1285 :
852 1246 961 1285 non
992 1231 1135 1285 enim
1162 1241 1251 1284 aut
1288 1243 1623 1299 consequens
1647 1229 1765 1299 ejus
1794 1236 1900 1295 est,
1924 1238 2038 1283 .aut
2062 1227 2160 1283 alio

575 1320 703 1393 quid
730 1322 920 1377 borum
945 1337 1064 1388 qua:
1088 1322 1417 1392 ἐννοηματική
1439 1319 1747 1375 difﬁnitioni
1770 1318 2037 1383 dedimus,
2066 1319 2159 1375 sed

575 1412 692 1468 sola
738 1412 1070 1483 vituperatio
1116 1424 1201 1468 est
1232 1429 1351 1483 qua:
1392 1414 1706 1468 servitutem
1740 1411 2002 1466 malorutn
2044 1426 2160 1466 omo

575 1503 724 1559 nium
769 1501 898 1558 dicit
946 1518 1066 1559 esse
1120 1512 1472 1572 postremum.
1520 1502 1630 1560 Nec
1674 1502 1936 1573 accipitur
1975 1518 2161 1558 rursus

574 1594 776 1649 malum
800 1593 953 1667 quasi
983 1610 1151 1665 genus
1180 1594 1244 1649 ad
1275 1594 1610 1662 servitutem,
1647 1610 1768 1648 nam
1799 1593 1999 1648 malum
2024 1608 2160 1661 qua-

573 1685 698 1741 litas
727 1694 833 1752 est,
864 1684 1095 1740 sertitus
1122 1685 1189 1740 ad
1221 1685 1451 1757 aliquid;
1476 1686 1617 1742 unde
1643 1700 1767 1742 cum
1796 1684 2023 1741 diversa:
2052 1686 2162 1742 sint

571 1791 684 1844 res,
721 1770 921 1832 malum
967 1793 1133 1848 genus
1173 1793 1293 1832 esse
1338 1792 1443 1832 non
1491 1785 1666 1847 potest
1704 1776 1769 1830 ad
1815 1775 2153 1833 servitutem.

2264 580 2502 647 sponsio.
2538 578 2697 633 homo
2724 586 2827 634 est.
2864 581 2930 632 At
2958 578 3004 633 si
3033 577 3105 632 ita
3135 576 3389 642 dil‘linias,
3422 578 3583 631 homo
3611 586 3696 632 est
3719 578 3845 631 sub~

2263 667 2453 722 Stantia
2484 667 2715 725 animata
2747 666 3038 733 sensibilis,
3073 677 3157 723 est
3185 668 3400 737 quidem
3429 666 3723 724 declaratio
3754 668 3847 723 bo-

2264 760 2452 826 minis,
2486 775 2608 817 nam
2640 759 2753 823 haec
2784 760 2962 825 omuia
2988 760 3151 817 homo
3181 771 3296 825 est;
3328 775 3517 817 verum
3547 764 3592 815 si
3622 776 3847 818 convcr-

2263 864 2375 922 tas,
2440 870 2546 910 non
2605 853 2823 909 valebit.
2880 853 2997 909 Non
3049 856 3192 910 enim
3249 854 3554 911 Substantia
3610 856 3843 911 animata

2260 945 2554 1013 sensibilis,
2587 945 2747 1000 homo
2778 953 3138 1023 tantum‘est;
3183 955 3370 1015 peccat
3396 945 3559 1016 igitur
3587 947 3847 1007 dillinitio

2263 1051 2358 1107 per
2384 1036 2788 1105 abundantiam,
2812 1036 2937 1109 quia
2970 1038 3203 1107 amplius
3231 1037 3475 1095 continet
3504 1053 3666 1108 quam
3697 1053 3846 1109 qum-

2260 1128 2498 1185 rebatur.
2548 1131 2611 1185 Et
2638 1130 2858 1191 omnino
2889 1138 3076 1199 peccat
3104 1129 3354 1187 dilﬁnitio
3388 1145 3508 1201 qua:
3547 1144 3718 1200 genus
3750 1145 3847 1198 po-

2264 1220 2340 1274 nit
2367 1220 2511 1290 quod
2537 1222 2674 1275 ultra
2703 1235 2763 1275 se
2792 1230 2904 1284 est;
2932 1220 3163 1276 dicimus
3188 1219 3360 1291 enim,
3385 1219 3527 1290 quod
3556 1235 3717 1289 supra
3759 1228 3844 1275 est

2262 1327 2431 1383 genus
2463 1312 2633 1383 magis
2661 1311 2922 1368 declarat.
2952 1311 3081 1367 ltem
3132 1320 3318 1380 peccat
3354 1312 3530 1367 minus
3558 1312 3842 1367 continens

2263 1420 2420 1475 quam
2460 1419 2681 1461 necesse
2709 1415 2812 1473 est,
2843 1414 2901 1459 ut
2931 1403 3203 1475 cupiditas.
3226 1411 3312 1461 est
3340 1402 3516 1458 aliena
3556 1400 3844 1472 appetendi

2262 1495 2616 1573 desiderium,
2665 1496 2809 1567 quod
2838 1496 3090 1553 similiter
3129 1509 3451 1557 conversum
3493 1511 3598 1551 non
3640 1504 3844 1561 manet,

2261 1590 2384 1661 quia
2424 1590 2601 1647 minus
2631 1590 3139 1661 eompreltensivum
3186 1588 3513 1645 dit'ﬁnitione
3536 1603 3698 1659 quam
3758 1604 3843 1643 res

2261 1682 2491 1743 nominis
2521 1684 2838 1753 postulabat.
2874 1684 3004 1739 Late
3044 1685 3186 1755 enim
3218 1683 3488 1753 cupiditas
3533 1691 3698 1750 patet,
3743 1697 3841 1737 nec

2260 1774 2371 1829 sola
2422 1775 2640 1833 avaritia
2671 1786 2790 1841 est;
2836 1790 2963 1846 ergo
3013 1776 3201 1839 vitiosa
3246 1784 3331 1830 est
3377 1773 3628 1833 difﬁnitio
3668 1774 3844 1831 minus

575 1869 706 1925 iure
735 1868 895 1940 igitur
944 1884 1038 1939 per
1066 1866 1510 1939 vituperationem
1555 1868 1693 1922 facta
1744 1867 1942 1923 dicitur
1962 1869 2152 1923 .servi-
2185 1865 2235 1926 Β
2259 1864 2540 1936 complexa
2578 1883 2742 1939 quam
2776 1869 3135 1938 quaarebatur,
3160 1882 3224 1923 ac
3248 1866 3296 1923 si
3326 1866 3552 1932 diceret,
3580 1866 3842 1933 cupiditas

574 1963 705 2017 tutis
759 1962 1101 2032 supraposita
1151 1961 1423 2017 dillinitio.
1467 1960 1647 2015 Tertia
1696 1959 1905 2015 decima
1954 1960 2164 2030 species

575 2053 909 2109 diiﬂnitionis
931 2064 1013 2108 est
1038 2056 1171 2109 κατὰ
1200 2055 1489 2127 ἀναλογίαν,
1518 2052 1681 2115 idest
1698 2051 1849 2121 juxta
1873 2053 2159 2121 rationem,

575 2152 699 2217 qum’
745 2147 1017 2215 proportio
1062 2145 1280 2211 dicitur,
1326 2162 1447 2201 cum
1496 2144 1699 2215 aliquid
1727 2146 1867 2217 quod
1900 2146 2164 2217 disputari

575 2234 706 2291 licet
732 2239 1052 2315 cumaltero
1084 2237 1134 2291 id
1182 2252 1304 2292 esse
1335 2237 1531 2291 dicitur
1572 2237 1712 2308 quod
1757 2236 1887 2291 illud
1919 2248 2002 2294 est
2028 2240 2161 2294 alte-

576 2341 694 2384 rum
725 2340 941 2399 propter
974 2330 1232 2385 rationem
1258 2328 1661 2396 similitudinis;
1694 2330 1789 2387 sed
1820 2331 1923 2386 ltoc
1948 2332 2150 2387 contin-

575 2420 655 2489 git
695 2434 816 2475 cum
860 2419 1075 2489 majoris
1130 2422 1206 2476 rei
1249 2422 1466 2475 nomine
1500 2421 1760 2477 diltinitur
1807 2421 2059 2490 inferior,
2108 2434 2167 2483 et

581 2510 726 2580 quod
769 2512 873 2564 ltoc
911 2511 1123 2565 additur
1152 2510 1277 2581 quid
1321 2516 1390 2566 sit
1432 2512 1671 2569 inferior.
1707 2512 1877 2569 (ἔτωοί
1919 2516 1997 2569 sic
2025 2515 2164 2570 dilli-

578 2601 735 2655 nium
761 2596 1082 2680 ε”Δνθρωπός
1105 2605 1217 2658 ἐστι
1237 2601 1578 2678 μικρόκοσμός
1598 2626 1696 2670 τις,
1723 2605 1772 2659 id
1790 2617 1872 2660 est
1897 2606 2058 2662 homo
2084 2615 2165 2661 est

577 2690 756 2747 minor
793 2689 1042 2746 mundus.
1081 2689 1271 2747 Cicero
1301 2691 1409 2765 hoc,
1442 2709 1570 2748 usus
1600 2705 1682 2749 est
1712 2696 1792 2752 sic
1822 2715 1833 2748 :
1868 2696 1969 2764 Qui
1996 2696 2163 2765 pluri-

577 2793 724 2836 mum
748 2779 987 2836 tribuunt
1006 2781 1202 2847 edicto,
1231 2790 1425 2852 praeter
1466 2782 1698 2837 edictum
1730 2784 1899 2854 legem
1928 2786 2163 2841 animam

579 2870 765 2929 dicunt
791 2884 933 2930 esse.
967 2873 1164 2941 Quarta
1211 2871 1418 2929 decima
1466 2874 1681 2944 species
1714 2885 1797 2929 est
1829 2874 2165 2930 dillinitionis

579 2966 711 3021 κατὰ
744 2966 873 3042 πρὸς
899 2988 971 3034 τι,
1006 2965 1057 3020 id
1085 2974 1168 3020 est
1196 2964 1261 3020 ad
1291 2964 1517 3037 aliquid,
1553 2976 1608 3019 ut
1641 2965 1798 3020 Pater
1830 2974 1942 3034 est,
1974 2966 2058 3020 cui
2082 2974 2167 3021 est

577 3054 743 3113 illius.
776 3055 967 3112 Cicero
998 3053 1049 3110 in
1078 3053 1383 3111 Rhetoricis
1416 3074 1429 3111 :
1463 3057 1551 3112 Sic
1571 3071 1739 3126 genus
1765 3066 1847 3111 εει
1875 3056 2014 3126 quod
2040 3056 2163 3126 plu-

510 3172 519 3177 *
579 3165 669 3207 res
691 3159 868 3221 partes
890 3148 1251 3222 amplectitur.
1291 3150 1417 3205 Item
1448 3164 1572 3220 pars
1598 3158 1683 3205 est
1709 3165 1831 3221 qua:
1865 3148 2048 3203 SUbt‘Sl
2075 3162 2164 3218 ge-

2264 1967 2349 2016 est
2376 1959 2601 2016 avaritia
2630 1976 2646 2019 :
2678 1977 2798 2033 qua:
2834 1963 2879 2017 si
2910 1962 3218 2032 exemplum
3250 1961 3407 2017 daret
3440 1969 3497 2016 et
3540 1958 3840 2015 auditorem

2264 2051 2652 2109 transmitteret
2686 2053 2738 2107 in
2772 2062 2938 2109 totum
2993 2053 3134 2124 quod
3163 2052 3431 2123 cupiditas
3471 2061 3555 2107 est
3596 2051 3843 2105 similituo

2264 2142 2406 2198 dinis
2448 2144 2835 2214 propositione,
2879 2155 2935 2200 ut
2973 2145 3236 2208 avaritia.
3278 2151 3529 2214 essetque
3575 2143 3665 2198 illa
3697 2142 3841 2198 dilfr-

2266 2233 2444 2290 niendi
2513 2235 2724 2304 species
2794 2250 2951 2306 quam
3013 2235 3283 2289 decimam
3344 2232 3723 2290 eollocavimus
3778 2236 3846 2293 ὡς

2264 2323 2444 2388 τύπος.
2466 2325 2617 2381 Nunc
2642 2340 2746 2383 non
2777 2325 2841 2383 ad
2879 2335 3050 2391 totum
3076 2326 3379 2382 transmisit
3398 2327 3730 2397 exemplum,
3750 2326 3844 2381 sed

2264 2417 2413 2489 quasi
2464 2426 2633 2472 totum
2677 2420 2959 2475 continens
3009 2420 3171 2475 multa
3226 2434 3256 2475 a
3304 2428 3416 2475 toto
3467 2420 3841 2490 praetereundo

2266 2509 2521 2577 peccavit,
2548 2509 2687 2564 unde
2718 2526 2824 2566 non
2857 2520 3064 2580 poterat
3086 2511 3201 2566 ﬁeri
3230 2510 3296 2564 ad
3322 2525 3517 2566 nomen
3546 2527 3613 2565 ex
3643 2510 3846 2566 difﬁni-

2268 2600 2410 2655 tione
2455 2600 2756 2655 conversio.
2805 2601 2931 2656 Haec
2969 2600 3077 2656 duo
3107 2601 3231 2656 vitia
3272 2601 3318 2656 si
3341 2601 3597 2668 vitentur,
3639 2602 3845 2672 integra

2266 2688 2515 2747 ditlinitio
2552 2702 2654 2759 est,
2687 2707 2860 2764 neque
2890 2691 3007 2748 haec
3036 2694 3150 2747 sola
3180 2709 3297 2762 quae
3329 2693 3697 2750 substantialis
3734 2706 3844 2762 eat,

2269 2778 2364 2836 sed
2405 2783 2566 2837 etiam
2598 2781 2817 2850 reliquae
2862 2781 3092 2851 species.
3138 2779 3289 2838 Nunc
3327 2782 3443 2839 haec
3471 2782 3540 2840 de
3569 2784 3729 2838 vitiis.
3765 2782 3846 2837 Ci~

2267 2886 2393 2927 eero
2418 2886 2540 2928 cum
2567 2871 2619 2927 in
2664 2872 2971 2929 Rhetoricis
3000 2874 3098 2929 tria
3131 2888 3251 2929 esse
3281 2874 3415 2929 vitia
3448 2872 3647 2941 docuit,
3681 2876 3843 2944 mala,

2268 2966 2473 3035 inquit,
2520 2962 2770 3022 dillinitio
2817 2967 2875 3021 tit
2921 2982 3043 3022 cum
3096 2977 3187 3023 aut
3234 2969 3563 3035 communia
3592 2970 3847 3026 describit

2269 3056 2371 3111 hoc
2400 3056 2557 3111 modo
2589 3076 2599 3110 :
2630 3054 2929 3114 Seditiosus
2972 3067 3055 3115 est
3098 3059 3142 3115 is
3196 3060 3283 3129 qui
3328 3062 3501 3117 malus
3540 3071 3645 3127 est,
3685 3074 3847 3132 atque

2276 3147 2481 3203 inutilis
2510 3149 2661 3203 civis.
2714 3148 2846 3204 Nam
2900 3149 3003 3206 hoc
3041 3164 3146 3205 non
3179 3152 3349 3223 magis
3395 3151 3657 3220 seditiosi,
3689 3170 3847 3225 quam

578 3245 715 3304 neri.
747 3245 937 3314 Quinta
964 3245 1172 3300 decima
1211 3243 1416 3314 species
1460 3250 1544 3296 est
1579 3240 1841 3302 αἰτιωδής.
1871 3239 2043 3297 Latini
2074 3254 2160 3296 se.
2190 3242 2238 3309 α
2268 3240 2559 3309 ambitiosi,
2592 3256 2750 3312 quam
2781 3242 3203 3308 calumniatoris,
3230 3259 3391 3315 quam
3419 3242 3642 3317 alicujus
3666 3247 3842 3301 ltotni-

580 3340 811 3397 cundum
840 3339 919 3396 rei
966 3340 1228 3393 rationem
1272 3346 1487 3403 vocant,
1530 3346 1587 3390 ut
1616 3334 1730 3391 dies
1772 3345 1853 3389 est
1882 3334 1968 3403 sol
2004 3348 2164 3403 super

583 3443 789 3497 terras;
847 3445 973 3495 nox,
1017 3432 1096 3486 sol
1143 3428 1244 3484 sub
1286 3430 1484 3484 terris:
1515 3438 1573 3482 ut
1607 3429 1749 3483 enim
1792 3436 1884 3484 aut
1924 3428 2038 3482 dics
2075 3438 2165 3483 aut

577 3537 684 3579 nox
717 3522 808 3589 sit,
838 3535 994 3575 causa
1028 3529 1109 3575 est
1159 3531 1250 3573 aut
1279 3535 1440 3588 supra
1470 3529 1642 3573 terras
1683 3518 1766 3573 sol
1803 3528 1894 3574 aut
1931 3519 2030 3573 sub
2063 3529 2161 3572 ter-

578 3611 676 3667 ris.
704 3611 843 3667 Sunt
872 3620 925 3666 et
950 3608 1070 3664 alia:
1102 3607 1328 3664 fortasse
1353 3609 1559 3678 species
1580 3608 1942 3672 dillinitionis,
1974 3624 2164 3665 verum

579 3704 623 3758 si
650 3702 770 3772 quis
799 3699 1087 3767 invenerit,
1130 3696 1347 3770 adjiciat
1383 3700 1450 3754 ad
1482 3714 1787 3764 numerum,
1840 3698 1998 3754 modo
2029 3697 2165 3757 illud

579 3793 862 3864 diligenter
884 3794 1147 3860 attendat,
1183 3806 1251 3848 ne
1286 3790 1424 3847 forte
1451 3790 1640 3855 barum
1662 3792 1825 3848 alicui
1857 3793 2165 3862 specierum

574 3881 709 3939 illud
738 3879 877 3953 quod
918 3882 1182 3937 invenerit
1213 3881 1381 3952 possit
1410 3882 1651 3953 adjungi.
1695 3881 1806 3939 Nec
1846 3898 1945 3938 nos
1974 3899 2163 3941 rursus

573 3976 772 4031 {rustra
793 3972 986 4045 aliquis
1014 3974 1288 4031 existimet
1314 3983 1395 4029 tot
1432 3988 1643 4046 spectes
1683 3989 1986 4047 separasse,
2019 3977 2161 4048 quod

573 4080 802 4142 possunt
830 4070 930 4126 sibi
971 4070 1162 4140 aliqua:
1191 4070 1505 4127 convenire.
1533 4068 1989 4127 Consideratione
2018 4071 2161 4128 enim

537 4152 783 4233 plenius
830 4164 1184 4229 commodata,
1228 4170 1416 4219 omnes
1447 4162 1588 4235 inter
1636 4177 1696 4219 se
1738 4177 1932 4234 magno
1975 4174 2164 4225 cernet

574 4254 883 4312 discrimine
914 4264 1225 4331 separatas;
1261 4263 1439 4311 teneat
1459 4253 1621 4310 modo
1652 4255 1795 4324 quod
1823 4270 1988 4325 supra
2016 4269 2160 4325 sape

571 4351 825 4421 praecepi,
867 4351 1032 4405 solam
1083 4365 1209 4406 vero
1258 4350 1401 4405 illam
1447 4349 1714 4421 appellari
1755 4350 2156 4418 dilﬁnitionem,

574 4458 696 4513 quae
748 4459 777 4497 a
834 4457 1030 4512 genere
1072 4442 1351 4501 exordium
1391 4459 1613 4500 sumens
1654 4444 1724 4500 ad
1773 4446 2047 4515 preprium
2081 4445 2162 4501 rei

574 4550 699 4603 quae
724 4532 1002 4602 dil‘linitur,
1032 4536 1332 4607 separando
1367 4552 1465 4607 per
1492 4537 1823 4594 diﬂerentias
1861 4555 1981 4610 quae
2008 4542 2157 4595 corn-

2269 3330 2353 3391 Iis
2384 3333 2613 3401 improbi
2652 3334 2755 3387 vim
2782 3332 3082 3391 describit:
3120 3336 3258 3392 lianc
3284 3336 3666 3413 difﬁnitioncm
3702 3339 3843 3393 dixi-

2268 3439 2387 3479 mus
2433 3422 2756 3497 abundantia
2784 3441 2904 3483 esse
2935 3428 3207 3484 vitiosam.
3248 3428 3407 3485 Aliud
3438 3429 3623 3485 vitium
3654 3430 3845 3500 adjun-

2265 3518 2361 3589 git,
2387 3517 2457 3572 ita
2483 3530 2539 3573 ut
2568 3519 2754 3575 falsum
2785 3522 3036 3592 quiddam
3059 3523 3204 3580 dicat
3237 3524 3337 3580 hoc
3371 3534 3548 3596 pacto,
3576 3527 3844 3598 sapientia

2265 3617 2349 3664 est
2377 3610 2615 3680 pecunia:
2644 3613 2949 3682 quazrendte
2976 3615 3326 3685 intelligentia
3360 3635 3373 3669 :
3404 3615 3507 3673 hoc
3547 3620 3732 3675 vitium
3761 3618 3865 3674 Ci-i

2265 3715 2391 3757 cero
2418 3701 2615 3772 adjecit
2641 3714 2835 3772 praeter
2864 3705 2950 3760 illa
2981 3706 3088 3761 duo
3116 3723 3236 3777 qua:
3263 3708 3395 3764 dixi.
3425 3708 3665 3767 Tertium
3703 3715 3846 3769 enim

2267 3795 2383 3866 ipse
2408 3798 2587 3866 posuit
2612 3798 2753 3867 quod
2793 3814 2824 3855 a
2857 3800 3010 3855 nobis
3040 3802 3336 3861 secundum
3363 3794 3448 3861 cal
3473 3805 3842 3863 constitutum.

2266 3886 2340 3942 Ita
2362 3889 2503 3943 enim
2524 3893 2599 3943 ait
2620 3899 2677 3943 ut
2704 3890 2905 3961 aliquid
2934 3907 3042 3953 non
3071 3907 3235 3963 grave
3268 3910 3370 3952 nec
3396 3910 3649 3968 magnum
3675 3899 3847 3955 conti-

2266 3994 2399 4035 nens
2426 3982 2497 4037 sit
2530 3999 2542 4034 :
2573 3982 2810 4039 Stultitia
2859 3994 2946 4042 est
2996 3986 3280 4046 immensa:
3323 3991 3592 4060 cupiditas
3635 3992 3845 4062 glori-.e.

2266 4072 2379 4130 Hoc
2434 4074 2556 4131 ideo
2605 4085 2813 4146 peccat,
2854 4078 2978 4148 quia
3026 4079 3204 4135 minus
3254 4081 3659 4152 comprehendit
3702 4084 3845 4151 quod

2265 4168 2341 4222 sic
2378 4170 2631 4238 exprimit
2672 4169 2742 4225 Μ.
2772 4169 3002 4227 Tullius.
3043 4171 3140 4227 Est
3181 4173 3298 4229 haec
3345 4174 3562 4243 quidem
3594 4176 3841 4245 stultitia,

2264 4258 2359 4314 sed
2388 4273 2454 4314 ex
2487 4268 2637 4328 parte
2680 4261 2931 4330 quadam,
2963 4278 3069 4318 non
3091 4278 3157 4321 ex
3195 4265 3343 4321 omni
3365 4281 3567 4336 genere
3590 4265 3839 4322 dilﬂnita.

2264 4349 2468 4406 Prrcter
2508 4350 2621 4408 hac
2648 4351 2789 4407 idem
2820 4352 2888 4407 M.
2924 4353 3130 4421 Tullius
3179 4357 3232 4413 in
3268 4358 3509 4415 secundo
3536 4359 3844 4416 Rhetorice-

2263 4457 2380 4497 rum
2404 4442 2601 4512 adjecit
2628 4444 2734 4501 duo
2763 4446 2915 4513 vitia,
2951 4448 2996 4503 si
3046 4459 3145 4511 aut
3178 4451 3346 4521 turpis
3386 4452 3461 4507 sit
3508 4462 3596 4506 aut
3640 4454 3844 4509 inutilis

2266 4528 2537 4601 diltinitio,
2573 4533 2623 4589 id
2649 4544 2828 4591 autem
2852 4536 2936 4609 (ut
2967 4538 3081 4607 ipse
3110 4539 3204 4611 ait)
3236 4556 3305 4595 ex
3335 4540 3633 4598 honestatis
3659 4552 3709 4598 et
3736 4544 3844 4598 uti-

575 4632 757 4688 munia
793 4642 1038 4701 poterant
1076 4648 1218 4702 esse,
1252 4634 1553 4689 descendit.
1586 4634 1737 4690 Nunc
1772 4636 1886 4705 jam
1917 4635 1985 4691 de
2012 4635 2157 4691 vitiis
2184 4610 2238 4674 θ
2264 4624 2269 4681 1

2146 4650 2157 4691 -.
2184 4610 2238 4674 υ
2264 4624 2429 4683 litatis
2461 4629 2699 4699 partibus
2728 4630 3076 4700 approbatur.
3121 4610 3201 4690 Ae
3229 4634 3299 4689 de
3350 4637 3492 4703 turpi
3522 4636 3840 4693 dilllnitione

569 4724 926 4793 dillinitionis,
964 4734 1019 4777 nt
1050 4726 1379 4795 promissum
1409 4734 1516 4793 est,
1549 4726 1897 4799 explicemus.
1948 4727 2157 4785 Dilﬁni-

566 4816 647 4871 tio
670 4814 1038 4871 substantialis
1079 4829 1237 4885 quam
1271 4818 1499 4886 primam
1530 4817 1832 4885 docuimus,
1877 4834 2034 4889 quam
2066 4834 2152 4875 so-

564 4907 676 4961 lam
699 4905 927 4962 diximus
949 4904 1350 4976 difﬁnitioncm,
1382 4907 1488 4963 duo
1518 4908 1646 4963 vitia
1670 4908 1858 4978 recipit
1886 4908 2150 4979 principa-

566 4997 661 5052 lia.
690 4995 744 5055 Si
774 5012 834 5052 ea
868 4984 1049 5051 oratio
1083 5012 1200 5065 qua:
1231 4997 1451 5065 diftinit,
1492 5007 1585 5054 aut
1612 4999 1843 5068 amplius
1871 4999 2151 5068 complexa

567 5091 749 5157 fuerit,
773 5100 863 5145 aut
886 5089 1060 5145 minus
1083 5107 1241 5160 quam
1268 5107 1353 5146 res
1376 5091 1531 5161 plena
1555 5093 1625 5159 sit
1644 5090 1953 5146 declatavit.
1987 5092 2150 5162 Opor-

565 5192 644 5241 tet
673 5186 813 5239 enim
841 5194 898 5239 ut
934 5183 1105 5240 oratio
1150 5183 1434 5239 diftinitiva
1466 5186 1539 5239 ita
1577 5193 1928 5254 componatur
1955 5184 2022 5240 ad
2050 5199 2145 5241 no-

504 5276 690 5350 “men
724 5277 877 5349 cujus
904 5293 1014 5332 rein
1065 5277 1270 5344 deﬂuit,
1311 5287 1368 5335 ut
1397 5290 1580 5349 parem
1628 5278 1916 5347 potentiam
1964 5279 2145 5350 expri-

527 5346 774 5438 t'menda‘.
791 5346 802 5349 ⁷
819 5375 979 5437 atque
1001 5366 1173 5438 ipsum
1200 5346 1512 5427 vocabulum
1538 5346 1776 5437 prrestet,
1811 5346 2144 5428 convcrsim-

561 5470 671 5529 que
699 5472 894 5539 nomen
915 5466 971 5513 et
998 5458 1245 5515 diﬂinitio
1272 5471 1333 5514 se
1354 5457 1585 5529 invicem
1615 5459 1808 5527 collata
1839 5459 2141 5520 declarent.

561 5549 631 5609 llt
648 5552 693 5608 si
719 5566 929 5625 miseras
950 5551 1076 5624 quid
1104 5551 1263 5617 homo
1288 5562 1402 5621 est,
1436 5563 1582 5611 recte
1604 5554 1992 5623 respondeatur
2018 5557 2137 5612 ani-
2180 5602 2183 5607 .

553 5641 667 5698 mal
698 5650 991 5708 terrenum.
1041 5643 1323 5713 rationale,
1356 5649 1602 5713 mortale,
1646 5646 1818 5717 bipes,
1863 5650 2006 5705 risus
2050 5664 2141 5704 ca-

2264 4734 2362 4777 nos
2393 4722 2445 4775 in
2489 4722 2856 4791 superioribus
2904 4723 3135 4781 diximus
3165 4740 3285 4781 cum
3324 4726 3703 4785 dilﬁnitionem
3748 4743 3840 4796 per

2264 4814 2670 4871 translationem
2700 4826 3071 4893 tractaremus,
3105 4818 3199 4883 sed
3229 4819 3357 4875 illud
3388 4821 3573 4875 vitium
3597 4822 3647 4874 in
3676 4820 3842 4876 verbo

2261 4915 2384 4973 est;
2428 4906 2546 4963 ﬁeri
2581 4918 2761 4965 autem
2808 4917 2986 4980 potest
3025 4919 3085 4965 ut
3119 4910 3296 4966 omnis
3339 4912 3513 4967 oratio
3557 4912 3838 4967 inhonesta

2264 4999 2364 5053 ista
2396 5002 2665 5055 contineat
2698 5001 2785 5057 vel
2828 5002 3030 5059 inutilia
3078 5004 3523 5075 comprehendat.
3558 5006 3610 5062 In
3644 5006 3838 5076 Philip-

2261 5093 2394 5163 picis
2421 5096 2489 5147 Μ.
2520 5093 2723 5153 Tullius
2751 5096 2803 5150 in
2833 5098 3075 5155 oratione
3101 5098 3271 5167 prima
3302 5098 3529 5155 docebat
3563 5100 3632 5153 ab
3664 5103 3833 5155 Anto-

2257 5183 2349 5243 nio
2370 5182 2597 5239 Caesaris
2626 5196 2745 5241 acta
2767 5187 3027 5254 subverti,
3053 5198 3110 5246 et
3132 5188 3184 5245 id
3214 5189 3515 5260 denegabat
3542 5191 3827 5247 Antonius.

2258 5275 2450 5332 Attulit
2476 5286 2703 5347 uterque
2739 5278 3142 5348 dillinitionem,
3184 5290 3243 5337 ut
3270 5282 3581 5343 ostenderet
3607 5283 3735 5353 quid
3761 5284 3831 5339 sit

2254 5376 2432 5424 actum
2462 5367 2581 5438 ejus
2600 5368 2691 5439 qui
2719 5377 2929 5439 togatus
2950 5386 3075 5428 cum
3092 5381 3361 5444 potestate
3385 5373 3439 5430 in
3465 5374 3686 5431 civitate
3710 5389 3830 5431 vero

2253 5470 2424 5519 actur.
2458 5460 2627 5519 Docui
2649 5460 2703 5517 in
2735 5463 3103 5533 superioribus
3143 5466 3451 5523 asserenda
3489 5466 3834 5523 difﬁnitionis

2249 5564 2429 5623 partes
2471 5570 2591 5621 esse
2616 5564 2844 5626 quatuor
2870 5574 2882 5611 :
2911 5557 3137 5627 primam
3164 5574 3287 5618 asse
3313 5558 3706 5625 dilﬂoitionem,
3748 5574 3834 5615 ses

2249 5648 2476 5704 condam
2514 5648 2956 5719 approbationem
2998 5649 3361 5717 dil'tinitionia,
3399 5652 3612 5709 tertiam
3662 5650 3834 5707 dedu-

552 5741 686 5801 μί.
719 5729 829 5787 Hoc
860 5747 1043 5809 rursus
1082 5735 1124 5790 si
1165 5745 1485 5809 convertas,
1520 5740 1681 5795 homo
1705 5741 2003 5820 sitoptima
2041 5739 2137 5797 deo
2172 5810 2177 5813 _
2246 5740 2480 5799 stionem
2524 5740 2969 5807 dilunitiouis‘ad
3014 5744 3277 5815 speciem.
3316 5754 3565 5819 quartam
3608 5743 3859 5804 destruv.

555 5827 804 5891 olaratio.
833 5832 1100 5893 Quaerenti
1142 5833 1285 5888 enim
1314 5831 1440 5901 quid
1479 5840 1561 5887 est
1600 5831 1793 5888 animal
1825 5839 2130 5903 terrenum,
2244 5830 2474 5889 ctioneut
2506 5832 2839 5890 dit‘tlnitionia
2886 5833 3125 5898 adversa:
3164 5836 3357 5912 'partia.
3413 5836 3605 5898 Cicero
3647 5847 3828 5898 actum
3878 5872 3887 5877 ο

1976 5998 2051 6009 θ’,ν
