4290 6272
416 464 514 525 909

1298 457 1624 515 Ttll‘lCOlill
1639 460 1683 512 .\l
1725 458 2172 515 ARISTOTELIS
2217 450 2783 515 ΙΝἹἘΗΙἮΕΤΛΤΙΟ.

3570 464 3672 518 9H)

416 578 534 647 ejus
557 577 648 646 qui
688 577 756 630 sit
784 576 835 630 in
869 575 1140 645 republica
1171 589 1289 627 cuni
1323 580 1583 641 potestate
1617 570 1859 640 degentis
1888 570 1987 624 dif—
2020 573 2256 638 Aquam
2305 568 2481 636 leges,
2532 554 2925 624 [advertendum
2975 570 3113 639 quod
3163 573 3425 626 Antonius
3466 573 3677 628 dixerat

418 671 536 723 ﬁnit
578 671 721 739 leges
763 683 913 729 esse;
954 667 1244 730 Antonius,
1298 664 1670 732 chirographa.
1718 662 1855 730 Ergo
1894 676 1990 717 sua

2098 658 2450 728 chirographa
2488 674 2628 720 esse,
2661 663 3039 728 consequentia
3076 662 3363 730 diligenter
3392 664 3675 723 advertens

418 762 659 815 oratione
683 760 870 815 Cicero
893 768 946 812 et
968 757 1180 819 diffluit,
1212 766 1264 809 et
1294 756 1575 823 approbat,
1610 761 1662 807 et
1683 752 1894 808 deducit
1922 753 1987 807 ad
2093 746 2277 803 falsam
2303 748 2458 803 docet
2480 747 2853 803 diffinitionem
2880 751 2955 804 sic
2984 768 2994 801 :
3026 751 3073 805 ls
3096 752 3184 819 qui
3212 762 3290 807 est
3315 754 3363 805 in
3393 767 3674 822 potcsmte,

419 854 676 922 speciem,
724 860 779 905 et
822 851 1048 904 destruit
1094 846 1465 902 difﬁnitionem
1510 846 1749 901 adversm
1799 844 1988 914 partis.

419 942 678 997 Diftmitio
715 940 988 996 Ciceronis
1037 949 1121 993 est
1150 940 1300 993 haec:
1337 938 1403 992 Et
1428 937 1553 1007 quid
1592 946 1677 992 est
1714 936 1855 1007 quod
1884 946 1989 991 tam

420 1032 634 1102 pr0prie
674 1031 781 1086 dici
828 1032 996 1100 possit
1023 1038 1199 1085 actum
1241 1027 1357 1098 ejus
1381 1026 1472 1094 qui
1502 1034 1711 1097 togatus
1759 1026 1810 1080 in
1840 1039 1982 1081 rem-

420 1123 681 1193 publicam
730 1137 850 1177 cum
903 1129 1168 1192 potestate
1212 1130 1265 1175 et
1318 1119 1543 1188 imperio
1590 1124 1831 1173 versatus
1880 1117 1981 1182 sit,

418 1231 575 1285 quam
608 1215 728 1271 les?
766 1214 962 1271 deinde
1000 1214 1339 1283 subjungitur
1374 1212 1491 1281 ejus
1531 1210 1869 1267 diffinitionis
1896 1223 1990 1279 ap~

420 1310 664 1381 probatio
689 1310 790 1365 hoc
809 1309 969 1363 «nodo
992 1325 1007 1362 :
1032 1309 1225 1375 Quaere
1244 1315 1363 1362 acta
1386 1305 1638 1373 Gracchi,
1664 1304 1808 1371 luges
1836 1302 1993 1359 Sem-

419 1402 623 1472 pronim
661 1402 1019 1471 proferentur.
1062 1400 1252 1466 Quaere
1300 1398 1483 1469 Syllae,
1534 1394 1816 1459 Corneliae,
1866 1394 1992 1464 quid

419 1492 520 1546 Cn.
555 1492 792 1560 Pompeii
824 1492 1014 1546 tertius
1038 1490 1370 1551 consulatus,
1402 1490 1452 1541 in
1488 1487 1685 1557 quibus
1711 1486 1845 1541 actis
1868 1500 1996 1539 con-

428 1586 604 1641 sistit?
634 1601 826 1655 nempe
848 1586 902 1640 in
930 1584 1164 1654 legibus;
1199 1584 1311 1639 haec
1332 1581 1649 1651 approbatio
1669 1589 1769 1636 est.
1797 1577 1997 1635 Deinde

424 1678 728 1748 adjungitur
756 1679 1007 1733 deductio
1035 1676 1374 1732 dillinitionis
1420 1674 1483 1730 ad
1513 1674 1773 1743 speciem.
1809 1675 1847 1727 Α
1881 1670 1999 1728 Cm-

408 1759 544 1824 ‘sare
581 1772 698 1838 ipso
738 1770 783 1824 si
813 1783 1021 1839 quieres
1046 1767 1318 1837 quodnam
1361 1766 1559 1834 egisset
1586 1765 1638 1819 in
1672 1761 1815 1821 Urbe
1844 1773 1899 1819 et
1941 1765 1996 1819 in

408 1848 570 1931 'toga,
606 1859 750 1930 leges
780 1860 975 1914 multas
1000 1858 1283 1929 respondet
1307 1873 1368 1914 se
1389 1867 1443 1913 et
1471 1857 1755 1928 praeclaras
1782 1854 1994 1911 tulisse.

2097 848 2182 894 est
2210 840 2261 895 in
2294 839 2601 909 republica;
2632 855 2751 894 cum
2794 842 2963 910 egerit
3002 843 3227 913 aliquid,
3267 857 3439 900 actum
3471 860 3676 904 mutare

2098 946 2203 987 non
2235 938 2434 1003 poteSI,
2466 930 2565 986 hoc
2602 934 2859 1001 competit
2903 934 3025 1001 legi,
3058 946 3114 988 ut
3144 952 3264 991 cum
3296 938 3395 991 lata
3446 942 3515 994 sit
3542 958 3679 995 nun-

2093 1038 2255 1093 quam
2317 1038 2349 1078 a
2410 1024 2580 1079 latore
2642 1034 2894 1082 mutetur.
2963 1029 3031 1081 At
3090 1042 3219 1083 vero
3282 1030 3675 1102 chirographa,

2089 1114 2216 1185 quia
2262 1115 2590 1175 domesticus
2637 1126 2788 1179 actus
2816 1128 2918 1184 est,
2956 1118 3091 1179 hanc
3120 1126 3551 1191 consequentiam
3588 1128 3681 1180 ha-

2093 1208 2247 1276 bent,
2278 1218 2333 1265 et
2360 1220 2418 1265 ut
2446 1219 2738 1279 mutentur,
2770 1221 2824 1267 et
2850 1227 2993 1283 saepe
3023 1230 3126 1267 non
3156 1216 3510 1283 proferantur.
3542 1218 3681 1289 Ergo

2096 1299 2171 1359 Μ.
2208 1299 2411 1356 Tullius
2454 1302 2525 1357 ita
2566 1302 2911 1373 reprehendit
2954 1304 3306 1376 chirographa
3348 1317 3523 1361 actum
3576 1325 3680 1363 non

2096 1408 2241 1460 esse,
2268 1394 2394 1465 quia
2432 1406 2825 1466 consequenter
2869 1412 2973 1451 non
3020 1398 3217 1454 habent
3246 1410 3418 1464 actus,
3451 1400 3632 1456 dicens
3661 1404 3678 1457 ξ

2099 1485 2467 1558 Chirographa
2498 1502 2625 1544 vero
2650 1496 2743 1542 aut
2771 1496 3019 1555 mutaret,
3052 1499 3142 1542 aut
3170 1506 3274 1543 non
3308 1490 3488 1558 daret;
3514 1502 3606 1545 aut
3631 1509 3674 1545 S.‘

2101 1576 2361 1643 dedisset,
2383 1594 2490 1632 non
2512 1579 2640 1633 istas
2663 1594 2751 1634 res
2782 1580 2834 1634 in
2866 1578 3001 1634 actis
3028 1582 3137 1635 suis
3167 1581 3371 1638 diceret
3402 1600 3413 1635 ;
3439 1583 3531 1637 sed
3555 1584 3679 1654 quia

2103 1683 2197 1736 per
2221 1670 2625 1741 concessionem
2664 1669 2997 1740 reprehensi,
3028 1672 3121 1726 sed
3165 1688 3224 1726 ei
3267 1674 3379 1742 ipsa
3419 1675 3678 1740 concedo,

2101 1776 2164 1817 ac
2187 1762 2504 1832 quibusdam
2530 1766 2691 1818 etiam
2723 1764 2775 1818 in
2820 1765 2980 1831 rebus
3006 1766 3304 1830 conniveo;
3342 1767 3394 1822 in
3438 1771 3683 1823 maximis

2102 1868 2233 1913 vero
2262 1855 2442 1921 rebus,
2476 1855 2529 1910 id
2568 1862 2652 1910 est
2699 1854 2751 1910 in
2782 1855 3011 1928 legibus,
3044 1868 3163 1912 acta
3209 1858 3434 1913 Cmsaris
3461 1859 3679 1915 dissolvi

429 1906 477 1915 η
519 1906 570 1925 -,
606 1906 652 1914 --
693 1906 749 1915 --
780 1906 973 1914 ..ηπ-
1000 1906 1083 1914 η-
1126 1906 1283 1914 ---η-
1308 1906 1366 1914 η
1392 1906 1443 1913 --
1471 1906 1751 1928 Γνηη
1784 1906 1993 1911 μην--
2264 1906 2442 1921 --πη
2477 1906 2528 1910 -_
2782 1906 2825 1911 ν-
2870 1906 3011 1923 ηπ-.
3046 1906 3163 1912 --η
3216 1906 3432 1913 ea"---
3465 1906 3679 1915 _---,-...

422 1906 686 2021 Sebuitu:
724 1952 1073 2020 reprehensio
1088 1906 1461 2006 rtliftinitionis
1508 1948 1749 2003 adversa:
1796 1946 1993 2017 partis,
2028 1906 2074 1970 Β
2100 1945 2379 2004 ferendum
2412 1962 2520 2004 non
2544 1958 2692 2018 puto.
2729 1906 2985 2018 Adjbngit
3009 1958 3128 2018 post
3158 1950 3273 2005 haec
3302 1952 3679 2020 reprehensio-

424 2059 592 2113 eaque
620 2043 681 2098 ﬁt
708 2043 959 2113 bipartito
988 2061 1003 2099 :
1028 2054 1117 2099 aut
1145 2043 1290 2099 enim
1340 2058 1405 2097 ex
1450 2041 1557 2097 illis
1584 2040 1832 2096 omnibus
1855 2038 1997 2096 vitiis

408 2118 624 2205 aliquid
665 2137 735 2199 in,
768 2152 832 2191 ea
877 2136 1301 2207 reprehensione
1337 2133 1697 2199 concluditur,
1739 2139 1833 2186 aut
1868 2144 1998 2187 cou-

408 2216 578 2285 lcesso
603 2246 669 2285 eo
694 2230 835 2301 quod
858 2230 1156 2285 adversarii
1179 2228 1367 2283 dicunt
1394 2241 1491 2296 per
1507 2222 1992 2293 comparationem,

422 2322 589 2391 magis
612 2324 713 2377 hoc
751 2336 872 2377 esse
911 2321 1057 2391 quod
1090 2335 1186 2375 nos
1210 2319 1444 2375 dicimus
1488 2317 1871 2387 approbemus.
1900 2313 1998 2368 llic

421 2425 705 2485 utrumque
734 2415 801 2469 ll.
842 2413 1053 2469 Tullius
1093 2412 1235 2468 facit.
1269 2410 1400 2466 Nam
1427 2419 1481 2465 et
1506 2409 1573 2464 de
1595 2408 1736 2463 vitiis
1766 2408 1855 2462 illa
1896 2421 1994 2476 po-

422 2509 498 2563 nit
548 2519 607 2563 ut
664 2508 851 2562 falsam
887 2506 1260 2561 dittinitionem
1314 2503 1528 2567 doceat,
1580 2511 1635 2557 et
1678 2508 1910 2569 turpem,
1940 2507 1996 2555 et

422 2599 681 2653 inutilem.
721 2601 798 2653 Ac
821 2597 1016 2653 deinde
1046 2596 1350 2652 concedens
1399 2595 1569 2664 magis
1608 2608 1760 2661 suam
1799 2590 1997 2646 confir-

421 2702 533 2745 met
570 2689 976 2757 difﬁnitionem,
1000 2690 1257 2759 dicatque
1292 2687 1575 2757 potiorem.
1606 2686 1816 2741 Falsam
1847 2684 1992 2738 diffic

408 2780 684 2839 ‘nitionem
724 2786 804 2839 sic
832 2784 1023 2838 Cicero
1062 2782 1251 2853 probat
1282 2778 1605 2835 excutienda
1633 2779 1775 2847 quod
1806 2770 1995 2832 conse-

420 2890 591 2945 quens
622 2875 722 2941 sit;
752 2874 836 2929 his
862 2876 1006 2930 enim
1031 2874 1284 2943 probatur
1311 2872 1441 2927 falsa
1464 2870 1733 2935 diffinttio,
1762 2871 1806 2924 si
1836 2885 1992 2924 suum

406 2952 697 3040 proprium
739 2985 843 3023 non
889 2968 1103 3034 habeat,
1135 2969 1181 3023 si
1219 2967 1389 3037 magis
1424 2965 1752 3022 contrarium
1778 2963 1990 3028 habeat,

420 3063 464 3117 si
494 3075 832 3131 consequens
874 3075 1029 3117 suum
1074 3075 1180 3116 non
1220 3068 1418 3125 teneat,
1457 3059 1502 3114 si
1538 3058 1693 3113 aliter
1731 3055 1876 3111 dicta
1923 3055 1995 3110 sit

421 3163 580 3223 atque
608 3153 660 3207 in
688 3152 833 3224 vulgi
861 3162 947 3207 est
980 3153 1257 3221 opinione.
1291 3152 1387 3206 llie
1414 3165 1544 3220 ergo
1568 3148 1818 3219 quoniam
1849 3164 1996 3218 quae-

2097 2038 2503 2105 nemsimihter
2530 2039 2818 2110 duplicem,
2846 2055 3003 2095 unam
3033 2054 3101 2096 ex
3132 2040 3279 2097 vitiis
3305 2050 3360 2095 ut
3389 2051 3442 2097 et
3470 2054 3678 2112 turpem

2058 2130 2470 2187 ‘diftinitionem
2520 2132 2698 2200 dicat,
2752 2140 2809 2188 et
2856 2131 3120 2189 inutilem.
3176 2132 3379 2193 Deinde
3425 2135 3680 2190 concedat

2097 2225 2452 2280 conclusnrus
2473 2239 2538 2279 ex
2559 2224 2965 2293 comparatione
2990 2238 3142 2280 suam
3178 2226 3461 2294 pntiorcm,
3494 2228 3680 2283 dicens

2099 2330 2221 2371 esse
2245 2325 2453 2386 turpem
2484 2324 2542 2375 et
2569 2316 2810 2373 inutilem
2833 2317 2885 2373 in
2911 2317 3214 2389 huiusmodi
3235 2318 3377 2373 dcto
3399 2318 3542 2390 quod
3575 2330 3679 2384 cSt,

2101 2406 2205 2463 nisi
2229 2417 2395 2475 sorte,
2416 2410 2461 2463 si
2488 2408 2614 2479 quid
2640 2409 2914 2466 memoriae
2938 2423 3097 2475 causa
3126 2409 3308 2465 retulit
3337 2410 3391 2465 in
3416 2410 3677 2473 libellum.

2100 2500 2154 2556 id
2182 2502 2551 2559 numerabitur
2579 2502 2632 2558 in
2656 2502 2811 2559 actis.
2848 2502 2914 2559 Et
2944 2504 3188 2572 quamvis
3219 2504 3455 2574 iniquum
3483 2512 3538 2561 et
3564 2506 3681 2561 inu-

2100 2592 2195 2651 tile
2214 2594 2308 2661 sit,
2336 2593 2641 2650 defenditur
2666 2612 2680 2649 :
2702 2594 2951 2665 Equitas
2978 2596 3145 2652 virtus
3168 2606 3279 2662 est;
3312 2597 3479 2653 virtus
3500 2608 3680 2654 autem

2100 2689 2213 2759 ipsa
2243 2679 2547 2755 bonestirtn,
2578 2704 2708 2759 ergo
2738 2689 2988 2759 iniquitas
3018 2690 3190 2760 turpis
3216 2700 3331 2757 est,
3362 2692 3487 2759 Quia
3517 2692 3695 2760 turpia.

2102 2781 2228 2837 ludo
2272 2781 2539 2838 contraria
2580 2791 2665 2838 est
2705 2781 2998 2839 honestati.
3036 2782 3129 2838 Sic
3168 2781 3330 2853 igitur
3380 2792 3585 2853 turpem
3628 2792 3683 2837 et

2099 2874 2338 2930 inutilem
2356 2874 2486 2944 ipsis
2508 2874 2685 2931 verbis
2697 2873 3043 2945 reprehendit
3059 2854 3451 2930 dil’linitionem.
3481 2873 3683 2929 Deinde

2098 2965 2292 3036 adjecit
2316 2979 2642 3035 postremum
2667 2965 2796 3022 illud
2822 2980 2915 3034 per
2935 2964 3339 3020 concessionem
3364 2968 3464 3020 hnc
3485 2963 3676 3018 modo;

2098 3059 2238 3128 quod
2266 3058 2333 3115 ad
2361 3059 2611 3130 populum
2639 3058 2951 3113 centuriatis
2977 3056 3203 3113 comitiis
3228 3056 3365 3123 tulit,
3393 3055 3444 3111 id
3467 3056 3518 3110 in
3543 3060 3699 3113 actis,

2098 3151 2325 3206 Caesaris
2346 3167 2451 3206 non
2486 3150 2787 3206 habebitur.
2818 3149 2942 3207 Haec
2972 3157 3129 3211 acuto
3158 3164 3370 3220 quoque
3397 3148 3531 3207 satis
3557 3158 3678 3204 esse

419 3246 554 3301 ritur
574 3245 700 3317 quid
727 3246 800 3302 sit
827 3252 1005 3301 actum
1030 3246 1189 3312 togati
1220 3244 1355 3299 civis
1382 3243 1437 3297 in
1467 3240 1846 3310 rempublicam
1868 3253 1988 3294 cum
2014 3268 2064 3347 ρ
2097 3242 2245 3296 duxi.

420 3346 677 3407 potestate
716 3337 988 3408 degentis,
1036 3335 1344 3406 dictumque
1389 3344 1472 3389 est
1512 3333 1643 3387 nihil
1682 3330 1824 3387 aliud
1867 3344 1989 3387 esse

911 3621 1971 3760 TOPICORUM
2034 3606 3166 3800 ARISTOTELIS

1475 3893 1481 3902 .
1736 3822 2000 3899 LIBRI
2069 3818 2368 3916 ocro,

546 4036 807 4146 ΛΝ.
886 4032 1360 4141 MANL.
1446 4031 1805 4139 SEV.
1884 4026 2423 4133 BOETII
2480 4009 3535 4128 INTERPRETE.

1587 4348 1926 4434 LIBER
1994 4342 2475 4431 PRIMUS-

1922 4487 2160 4501 "——

925 4575 1150 4633 CAPUT
1202 4573 1488 4632 PRIMUM.

2101 4568 2417 4624 Dialecticus
2441 4573 2617 4623 autem
2644 4563 2983 4633 syllogismus
3005 4571 3085 4617 est
3111 4564 3197 4631 qui
3219 4575 3283 4619 ea
3311 4563 3681 4632 probabilibus

455 4664 622 4721 Primi
646 4665 950 4739 Topicorum
978 4670 1095 4723 libri
1128 4669 1439 4729 Aristotelis,
1469 4668 1595 4733 quid
1634 4667 1875 4734 intendit,
1901 4678 1952 4721 et
2005 4679 2073 4740 -υ
2097 4671 2180 4719 est
2202 4660 2479 4718 collectus.
2509 4658 2644 4714 Sunt
2681 4665 2861 4713 autem
2912 4670 3036 4713 vera
3086 4666 3140 4711 et
3191 4656 3361 4724 prima
3407 4674 3529 4727 qua:
3566 4678 3679 4715 non

841 4756 955 4808 qua:
984 4740 1327 4795 ratiocinandi
1357 4740 1570 4810 species.

490 4849 829 4921 Propositum
866 4851 1080 4921 quidem
1127 4851 1325 4921 negotii
1355 4859 1440 4905 est
1477 4848 1791 4905 methodum
1840 4850 1992 4905 inve-

404 4939 535 4995 nire
566 4956 660 5009 per
680 4957 841 5011 quam
891 4942 1186 5007 poterimus
1215 4940 1533 5012 syllogizare
1558 4939 1627 4995 de
1669 4940 1814 4995 omni
1861 4954 1992 5009 pro-

417 5031 592 5101 posito
616 5033 951 5103 problemata
978 5048 1051 5089 ex
1086 5033 1471 5102 probabilibus,
1499 5041 1555 5089 et
1604 5033 1707 5103 ipsr
1752 5031 1996 5102 disputa-

418 5122 615 5178 tionem
631 5124 1127 5189 sustinentes,nihil
1150 5124 1390 5181 dicemus
1412 5140 1733 5195 repugnans.
1756 5125 1991 5181 Primum

422 5214 580 5281 igitur
603 5216 883 5273 dicendum
913 5218 1038 5287 quid
1079 5228 1164 5275 est
1214 5219 1577 5291 syllogismus,
1611 5228 1667 5276 et
1713 5234 1832 5289 qum
1876 5217 1999 5288 ejus

413 5304 748 5375 diﬂ'erentim,
779 5310 1050 5378 quomodo
1096 5321 1341 5368 sumatur
1381 5312 1691 5367 dialecticus
1746 5310 1994 5381 syllogis-

414 5411 562 5461 mus;
594 5395 737 5453 bunc
772 5400 916 5453 enim
961 5401 1253 5468 quaeritans
1304 5401 1595 5457 secundum
1658 5399 1992 5470 propositum

415 5485 707 5551 negotium.
738 5486 831 5543 Est
858 5488 1037 5557 itaque
1067 5490 1413 5559 syllogismus
1449 5490 1621 5546 oratio
1664 5490 1715 5543 in
1760 5504 1865 5558 qua
1897 5505 1992 5559 po.

414 5574 531 5631 sitis
550 5577 867 5644 quibusdam
893 5582 1096 5651 aliquid
1127 5584 1273 5639 aliud
1307 5599 1337 5638 a
1364 5582 1550 5653 positis
1579 5597 1643 5638 es
1669 5585 1988 5640 necessitate

414 5668 610 5724 accidit
657 5684 751 5740 per
796 5686 861 5727 ea
886 5689 1005 5742 qum
1041 5676 1210 5744 posita
1238 5688 1376 5731 sunt.
1414 5674 1808 5731 Dmonstratio
1862 5691 1988 5732 vero

414 5768 497 5816 est
533 5762 750 5831 quando
774 5779 841 5819 ex
864 5764 1007 5823 veris
1039 5776 1094 5822 et
1123 5766 1313 5835 primis
1342 5767 1686 5838 syllogismus
1728 5766 1849 5834 erit,
1897 5776 1989 5823 aut

413 5866 478 5908 es
504 5855 697 5923 talibus
737 5872 861 5928 quae
898 5873 996 5928 per
1037 5859 1213 5929 aliqua
1262 5861 1431 5928 prima
1472 5874 1525 5917 et
1554 5877 1673 5917 vera
1723 5864 1840 5933 ejus
1869 5878 1991 5933 qua:

398 5948 551 6027 _circa
594 5951 708 6022 ipsa
752 5958 837 6007 est
881 5952 1204 6022 cognitionis
1246 5955 1557 6023 principium
1607 5967 1974 6028 sumpserunt.

2101 4770 2194 4825 per
2220 4754 2346 4820 alia,
2377 4751 2473 4807 sed
2505 4765 2601 4821 per
2630 4766 2689 4806 se
2733 4751 2848 4820 ipsa
2896 4749 3055 4805 fidem
3097 4749 3314 4807 habent.
3373 4751 3487 4808 Non
3530 4754 3675 4808 enim

2099 4856 2308 4917 Oportet
2338 4847 2392 4902 in
2442 4844 2878 4913 disciplinaribus
2923 4842 3203 4914 principiis
3234 4844 3507 4912 inquirere
3552 4861 3677 4914 pro;

2100 4953 2219 5014 pter
2250 4941 2417 5014 quod,
2448 4942 2542 4998 sed
2588 4940 2885 4998 secundum
2919 4939 3339 5010 unumquodque
3381 4941 3673 5012 principio-

2099 5058 2215 5097 rum
2248 5040 2416 5110 ipsam
2468 5055 2563 5109 per
2586 5054 2648 5095 se
2668 5054 2787 5096 esse
2817 5038 2995 5095 fidem.
3027 5038 3327 5094 Probabilis
3345 5048 3523 5094 autem
3555 5044 3679 5092 sunt

2101 5147 2222 5201 qum
2256 5131 2505 5187 videntur
2529 5130 2802 5195 omnibus,
2830 5140 2923 5185 aut
2972 5130 3240 5200 plurimis,
3292 5139 3387 5184 aut
3424 5129 3681 5198 sapientia

2104 5224 2224 5289 bus,
2259 5234 2311 5279 et
2339 5223 2423 5277 his
2463 5223 2545 5277 vel
2591 5223 2865 5288 omnibus,
2894 5223 2975 5276 vel
3001 5222 3269 5293 plurimis,
3315 5222 3398 5276 vel
3424 5224 3681 5278 νεηνίεω

2101 5316 2452 5373 familiaribus
2477 5325 2532 5371 et
2579 5316 2835 5385 probatis.
2871 5314 3154 5384 Litigiosus
3176 5323 3354 5370 autem
3386 5325 3471 5371 est
3498 5315 3683 5387 ηηοι

2100 5408 2308 5478 gismus
2344 5424 2408 5463 ex
2460 5407 2526 5461 iis
2572 5422 2694 5474 qua
2725 5406 2977 5461 videntur
3026 5406 3343 5473 probabilia,
3393 5422 3503 5462 non
3550 5417 3677 5459 sunt

2098 5508 2298 5555 autem.
2355 5501 2419 5554 Et
2447 5497 2537 5566 qui
2565 5512 2629 5553 ea
2681 5496 3048 5565 probabilibus
3098 5497 3338 5566 quidem,
3388 5511 3482 5555 aut
3504 5512 3570 5554 ea
3612 5499 3680 5552 iis

2099 5606 2217 5661 qua
2248 5590 2498 5645 videntur
2538 5588 2856 5656 probabilia,
2904 5597 2986 5641 est
3026 5602 3310 5657 apparens.
3355 5590 3470 5645 Non
3526 5590 3673 5646 enim

2098 5697 2258 5737 omne
2282 5680 2423 5750 quod
2455 5676 2665 5733 videtur
2706 5676 2984 5748 probabile
3042 5679 3199 5734 etiam
3249 5690 3333 5737 est
3373 5681 3671 5751 probabitis,

2100 5772 2233 5828 nihil
2258 5772 2400 5826 enim
2428 5783 2615 5824 eorum
2646 5785 2766 5839 qua
2790 5769 3041 5825 dicuntur
3074 5772 3367 5841 probabilia
3391 5773 3444 5828 in
3476 5787 3674 5841 super.

2100 5865 2220 5920 ficie
2244 5864 2406 5921 habet
2439 5864 2662 5920 osnnino
2712 5862 3070 5934 phantasiam,
3119 5866 3263 5921 velut
3300 5866 3445 5921 circa
3479 5866 3677 5935 litigio.

2101 5971 2278 6013 sarum
2317 5956 2734 6026 disputationum
2791 5956 3044 6028 principia
3091 5957 3284 6015 accidit
3322 5970 3381 6015 se
3429 5956 3667 6021 habere;
