4290 6272
553 473 650 528 'Jll

556 592 732 646 statim
764 600 905 642 enim
936 581 1131 649 saepius
1161 585 1319 630 etiam
1371 587 1449 626 eis
1475 588 1563 640 qui
1597 585 1757 641 parva
1790 571 1976 625 videre
2009 583 2133 639 pos-
2164 570 2213 627 A

556 694 678 739 sunt
726 676 1005 733 manifesta
1051 681 1133 727 est
1186 671 1238 723 in
1285 666 1367 720 his
1419 664 1666 719 falsitatis
1727 672 1937 716 natura.
1990 662 2130 731 Ergo

558 774 702 841 prior
723 768 934 839 quidem
963 779 1148 820 eorum
1177 761 1287 830 (qui
1318 759 1444 813 dicti
1468 764 1593 812 sunt
1631 756 1847 826 litigiosi
1885 754 2130 825 syllogis-

556 872 651 941 mi)
684 870 843 925 etiam
873 865 1214 939 syllogismus
1244 861 1471 924 dicatur,
1504 859 1741 928 reliquus
1783 869 1911 911 vero
1939 852 2128 922 litigio-

557 980 649 1015 sus
690 960 903 1028 quidem
935 955 1293 1028 syllogismus,
1339 951 1677 1022 syllogismus
1704 956 1880 1001 autem
1912 959 2037 1008 non,
2065 957 2132 997 eo

557 1051 699 1120 quod
736 1049 945 1104 videtur
972 1045 1187 1115 quidem
1216 1042 1545 1105 ratiocinari,
1578 1039 1926 1094 ratiocinatur
1952 1045 2129 1089 autem

560 1143 797 1197 minime.
851 1139 1095 1207 Amplius
1134 1144 1311 1191 autem
1373 1141 1566 1202 prteter
1620 1144 1810 1185 omnes
1848 1128 1961 1198 (qui
2006 1125 2130 1180 dicti

560 1232 706 1301 sunt)
735 1230 1098 1303 syllogismos,
1134 1243 1198 1282 ex
1227 1228 1290 1281 iis
1320 1241 1435 1296 qu:e
1482 1232 1607 1278 sunt
1637 1222 1776 1277 circa
1823 1220 2028 1289 aliquas
2053 1215 2133 1270 di-

557 1332 806 1400 sciplinas
857 1325 1149 1398 peculiaria
1196 1324 1331 1377 fiunt
1380 1317 1752 1391 paralogismi,
1784 1312 2134 1386 quemadmo-

558 1425 682 1477 dum
724 1422 773 1476 in
824 1416 1117 1489 geometria
1145 1422 1200 1471 et
1244 1413 1366 1467 huic
1404 1409 1647 1480 cognatis
1694 1406 1887 1462 accidit
1932 1420 1991 1459 se
2040 1403 2131 1457 ha-

561 1512 709 1568 bere.
736 1511 953 1566 Videtur
980 1517 1153 1569 autem
1186 1505 1276 1559 hic
1307 1504 1496 1557 modus
1519 1501 1735 1556 ditl‘erre
1780 1514 1807 1552 a
1838 1496 1998 1551 dictis
2026 1494 2132 1565 syl-

561 1602 815 1674 logismis,
848 1616 968 1656 nam
1002 1612 1173 1667 neque
1197 1611 1259 1649 ex
1294 1594 1438 1647 veris
1468 1602 1521 1645 et
1544 1590 1729 1660 primis
1760 1587 1956 1656 colligit
1978 1600 2134 1653 pseu-

560 1695 883 1766 «lographUS,
926 1705 1098 1760 neque
1127 1704 1193 1744 ex
1217 1684 1606 1756 probabilibus,
1639 1697 1758 1735 nam
1804 1680 1903 1735 sub
1950 1678 2135 1733 defini-

562 1786 703 1839 tione
732 1798 836 1838 non
866 1782 1029 1847 cadit,
1062 1794 1232 1847 neque
1258 1779 1401 1831 enim
1430 1790 1546 1843 qua:
1580 1772 1830 1826 omnibus
1887 1770 2135 1824 videntur

567 1876 747 1940 sumit,
771 1888 941 1941 neque
962 1886 1076 1941 quze
1103 1868 1358 1939 pluribus,
1384 1879 1557 1934 neque
1585 1861 1932 1931 sapientibus,
1952 1868 2004 1914 et
2028 1859 2129 1924 his,

1788 454 1887 510 ΑΝ.
1930 453 2138 509 MANL.
2180 449 2331 505 SEV.
2378 436 2598 503 BOETII

3708 433 3850 502 θην

2852 559 3077 616 CAPUT
3118 555 3201 613 lll.

2344 655 2427 709 Ea:
2451 656 2633 725 quibus
2653 662 2701 705 et
2725 661 2844 721 quot
2869 652 3169 719 disceptatio
3198 647 3463 702 dialectica
3491 654 3701 702 constet.
3832 723 3837 729 I

2316 747 2553 801 Primum
2585 744 2746 813 igitur
2772 740 3224 796 considerandum
3252 752 3315 794 es
3343 738 3541 808 quibus
3585 748 3667 793 est
3707 754 3817 795 me.-

2237 840 2451 903 thodus,
2484 838 2747 907 siquidem
2796 833 3185 904 sumpserimus
3214 833 3281 885 ad
3311 840 3462 901 quot,
3496 840 3551 887 et
3584 847 3703 902 quae
3753 848 3818 888 ex

2236 932 2427 1001 quibus
2452 931 2724 985 orationes
2770 938 2824 983 et
2870 926 2938 983 de
2974 927 3169 997 quibus
3200 925 3528 995 syllogismi,
3581 935 3637 979 et
3682 940 3819 994 quo-

2238 1028 2398 1082 modo
2428 1026 2513 1080 his
2533 1026 2886 1087 abundemus,
2921 1024 3239 1079 habebimus
3261 1022 3592 1079 sufﬁcienter
3625 1039 3821 1093 propo-

2240 1121 2423 1175 situm.
2456 1119 2593 1173 Sunt
2621 1130 2797 1173 autem
2821 1132 3053 1172 numero
3082 1116 3337 1186 aequalia,
3364 1125 3417 1170 et
3445 1115 3631 1171 eadem
3667 1131 3727 1170 ea
3752 1130 3817 1172 ex

2237 1211 2430 1280 quibus
2457 1212 2731 1263 orationes
2752 1218 2806 1263 et
2833 1208 2900 1263 de
2927 1207 3122 1277 quibus
3150 1207 3443 1278 syllogismi
3468 1224 3482 1262 :
3516 1206 3649 1261 ﬁunt
3672 1208 3815 1261 enim

2240 1305 2510 1357 orationes
2530 1316 2595 1357 ex
2622 1299 3107 1370 propositionibus;
3137 1299 3205 1354 de
3225 1298 3415 1368 quibus
3443 1310 3618 1355 autem
3649 1300 3815 1369 syllo-

2242 1394 2398 1463 gismi
2429 1396 2582 1457 ﬁunt,
2614 1392 2942 1460 problemata
2967 1401 3108 1445 sunt.
3139 1390 3323 1445 Omnis
3352 1399 3528 1446 autem
3574 1391 3815 1459 proposi-

2242 1489 2337 1554 tio,
2369 1494 2423 1539 et
2446 1499 2606 1538 omne
2633 1483 2927 1552 problema,
2957 1494 3050 1537 aut
3079 1482 3375 1552 proprium,
3404 1491 3493 1535 aut
3516 1495 3705 1551 genus,
3729 1488 3819 1555 aut

2242 1578 2488 1634 accidens
2515 1576 2745 1641 indicat;
2777 1576 2976 1631 etenim
3008 1574 3311 1630 diﬁ'erentia
3338 1589 3457 1628 cum
3489 1582 3575 1629 est
3590 1565 3819 1643 genera-

2243 1670 2327 1735 lis,
2360 1683 2479 1724 cum
2510 1682 2717 1738 genere
2747 1666 3045 1721 ordinanda
3076 1674 3175 1721 est.
3205 1666 3466 1732 Quoniam
3490 1675 3667 1719 autem
3700 1678 3821 1733 pro-

2242 1759 2418 1829 prium
2445 1762 2547 1814 hoc
2559 1757 2772 1827 quidem
2800 1757 2927 1828 quid
2950 1768 3164 1814 estesse
3183 1757 3464 1827 signiﬁcat,
3490 1755 3620 1811 illud
3642 1764 3819 1811 autem

2243 1866 2347 1905 non
2375 1852 2657 1920 signiﬁcat,
2682 1850 2952 1906 dividatur
3000 1850 3274 1919 proprium
3322 1851 3374 1904 in
3405 1859 3658 1919 utrasque
3684 1863 3819 1918 pm-

562 1918 1027 2035 Ᾰξξίξίξζᾷιξιῗιίιξυέ,
1077 1918 1250 2030 rareque
1287 1918 1551 2027 plurimis,
1578 1978 1581 1981 -
1606 1918 1778 2022 neque
1824 1950 2135 2021 probatissi-
2168 1918 2211 1978 Β
2238 1944 2410 1998 dictas
2441 1952 2641 2011 partes,
2694 1952 2749 1998 et
2778 1952 2997 1998 vocetur
3022 1942 3157 1997 illud
3186 1942 3327 2011 quod
3369 1939 3497 2010 quid
3545 1948 3661 1994 erat
3698 1953 3819 1995 esse

562 2059 692 2123 mis;
716 2056 809 2112 sed
839 2072 900 2110 ex
930 2049 1286 2124 peculiaribus
1314 2047 1527 2118 quidem
1559 2044 1859 2114 disciplina:
1885 2043 2131 2111 sumptis,

562 2166 665 2207 non
695 2147 835 2205 veris
877 2155 1075 2210 autem,
1126 2141 1494 2214 syllogismum
1544 2138 1687 2203 facit,
1725 2152 1846 2190 nam
1899 2151 1963 2190 eo
1993 2134 2134 2204 quod

557 2250 649 2297 aut
677 2239 1042 2297 semicirculus
1089 2234 1349 2291 describit
1398 2248 1501 2287 non
1536 2240 1592 2284 ut
1642 2237 1872 2300 oportet,
1926 2239 2016 2282 aut
2073 2227 2137 2282 li-

562 2347 687 2388 neas
717 2331 921 2399 aliquas
944 2328 1089 2383 ducit
1119 2340 1223 2380 non
1258 2334 1313 2378 ut
1366 2320 1621 2377 ducenda:
1652 2328 1793 2384 sunt,
1842 2318 2134 2388 paralogis.

562 2438 706 2477 mum
739 2420 882 2475 facit.
911 2419 1130 2488 Species
1160 2417 1319 2486 igitur
1350 2414 1807 2485 syllogismorum,
1846 2418 1904 2464 ut
1936 2410 2132 2480 ﬁgura-

565 2513 688 2570 liter
707 2514 778 2568 sit
801 2509 1106 2579 complecti,
1139 2509 1295 2563 dictze
1339 2507 1465 2560 sint.
1500 2503 1814 2560 Summatim
1844 2511 2021 2557 autem
2049 2501 2133 2556 di-

562 2604 731 2660 cendo
759 2604 826 2658 de
854 2602 1103 2656 omnibus
1143 2599 1410 2668 praedictis
1456 2606 1510 2651 et
1538 2596 1604 2650 de
1658 2594 1739 2650 his
1789 2610 1907 2679 qua:
1950 2602 2131 2664 postea

564 2706 692 2751 sunt
718 2692 966 2758 dicenda,
999 2692 1053 2746 in
1085 2700 1286 2743 tantum
1316 2687 1468 2741 nobis
1499 2686 1911 2740 determinatum
1947 2686 2037 2749 sit,
2070 2698 2135 2738 eo

506 2796 511 2801 ‘
562 2785 703 2857 quod
736 2784 803 2841 de
830 2784 983 2838 nullo
1019 2795 1202 2851 eorum
1261 2787 1503 2833 exactam
1541 2778 1807 2830 rationem
1859 2776 2136 2845 assignare

558 2878 862 2948 deligimus,
890 2874 986 2930 sed
1016 2872 1402 2941 aliquantulum
1446 2868 1731 2937 ﬁguraliter
1756 2868 1823 2923 tle
1874 2868 1956 2923 his
1984 2868 2136 2921 volu-

561 2985 680 3025 mus
702 2971 1050 3040 pertransire,
1083 2964 1302 3020 omnino
1344 2961 1618 3016 sulticiens
1662 2961 1988 3015 arbitrantes
2017 2974 2137 3015 esse

560 3059 851 3117 secundum
886 3057 1209 3128 propositam
1254 3053 1565 3109 methodum
1606 3066 1762 3121 posse
1805 3064 2134 3120 cognoscere

561 3150 936 3221 quoquomodo
965 3146 1383 3218 unumquodque
1404 3143 1638 3198 illorum.

1178 3261 1401 3317 CAPUT
1456 3260 1517 3315 ll.

656 3360 734 3412 Ad
761 3365 879 3424 quot
905 3355 1044 3407 utilis
1071 3352 1337 3407 dialectica
1367 3352 1747 3420 disserendique
1776 3351 2067 3419 disciplina.

631 3464 976 3535 Consequens
996 3476 1171 3517 autem
1204 3464 1303 3517 erit
1325 3477 1388 3517 ex
1416 3463 1479 3516 iis
1501 3477 1618 3530 quae
1643 3462 1784 3517 dicta
1805 3472 1930 3516 sunt
1958 3463 2140 3518 dicere

563 3556 628 3610 ad
659 3563 789 3625 quot
815 3565 869 3609 et
888 3568 1006 3623 quae
1042 3553 1173 3607 utile
1202 3552 1272 3606 sit
1300 3551 1401 3607 hoc
1428 3553 1719 3621 negotium.
1754 3554 1850 3606 Est
1870 3543 2051 3607 autem
2075 3554 2139 3609 ad

563 3648 683 3709 tria,
717 3644 783 3699 ad
812 3643 1248 3708 exercitationes,
1273 3642 1338 3696 ad
1366 3643 1653 3712 colloquia,
1685 3644 1749 3698 ad
1774 3658 1866 3698 eas
1897 3661 2017 3714 qua:
2055 3662 2141 3702 se-

563 3738 794 3794 cundum
825 3735 1215 3806 philosophiam
1243 3745 1367 3790 sunt
1418 3734 1769 3805 disciplinas.‘
1791 3737 1941 3804 Quod
1980 3737 2138 3807 igitur

561 3830 629 3883 ad
658 3828 1098 3884 exercitationem
1134 3827 1206 3881 sit
1253 3827 1404 3892 utile,
1439 3842 1503 3881 ex
1555 3826 1635 3881 his
1667 3827 2007 3896 perspicuum
2034 3839 2136 3896 est,

564 3921 872 3976 methoilum
903 3920 1045 3975 enim
1072 3919 1350 3983 habentes,
1382 3917 1535 3973 facile
1564 3918 1630 3973 de
1678 3920 1955 3987 proposito
1984 3934 2140 3991 argu-

569 4014 797 4069 mentari
823 4012 1134 4083 poterimus.
1164 4010 1247 4067 Ad
1275 4011 1542 4081 colloquia
1568 4026 1698 4067 vero
1722 4026 1789 4067 eo
1832 4012 1969 4082 quod
2005 4014 2141 4069 mul-

566 4118 741 4161 torum
790 4114 1207 4160 annumerantes
1252 4101 1556 4173 opiniones,
1608 4120 1712 4158 non
1743 4121 1809 4159 ex
1849 4106 2135 4176 extraneis,

567 4196 661 4250 sed
693 4211 756 4250 ex
801 4196 1029 4265 propriis
1081 4194 1337 4249 doctrinis
1395 4195 1882 4249 sermocinabimur
1923 4196 1989 4251 ad
2028 4213 2141 4263 eos,

568 4295 984 4341 transmutantes
1003 4284 1254 4354 quidquid
1289 4299 1393 4340 non
1422 4286 1561 4340 bene
1589 4285 1837 4341 videntur
1859 4289 2033 4343 modis
2059 4289 2142 4344 di-

568 4396 712 4436 cere.
738 4381 820 4435 Ad
846 4378 1136 4435 secundum
1181 4380 1571 4449 philosOphiam
1603 4390 1782 4437 autem
1811 4381 2141 4453 disciplinas,

568 4472 709 4542 quod
740 4482 981 4541 potentes
996 4471 1072 4525 ad
1100 4482 1320 4541 utraque
1343 4473 1609 4537 dubitare,
1640 4475 1797 4530 facile
1820 4476 1871 4530 in
1916 4476 2144 4548 singulis

570 4566 893 4620 intuebimur
934 4580 1118 4619 verum
1176 4574 1229 4618 et
1279 4564 1488 4632 falsum,
1539 4574 1802 4635 praeterea
1848 4577 2025 4623 autem
2074 4569 2139 4623 ad

2169 3273 2217 3339 C

2236 2034 2524 2104 signiﬁcat,
2554 2034 2851 2100 terminus;
2876 2034 3141 2104 reliquum
3171 2047 3323 2098 vero,
3347 2032 3643 2087 secundum
3667 2046 3816 2086 com-

2199 2128 2209 2139 '
2239 2140 2453 2180 munem
2485 2125 2552 2182 de
2600 2126 2731 2195 ipsis
2758 2126 3082 2196 assignatam
3136 2125 3579 2192 nominationem,
3615 2140 3818 2179 nuncu—

2237 2226 2391 2287 petur
2421 2218 2714 2287 proprium.
2747 2217 3083 2273 Manifestum
3113 2218 3274 2288 igitur
3313 2232 3380 2273 ex
3430 2218 3494 2272 iis
3520 2232 3640 2287 qua:
3669 2217 3810 2271 dicta

2238 2320 2363 2367 sunt
2391 2312 2531 2383 quod
2562 2312 2855 2368 secundum
2888 2321 3206 2383 praesentem
3248 2311 3563 2366 divisionem
3585 2318 3818 2380 quatuor

2242 2404 2419 2457 omnia
2471 2403 2665 2458 accidit
2716 2402 2853 2468 ﬁeri,
2903 2411 2994 2457 aut
3049 2401 3345 2471 proprium,
3387 2414 3478 2455 aut
3500 2399 3813 2464 terminum,

2241 2502 2333 2549 aut
2356 2508 2547 2564 genus,
2587 2502 2679 2548 aut
2705 2493 2974 2549 accidens.
3028 2493 3200 2549 Nemo
3230 2504 3403 2549 autem
3448 2508 3546 2547 nos
3574 2492 3818 2562 opinetur

2241 2586 2420 2641 dicere
2439 2586 2580 2655 quod
2622 2585 3043 2656 unumquodque
3072 2584 3265 2640 horum
3319 2583 3611 2640 secundum
3647 2598 3707 2638 se
3736 2582 3822 2638 di-

2242 2686 2383 2731 ctum
2418 2676 2716 2746 propositio
2744 2675 2828 2731 vel
2876 2676 3147 2745 problema
3179 2685 3283 2745 est,
3316 2676 3408 2732 sed
3463 2674 3606 2746 quod
3639 2674 3708 2729 ab
3738 2674 3822 2729 his

2243 2778 2296 2823 et
2321 2768 2654 2838 problemata
2683 2777 2740 2824 et
2758 2769 3149 2839 prOpositiones
3170 2768 3325 2824 ﬁunt.
3360 2768 3621 2824 Diﬁ’erunt
3645 2777 3822 2823 autem

2247 2858 2518 2927 problema
2550 2870 2606 2913 et
2648 2859 2944 2929 propositio
2976 2860 3157 2925 modo,
3189 2874 3313 2914 nam
3335 2874 3456 2915 cum
3486 2859 3564 2914 sic
3589 2858 3822 2914 dicitur:

2248 2959 2469 3018 putasne
2482 2950 2677 3004 animal
2698 2949 2983 3020 gressibsle
3005 2949 3191 3020 bipes?
3206 2951 3447 3006 deﬁnitio
3464 2959 3548 3007 est
3563 2951 3822 3016 hominis;

2246 3054 2301 3100 et
2330 3055 2555 3114 putasne
2577 3044 2776 3099 animal
2797 3058 2966 3114 genus
2990 3053 3077 3100 est
3105 3044 3381 3100 hominis?
3419 3045 3717 3115 propositio
3742 3043 3823 3098 ﬁt.

2249 3139 2305 3194 Si
2336 3150 2515 3195 autem
2548 3148 2723 3194 utrum
2770 3139 2969 3193 animal
3000 3139 3279 3207 gressibile
3308 3140 3457 3208 bipes
3473 3138 3713 3193 deﬁnitio
3741 3146 3824 3194 est

2252 3229 2508 3298 hominis,
2534 3245 2602 3284 an
2628 3245 2735 3285 non
2754 3269 2767 3293 ,
2802 3229 3075 3299 problems
3108 3230 3185 3282 fit.
3212 3229 3481 3291 Similiter.
3497 3239 3675 3285 autem
3698 3228 3823 3284 etin

2248 3322 2385 3377 aliis.
2413 3322 2590 3389 Quare
2630 3321 2825 3376 merito
2863 3320 3092 3390 aequalia
3131 3333 3359 3376 numero
3401 3320 3726 3389 problemata
3771 3326 3823 3373 et

2249 3416 2646 3486 propositiones
2686 3426 2835 3481 sunt,
2884 3430 3007 3469 nam
3038 3414 3104 3469 ab
3131 3414 3277 3469 omni
3310 3413 3671 3484 propositione
3697 3424 3821 3481 pro-

2248 3508 2422 3563 blema
2443 3507 2665 3573 efﬁcies,
2698 3516 2908 3563 mutans
2938 3496 3177 3561 modum.

2856 3619 3083 3679 CAPUT
3117 3618 3203 3675 Ν.

2419 3713 2496 3767 De
2530 3717 2764 3779 termino,
2800 3715 3029 3783 praprio,
3070 3728 3266 3784 genere,
3300 3722 3345 3766 et
3380 3712 3657 3767 accidente.

2324 3826 2614 3883 Dicendum
2647 3836 2825 3883 autem
2862 3827 2987 3897 quid
3021 3828 3300 3893 terminus,
3348 3826 3474 3897 quid
3525 3829 3819 3896 proprium,

2244 3918 2372 3987 quid
2401 3933 2591 3988 genus,
2627 3919 2751 3988 quid
2780 3919 3050 3973 accidens.
3088 3919 3182 3973 Est
3207 3929 3386 3974 autem
3419 3920 3677 3975 terminus
3701 3920 3820 3993 qui-

2243 4010 2365 4065 dem
2422 4012 2595 4066 oratio
2639 4011 2764 4082 quid
2809 4020 2924 4065 erat
2975 4025 3095 4067 esse
3142 4013 3468 4083 signiﬁcans.
3515 4016 3823 4086 Assignatur

2244 4112 2421 4157 autem
2446 4112 2536 4157 aut
2563 4104 2733 4158 oratio
2756 4118 2851 4172 pro
2875 4106 3113 4170 nomine,
3141 4106 3415 4160 autoratio
3441 4118 3535 4175 pro
3562 4108 3821 4172 oratione;

2252 4194 2507 4262 possibile
2535 4205 2621 4269 est
2645 4196 2786 4248 enim
2819 4204 2871 4249 et
2896 4210 3080 4250 eorum
3110 4212 3227 4267 qua:
3254 4197 3356 4252 sub
3386 4200 3593 4254 ratione
3620 4201 3823 4268 signiti-

2249 4295 2439 4340 cantur
2481 4285 2724 4354 quaedam
2766 4285 2998 4340 deﬁniri.
3034 4288 3350 4357 Quicunque
3378 4297 3554 4344 autem
3587 4289 3822 4359 quolibet

2249 4380 2407 4435 modo
2458 4382 2673 4437 nomine
2724 4382 3143 4452 assignationem
3195 4384 3429 4447 faciunt,
3485 4386 3824 4441 manifestum

2246 4474 2499 4561 qu.oniam
2541 4488 2646 4526 non
2677 4474 2954 4543 assignant
2982 4476 3015 4528 ii
3049 4476 3123 4530 rei
3163 4475 3526 4531 deﬁnitionem
3548 4519 3562 4541 ,
3595 4493 3660 4532 eo
3681 4478 3823 4549 quod

2245 4554 2420 4618 omnis
2450 4554 2691 4618 deﬁnitio
2738 4566 2907 4620 oratiu
2937 4567 3178 4636 quaedam
3223 4576 3326 4632 est,
3360 4570 3824 4625 accommodatum

570 4658 739 4727 prima
759 4671 943 4711 eorum
975 4670 1095 4725 qua:
1120 4653 1173 4709 in
1205 4668 1516 4725 unaquaque
1538 4656 1822 4726 disciplina
1845 4668 1969 4713 sunt
1998 4659 2145 4728 prin-
2173 4642 2229 4702 Ι)
2253 4666 2425 4709 tamen
2454 4659 2703 4721 termino,
2741 4665 2792 4709 et
2816 4656 3115 4725 hujusmodi
3142 4659 3443 4726 ponendum
3475 4672 3577 4728 eat,
3602 4670 3659 4715 ut
3682 4662 3822 4731 quod

568 4749 726 4815 cipia.
751 4748 881 4802 Nam
911 4764 979 4803 ex
1000 4748 1228 4817 propriis
1267 4748 1557 4804 secundum
1606 4752 1935 4820 propositam
1987 4754 2146 4810 disci-

568 4844 768 4910 plinam
802 4841 1079 4911 principiis
1118 4842 1447 4911 impossibile
1481 4854 1564 4898 est
1604 4844 1783 4901 dicere
1826 4845 2023 4915 aliquid
2078 4848 2147 4903 de

567 4932 720 5001 ipsis,
748 4946 814 4986 eo
842 4931 983 4999 quod
1013 4931 1181 4999 prima
1210 4934 1469 5001 principia
1506 4945 1635 4989 sunt
1667 4936 1930 5003 omnium,
1958 4952 2054 5006 per
2083 4954 2146 4994 ea

569 5039 697 5080 vero
723 5024 865 5096 (qua:
887 5033 1011 5078 sunt
1038 5022 1180 5077 circa
1209 5022 1439 5093 singula)
1471 5026 1770 5095 probabilia
1806 5043 2029 5084 necesse
2064 5040 2147 5085 est

568 5115 637 5170 de
668 5115 774 5169 illis
813 5116 1124 5183 transigere.
1180 5114 1237 5169 ld
1280 5124 1457 5170 autem
1486 5117 1762 5185 proprium
1786 5156 1804 5185 ,
1844 5120 2141 5178 maximeve

570 5206 835 5275 peculiare
860 5205 1149 5261 dialectica:
1170 5214 1275 5271 est,
1310 5222 1433 5261 nam
1461 5223 1583 5262 cum
1618 5209 1689 5263 sit
1715 5208 2047 5282 inquisitiva,
2070 5214 2136 5269 ad

565 5299 803 5353 omnium
828 5298 1199 5354 methodorum
1223 5298 1476 5369 principia
1507 5302 1644 5355 viam
1694 5304 1872 5359 habet.
1904 5304 2139 5363 Habebi-

567 5405 685 5445 mus
709 5398 886 5445 autem
917 5388 1149 5458 perfecte
1185 5388 1515 5458 methodum,
1549 5391 1764 5461 quando
1787 5395 2010 5463 perinde
2041 5398 2138 5452 ha-

566 5483 809 5538 bebimus
832 5495 896 5535 ac
920 5480 975 5535 in
1002 5480 1292 5546 rhetorica,
1324 5489 1380 5536 et
1419 5481 1701 5550 medicina,
1742 5494 1797 5541 et
1828 5487 2133 5557 hujusmodi

503 5596 507 5600 -
566 5572 920 5638 facultatibus,
953 5570 1053 5627 hoc
1075 5580 1251 5628 autem
1281 5573 1436 5628 exiis
1460 5589 1583 5642 qua;
1618 5576 1937 5647 contingunt
1956 5578 2132 5634 facere

566 5680 684 5731 quae
735 5666 1001 5735 eligimus.
1056 5664 1187 5721 Nam
1233 5681 1407 5737 neque
1449 5668 1633 5723 rhetor
1680 5671 1828 5725 omni
1869 5685 1937 5726 ex
1974 5671 2134 5727 modo

567 5757 929 5823 persuadebit,
970 5772 1142 5828 neque
1176 5760 1416 5816 medicus
1465 5762 1704 5826 sanabit;
1749 5763 1843 5818 sed
1889 5762 1934 5819 si
1972 5777 2037 5818 es
2066 5764 2132 5820 iis

551 5861 687 5920 qua
714 5852 1027 5918 contingunt
1060 5851 1190 5905 nihil
1219 5854 1478 5918 omiserit,
1515 5852 1849 5913 sufﬁcienter
1888 5870 2011 5915 eum
2040 5858 2133 5915 di-

560 5941 843 6013 sciplinam
869 5938 1059 5996 habere
1085 5940 1399 5998 dixerimus.

2246 4744 2527 4800 honestum
2556 4756 2656 4813 est,
2682 4746 2897 4802 decens.
2926 4748 3180 4805 Similiter
3199 4760 3375 4805 autem
3399 4761 3454 4806 et
3483 4762 3658 4806 utrum
3681 4752 3821 4807 idem

2244 4853 2455 4903 sensus,
2483 4848 2538 4893 et
2561 4839 2864 4910 disciplina,
2891 4840 2973 4895 vel
3000 4840 3302 4908 diversum;
3330 4845 3528 4898 etenim
3553 4845 3693 4900 circa
3723 4843 3825 4899 dif.

2248 4934 2538 5000 ﬁnitiones,
2563 4943 2741 4988 utrum
2774 4933 2937 5001 idem,
2964 4934 3047 4988 vel
3069 4934 3360 5001 diversum,
3388 4937 3617 5005 plurima
3646 4938 3823 4992 litim-

2248 5027 2502 5079 moratio.
2543 5026 2865 5096 Simpliciter
2903 5036 3078 5081 autem
3133 5029 3540 5084 accommodato
3595 5030 3826 5084 termino

2250 5116 2429 5170 omnia
2457 5115 2704 5171 dicantur
2730 5133 2848 5187 quae
2898 5120 2995 5173 sub
3021 5119 3207 5175 eadem
3243 5119 3521 5192 disciplina
3543 5137 3663 5178 cum
3691 5122 3825 5177 deﬁ-

2247 5205 2539 5262 nitionibus
2560 5208 2919 5264 continentur.
2946 5209 3096 5275 Quod
3124 5222 3301 5267 autem
3329 5212 3508 5267 omnia
3537 5228 3655 5284 qua:
3683 5228 3824 5268 nunc

2245 5304 2384 5360 dicta
2413 5315 2536 5360 sunt
2566 5304 2869 5377 hujusmodi
2898 5317 3041 5375 sunt,
3076 5309 3418 5365 manifestum
3456 5325 3526 5364 ex
3557 5310 3661 5365 bis.
3713 5310 3818 5366 Po-

2246 5407 2421 5453 tentes
2446 5398 2591 5455 enim
2623 5400 2763 5470 quod
2792 5400 2931 5456 idem
2963 5411 3018 5456 et
3057 5401 3198 5473 quod
3221 5401 3491 5457 diversum
3517 5402 3813 5474 disputare,

2242 5490 2429 5547 eodem
2482 5492 2641 5547 modo
2675 5501 2730 5546 et
2778 5492 2853 5547 ad
2874 5493 3214 5549 deﬁnttiones
3266 5493 3626 5563 argumentari
3662 5492 3819 5550 facile

2237 5586 2562 5652 poterimus;
2596 5601 2717 5641 nam
2738 5586 3088 5644 ostendentes
3108 5586 3249 5656 quod
3279 5600 3385 5642 non
3416 5584 3559 5641 idem
3587 5594 3697 5653 est,
3730 5584 3816 5640 in-

2240 5677 2550 5734 terimentes
2575 5680 2780 5734 erimus
2801 5678 3165 5735 deﬁnitionem
3201 5695 3214 5731 :
3245 5692 3354 5734 non
3383 5686 3561 5734 tamen
3585 5691 3816 5733 conver-

2237 5769 2366 5823 titur
2403 5770 2545 5839 quod
2577 5788 2717 5826 nunc
2742 5772 2944 5827 dictum
2977 5781 3082 5840 est,
3106 5788 3213 5829 non
3242 5774 3387 5830 enim
3423 5770 3702 5831 sufﬁciens
3730 5779 3812 5827 est

2238 5860 2303 5913 ad
2336 5863 2681 5919 astruendum
2725 5863 3088 5920 deﬁnitionem
3133 5864 3424 5922 ostendere
3473 5864 3618 5922 idem
3669 5877 3813 5930 esse,

2237 5956 2469 6009 attamen
2515 5952 2585 6009 ad
2633 5952 3017 6013 destruendum
3075 5954 3346 6016 sufﬁciens
3393 5962 3479 6015 est
3521 5957 3835 6017 ostendere
