4290 6272
1367 258 1519 276 ._-..v"

477 400 576 458 915

1372 365 1760 434 TOI’ICORUM
1802 358 2253 422 ARISTOTELIS
2296 350 2858 411 lNTlillPRETATIO.

3641 334 3747 393 9H

479 514 623 588 quod
653 525 759 567 non
790 507 931 565 idem
982 513 1086 560 est.
1138 498 1418 570 PrOpriutn
1447 480 1620 546 autem
1650 497 1733 541 est
1764 482 1904 554 quod
1952 490 2056 532 non
2094 474 2145 533 Α
2169 484 2223 528 (ει
2248 481 2448 541 Ben“,
2473 482 2526 526 ει
2552 469 2801 524 παίδευε
2830 468 3007 521 omni“
3039 464 3308 524 "ic‘mmr'
3362 466 3414 513 εί
3462 456 3530 513 ad
3557 456 3745 512 demi'

1494 586 1500 588 .
1967 571 2000 588 νο
2038 585 2052 588 _
2171 567 2337 588 .2-.."
2398 560 2675 588 ,μεηωιηςηι
2729 560 2829 588 ιιςηι
2906 553 3257 588 Πριοηιιιιηωω
3306 554 3447 588 οηὶηι
3496 552 3745 588 ιηιηηῖσυη

482 571 682 662 indicat
702 600 829 674 quid
855 607 937 655 est
978 611 1119 662 esse,
1146 589 1244 649 soli
1278 598 1451 644 autem
1492 586 1649 645 inest,
1679 589 1729 634 et
1759 571 2060 631 conversim

486 671 805 769 praedicatur
849 692 918 746 de
944 704 1006 745 re
1039 696 1097 742 ut
1127 684 1399 755 proprium
1426 684 1509 733 est
1536 671 1769 727 hominis
1798 675 2062 735 gramma-

485 793 619 849 tices
646 803 768 845 esse
796 783 1181 852 susceptivum.
1225 775 1358 831 Nam
1400 772 1443 825 si
1474 771 1633 823 homo
1667 773 1766 826 est,
1799 770 1854 815 et
1887 770 2064 828 gram-

486 886 708 943 matices
737 873 1102 946 susceptibilis
1133 879 1236 936 est,
1259 877 1314 923 et
1341 866 1382 919 si
1405 858 1785 933 grammatices
1805 848 2065 946 suscepti.-

488 992 611 1032 vum
657 981 760 1039 est,
792 977 847 1024 et
875 937 1039 1021 homo
1077 971 1179 1017 est.
1226 959 1394 1013 Nemo
1431 953 1573 1009 enim
1617 945 1886 1018 proprium
1938 937 2068 992 dicit

489 1066 629 1140 quod
677 1034 936 1129 contingit
980 1053 1069 1110 alii
1114 1053 1317 1113 inesse,
1350 1056 1408 1102 ut
1453 1042 1653 1099 homini
1701 1034 1954 1093 dormire,
2001 1039 2067 1082 ne

486 1120 699 1231 quidem
738 1156 782 1211 si
814 1120 1035 1208 forsitan
1070 1162 1166 1217 per
1193 1140 1408 1213 aliquod
1433 1148 1643 1207 tempus
1674 1134 1812 1186 inest
1847 1126 1971 1180 soli.
2010 1120 2065 1176 Si

488 1224 663 1307 autem
719 1247 859 1301 forte
903 1244 1116 1298 dicatur
1162 1236 1364 1305 aliquid
1396 1232 1579 1286 talium
1629 1224 1930 1296 proprium,
1964 1229 2069 1269 non

487 1340 829 1412 simpliciter,
855 1333 1163 1405 aliquando.
1198 1327 1284 1383 vel
1334 1326 1401 1379 ad
1430 1320 1624 1391 aliquid
1670 1320 1904 1373 dicetur,
1947 1321 2069 1363 nam

489 1454 556 1494 ex
597 1408 801 1491 dextris
830 1428 1046 1500 quidem
1100 1436 1241 1489 esse,
1295 1416 1580 1486 aliquando
1641 1408 1909 1481 proprium
1967 1412 2068 1456 est.

497 1529 659 1598 Bipes
687 1496 864 1579 autem
888 1519 954 1576 ad
985 1515 1185 1586 aliquid
1223 1512 1498 1583 proprium
1537 1517 1621 1561 est
1647 1504 1869 1565 dictum,
1901 1508 1956 1551 ιιι
1978 1496 2075 1548 ho-

494 1620 625 1677 mini
651 1617 718 1671 ad
750 1628 945 1682 equum
977 1618 1033 1665 et
1060 1620 1268 1663 canem.
1330 1601 1483 1666 Quod
1533 1605 1710 1651 autem
1743 1605 1927 1646 eorum
1956 1600 2075 1657 quae

494 1706 807 1778 contingunt
838 1704 927 1759 alii
958 1704 1134 1757 inesse
1166 1696 1368 1751 nullum
1403 1689 1701 1747 conversim
1735 1683 2073 1754 praedicatur,

497 1801 832 1859 manifestum
863 1806 978 1861 est;
1016 1808 1124 1859 non~
1163 1790 1304 1845 enim
1339 1781 1699 1841 necessarium
1728 1786 1811 1833 est
1854 1774 1897 1827 si
1950 1770 2075 1840 quid

2170 567 2340 619 tiones
2394 560 2679 617 conveniet
2728 560 2854 613 dici.
2906 553 3258 613 Ostendentes
3306 554 3447 607 enim
3496 552 3745 622 quoniam

2169 674 2273 712 non
2307 657 2357 711 ei
2382 644 2485 710 soli
2518 654 2657 707 inest
2717 651 2857 720 quod
2886 660 2970 705 est
3004 650 3102 704 sub
3130 640 3744 714 deﬁnitioue'(quemad-

2168 752 2385 808 modum
2417 758 2473 804 et
2504 749 2562 801 in
2589 745 2847 816 proprio),
2884 755 2977 799 aut
3007 744 3255 813 quoniam
3281 756 3386 795 non
3412 755 3581 808 genus
3608 738 3750 807 quod

2166 847 2501 915 assignatum
2564 848 2649 896 est
2700 840 2753 892 in
2810 834 3146 902 deﬁnitione,
3202 840 3296 886 aut
3348 833 3597 901 quoniam
3644 844 3749 883 non

2170 938 2337 1001 inest,
2388 932 2591 1003 aliquid
2639 943 2824 984 eorum
2853 942 2972 996 quae
3019 926 3071 979 in
3102 923 3406 978 deﬁnitione
3443 922 3581 976 dicta
3630 929 3751 975 sunt

2158 1030 2341 1102 _(quod
2375 1028 2592 1100 quidem
2624 1032 2678 1078 et
2704 1025 2754 1076 in
2778 1021 3051 1077 accidente
3071 1018 3172 1072 dici
3198 1017 3420 1086 potest),
3444 1016 3761 1068 interimen-

2184 1136 2267 1182 tes
2298 1124 2500 1179 erimus
2525 1117 2911 1177 deﬁnitionem.
2953 1113 3128 1179 Quare
3171 1109 3459 1164 secundum
3497 1109 3641 1176 prius
3669 1120 3754 1160 as-

2175 1216 2444 1285 signatam
2477 1211 2762 1274 ratiouem,
2795 1206 2972 1262 Omnia
3002 1211 3161 1257 erunt
3190 1199 3581 1270 quodammodo
3628 1196 3755 1251 deﬁ-

2172 1306 2366 1363 nitioni
2390 1299 2842 1359 accommodanda
2875 1311 2993 1366 qua:
3036 1301 3311 1349 numerata
3332 1302 3469 1345 sunt.
3512 1290 3616 1346 Sed
3650 1305 3754 1344 non

2176 1405 2394 1469 promer
2420 1395 2523 1449 hoc
2549 1407 2707 1447 unam
2759 1392 2812 1445 in
2854 1388 3102 1444 omnibus
3144 1384 3504 1441 universalem
3552 1382 3758 1438 metho-

2175 1490 2303 1545 dum
2333 1487 2704 1558 quaerendum,
2747 1498 2921 1553 neque
2970 1482 3114 1537 enim
3170 1480 3323 1536 facile
3347 1478 3591 1533 invenire
3624 1476 3759 1534 hanc

2178 1589 2370 1646 est,.et
2398 1582 2441 1634 si
2497 1578 2822 1642 inveniatur,
2878 1573 3097 1627 omnino
3151 1571 3375 1625 obscura
3428 1582 3478 1625 et
3524 1569 3760 1624 insuavis

2180 1676 2336 1743 plane
2365 1672 2525 1726 fuerit
2552 1671 2615 1723 ad
2654 1668 2982 1737 propositum
3017 1664 3306 1734 negotium.
3355 1663 3574 1732 Propria
3632 1676 3762 1715 vero

2183 1768 2237 1820 in
2279 1777 2602 1833 unoquoque
2641 1760 3125 1829 determinatorum
3190 1770 3446 1824 generum
3492 1755 3763 1823 assignata

495 1892 713 1958 dormit,
742 1890 1014 1945 hominem
1056 1898 1200 1940 esse.
1248 1882 1430 1936 Genus
1456 1884 1634 1930 autem
1684 1880 1787 1933 est,
1819 1866 1959 1939 quod
2011 1865 2077 1918 de
2104 1853 2158 1916 Β
2183 1857 2459 1920 methodo,
2492 1853 2645 1908 facile
2665 1867 2730 1906 ex
2762 1852 2826 1904 iis
2873 1864 2992 1919 qua:
3020 1850 3161 1903 circa
3186 1844 3602 1913 unumquodque
3636 1859 3761 1913 pro-

496 1956 736 2059 pioribus
764 1989 819 2037 et
862 1976 1232 2033 differentibus
1261 1971 1438 2040 specie
1470 1969 1523 2023 in
1554 1982 1619 2021 eo
1646 1960 1790 2034 quod
1832 1956 1958 2029 quid
1996 1964 2080 2010 est

499 2052 843 2151 praedicatur.
870 2074 923 2127 In
947 2086 1014 2126 eo
1043 2067 1185 2139 quod
1216 2064 1344 2135 quid
1374 2070 1461 2119 est
1496 2055 1775 2130 praedicari
1807 2068 1870 2108 ea
1894 2052 2081 2105 dicun-

501 2149 609 2235 tur,
641 2178 976 2238 quaecunque
1024 2159 1277 2215 convenit
1308 2169 1429 2209 cum
1472 2153 1563 2221 qui
1604 2151 1962 2216 interrogatus
2002 2149 2084 2195 est

505 2263 729 2320 reddere
762 2262 887 2330 quid
921 2269 998 2312 est
1051 2253 1191 2325 quod
1229 2251 1562 2320 propositum
1589 2256 1690 2308 est,
1738 2238 2083 2312 quemadmo-

499 2358 623 2412 dum
656 2354 724 2409 de
752 2351 998 2411 homine,
1032 2346 1283 2400 convenit
1331 2356 1451 2396 eum
1483 2338 1573 2408 qui
1616 2338 1971 2400 interrogatus
2002 2339 2083 2382 εει

499 2448 622 2519 quid
678 2445 729 2499 id
777 2446 859 2497 est
889 2440 1030 2510 quod
1061 2435 1393 2507 prepositum
1437 2439 1540 2492 est,
1585 2428 1765 2482 dicere
1795 2421 1936 2493 quod
1970 2419 2071 2473 ani~

501 2543 625 2597 mal.
686 2536 878 2593 Generi
931 2540 1109 2595 autem
1168 2523 1630 2583 accommodatum
1679 2528 1763 2573 est
1807 2522 1985 2569 utrum
2032 2513 2084 2564 in

501 2633 687 2689 eodem
728 2644 922 2699 genere
965 2625 1107 2679 aliud
1153 2622 1266 2683 alii,
1309 2635 1376 2673 an
1420 2618 1476 2682 in
1524 2616 1694 2668 altero
1739 2610 1828 2665 sit.
1872 2606 2001 2660 Nam
2032 2612 2086 2659 et

503 2721 804 2795 huiusmodi
839 2719 938 2774 sub
988 2715 1175 2771 eadem
1215 2708 1468 2766 methodo
1509 2704 1653 2759 cadit
1703 2715 1824 2755 cum
1852 2709 2081 2767 genere;

504 2816 834 2884 disputantes
864 2807 1008 2863 enim
1035 2803 1176 2875 quod
1207 2800 1406 2854 animal
1451 2811 1619 2866 genus
1647 2790 1905 2851 hominis,
1939 2786 2088 2841 sinti-

506 2905 629 2961 liter
656 2911 709 2957 et
750 2902 941 2963 bonus,
997 2896 1330 2963 disputantes
1351 2890 1554 2945 erimus
1584 2884 1839 2955 quoniam
1889 2880 2002 2933 haec
2033 2878 2085 2931 in

508 2998 696 3054 eodem
724 3001 848 3048 sunt
886 3004 1106 3062 genere,
1138 2987 1181 3039 si
1210 2993 1388 3039 autem
1416 2980 1636 3035 alterius
1664 2974 1877 3045 quidem
1908 2980 2087 3026 osten-

507 3087 695 3141 damus
720 3082 861 3154 quod
890 3092 1059 3149 genus
1084 3086 1187 3142 est,
1221 3074 1443 3129 alterius
1467 3080 1644 3124 autem
1676 3065 1816 3136 quod
1845 3078 1954 3118 non
1981 3069 2083 3123 est,

508 3170 1080 3246 disputautes'erimus
1130 3166 1379 3236 quoniam
1426 3175 1529 3216 non
1578 3160 1629 3213 in
1658 3158 1848 3212 eodem
1888 3168 2087 3225 genere

508 3272 625 3325 lucc
653 3280 798 3322 sunt.
831 3263 1097 3320 Accidens
1120 3268 1298 3314 autem
1322 3251 1401 3311 est
1431 3253 1573 3324 quod
1600 3251 1732 3305 nihil
1762 3250 1955 3304 horum
1982 3255 2083 3313 est,

484 3352 680 3437 gneque
712 3357 973 3419 deﬁnitio,
1000 3367 1169 3421 neque
1194 3347 1491 3420 proprium,
1521 3358 1697 3413 neque
1727 3356 1918 3411 genus,
1952 3339 2094 3393 inest

513 3464 692 3509 antem
742 3450 851 3514 rei;
896 3457 948 3502 et
996 3444 1133 3514 quod
1182 3441 1445 3509 contingit
1484 3438 1662 3492 inesse
1702 3436 1871 3489 cuivis
1908 3434 1996 3486 uni
2043 3440 2098 3485 et

509 3546 703 3611 eidem,
732 3552 785 3598 et
814 3556 920 3596 non
940 3539 1138 3602 inesse,
1169 3546 1226 3589 ut
1247 3533 1438 3589 sedere
1461 3527 1721 3597 contingit
1743 3528 1918 3581 inesse
1940 3525 2097 3578 alicui

511 3641 708 3704 eidem,
759 3644 814 3691 et
862 3650 965 3689 non
1004 3634 1201 3687 inesse.
1257 3626 1518 3684 Similiter
1576 3632 1754 3677 autem
1789 3629 1843 3675 et
1891 3619 2094 3678 album,

494 3748 634 3793 quam
691 3737 744 3783 et
788 3727 963 3782 eidem
1018 3718 1148 3776 nihil
1212 3720 1461 3789 prohibet
1506 3715 1828 3786 quandoque
1874 3712 2095 3776 album,

514 3819 834 3890 quandoque
877 3830 981 3870 non
1038 3813 1216 3866 album
1266 3824 1405 3864 esse.
1457 3807 1554 3860 Est
1597 3814 1775 3858 autem
1810 3802 2099 3858 accidentis

517 3911 890 3966 deﬁnitionum
924 3904 1155 3960 secunda
1179 3901 1404 3956 melior:
1442 3914 1563 3953 nam
1594 3912 1717 3951 cum
1755 3896 1950 3950 dicitur
1990 3894 2100 3964 pri-

520 4018 626 4064 ma,
654 3997 1014 4054 necessarium
1040 4002 1121 4047 est
1163 3993 1205 4046 si
1250 3992 1409 4045 debet
1435 3990 1557 4058 quis
1601 3987 1923 4056 intelligere,
1967 3999 2104 4053 prae-

522 4094 658 4149 scire
724 4088 846 4159 quid
892 4096 975 4141 est
1022 4085 1300 4147 terminus,
1346 4091 1401 4136 et
1456 4096 1655 4150 genus,
1699 4088 1755 4139 et,
1794 4076 2099 4145 proprium;

521 4184 752 4240 secunda
783 4191 963 4235 autem
998 4177 1233 4248 perfecta
1269 4174 1441 4228 estad
1484 4168 1919 4241 cognoscendum
1951 4166 2102 4239 (quid

519 4288 599 4330 est
639 4273 779 4344 quod
824 4270 1042 4340 dicitur)
1092 4284 1183 4338 per
1216 4280 1297 4322 se.
1341 4269 1708 4319 Anuectantor
1750 4269 1929 4315 autem
1960 4259 2103 4313 acci-

522 4367 664 4422 denti
693 4374 746 4419 et
775 4379 891 4433 qua:
921 4362 985 4416 ad
1017 4376 1075 4416 se
1111 4360 1338 4414 invicem
1360 4365 1484 4412 sunt
1515 4354 1944 4424 comparationes
1972 4365 2107 4422 quo-

527 4459 656 4513 libet
688 4456 845 4511 modo
891 4455 955 4508 ab
990 4452 1265 4508 aeridente
1295 4450 1476 4515 dictat,
1506 4457 1564 4502 ut
1588 4457 1762 4500 utrum
1799 4448 2104 4507 honestum,

529 4567 593 4604 an
626 4550 765 4620 quod
796 4548 1028 4612 confert,
1057 4544 1416 4615 expetibilins,
1446 4554 1499 4597 et
1536 4550 1712 4595 utrum
1752 4553 1871 4609 quae
1913 4548 1993 4594 est
2023 4552 2108 4592 se-

528 4643 753 4698 cundum
806 4641 1093 4706 virtutem,
1140 4654 1206 4692 an
1256 4652 1375 4706 quae
1426 4632 1722 4689 secundum
1778 4630 2108 4701 voluptatem

528 4737 740 4791 suavior
764 4737 891 4797 vita,
948 4746 999 4788 et
1034 4733 1076 4786 si
1109 4730 1233 4799 quid
1288 4727 1433 4781 aliud
1483 4723 1726 4779 similiter
1781 4722 1864 4775 his
1904 4729 1988 4775 est
2030 4720 2110 4776 di-

528 4838 695 4893 ctum,
723 4830 775 4880 in
802 4824 1052 4881 omnibus
1074 4822 1216 4875 enim
1270 4817 1466 4873 talibus
1517 4814 1619 4869 utri
1653 4814 1822 4883 magis
1848 4812 2114 4882 pradica-

533 4932 640 4975 tnm
682 4919 897 4980 accidit,
940 4917 1169 4986 quaestio
1209 4914 1289 4969 ﬁt.
1346 4910 1679 4966 Manifestum
1709 4917 1791 4962 est
1836 4918 2016 4963 autem
2049 4922 2115 4963 ex

533 5010 616 5064 Itis
666 5008 915 5079 quoniam
941 5006 1189 5062 accidens
1216 5002 1347 5058 nihil
1379 5000 1649 5073 prohibet,
1705 5006 1759 5054 et
1788 4997 2022 5067 quando,
2063 5004 2118 5051 ει

531 5105 596 5158 ad
621 5102 818 5172 aliquid
855 5100 1126 5171 proprium
1152 5098 1289 5163 ﬁeri,
1315 5107 1371 5151 ut
1392 5095 1583 5151 sedere
1602 5109 1720 5149 cum
1749 5092 1814 5146 sit
1844 5091 2115 5157 accidens,

533 5198 743 5265 quanto
770 5194 891 5263 quis
934 5191 1081 5246 solus
1128 5190 1301 5254 sedet,
1351 5196 1475 5241 tunc
1505 5184 1791 5256 aliquando
1840 5182 2117 5252 proprium

534 5288 671 5349 erit;
705 5286 820 5337 solo
843 5297 972 5335 vero
1005 5280 1249 5343 ~edeute,
1276 5278 1341 5332 ad
1385 5292 1492 5330 non
1515 5276 1765 5330 sedentes
1795 5273 2071 5343 proprium
2102 5290 2114 5323 :

536 5388 703 5442 quare
730 5382 783 5423 et
813 5369 879 5421 ad
908 5367 1215 5435 aliquid,’ct
1242 5363 1530 5433 aliquando
1579 5362 1711 5415 nihil
1758 5361 2000 5427 prohibet
2025 5376 2119 5416 ac-

538 5462 721 5514 cidens
765 5460 1039 5528 proprium
1091 5457 1227 5518 ﬁeri,
1280 5454 1596 5521 simpliciter
1618 5462 1795 5506 autem
1846 5453 2119 5520 proprium

542 5566 648 5604 non
678 5549 800 5604 erit.
844 5544 859 5561 ”

1186 5612 1410 5673 CAPUT
1448 5617 1512 5670 V.

586 5710 735 5775 Quod
758 5716 940 5763 cratera
972 5709 1248 5775 prrcdicata
1275 5706 1470 5777 aliquid
1503 5678 1749 5759 claudant.
1783 5720 1956 5758 eorum
1976 5723 2089 5774 qua:

1085 5780 1316 5848 deﬁnitio
1336 5778 1580 5832 continet.
1656 5797 1665 5807 ·

618 5872 739 5934 Non
768 5870 931 5931 lateat
970 5879 1147 5931 autem
1172 5885 1272 5930 nos
1295 5867 1552 5943 quoniam
1582 5881 1699 5940 quae
1724 5865 1791 5925 ad
1821 5867 2125 5942 proprium,

2185 1953 2299 2021 pria
2327 1959 2452 2003 sunt
2499 1948 2760 2002 decursus
2789 1943 3048 2014 propositi
3080 1941 3194 1994 ﬁeri
3223 1940 3409 2008 possit.
3443 1939 3620 2003 Quare
3650 1936 3766 1991 uni-

2185 2042 2465 2099 versaliter
2493 2040 2659 2109 ﬁgura
2681 2037 2894 2107 quidem
2936 2033 3408 2106 (quemadmodum
3453 2032 3655 2087 dictum
3684 2040 3769 2084 est

2187 2134 2357 2206 prius)
2411 2131 2758 2187 dividendum
2804 2138 2908 2190 est,
2964 2127 3291 2197 reliquorum
3327 2133 3504 2178 autem
3542 2136 3604 2176 ea
3649 2136 3770 2190 quae

2186 2227 2420 2282 maxime
2444 2233 2568 2278 sunt
2597 2219 2821 2289 singulis
2867 2216 3177 2286 peculiaria,
3220 2210 3645 2276 annecteudum;
3673 2210 3767 2264 de-

2190 2318 2417 2373 ﬁnitioni
2472 2325 2526 2371 et
2572 2313 2753 2382 generi
2808 2310 3205 2368 accommodata
3250 2324 3311 2364 ea
3361 2312 3767 2373 nuncupantes,

2190 2427 2327 2482 pene
2351 2418 2531 2465 autem
2560 2408 2808 2476 adjuncta
2838 2416 2961 2460 sunt
2988 2420 3109 2475 qua:
3137 2403 3278 2458 dicta
3306 2409 3429 2459 sunt
3457 2401 3523 2458 ad
3545 2398 3771 2471 singula,

2801 2535 3027 2593 CAPUT
3062 2536 3147 2590 Vl.

2847 2627 2920 2682 De
2940 2628 3135 2682 eodem.

2264 2745 2499 2800 Primum
2527 2749 2705 2796 autem
2738 2740 2975 2796 omnium
3004 2737 3073 2793 de
3096 2737 3282 2793 eodem
3314 2737 3777 2794 determinmnhnu

2191 2834 2403 2907 quoties
2430 2831 2645 2886 dicitur.
2698 2827 2974 2883 Videbitur
3020 2840 3195 2881 autem
3230 2828 3367 2882 idem
3411 2839 3463 2882 ut
3494 2829 3779 2901 ﬁguraliter

2192 2931 2261 2984 sit
2283 2940 2517 2992 sumere,
2542 2923 2822 2990 tripliciter
2845 2920 3030 2975 dividi.
3080 2919 3310 2973 Numero
3333 2920 3508 2983 enim,
3540 2930 3631 2974 aut
3662 2912 3781 2989 spe-

2192 3021 2296 3085 cie,
2328 3026 2419 3072 aut
2472 3029 2704 3086 genere,
2758 3010 2897 3065 idem
2928 3009 3163 3063 Solemus
3206 3007 3499 3077 appellare.
3548 3006 3782 3063 Numero

2192 3110 2434 3180 quidem,
2467 3119 2694 3175 quorum
2740 3102 2955 3158 nomina
2982 3103 3129 3172 plura
3154 3143 3167 3165 ,
3213 3117 3301 3156 res
3330 3110 3505 3156 autem
3540 3118 3669 3167 uua,
3729 3114 3785 3157 ut

2118 3217 2167 3282 ρ
2199 3201 2568 3256 indumentum
2608 3205 2663 3252 et
2691 3195 2876 3251 vestis.
2923 3195 3117 3265 Specie
3156 3207 3332 3251 autem
3374 3210 3494 3266 quae
3528 3211 3647 3250 eum
3680 3198 3787 3252 sint

2206 3290 2384 3372 plura,
2432 3284 2786 3342 indifferentia
2818 3294 2943 3338 sunt
2993 3283 3285 3339 secundum
3316 3287 3571 3355 speciem,
3606 3297 3661 3341 ut
3694 3288 3787 3341 hoc

2205 3399 2294 3439 mo
2324 3381 2551 3447 homini,
2587 3392 2756 3449 eqnus
2799 3390 2971 3446 equo;
3004 3392 3125 3430 nam
3156 3376 3473 3446 hujusmodi‘
3493 3378 3672 3447 specie
3702 3380 3813 3432 di»

2204 3485 2419 3539 cuntur,
2448 3485 2784 3543 quaecunque
2808 3468 2909 3523 sub
2939 3468 3124 3522 eadem
3152 3469 3332 3536 specie
3355 3477 3495 3523 sunt.
3528 3467 3791 3524 Similiter

2202 3578 2383 3623 autem
2408 3575 2460 3620 et
2489 3576 2687 3633 genere
2716 3560 2903 3615 eadem
2925 3602 2940 3626 ,
2996 3574 3329 3629 qutrcuuque
3358 3559 3458 3613 sub
3488 3558 3674 3614 eodem
3700 3573 3792 3629 ge-

2204 3677 2335 3716 nere
2363 3668 2507 3722 sunt,
2538 3666 2591 3711 ut
2618 3668 2789 3724 equus
2822 3652 3044 3707 homini.
3096 3651 3375 3724 Videbitur
3401 3661 3579 3705 autem
3608 3651 3674 3706 ab
3695 3666 3790 3706 eo-

2204 3757 2328 3810 dem
2361 3720 2511 3807 fonte
2538 3720 2698 3820 aqua,
2721 3750 2839 3819 qua:
2868 3747 3054 3803 eadem
3081 3746 3297 3813 dicitur,
3342 3720 3538 3801 habere
3560 3745 3794 3816 aliquam

2206 3846 2561 3903 diﬁ‘erentiam
2586 3855 2782 3912 praeter
2802 3841 2976 3896 dictos
3016 3839 3223 3894 modos.
3260 3838 3375 3893 Non
3400 3847 3597 3905 tamen,
3626 3841 3718 3894 sed
3741 3847 3796 3893 et

2206 3935 2511 4007 huiusmodi
2575 3936 2627 3988 in
2668 3931 2859 3988 eodem
2901 3930 3177 3983 ordinetur
3219 3929 3285 3983 iis
3328 3944 3447 3997 qua:
3501 3932 3793 3985 secundum

2209 4044 2369 4084 unam
2400 4024 2635 4095 Speciem
2660 4037 2875 4091 quoquo
2908 4021 3069 4073 modo
3090 4020 3230 4073 dicta
3263 4028 3386 4072 sunt
3412 4037 3423 4070 :
3446 4022 3623 4073 omnia
3654 4022 3796 4074 enim

2209 4120 2335 4174 talia
2367 4124 2591 4186 cognata
2622 4123 2677 4168 et
2710 4111 2887 4165 affluis
2943 4108 3040 4163 sibi
3090 4108 3316 4163 invicem
3354 4109 3598 4162 videntur
3630 4122 3751 4165 esse
3782 4127 3794 4161 :

2210 4227 2333 4266 nam
2365 4207 2543 4264 omnis
2586 4219 2721 4276 aqua
2769 4203 2915 4256 omni
2950 4214 3101 4270 aquae
3130 4200 3317 4255 eadem
3358 4201 3537 4267 Specie
3580 4200 3798 4267 dicitur,

2211 4317 2277 4360 eo
2299 4300 2441 4372 quod
2474 4298 2669 4354 habeat
2697 4295 2980 4367 quamdam
3015 4292 3458 4359 similitudinem;
3516 4295 3582 4347 ab
3610 4293 3799 4349 eodem

2212 4402 2392 4448 autem
2421 4392 2567 4447 fonte
2598 4405 2731 4460 aqua
2763 4404 2882 4459 qua:
2911 4387 3098 4443 eadem
3142 4385 3338 4441 dicitur
3374 4384 3521 4440 nullo
3551 4384 3657 4440 alio
3695 4386 3799 4440 dii-

2214 4488 2519 4556 fert,'quam
2540 4500 2605 4539 eo
2633 4484 2773 4553 quod
2796 4482 3167 4536 vehementior
3195 4481 3265 4535 sit
3290 4478 3582 4534 similitudo
3604 4497 3617 4534 :
3639 4488 3805 4549 quaro

2136 4589 2320 4650 Dnon
2355 4588 2668 4645 separamus
2715 4574 2853 4626 idem
2910 4573 2977 4625 ab
3019 4571 3087 4623 iis
3129 4585 3251 4638 quae
3306 4566 3597 4625 secundum
3644 4582 3805 4625 unam

2218 4666 2455 4735 speciem
2487 4677 2701 4734 quoquo
2750 4662 2910 4716 modo
2939 4661 3205 4715 dicuntur.
3255 4660 3489 4718 Maxime
3516 4672 3693 4716 autem
3721 4663 3805 4715 in-

2218 4758 2524 4813 dubitanter
2547 4752 2687 4824 quod
2717 4766 2880 4806 unum
2909 4762 2993 4805 est
3020 4766 3266 4815 numero,
3300 4752 3439 4806 idem
3466 4754 3532 4807 ab
3562 4753 3810 4807 omnibus

2219 4850 2433 4905 videtur
2454 4846 2582 4902 dici.
2610 4845 2761 4901 Solet
2782 4855 2960 4899 autem
3003 4852 3055 4898 et
3083 4844 3184 4898 hoc
3210 4844 3468 4914 assignari
3507 4845 3809 4913 multiplici-

2224 4951 2328 5006 ter,
2356 4937 2729 5009 propriissime
2777 4946 2955 4991 autem
3004 4944 3058 4991 et
3105 4936 3306 5004 primo,
3357 4934 3569 5005 quando
3598 4938 3811 4991 nomine

2228 5035 2316 5089 vel
2343 5033 2573 5089 termino
2603 5030 2742 5086 idem
2786 5031 3111 5100 assignatum
3146 5027 3333 5094 fuerit,
3374 5037 3432 5084 ut
3461 5030 3626 5083 vestis
3656 5029 3810 5082 indu-

2231 5136 2431 5196 mento,
2458 5138 2510 5183 et
2548 5125 2742 5181 animal
2770 5124 3046 5195 gressibile
3074 5123 3222 5191 bipes
3254 5122 3475 5177 homini.
3506 5123 3812 5177 Secundum

2232 5234 2442 5289 autem,
2490 5219 2702 5290 quando
2738 5218 2990 5287 proprio,
3021 5224 3078 5268 ut
3119 5213 3413 5282 disciplina:
3453 5206 3811 5281 susceptibilis

2234 5317 2463 5383 homini,
2492 5321 2547 5369 et
2576 5314 2717 5384 quod
2760 5322 2946 5366 natura
2978 5294 3186 5364 sursum
3217 5308 3386 5363 fertur
3412 5310 3539 5380 igni.
3570 5309 3814 5363 Tertium

2233 5424 2385 5474 vero,
2416 5406 2631 5478 quando
2652 5404 2718 5458 ab
2744 5404 3034 5459 accidente,
3069 5412 3126 5453 ut
3167 5401 3380 5470 sedens,
3415 5402 3496 5454 vel
3548 5399 3821 5455 musicum

2234 5501 2477 5565 Socrati,
2508 5499 2685 5552 omnia
2712 5496 2851 5551 enim
2883 5490 3000 5547 haec
3028 5507 3191 5546 unum
3224 5505 3448 5549 numero
3499 5493 3686 5548 volunt
3755 5493 3827 5548 si-

2232 5596 2508 5665 gniﬁcare.
2551 5589 2700 5657 Quod
2729 5598 2906 5641 autem
2938 5598 3121 5640 verum
3168 5586 3238 5641 sit
3266 5587 3409 5656 quod
3438 5598 3581 5644 nunc
3609 5587 3812 5641 dicttim

2235 5698 2338 5750 est,
2371 5701 2434 5738 ex
2469 5676 2951 5736 transsumentibus
2981 5680 3404 5747 nuncupationes
3434 5682 3665 5736 maxime
3693 5684 3814 5752 quis

2237 5780 2432 5839 discit;
2472 5786 2616 5843 saepe
2647 5773 2786 5826 enim
2816 5771 3182 5841 praecipientes
3222 5766 3440 5827 nomine
3470 5789 3665 5829 vocare
3714 5776 3812 5829 ali.

2237 5882 2395 5940 quem
2425 5865 2749 5936 sedentium,
2779 5862 3212 5934 transsumimus,
3239 5862 3613 5933 quando-tom
3640 5866 3688 5929 is
3707 5881 3811 5921 non
