4290 6272
529 347 637 409 915

1778 334 1894 392 AN.
1932 331 2143 392 MANL.
2178 329 2333 390 BEV.
2376 330 2600 390 BOETII

3709 284 3811 379 sto

532 438 782 537 intelligit
809 478 893 519 cut
924 462 1251 532 pratceptum
1286 453 1546 521 facimus,
1589 459 1842 521 tanquam
1870 447 1938 503 ab
1976 446 2121 501 acci-
2147 449 2199 508 Α
2226 445 2537 509 dialectica,
2569 451 2623 499 et
2646 441 2770 513 quid
2799 438 3075 512 problema
3103 435 3462 494 dialecticum.
3489 434 3629 490 .Non
3660 436 3800 492 enim

490 537 499 609 ί
532 561 695 616 dente
734 561 847 627 ipso
878 554 1045 623 magis
1074 550 1401 621 intelligente
1422 591 1437 615 ,
1468 555 1525 603 et
1554 545 1804 617 iubemus
1842 541 2118 598 sedentem

532 654 618 709 vel
665 652 1021 720 disputantem
1054 659 1249 699 vocare
1288 642 1353 697 ad
1399 654 1535 707 nos,
1592 637 1935 694 manifestum
1974 633 2120 705 quod

532 752 592 796 ut
632 734 878 811 eumdem
905 737 1224 809 epinaotes",
1273 742 1329 790 et
1358 731 1655 789 secundum
1687 742 1920 795 nomen,
1953 733 2010 783 et
2035 741 2122 782 sec

533 831 765 886 cundum
789 826 1038 882 accidens
1063 824 1387 895 signiﬁcare.
1418 824 1558 891 Ergo
1578 821 1744 888 idem,
1775 818 2120 890 quemadmh

533 925 660 983 dum
692 920 895 976 dictum
926 928 1028 986 est,
1066 919 1346 987 tripliciter
1372 914 1659 971 dividatur.

1140 1030 1367 1087 CAPUT
1397 1028 1508 1085 VII.

539 1133 752 1189 Omnem
773 1130 1167 1203 disputationem
1192 1110 1723 1203 dialecticamesseea:
1744 1132 1978 1203 termino,
2003 1139 2124 1189 pro-

604 1206 738 1277 prio,
763 1195 964 1275 genere,
989 1212 1077 1254 aut
1099 1200 1379 1263 accidente,
1405 1205 1454 1252 et
1475 1197 1564 1249 ubi
1593 1196 1689 1250 illa
1708 1195 2047 1266 reperiantur.

605 1296 866 1365 Quoniam
896 1301 1075 1347 autem
1115 1304 1180 1344 ex
1214 1289 1361 1357 prius
1387 1288 1547 1343 dictis
1591 1294 1717 1342 sunt
1737 1285 2041 1353 orationes,
2068 1295 2124 1341 et

535 1400 632 1462 per
677 1391 792 1444 hrcc
820 1395 875 1442 et
904 1385 968 1439 ad
1004 1383 1121 1439 hrce
1147 1398 1251 1437 una
1290 1382 1503 1450 quidem
1538 1380 1672 1434 ﬁdes
1714 1386 1799 1435 est
1833 1392 1929 1447 per
1963 1378 2122 1433 indu-

534 1485 791 1539 ctionem.
814 1479 870 1535 Si
899 1476 1040 1533 enim
1066 1477 1184 1546 quis
1211 1474 1518 1529 consideret
1540 1487 1973 1543 unamquamque
1998 1487 2124 1543 pro-

534 1574 862 1646 positionum
880 1579 934 1626 et
960 1567 1667 1640 problematum,apparebit
1691 1576 1781 1620 aut
1811 1581 1838 1619 a
1870 1566 2117 1633 termino,

533 1673 627 1720 aut
654 1680 682 1717 a
712 1663 961 1733 proprio,
1008 1669 1099 1715 aut
1127 1675 1155 1713 a
1183 1674 1410 1730 genere,
1450 1668 1541 1712 aut
1569 1659 1637 1713 ab
1661 1657 1938 1713 accidente
1961 1658 2118 1713 facta.

533 1759 653 1815 Alia
682 1766 861 1812 autem
889 1752 1019 1809 ﬁdes
1041 1769 1136 1824 per
1157 1752 1559 1824 syllogismum.
1616 1751 1848 1806 Necesse
1871 1760 1953 1807 est
1975 1754 2119 1805 enim

2226 555 2440 597 omnem
2475 538 2890 609 prepositionem
2911 575 2928 600 ,
2960 549 3061 591 nee
3084 547 3246 589 omne
3271 531 3542 601 problema
3571 529 3810 584 dialecti-
3848 514 3861 529 ’

2223 647 2349 688 cum
2400 631 2725 703 ponendum.
2776 628 2963 683 Nullus
3002 627 3151 683 enim
3205 624 3414 692 oﬁ‘eret,
3455 622 3543 692 qui
3576 634 3808 679 mentem

2225 725 2602 794 habeat.quod
2626 722 2759 778 nulli
2785 706 3015 786 videtur,
3048 734 3148 775 nec
3171 725 3432 789 proponet
3461 715 3602 788 quod
3632 716 3809 770 omni-

2224 817 2328 874 bus
2352 829 2437 875 est
2466 816 2834 880 manifestum,
2864 813 2944 868 vel
2974 811 3253 883 plurimis:
3298 824 3418 865 nam
3452 808 3564 862 hate
3593 806 3808 880 quidem

2225 925 2336 966 non
2380 910 2581 964 habent
2621 906 3007 963 dubitationem
3031 945 3047 970 ,
3081 904 3170 959 illa
3212 911 3389 959 autem
3437 914 3596 955 nemo
3627 907 3802 969 ponet.

2230 1004 2328 1057 Est
2353 1010 2531 1056 autem
2571 999 2867 1070 propositio
2894 995 3173 1052 dialectica
3212 992 3557 1064 interrogatio
3608 990 3807 1061 proba-

2225 1090 2354 1146 bilis
2374 1100 2467 1145 aut
2496 1088 2773 1153 omnibus,
2801 1094 2893 1142 aut
2914 1086 3158 1157 plurimis
3177 1128 3192 1153 ,
3221 1094 3309 1139 aut
3339 1082 3668 1154 sapientibus
3688 1121 3703 1147 ,
3755 1071 3808 1136 et

2228 1182 2313 1237 bis
2333 1181 2419 1237 vel
2447 1180 2721 1246 omnibus,
2753 1178 2834 1233 vel
2866 1176 3128 1246 plurimis,
3157 1175 3239 1231 vel
3269 1174 3499 1231 maxime
3530 1170 3806 1247 familiarie

2226 1272 2328 1329 bus
2358 1284 2464 1327 non
2497 1270 2860 1341 inopinabilis.
2910 1270 3078 1325 Ponet
3098 1267 3239 1323 enim
3272 1266 3462 1336 aliquis
3490 1263 3628 1337 quod
3655 1261 3804 1317 vide-

2228 1372 2315 1419 tur
2335 1364 2685 1433 sapientibus,
2718 1364 2818 1444 pisi
2853 1362 2901 1417 id
2922 1360 3253 1417 contrarium
3278 1342 3652 1415 sitmnltorutn
3684 1356 3802 1425 opi-

2227 1456 2496 1511 nionibus.
2543 1454 2679 1509 Sunt
2718 1436 2909 1508 autem
2963 1451 3352 1521 propositiones
3384 1447 3712 1511 dialecticae,
3753 1436 3807 1501 ei

2225 1565 2288 1605 ea
2316 1564 2435 1619 quae
2458 1547 2821 1619 probabilibus
2844 1554 2966 1602 sunt
2997 1545 3216 1609 similia,
3242 1553 3295 1597 et
3317 1540 3583 1596 contraria
3606 1538 3673 1592 iis
3692 1552 3810 1609 qua:

2226 1642 2474 1697 videntur
2500 1657 2621 1697 esse
2667 1640 2958 1710 probabilia
3002 1638 3297 1694 secundum
3330 1620 3809 1691 contradictionem

2226 1745 2496 1803 pretensa,
2529 1742 2583 1787 et
2604 1746 2934 1802 quacunque
2960 1731 3240 1801 opiniones
3268 1736 3391 1783 sunt
3411 1723 3704 1781 secundum
3729 1710 3810 1776 ar-

532 1865 695 1906 omne
716 1847 858 1918 quod
888 1845 955 1901 de
981 1845 1159 1914 aliquo
1186 1818 1507 1913 praedicatur
1529 1884 1545 1909 ,
1574 1855 1665 1898 aut
1708 1842 2010 1899 conversim
2055 1842 2123 1899 da
2149 1829 2199 1890 Β
2227 1836 2309 1884 tes
2337 1830 2599 1884 inventas.
2628 1827 2680 1881 Si
2708 1826 2848 1882 enim
2876 1824 3152 1900 probabile
3174 1836 3253 1877 εει
3276 1818 3523 1877 eamdem
3549 1832 3669 1872 esse
3694 1830 3810 1899 con-

531 1959 593 2000 re
616 1941 924 2013 praedicari,
955 1948 1049 1995 aut
1086 1954 1191 1992 non
1227 1955 1242 2004 ;
1276 1947 1330 1993 et
1360 1938 1405 1991 si
1444 1937 1747 1992 converslm
1782 1937 2123 2005 medicatur,

531 2036 794 2091 terminus
820 2033 945 2097 erit,
1001 2031 1084 2086 vel
1111 2031 1407 2100 preprium.
1456 2028 1587 2084 Nam
1617 2029 1661 2083 si
1704 2029 1967 2098 signiﬁcat
1995 2030 2124 2099 quid

533 2137 618 2183 est
649 2141 790 2193 esse,
826 2133 911 2181 est
943 2125 1237 2187 terminus;
1267 2123 1312 2177 si
1344 2131 1524 2176 autem
1556 2134 1663 2175 non
1692 2120 1980 2188 significet,
2008 2135 2128 2189 pro-

532 2220 729 2291 prium.
789 2220 900 2273 Iloc
952 2217 1096 2272 enim
1146 2224 1264 2271 erat
1319 2211 1793 2283 proprium,quod
1820 2213 2125 2267 conversim

528 2312 889 2385 prtedicatur,
922 2325 1028 2366 non
1058 2308 1364 2378 signiﬁcans
1390 2306 1518 2376 quid
1554 2314 1637 2363 est
1664 2319 1801 2359 esse.
1864 2303 1920 2360 Si
1948 2312 2127 2359 autem

442 2392 447 2397 ’
533 2421 643 2459 non
676 2403 976 2459 conversim
1028 2400 1349 2471 praedicatur
1378 2398 1446 2455 de
1474 2413 1568 2466 re,
1611 2405 1702 2452 aut
1741 2398 1895 2452 exiis
1921 2412 2043 2465 quae
2072 2398 2127 2451 in

534 2493 861 2549 deﬁnitionis
885 2490 1113 2561 subjecti
1144 2490 1424 2555 dicuntur,
1457 2496 1571 2551 est,
1600 2498 1691 2541 aut
1722 2501 1825 2541 non
1845 2529 1858 2551 ,
1891 2495 1946 2541 et
1969 2488 2012 2541 si
2043 2495 2129 2541 est

535 2600 602 2641 ex
624 2585 824 2653 iiSqute
843 2585 893 2637 in
912 2581 1229 2637 deﬁnitione
1249 2580 1521 2645 dicuntur,
1546 2590 1637 2631 aut
1653 2594 1844 2648 genus,
1865 2587 1957 2631 aut
1978 2576 2131 2632 diﬁ‘e-

534 2678 706 2734 rentia
731 2676 853 2743 erit,
888 2689 955 2732 eo
981 2675 1122 2744 quod
1147 2673 1389 2729 deﬁnitio
1414 2687 1480 2728 ex
1510 2687 1707 2742 genere
1736 2682 1788 2726 et
1810 2671 2127 2729 differentiis

536 2778 639 2827 est.
686 2768 742 2824 Si
766 2782 895 2824 vero
924 2782 991 2825 ex
1018 2767 1083 2822 iis
1108 2781 1215 2822 non
1247 2775 1331 2822 est
1358 2780 1477 2837 quae
1506 2764 1561 2819 in
1600 2762 1912 2820 deﬁnitione
1939 2764 2128 2819 dicun-

535 2878 643 2931 tur,
678 2866 853 2937 palam
880 2873 966 2921 est
988 2864 1240 2934 quoniam
1272 2862 1523 2919 accidens
1565 2860 1702 2926 erit,
1733 2874 1857 2919 nam
1880 2860 2130 2916 accidens

534 2958 809 3015 dicebatur
833 2956 976 3031 quOd
1008 2969 1185 3024 neque
1217 2953 1498 3017 terminus,
1525 2967 1701 3021 neque
1732 2964 1919 3021 genus,
1954 2964 2129 3019 neque

532 3050 835 3120 proprium,
868 3051 1008 3106 inest
1036 3036 1214 3103 autem
1239 3048 1337 3105 rei.
1384 3045 1524 3102 .Post
1564 3044 1678 3102 haec
1705 3054 1882 3099 autem
1914 3051 2129 3113 oportet

534 3140 894 3196 determinare
920 3154 1119 3209 genera
1145 3136 1681 3206 [medicamentorum
1712 3134 1763 3188 in
1784 3133 1979 3206 quibus
2002 3142 2129 3189 sunt

533 3230 691 3288 dicta:
718 3241 949 3305 quatuor
986 3229 1321 3286 diﬁ‘erentize.
1379 3228 1518 3286 Sunt
1546 3226 1661 3283 haec
1690 3239 1869 3283 autem
1901 3241 2127 3282 numero

477 3387 488 3396 ,
534 3323 722 3379 decem
746 3363 763 3389 ,
795 3323 936 3393 quod
968 3331 1085 3388 est,
1112 3330 1368 3390 quantum
1388 3360 1405 3387 ,
1432 3320 1618 3391 quale,
1649 3318 1714 3374 ad
1736 3317 1971 3391 aliquid,
2001 3318 2121 3383 ubi,
2170 3307 2178 3316 ’

534 3412 777 3484 quando,
810 3414 970 3467 situm
1008 3425 1161 3476 esse,
1198 3410 1431 3477 habere,
1472 3410 1683 3477 facere,
1716 3412 1843 3482 pati.
1899 3400 2127 3480 Semper

533 3503 679 3560 enim
705 3501 977 3567 accidens,
1010 3509 1064 3555 et
1087 3515 1276 3569 genus,
1304 3511 1357 3554 et
1384 3503 1657 3571 proprium
1679 3543 1695 3569 ,
1718 3515 1771 3557 et
1799 3502 2040 3557 deﬁnitio
2071 3503 2122 3557 in

533 3608 645 3649 uno
676 3591 1215 3664 praedicamentorum
1257 3591 1449 3647 horum
1500 3593 1641 3660 erit,
1687 3608 1806 3647 nam
1847 3610 2033 3649 omnes
2058 3595 2125 3650 ab

531 3688 619 3745 his
650 3684 1076 3758 propositiones,
1106 3691 1212 3741 aut
1241 3684 1366 3756 quid
1407 3693 1523 3751 est,
1585 3695 1675 3741 aut
1703 3686 1864 3756 quale
1891 3696 2004 3753 est,
2035 3698 2126 3743 aut

530 3789 821 3851 quantum,
866 3787 959 3835 aut
984 3777 1209 3833 aliorum
1246 3778 1459 3849 aliquod
1488 3780 2021 3849 praedicantentorum
2052 3780 2124 3836 si-

529 3872 805 3943 gniﬁcant.
833 3869 1173 3927 Manifestum
1203 3879 1285 3925 est
1314 3880 1493 3928 autem
1529 3888 1597 3927 ex
1634 3872 1835 3929 eisdem
1867 3872 2121 3942 quoniam

530 3962 673 4035 quod
696 3963 821 4033 quid
844 3972 929 4019 est
956 3961 1263 4033 signiﬁcans
1281 3963 1600 4038 quandoque
1631 3964 1845 4034 quidem
1876 3963 2124 4019 substan-

530 4057 659 4111 tiam
682 4055 945 4127 signiﬁcat
965 4096 980 4118 ,
1016 4055 1338 4129 quandoque
1366 4066 1544 4112 autem
1573 4057 1765 4127 quale,
1802 4055 2123 4128 quandoque

531 4165 663 4206 vero
690 4150 907 4221 aliquod
948 4150 1174 4205 aliorum
1205 4150 1742 4217 prmdicamentorum
1774 4168 1785 4204 :
1818 4166 1939 4204 nam
1962 4167 2125 4221 quan-

531 4240 623 4308 do,
656 4241 833 4311 posito
862 4238 1111 4307 homine,
1141 4238 1341 4293 dixerit
1389 4239 1530 4309 quod
1566 4242 1795 4307 positum
1847 4252 1929 4297 est
1957 4243 2123 4297 homi-

528 4346 654 4388 nem
682 4345 826 4399 esse,
859 4330 943 4385 vel
975 4329 1172 4384 animal
1194 4367 1208 4394 ,
1241 4337 1295 4384 et
1320 4329 1447 4396 quid
1477 4338 1560 4383 est
1589 4329 1717 4384 dicit
1762 4339 1816 4385 et
1862 4328 2124 4399 signiﬁcat

527 4422 916 4486 substantiam;
936 4418 1171 4490 quando,
1192 4419 1377 4474 colore
1400 4418 1522 4473 albo
1545 4421 1740 4490 posito,
1760 4420 1963 4477 dixerit
1982 4422 2124 4492 quod

528 4512 765 4585 positum
795 4520 879 4567 est
903 4511 1081 4565 album
1110 4524 1252 4574 esse,
1283 4510 1366 4565 vel
1396 4510 1668 4577 colorem,
1698 4510 1825 4582 quid
1862 4521 1944 4567 est
1971 4512 2121 4581 dicit,

531 4612 589 4659 et
617 4603 777 4673 quale
827 4602 1108 4673 signiﬁcat.
1159 4602 1418 4661 Similiter
1443 4611 1620 4658 autem
1676 4612 1731 4660 et
1771 4604 1849 4669 si,
1903 4598 2201 4663 cultitaliD

530 4690 901 4763 magnitudine
929 4690 1126 4763 posita,
1158 4690 1356 4749 dixerit
1383 4693 1523 4763 quod
1556 4695 1786 4765 positum
1810 4705 1892 4752 est
1920 4696 2124 4755 cubita-

531 4786 640 4842 lem
670 4800 791 4840 esse
818 4785 1260 4854 magnitudinem,
1293 4787 1489 4861 etquid
1519 4796 1602 4842 est
1644 4788 1845 4847 dieitet
1870 4802 2121 4860 quantum

531 4875 828 4947 signiﬁcat.
861 4874 1120 4932 Similiter
1148 4885 1326 4933 autem
1358 4888 1412 4933 et
1436 4877 1488 4934 in
1521 4878 1661 4937 aliis.
1700 4879 2124 4954 Unumquodque

532 4969 679 5025 enim
713 4969 894 5025 talium
918 4970 1036 5026 sive
1067 4969 1205 5025 idem
1229 4971 1295 5025 de
1324 4971 1515 5028 eodem
1547 4973 1754 5031 dicatur
1776 5013 1792 5042 ,
1817 4977 1929 5031 sive
1955 4990 2123 5044 genus

532 5061 601 5118 de
627 5058 756 5132 hoc,
809 5060 934 5131 quid
961 5070 1044 5117 est
1086 5062 1381 5128 signiﬁcat;
1428 5063 1639 5133 quando
1676 5074 1855 5121 autem
1895 5066 1962 5121 de
1992 5068 2113 5134 alio,

496 5228 497 5231 η
530 5168 640 5210 non
670 5154 795 5225 quid
826 5162 909 5209 est
939 5152 1222 5225 signiﬁcat,
1252 5154 1346 5210 sed
1374 5166 1628 5225 quantum
1653 5196 1666 5219 ,
1700 5157 1998 5227 autquale,
2027 5169 2119 5216 aut

531 5248 751 5318 aliquod
775 5247 999 5303 aliorum
1030 5247 1586 5318 praedicantentorum.
1630 5249 1807 5321 Quare
1836 5249 1904 5307 de
1923 5252 2116 5325 quibus
2184 5288 2187 5289 ν

531 5350 659 5397 sunt
679 5340 1094 5411 disputationes,
1142 5350 1198 5396 et
1224 5356 1289 5395 ex
1315 5340 1540 5414 quibus,
1571 5340 1687 5401 btec
1712 5353 1767 5401 et
1795 5353 1937 5403 tanta
1968 5356 2111 5407 sunt.

532 5429 815 5498 Quomodo
842 5442 1018 5493 autem
1044 5449 1319 5492 sumemus
1342 5476 1361 5506 ,
1402 5443 1458 5494 et
1495 5451 1593 5509 per
1612 5452 1731 5512 quae
1773 5439 1973 5511 copiosi
2012 5440 2115 5501 eri.
2184 5450 2187 5453 '

532 5536 678 5601 mus,
710 5535 835 5598 post
861 5525 979 5587 haec
998 5526 1304 5589 dicendum.

1117 5643 1342 5701 CAPUT
1389 5644 1526 5706 Vill.

938 5735 1022 5793 De
1047 5736 1394 5807 propositione
1428 5741 1709 5799 dialectica.

604 5845 845 5911 Primum
886 5849 1050 5925 igitur
1096 5851 1486 5919 determinetur
1538 5854 1665 5925 quid
1715 5860 1796 5909 est
1822 5854 2113 5933 propositio

2237 1922 2523 1975 trariorum
2545 1918 2911 1986 disciplinam,
2944 1926 2997 1970 ct
3026 1894 3241 1970 sensum
3271 1910 3519 1967 eumdem
3547 1922 3666 1963 esse
3686 1894 3809 1960 cou-

2233 2012 2523 2067 troriorum
2557 2010 2833 2080 probabile
2863 2006 3167 2077 apparebit,
3198 2013 3253 2060 ει
3299 2003 3345 2058 si
3383 2012 3544 2056 unam
3592 2012 3811 2053 numero

2231 2105 2615 2174 grammaticen
2636 2115 2777 2166 esse,
2798 2110 2850 2154 et
2868 2097 3218 2154 tibicinariam
3239 2110 3418 2160 unam;
3439 2094 3480 2146 si
3503 2100 3680 2145 autem
3701 2088 3812 2159 plu-

2233 2210 2320 2251 res
2351 2194 2729 2265 grammaticas
2750 2232 2763 2257 ,
2787 2199 2842 2245 et
2872 2190 3051 2260 plures
3080 2186 3438 2250 tibicinarias,
3465 2180 3643 2238 omnia
3674 2180 3812 2234 enim

2234 2286 2433 2341 similia
2449 2296 2505 2339 et
2532 2294 2756 2354 cognata
2785 2282 2899 2336 inec
2926 2279 3172 2334 videntur
3193 2291 3331 2335 esse.
3362 2274 3612 2330 Similiter
3634 2279 3811 2326 autem

2234 2390 2290 2436 et
2310 2395 2372 2435 ea
2396 2394 2515 2450 quae
2547 2376 2911 2447 probabilibus
2938 2384 3061 2430 sunt
3079 2371 3343 2429 contraria
3372 2365 3661 2427 secundum
3686 2379 3809 2417 con-

2236 2471 2603 2527 tradictionem
2659 2476 2910 2538 protensa
2939 2464 3231 2537 probabilia
3269 2462 3533 2515 videntur.
3584 2457 3640 2512 Si
3666 2455 3809 2511 enim

2156 2574 2161 2579 ‘
2236 2558 2514 2632 probabile
2563 2567 2646 2613 est
2689 2557 2828 2626 quod
2886 2562 3099 2626 oportet
3146 2552 3333 2607 amicis
3384 2549 3727 2611 benefacere,
3761 2553 3811 2603 cl

2232 2652 2375 2721 quod
2408 2666 2514 2706 non
2562 2658 2772 2718 oportet
2803 2647 2989 2702 amicis
3031 2645 3345 2699 malefacere
3380 2638 3656 2711 probabile
3684 2645 3764 2691 est
3796 2651 3813 2700 ;

2233 2751 2317 2799 est
2343 2749 2521 2796 autem
2564 2736 2895 2792 contrarium
2926 2733 3138 2804 quidem
3170 2730 3312 2802 quod
3346 2737 3557 2798 oportet
3598 2725 3811 2779 malefa-

2233 2847 2360 2891 eere
2380 2833 2590 2898 amicis,
2624 2829 2919 2889 secundum
2951 2825 3425 2882 contradicﬁoncm
3477 2831 3651 2874 autem
3676 2817 3813 2888 quod

2235 2940 2342 2983 non
2373 2933 2586 2992 oportet
2628 2922 2816 2977 amicis
2863 2918 3199 2975 malefacere.
3255 2912 3515 2969 Similter
3557 2918 3731 2964 autem
3762 2917 3812 2966 ει

2234 3020 2277 3075 si
2316 3026 2530 3088 oportet
2559 3016 2747 3072 amicis
2788 3011 3139 3075 benefacere,
3172 3008 3404 3062 inimicis
3441 3020 3544 3059 non
3574 3011 3812 3072 Oportet;

2234 3124 2313 3166 εει
2344 3117 2524 3164 autem
2555 3116 2610 3165 et
2641 3107 2741 3161 hoc
2771 3103 3065 3161 secnndum
3096 3099 3575 3157 contradictionem
3607 3103 3812 3150 contra~

2132 3198 2202 3275 AC
2233 3206 2466 3272 riorum,
2514 3216 2635 3259 nam
2666 3202 2995 3255 contrarium
3040 3194 3293 3264 estquod
3336 3199 3551 3263 Oportet
3588 3186 3811 3242 inimicis

2230 3297 2569 3353 benefacere.
2625 3292 2886 3351 S.militer
2915 3299 3095 3345 autem
3139 3298 3194 3343 et
3226 3288 3276 3339 in
3329 3285 3469 3365 aliis.
3532 3280 3811 3335 Probabile

2229 3404 2404 3449 autem
2429 3404 2479 3447 et
2512 3393 2565 3446 in
2588 3387 2933 3444 similitudine
2966 3391 3185 3453 apparet
3211 3381 3370 3435 etiam
3398 3375 3717 3431 contrarium
3740 3370 3807 3425 de

2228 3486 2519 3549 contrario,
2546 3494 2605 3537 ut
2630 3483 2674 3536 si
2703 3488 2915 3550 oportet
2942 3477 3131 3532 amicis
3169 3473 3512 3529 benefacere,
3550 3473 3603 3518 ct
3633 3462 3808 3517 inimi-

2229 3579 2308 3634 cis
2339 3586 2553 3647 oportet
2589 3574 2759 3639 male,
2805 3570 3083 3642 apparebit
3106 3578 3158 3621 ct
3182 3562 3509 3620 contrarium
3537 3556 3640 3613 hoc
3663 3553 3808 3626 quod

2228 3682 2308 3728 est
2338 3670 2526 3731 amicis
2554 3666 2890 3729 benefacere,
2921 3672 2976 3718 et
3004 3660 3141 3730 quod
3175 3656 3403 3712 inimicis
3430 3651 3587 3708 male.
3620 3648 3808 3703 Utrum

2227 3773 2403 3818 autem
2432 3759 2721 3814 secundum
2746 3755 3024 3811 veritatem
3055 3767 3113 3806 se
3138 3750 3363 3812 habeat,
3393 3745 3476 3800 vel
3509 3758 3638 3809 non,
3663 3741 3714 3794 in
3744 3740 3805 3793 iis

2226 3871 2345 3925 quae
2377 3854 2444 3909 de
2470 3852 2740 3908 contrario
2770 3849 3015 3903 dicentur
3057 3844 3387 3898 OrlelldClUI‘.
3422 3839 3603 3892 Palam
3630 3846 3804 3888 autem

2226 3948 2478 4015 quoniam
2510 3959 2564 4001 et
2610 3958 2938 4013 quaecunque
2994 3939 3275 4008 «pinioncs
3322 3933 3612 3991 secundum
3667 3939 3807 3981 artes

2226 4049 2380 4103 sunt,
2409 4036 2704 4093 dialectica:
2734 4033 3130 4104 propositiones
3160 4038 3304 4084 sunt.
3357 4026 3521 4081 Ponet
3544 4023 3683 4078 enim
3712 4019 3807 4072 ali—

2224 4132 2345 4202 quis
2374 4147 2437 4187 ea
2467 4147 2585 4199 qute
2617 4129 2865 4184 videntur
2890 4128 2953 4181 iis
3001 4125 3088 4194 qui
3122 4125 3172 4177 in
3206 4123 3282 4193 eis
3307 4119 3516 4190 probati
3546 4124 3698 4178 sunt,
3750 4119 3806 4165 ut

2226 4227 2293 4281 de
2322 4226 2404 4280 bis
2426 4224 2641 4294 quidem
2665 4239 2782 4291 qum
2814 4221 2867 4275 in
2889 4219 3202 4290 geometria,
3224 4228 3278 4268 ut
3296 4220 3585 4284 geometer,
3610 4208 3675 4263 de
3702 4205 3803 4262 illis

2225 4325 2403 4375 autem
2425 4331 2545 4385 quo:
2576 4314 2628 4368 in
2657 4311 2945 4375 medicina,
2978 4320 3034 4365 nt
3063 4308 3319 4367 tnedicus.

2836 4444 3063 4501 CAPUT
3117 4445 3206 4499 IX.

2327 4538 2399 4593 De
2425 4540 2729 4607 problemate
2765 4539 3032 4592 dialectico
3056 4546 3102 4590 et
3132 4535 3385 4606 positione
3401 4532 3684 4587 dialectica.

2298 4650 2575 4706 Problema
2616 4662 2791 4705 autem
2819 4648 3154 4705 dialecticum
3198 4656 3279 4701 est
3309 4644 3602 4715 speculatio
3634 4642 3805 4696 inten-

2228 4741 2361 4796 dens
2387 4741 2468 4795 vel
2497 4742 2563 4795 ad
2593 4740 2930 4807 electionem,
2979 4747 3032 4791 et
3062 4736 3270 4807 fugam,
3304 4734 3390 4789 vel
3427 4733 3491 4786 ad
3527 4732 3807 4787 veritatem

2228 4844 2281 4888 et
2305 4832 2612 4900 scientiam,
2652 4845 2743 4887 aut
2777 4848 2871 4904 per
2894 4847 2950 4887 se
2972 4871 2985 4898 ,
3015 4839 3105 4883 aut
3132 4837 3187 4882 ut
3208 4826 3595 4881 adminiculans
3619 4823 3685 4878 ad
3708 4823 3807 4877 ali-

2232 4926 2357 4995 quid
2390 4924 2533 4980 aliud
2566 4926 2782 4991 talium,
2827 4924 2892 4978 de
2923 4937 3028 4993 quo
3059 4931 3149 4975 aut
3181 4929 3373 4974 neutro
3401 4918 3561 4972 modo
3582 4915 3808 4985 opinan-

2229 5027 2345 5085 tur,
2373 5029 2462 5072 aut
2492 5019 2759 5071 contrarie
2792 5016 3028 5087 plerique
3060 5010 3393 5083 sapientibus
3415 5051 3429 5076 ,
3481 5019 3570 5062 aut
3598 5008 3807 5076 sapien-

2188 5112 2191 5113 ⁷
2235 5119 2315 5165 tes
2365 5110 2655 5181 plerisque,
2689 5116 2781 5163 aut
2827 5109 3065 5175 utrisque
3100 5104 3257 5158 iidem
3290 5101 3512 5156 eisdem.
3551 5099 3805 5165 Qumdam

2230 5200 2372 5258 enim
2402 5199 2792 5272 problematnm
2824 5200 2950 5254 utile
2979 5208 3061 5253 est
3087 5196 3225 5251 scire
3246 5202 3445 5247 tantum
3479 5192 3805 5261 eligendum.

2228 5297 2310 5352 vel
2343 5294 2645 5367 fugiendum
2669 5334 2683 5358 ,
2735 5305 2788 5348 ut
2822 5305 2997 5348 utrum
3041 5291 3283 5358 voluptas
3328 5289 3397 5341 sit
3426 5287 3667 5355 eligenda
3690 5328 3703 5351 ,
3741 5301 3803 5340 an

2226 5410 2356 5455 non.
2388 5391 2641 5466 Qumdan}
2666 5401 2843 5449 autem
2872 5389 2937 5444 ad
2967 5387 3243 5442 sciendum
3271 5393 3501 5446 tantum,
3549 5391 3605 5436 ut
3631 5390 3806 5436 utrum

2229 5488 2459 5544 mundus
2476 5496 2706 5540 teternus
2733 5484 2839 5549 sit,
2883 5497 2949 5536 an
2978 5496 3105 5535 non.
3132 5476 3385 5547 Qttazdatn
3416 5490 3540 5529 vero
3574 5478 3683 5543 ipsa
3716 5489 3807 5542 per

2227 5597 2286 5637 se
2309 5582 2521 5652 quidem
2548 5578 2613 5657 ad
2643 5587 2891 5636 neutrum
2916 5576 3107 5632 borum
3125 5615 3141 5641 ,
3166 5570 3454 5629 adminicul
3476 5568 3603 5625 intia
3626 5579 3805 5624 autem

2227 5686 2356 5732 sunt
2380 5676 2445 5731 ad
2475 5677 2647 5745 aliqua
2700 5676 2902 5731 talium.
2952 5671 3217 5743 Pleraque
3250 5670 3399 5725 enim
3443 5669 3556 5739 ipsa
3588 5668 3804 5738 quidem

2225 5781 2319 5834 per
2350 5782 2407 5823 se
2431 5783 2533 5822 non
2564 5767 2809 5823 volumus
2841 5778 3196 5835 cognoscere,
3244 5763 3336 5818 sed
3362 5761 3583 5816 aliorum
3609 5758 3801 5829 gratia,

2225 5866 2281 5912 ut
2310 5871 2403 5930 per
2430 5858 2517 5911 illa
2549 5858 2689 5911 aliud
2715 5858 2988 5929 quidpiam
3017 5869 3425 5927 cognoscamus.
3459 5852 3595 5909 Sunt
3624 5862 3799 5917 autem
