4290 6272
469 411 570 468 9i?

470 521 802 594 problemata
842 524 897 573 et
923 515 992 571 de
1026 510 1220 583 quibus
1247 506 1497 570 contrarii
1546 513 1671 559 sunt
1711 497 2040 572 syil0gismi;
2071 496 2124 557 Δ

476 591 863 671 dubitationem
902 607 1045 664 enim
1077 604 1276 658 habent
1315 605 1491 654 utrum
1532 597 1610 652 sic
1647 609 1706 648 se
1743 591 1938 648 habent
1980 604 2046 645 an

476 719 583 765 nou
614 706 712 770 sic,
734 699 1036 770 eoquodde
1066 696 1305 765 utrisque
1331 698 1459 749 sunt
1489 688 1725 746 rationes
1748 680 2044 740 saesibiles.
2091 697 2095 702 '

480 802 548 857 Et
576 801 644 854 de
670 799 864 868 quibus
909 794 1172 850 rationem
1217 802 1322 843 non
1345 784 1606 842 habemus
1624 824 1640 848 ,
1662 794 1786 838 cum
1813 778 1920 833 sint
1942 789 2052 833 ms-

479 909 602 963 gus,
622 890 836 946 difficile
851 887 1175 944 arbitrantes
1195 893 1316 936 esse
1343 884 1562 947 propter
1581 873 1726 943 quod
1753 871 2049 939 assignare,

481 960 538 1040 ut
564 995 738 1040 utrum
776 978 1004 1035 mundus
1037 977 1106 1030 sit
1145 981 1376 1028 mternus
1397 1011 1410 1034 ,
1436 977 1506 1026 an
1533 982 1666 1030 non,
1703 979 1825 1021 nam
1865 960 2052 1030 hujus-

482 1075 623 1132 luedi
652 1083 848 1142 quaret
873 1067 1088 1139 aliquis.
1132 1064 1466 1123 Problemata
1492 1073 1622 1129 ergo
1655 1065 1711 1117 et
1731 1052 2053 1124 propositio-

480 1180 576 1219 nes
631 1163 728 1234 (ut
767 1161 971 1215 dictum
1001 1156 1122 1224 est)
1169 1153 1523 1212 delerminata
1581 1147 1708 1204 sint.
1750 1143 1948 1200 Positio
1975 1149 2056 1197 est

481 1230 664 1326 opinio
700 1249 1038 1306 admirabilis
1091 1245 1316 1313 alicujus
1365 1238 1707 1298 familiarium
1762 1230 2054 1292 secundum

479 1323 897 1419 piliiosoplliam,
919 1337 1140 1409 utquod
1163 1351 1268 1396 non
1290 1343 1375 1393 est
1392 1330 1778 1419 contradicere,
1803 1323 2059 1396 quemad-

480 1417 696 1498 modum
749 1435 882 1492 dixit
935 1431 1314 1489 Antisthenes.
1344 1434 1399 1480 et
1441 1419 1585 1491 quod
1613 1417 1790 1474 omnia
1838 1427 2058 1470 moven-

481 1546 589 1600 tur,
617 1532 911 1590 seclmdum
944 1525 1299 1590 Heraclitum,
1326 1530 1414 1575 aut
1462 1515 1602 1588 quod
1630 1527 1794 1570 unum
1832 1519 1915 1568 est
1939 1522 2056 1577 ens,

483 1624 932 1698 quemadmodum
963 1619 1207 1675 Melissus
1254 1615 1395 1670 dixit
1437 1613 1585 1680 (nam
1623 1607 1695 1698 de
1717 1603 1904 1674 quovis
1927 1615 2060 1656 cou-

482 1693 644 1774 traris
671 1714 1014 1786 opinionibus
1044 1708 1354 1780 proferente
1399 1716 1583 1758 curam
1615 1697 1812 1754 habere
1839 1693 2059 1749 stultum

483 1811 586 1878 est)
610 1850 626 1876 ,
669 1818 760 1864 aut
795 1809 861 1861 de
889 1805 1081 1876 quibus
1119 1801 1416 1856 orationem
1444 1794 1701 1850 habemus
1737 1788 2058 1844 contrariam

482 1900 842 1971 opinionibus,
867 1906 929 1952 ut
956 1895 1208 1966 quoniam
1232 1906 1337 1948 nou
1370 1902 1529 1945 omne
1553 1884 1694 1956 quod
1723 1891 1840 1947 est,
1864 1879 1949 1934 vel
1982 1878 2061 1971 fa-

477 1969 622 2049 ctum
651 2000 753 2055 est,
785 1988 870 2045 vel
900 1997 1158 2042 aeternum
1176 2023 1191 2050 ,
1231 1977 1678 2052 quemadmodum
1704 1970 1961 2041 sopbistas
1981 1969 2059 2026 di-

483 2093 629 2142 cunt.
680 2085 811 2138 Nam
841 2082 1126 2145 musicum,
1151 2075 1557 2149 grammaticum
1587 2083 1732 2136 esse,
1781 2079 1955 2136 neque
1983 2063 2060 2120 fa-

485 2189 652 2246 ctum,
671 2191 844 2247 neque
863 2189 985 2232 esse
1011 2183 1290 2229 aeternum.
1320 2170 1430 2225 Hoc
1457 2167 1600 2224 enim
1627 2173 1681 2220 et
1710 2159 1929 2219 sialicui
1952 2173 2060 2214 non

484 2269 747 2332 videatur,
779 2263 1044 2322 videbitur
1072 2263 1254 2331 utique
1281 2274 1348 2314 eo
1387 2256 1528 2326 quod
1581 2254 1840 2309 rationem
1870 2247 2062 2304 habeat

485 2361 812 2417 suasibilem.
869 2359 964 2415 Est
1000 2355 1160 2426 igitur
1205 2364 1258 2409 et
1289 2351 1481 2421 positio
1519 2348 1734 2419 quidem
1766 2344 2059 2412 problems,

482 2469 584 2510 non
613 2461 790 2507 autem
814 2464 974 2507 omne
1003 2446 1283 2515 problems
1311 2441 1528 2511 positio,
1557 2451 1623 2494 eo
1648 2433 1788 2505 quod
1815 2430 2060 2502 quaedam

486 2537 870 2615 problemalum
895 2539 1019 2595 talia
1049 2544 1194 2598 sunt.
1229 2535 1297 2592 de
1329 2532 1523 2602 quibus
1547 2538 1736 2584 neutro
1765 2523 1928 2582 modo
1949 2521 2064 2590 opi-

488 2613 694 2692 ualnur.
742 2633 896 2702 Quod
922 2641 1098 2686 autem
1128 2637 1210 2684 est
1241 2635 1294 2682 et
1325 2623 1516 2693 positio
1541 2620 1816 2691 probiema
1839 2613 2064 2674 manife-

491 2740 632 2786 stum
681 2736 766 2783 est
798 2745 813 2781 :
847 2739 1065 2782 necesse
1117 2731 1200 2780 est
1242 2719 1384 2775 enim
1426 2733 1488 2774 ex
1525 2716 1588 2770 iis
1620 2728 1738 2783 qua:
1757 2712 1895 2774 dicta
1921 2717 2062 2774 sunt,

491 2833 583 2877 aut
636 2821 814 2889 plures
862 2815 1191 2887 sapientibus
1237 2811 1382 2868 circa
1429 2807 1747 2878 positionem
1798 2802 2062 2864 dubitare,

491 2923 582 2970 aut
621 2910 901 2967 ulroslibet
940 2908 1176 2970 sibimet.
1233 2919 1298 2961 eo
1328 2902 1470 2973 quod
1496 2899 1676 2970 opinio
1703 2896 1944 2966 quaedam
1973 2892 2066 2950 ad-

494 3005 733 3064 miranda
770 3002 962 3073 positio
997 3010 1098 3056 est.
1131 2999 1278 3056 Pene
1316 3005 1492 3052 autem
1525 3007 1666 3049 nunc
1699 2989 1875 3046 omnia
1904 2987 2067 3043 diale-

493 3100 628 3155 ctica
654 3095 983 3166 problemata
1014 3091 1304 3160 positiones
1332 3097 1607 3144 vocantur.
1644 3083 1861 3140 Differat
1887 3089 2065 3135 autem

495 3189 623 3246 nihil
659 3183 1059 3257 quomodolibet
1088 3182 1287 3236 dictum
1327 3198 1337 3232 :
1369 3193 1474 3236 non
1509 3177 1652 3232 enim
1693 3188 1887 3228 nomen
1913 3171 2066 3226 effin-

491 3294 618 3350 gere
649 3240 890 3334 v‘olentes
935 3273 1211 3333 divisimus
1258 3271 1336 3324 sic.
1382 3284 1446 3326 ea
1468 3308 1484 3334 ,
1511 3266 1603 3325 sed
1631 3274 1686 3324 ut
1731 3279 1836 3322 non
1865 3263 2067 3318 lateant
2093 3240 2143 3312 (ἶ

493 3387 611 3438 nos,
635 3385 755 3426 cum
773 3367 1014 3439 quaedam
1044 3378 1228 3420 eorum
1257 3369 1380 3420 sunt
1403 3358 1735 3416 differentiae.
1767 3355 1882 3412 Non
1909 3368 2067 3423 opor-

493 3473 568 3520 tet
606 3471 782 3517 autem
813 3473 973 3518 amne
998 3457 1299 3528 problems,
1351 3467 1452 3510 nec
1499 3464 1709 3506 omnem
1747 3446 2068 3518 positionem

493 3555 855 3619 considerare,
893 3549 986 3608 sed
1017 3563 1177 3619 quam
1209 3544 1466 3604 dubitabit
1495 3542 1686 3618 aliquis
1723 3554 1930 3604 eorum,
1980 3537 2071 3606 qui

495 3649 701 3705 ratione
731 3653 907 3716 egent,
940 3651 993 3701 et
1020 3657 1125 3700 non
1166 3654 1319 3710 plena
1363 3637 1448 3692 vel
1492 3650 1671 3692 sensu.
1704 3633 1834 3688 Nam
1862 3631 1950 3700 qui
1975 3631 2072 3688 du-

497 3741 666 3796 bitant
691 3749 866 3796 utrum
897 3744 1139 3806 oporteat
1157 3733 1291 3790 deos
1321 3731 1607 3795 honorare,
1639 3736 1694 3782 et
1717 3733 1964 3797 parentes
1987 3725 2069 3780 di-

498 3835 694 3903 ligere,
724 3847 790 3890 n
818 3846 922 3887 non
948 3870 963 3894 ,
1002 3842 1158 3898 plena
1189 3825 1455 3894 indigent;
1505 3822 1593 3892 qui
1622 3835 1749 3876 vero
1777 3828 1952 3874 utrum
1983 3818 2074 3873 nix

501 3929 616 3981 alba
640 3941 704 3978 an
729 3940 867 3989 non,
907 3937 1086 3977 sensu.
1143 3919 1322 3988 Neque
1360 3930 1490 3972 vero
1519 3928 1746 3985 quorum
1779 3910 2074 3982 propinqua

503 4027 586 4073 est
616 4015 1002 4071 demonstratio
1023 4053 1039 4079 ,
1071 4025 1244 4081 neque
1272 4023 1496 4081 quorum
1521 4005 1672 4064 valde
1699 4005 1854 4072 longe
1881 4019 1897 4057 τ
1953 4015 2075 4056 nam

503 4109 592 4164 illa
649 4106 864 4178 quidem
921 4119 1024 4159 non
1071 4104 1268 4158 habent
1289 4100 1706 4160 dubitationem,
1738 4095 1854 4152 haec
1897 4099 2075 4150 autem

504 4201 667 4271 magis
695 4213 852 4271 quam
882 4195 1178 4256 secundum
1203 4192 1508 4251 facultatem
1549 4184 1966 4246 exercitativam.

1139 4386 1363 4445 CAPUT
1399 4385 1470 4443 Χ.

547 4528 621 4585 De
687 4529 945 4599 speciebus
1005 4526 1335 4648 disserendi”
1385 4523 1755 4593 dialecticisque
1819 4519 2050 4588 disputa-

1229 4611 1380 4648 τοηισ.

1229 4611 1380 4650 τοηισ.

579 4755 951 4810 Determlnatis
974 4762 1152 4808 autem
1177 4753 1281 4821 bis,
1313 4760 1526 4820 oportet
1555 4748 1792 4806 dividere
1820 4757 1952 4818 qltot
1967 4747 2081 4802 dia-

509 4847 815 4901 lecticarum
857 4845 1275 4913 disputationum
1327 4849 1450 4896 sunt
1496 4840 1724 4908 species.
1760 4839 1856 4893 Est
1903 4846 2080 4893 autem

507 4940 744 4995 inductio
765 4938 980 5008 quidem
1012 4938 1148 5004 hmo,
1173 4937 1261 4993 illa
1291 4944 1468 4992 autem
1499 4933 1858 5006 syllogismus.
1893 4931 2083 5002 Etsyl-

509 5031 763 5100 ioglsmus
801 5029 1014 5100 quidem
1056 5028 1184 5100 quid
1233 5037 1335 5093 est,
1363 5026 1563 5082 dictum
1594 5033 1678 5081 est
1725 5025 1892 5094 prius.
1927 5023 2082 5079 Indu-

506 5124 616 5179 etio
643 5137 772 5178 vero
797 5131 880 5177 est
904 5136 934 5174 a
972 5121 1337 5193 singularibus
1375 5119 1441 5174 ad
1474 5117 1794 5174 universalia
1823 5116 2081 5181 accessio,

508 5215 628 5268 utsi
655 5222 739 5268 est
759 5212 1086 5282 gubernator
1117 5211 1378 5276 eruditus,
1412 5210 1668 5278 optimus,
1717 5217 1772 5264 et
1797 5206 2000 5276 uriga,
2031 5212 2088 5260 et

507 5310 681 5361 omnis
718 5305 807 5374 qui
839 5312 922 5358 est
949 5303 1191 5358 eruditus
1237 5303 1290 5356 in
1331 5314 1672 5370 unoquoque,
1715 5297 1969 5366 optimus.
1995 5296 2089 5351 Est

509 5411 685 5454 autem
717 5397 952 5452 inductio
976 5396 1342 5459 verisimiiior,
1373 5407 1424 5450 et
1453 5393 1668 5457 clarior,
1703 5397 1757 5445 et
1795 5387 2085 5445 secundum

511 5503 728 5542 sensum
771 5487 971 5552 netior,
1015 5497 1066 5543 et
1111 5487 1347 5557 pluribus
1376 5483 1702 5544 communis;
1752 5482 2088 5554 syllogismus

515 5589 690 5633 autem
742 5578 1026 5643 valentior,
1085 5588 1139 5633 et
1181 5579 1246 5633 ad
1308 5577 1736 5633 contradicentes
1797 5574 2079 5629 efﬁcacior.

483 5670 658 5740 Ergo
704 5682 903 5740 genera
946 5669 1014 5725 de
1060 5669 1251 5740 quibus
1296 5666 1721 5737 disputationes,
1765 5675 1822 5721 et
1865 5680 1932 5720 ex
1973 5666 2088 5734 qui-

515 5766 648 5830 bus,
679 5763 1130 5833 quemadmodum
1171 5772 1292 5818 ante
1344 5760 1540 5818 dictum
1586 5769 1686 5826 est,
1738 5760 2088 5819 detertninata

514 5861 641 5918 sint.

1355 387 1741 450 TOPICORUM
1780 375 2227 445 ARISTOTELIS
2264 372 2838 438 INTERPRETATIO.

3629 353 3733 408 913

2763 482 2989 542 CAPUT
3029 479 3121 540 XI.

2153 583 2236 639 De
2267 548 2616 638 instrumentis
2661 580 2840 647 quibus
2890 576 3306 648 syllogismorum
3343 564 3542 641 rapiam
3589 553 3733 624 nobis

2508 651 2575 704 ad
2607 646 2950 704 disserendum
2979 646 3383 718 suppeditamtts.

2228 770 2584 821 Instrumenta
2613 771 2791 818 autem
2826 774 2919 829 per
2945 772 3062 828 quae
3109 755 3440 812 abundamus
3484 751 3741 821 syllogis-

2157 858 2260 916 mis
2288 865 2413 912 sunt
2451 863 2703 925 quatuor.
2741 852 2914 907 Unum
2945 849 3157 920 quidem
3178 887 3193 913 ,
3225 846 3612 917 propositiones
3641 858 3735 900 su-
3798 861 3811 875 ’

2159 964 2328 1007 mere.
2359 946 2667 1005 Secundum
2690 955 2893 1010 autem.
2916 943 3292 1014 quotupliciter
3321 937 3737 1008 unumquodque

2159 1040 2356 1098 dicitur
2389 1053 2548 1110 posse
2575 1008 2949 1106 distinguere.-
2979 1008 3242 1100 Tertium,
3293 1029 3618 1086 differentias
3657 1028 3739 1082 in-
3809 1008 3823 1033 ¹

2160 1133 2364 1188 venire.
2417 1131 2677 1198 Quartum
2729 1105 2929 1193 autem,
2961 1122 3328 1180 similitudinis
3356 1105 3756 1176 consideratio.’

2162 1223 2300 1280 Sunt
2326 1232 2502 1278 autem
2525 1230 2581 1278 et
2621 1219 2781 1278 modo
2809 1217 3043 1288 quodam
3072 1214 3234 1270 etiam
3257 1212 3354 1267 tria
3392 1213 3580 1266 borum
3618 1221 3740 1278 pro-

2165 1316 2480 1384 positiones.
2519 1314 2613 1368 Est
2641 1313 2782 1367 enim
2817 1307 3235 1380 unumquodque
3275 1321 3458 1361 eorum
3497 1302 3740 1373 proposi-

2165 1406 2364 1460 tionem
2398 1405 2595 1469 facere,
2627 1413 2683 1457 ut
2709 1402 2849 1471 quod
2880 1399 3183 1469 eligendum
3212 1407 3293 1450 est
3325 1398 3630 1457 honestum,
3653 1392 3741 1448 vel

2163 1494 2502 1563 delectabile,
2537 1495 2619 1550 vel
2653 1493 2801 1557 utile,
2843 1499 2899 1548 et
2927 1489 3070 1559 quod
3108 1487 3289 1548 dili‘ert
3317 1501 3508 1541 sensus
3529 1499 3558 1538 a
3583 1482 3743 1538 disci-

2165 1589 2330 1658 plina,
2361 1602 2426 1643 eo
2450 1586 2594 1656 quod
2625 1585 2889 1640 amittenti
2931 1597 3049 1638 eam
3095 1579 3354 1649 possibile
3404 1586 3490 1634 est
3527 1589 3746 1632 rursum

2165 1692 2396 1739 sumere.
2421 1677 2568 1736 illum
2594 1685 2770 1732 autem
2803 1670 3152 1742 impossibile.
3184 1669 3251 1724 Et
3277 1667 3527 1738 quoniam
3551 1663 3744 1724 simili»-

2165 1781 2248 1829 tet'
2275 1787 2332 1829 se
2363 1771 2520 1828 liabet
2545 1770 2759 1828 salubre
2787 1768 2853 1825 ad
2876 1768 3178 1829 sanitatem,
3195 1772 3249 1818 et
3266 1761 3444 1820 babiie
3464 1760 3528 1818 ad
3551 1760 3744 1814 bonam

2089 1872 2140 1934 Β
2168 1863 2554 1922 habitudinem.
2580 1861 2675 1919 Est
2700 1871 2877 1918 autem
2907 1861 3077 1928 prima
3098 1853 3394 1927 prepositio
3418 1851 3485 1908 ab
3531 1849 3597 1909 iis
3626 1862 3744 1918 quae

2167 1954 2530 2025 multipliciter
2558 1953 2829 2020 dicuntur,
2865 1950 3098 2008 secunda
3143 1964 3172 2008 a
3215 1943 3553 2011 differentiis.
3588 1941 3770 2014 tertia,

2167 2063 2298 2109 vero
2319 2063 2352 2103 a
2381 2045 2668 2105 similibus.

2771 2181 2994 2239 CAPUT
3037 2181 3146 2235 XII.

2541 2275 2618 2332 De
2644 2277 2928 2348 sumptione
2947 2274 3366 2346 propast'tiouttm.

2240 2374 2378 2444 Ergo
2423 2369 2816 2443 prepositiones
2866 2366 3080 2439 quidem
3128 2364 3428 2435 eligendum
3476 2366 3741 2434 quotquot

2167 2465 2339 2520 modis
2386 2461 2798 2518 determinatam
2845 2467 2926 2513 est
2968 2458 3018 2512 in
3052 2454 3436 2528 propositione,
3491 2461 3582 2508 aut
3619 2465 3741 2506 om-

2140 2559 2312 2614 .lllum
2345 2555 2622 2630 opiniones
2651 2550 2996 2624 proponenti,
3029 2557 3118 2603 aut
3158 2545 3384 2618 plurium
3410 2553 3500 2600 aut
3527 2545 3742 2614 sapien-

2169 2661 2302 2716 tum,
2335 2657 2391 2704 et
2420 2648 2607 2701 ilorum
2633 2644 2719 2699 vel
2748 2641 3007 2709 omnium,
3032 2640 3117 2695 vei
3145 2638 3515 2709 plurimorum,
3544 2635 3629 2690 vel
3652 2627 3746 2688 uo.

2169 2742 2520 2797 tissimorum.
2550 2738 2656 2792 Aut
2698 2733 2859 2790 etiam
2909 2732 3205 2788 contrarias
3247 2727 3656 2800 apparentibus,
3694 2735 3749 2780 et

2169 2847 2498 2904 quaecunque
2519 2829 2799 2900 Opiniones
2823 2825 3114 2881 secundum
3143 2837 3310 2878 artem
3337 2830 3488 2885 sunt;
3515 2829 3570 2874 at
3593 2832 3749 2887 opor-

2169 2936 2246 2982 tet
2274 2924 2592 2996 protendere
2615 2922 2911 2976 contrarias
2943 2918 3324 2990 apparentibus
3355 2912 3744 2982 probabilibus,

2170 3018 2460 3074 secundum
2493 3012 2995 3073 contradictionem,
3049 3005 3500 3078 quemadmodum
3545 3003 3750 3056 dictum

2171 3118 2254 3164 cst
2284 3108 2450 3179 prius.
2488 3105 2627 3160 Utile
2655 3113 2832 3157 autem
2861 3109 2912 3155 et
2940 3099 3114 3154 facere
3142 3113 3233 3151 eas
3263 3097 3315 3150 in
3360 3094 3608 3164 eligendo
3641 3093 3752 3146 non

2173 3201 2347 3255 solun
2397 3213 2514 3268 qua:
2543 3203 2665 3249 sunt
2705 3192 3035 3264 probabiles,
3069 3188 3164 3245 sed
3195 3198 3249 3243 et
3295 3185 3498 3242 similes
3545 3184 3642 3249 eis,
3694 3193 3751 3239 ut

2173 3293 2311 3365 quod
2341 3288 2728 3347 contrariorum
2760 3287 2900 3342 idem
2932 3288 3011 3340 est
3031 3295 3241 3346 sensus,
3291 3295 3412 3334 nam
3440 3288 3487 3334 et
3531 3277 3753 3334 scientia

2171 3384 2557 3441 contrariorum
2589 3390 2668 3437 est
2696 3379 2902 3436 eadem.
2938 3379 3003 3432 Et
3030 3375 3171 3449 quod
3201 3375 3441 3430 videmus
3461 3371 3754 3441 suscipien-

2174 3487 2256 3534 tes
2297 3475 2516 3552 aliquid,
2547 3489 2652 3528 non
2685 3473 3014 3535 emittentes,
3053 3482 3174 3522 nam
3209 3475 3261 3520 et
3289 3465 3340 3519 ill
3363 3463 3482 3518 aliis
3510 3459 3755 3517 sensibus

2174 3570 2253 3623 sic
2296 3576 2399 3633 est,
2452 3580 2573 3620 nam
2615 3571 2670 3618 et
2715 3561 2959 3616 audimus
2994 3556 3346 3627 suscipientes
3377 3552 3596 3623 aliquid,
3649 3563 3757 3604 non
3820 3559 3826 3564 '

2175 3658 2502 3720 amittentes,
2535 3664 2590 3711 et
2618 3653 2900 3709 olfacimus
2931 3651 3122 3707 eodem
3155 3647 3337 3712 modo,
3387 3644 3636 3701 similiter
3664 3656 3757 3695 au-

2179 3757 2284 3802 tem
2315 3756 2368 3802 et
2395 3747 2446 3801 in
2475 3745 2613 3800 aliis.
2648 3743 2890 3813 Amplius
2917 3757 2929 3794 :
2957 3750 3286 3810 quaecunque
3313 3734 3367 3790 in
3395 3732 3644 3788 omnibus
3670 3729 3756 3786 vel

2180 3838 2423 3909 plurimis
2460 3836 2733 3901 videntur,
2770 3829 3089 3888 sumendum
3122 3837 3180 3882 ut
3209 3826 3530 3896 principium
3577 3832 3631 3879 et
3657 3836 3756 3892 ap-

2179 3937 2457 4000 parentem
2488 3928 2830 3998 positionem,
2878 3935 3002 3976 nam
3049 3927 3252 3988 ponunt
3281 3919 3368 3986 qui
3398 3933 3512 3972 non.
3541 3913 3758 3982 conspio

2181 4025 2349 4090 ciunt,
2379 4021 2432 4075 in
2459 4020 2635 4088 aliquo
2663 4031 2768 4070 non
2798 4016 2875 4070 sic
2903 4011 3084 4065 habet.
3112 4011 3321 4078 Eligere
3349 4018 3524 4064 autem
3549 4013 3760 4076 oportet

2182 4121 2237 4165 ct
2275 4126 2342 4166 ex
2371 4109 2583 4176 scriptis
2613 4099 3118 4176 disceptationibus.
3149 4098 3548 4166 Descriptiones
3577 4105 3756 4150 autem

2179 4204 2360 4258 facere
2405 4202 2457 4255 in
2503 4209 2824 4268 unoquoque
2874 4206 3072 4264 genere
3121 4198 3483 4260 supponentes
3508 4197 3763 4242 seorsum

2187 4297 2269 4367 (ut
2299 4295 2364 4350 de
2394 4293 2556 4357 bono,
2590 4296 2683 4344 aut
2710 4287 2776 4343 de
2820 4282 3059 4350 animali,
3101 4290 3155 4337 et
3179 4281 3245 4335 de
3267 4280 3407 4335 bono
3429 4277 3598 4345 omni)
3628 4274 3762 4330 incl-

2184 4389 2420 4460 pientem
2449 4400 2478 4439 a
2506 4382 2634 4455 quid
2668 4388 2770 4436 est.
2806 4377 3077 4434 Aduotare
3124 4381 3300 4428 autem
3331 4379 3384 4426 et
3425 4366 3764 4438 singulorum

3779 677 3794 719 ι

3775 2148 3816 2227 J

2185 4458 2486 4551 opiniones,
2530 4487 2587 4532 ut
2633 4473 2774 4546 quod
2807 4468 3163 4541 Empedocles
3211 4475 3442 4536 quatuor
3470 4461 3604 4517 dixit
3649 4458 3762 4514 ele~
3799 4481 3805 4511 :

2189 4549 2366 4628 menta
2399 4583 2686 4640 corporum
2732 4579 2871 4620 esse.
2906 4563 3075 4616 Ponet
3115 4559 3260 4612 enim
3291 4555 3484 4627 aliquis
3526 4550 3666 4623 quod
3695 4549 3768 4604 ab

2107 4618 2163 4686 Β
2189 4665 2368 4733 aliquo
2394 4618 2619 4732 probato
2653 4658 2852 4711 dictum
2895 4659 2995 4706 est.
3048 4618 3498 4717 mutantem-(ut
3533 4618 3784 4713 figur’allg

2193 4765 2275 4810 ter
2327 4754 2396 4808 sit
2439 4747 2756 4820 complecti)
2807 4741 3228 4815 propositionum
3277 4747 3332 4794 et
3376 4735 3768 4808 problematum

2189 4855 2373 4917 partes
2403 4853 2548 4908 tres;
2601 4856 2722 4897 nam
2771 4839 2888 4893 alim
2940 4843 3063 4891 sunt
3090 4834 3320 4890 moraies
3348 4829 3767 4903 propositiones.

2191 4915 2311 4992 alia:
2354 4934 2643 5001 naturales,
2677 4932 2796 4986 aliae
2822 4927 3125 4985 rationales.
3156 4925 3384 4981 Marcios
3422 4922 3635 4994 quidem
3665 4915 3796 4976 hu?

2192 5027 2445 5100 jllsmodi,
2479 5034 2536 5080 ut
2561 5033 2743 5079 utrum
2771 5027 3016 5091 oporteat
3043 5016 3349 5089 parentibus
3377 5015 3550 5084 magis
3589 5025 3659 5065 an
3688 5009 3768 5066 is-

2193 5119 2350 5188 gibus
2378 5116 2631 5181 obedire,
2686 5116 2730 5170 si
2780 5111 3116 5168 dissentiant.
3149 5105 3461 5162 Rationales
3510 5116 3662 5167 vero,
3710 5109 3775 5155 ιιι

2195 5220 2371 5265 utrum
2401 5209 2788 5264 contrariorum
2817 5203 3002 5259 eadem
3033 5198 3344 5268 disciplina,
3385 5210 3452 5249 an
3501 5208 3631 5249 non.
3660 5189 3791 5274 Νι-Γ

2197 5302 2395 5355 turaies
2425 5309 2623 5362 autem,
2655 5305 2714 5352 ut
2737 5304 2914 5352 utrum
2945 5288 3176 5346 mundus
3199 5288 3270 5341 sit
3292 5294 3548 5352 aeternus,
3577 5288 3784 5337 necne.”

2198 5390 2452 5445 Similiter
2483 5398 2657 5443 autem
2691 5393 2746 5440 et
2791 5381 3140 5452 problemata.
3172 5377 3242 5431 At
3280 5389 3410 5430 vero
3446 5373 3633 5444 quales
3665 5371 3775 5426 sint

2199 5482 2418 5554 singular
2444 5495 2627 5536 earum
2660 5491 2777 5545 qua:
2807 5474 3147 5534 dictis-sunt,
3200 5467 3511 5524 definitione
3548 5462 3773 5534 quidem

2196 5590 2300 5629 non
2323 5573 2476 5627 facile
2505 5569 2889 5641 assignareest
2916 5564 2982 5618 de
3009 5563 3158 5631 ipsis.
3197 5561 3289 5615 Est
3319 5567 3493 5616 autem
3524 5571 3590 5611 ea
3627 5554 3772 5626 (quas

2197 5680 2291 5735 per
2336 5660 2699 5716 inductionem
2749 5656 2852 5725 est)
2904 5652 3250 5708 assuetudine
3303 5649 3617 5704 tentandum
3674 5659 3769 5699 co-

2199 5769 2458 5828 gnoscere
2488 5765 2917 5823 unamquamque
2960 5763 3166 5812 earum,
3197 5743 3492 5801 secundum
3523 5740 3774 5812 pradicta

2190 5848 2445 5922 exempla
2491 5848 2870 5929 consideranti.
2900 5845 2979 5928 Ad
3021 5842 3420 5922 philosophiam
3449 5838 3612 5920 igitur
3675 5827 3772 5912 se.
