4290 6272
530 346 630 403 919

1739 347 1846 401 ΑΝ.
1892 338 2099 399 MANL.
2141 335 2295 395 ξεν.
2341 338 2560 396 ΒΟΕΤΙΙ

3701 339 3804 393 9‘20

532 462 767 520 cundum
812 460 1088 515 veritatem
1129 446 1197 513 de
1244 456 1326 512 his
1376 460 1777 526 negotiandum,
1832 458 2115 513 dialectico
2144 449 2202 512 λ
2226 452 2563 522 corporalem
2590 461 2792 520 actum,
2822 451 2993 519 nihil;
3026 451 3369 508 manifestum
3394 464 3525 522 ergo
3553 452 3801 521 quoniam

534 565 719 611 autem
758 545 917 606 modo
953 549 1018 604 ad
1061 548 1392 619 opinionem.
1426 552 1714 606 Sumenda:
1738 558 1915 606 autem
1956 562 2116 621 quam

2224 555 2411 599 amare
2442 543 2798 614 equivocum.
2834 544 3102 599 Przeterea
3132 543 3187 597 in
3211 541 3424 598 mediis.
3454 539 3512 597 Si
3543 541 3667 598 huic
3687 544 3809 613 qui-

534 644 769 701 maxime
798 640 1133 698 universales
1160 643 1557 713 propositiones
1585 658 1797 710 omnes,
1829 651 1881 697 et
1911 657 2014 697 una
2042 640 2119 696 fa-
2158 646 2167 655 ‘
2222 639 2345 695 dem
2384 648 2468 695 est
2510 639 2720 711 aliquid
2765 638 3039 707 medium,
3083 637 3161 693 illi
3211 645 3389 692 autem
3429 633 3599 701 nihil,
3630 644 3720 690 aut
3762 635 3809 691 si

536 738 723 792 cienda
744 734 947 804 multae,
970 743 1029 789 ut
1053 735 1194 804 quod
1214 735 1582 805 oppositorum
1605 734 1792 790 eadem
1816 733 2117 801 disciplina,

536 825 730 880 deinde
757 824 897 893 quod
921 826 1314 880 contrariorum
1335 833 1389 880 et
1412 825 1553 895 quod
1578 825 1644 880 ad
1666 825 1887 894 aliquid.
1915 824 2118 879 Eodem

536 919 700 973 nodo
725 930 779 973 et
826 919 957 989 ipsae
986 933 1201 974 rursum
1231 918 1553 982 dividendae,
1588 932 1866 988 quousque
1905 917 2120 972 contin-

538 1026 667 1081 gere
706 1020 882 1081 potest
922 1011 1135 1077 divisio,
1165 1010 1393 1080 utquod
1437 1010 1583 1075 boni,
1633 1019 1687 1064 et
1733 1009 1883 1073 mali,
1914 1017 1968 1063 et
1992 1008 2122 1074 albi,

539 1115 595 1158 et
650 1105 827 1174 nigri,
887 1112 943 1159 et
1000 1102 1215 1174 frigidi,
1288 1111 1343 1157 et
1390 1101 1592 1168 calidi;
1647 1102 1895 1156 similiter
1937 1108 2123 1155 autem

540 1204 594 1249 et
626 1195 679 1249 in
710 1194 852 1249 aliis.
889 1193 963 1250 De
1009 1193 1463 1263 propositionibus
1483 1193 1655 1264 igitur
1684 1192 1953 1249 sufﬁciant
1990 1206 2127 1262 prte-

528 1286 701 1342 dicta.

1133 1374 1362 1431 CAPUT
1399 1374 1538 1430 Xlll.

953 1466 1031 1521 De
1060 1468 1355 1537 multiplicis
1376 1468 1719 1524 distinctione.

613 1558 789 1627 ipsum
820 1568 998 1612 autem
1028 1558 1407 1628 quotupliciter
1458 1559 1839 1629 negotiandum
1868 1568 1971 1626 est,
2020 1574 2125 1616 non

541 1652 714 1705 solum
738 1664 1074 1719 quaecunque
1099 1649 1356 1704 dicuntur
1379 1638 1674 1705 secundum
1698 1649 1861 1706 alium
1883 1651 2127 1719 modum,

541 1740 640 1795 sed
672 1748 728 1795 et
754 1740 995 1795 rationes
1038 1754 1225 1795 eorum
1268 1740 1582 1795 tentandum
1610 1742 1908 1811 assignare,
1935 1749 1991 1797 ut
2020 1755 2126 1797 non

2224 734 2463 816 utrisque
2510 735 2729 805 quidem
2776 743 2881 799 est.
2915 748 3021 787 non
3076 731 3216 787 idem
3265 742 3468 792 autem.
3502 737 3564 784 ut
3600 729 3731 783 clari
3759 737 3814 785 et

2224 826 2483 893 obscuri;
2510 827 2563 881 in
2593 825 2867 882 coloribus
2898 823 3128 896 quidem
3170 821 3370 892 aliquid
3418 829 3504 877 est
3543 820 3811 885 medium,

2227 917 2457 987 fuscum,
2513 918 2567 974 in
2616 933 2745 975 voce
2786 928 2968 974 autem
3022 916 3191 982 nihil,
3251 921 3347 969 aut
3397 913 3446 968 si
3500 912 3641 970 forte
3694 929 3817 969 rau-

2228 1030 2351 1080 cum
2369 1054 2385 1080 ,
2428 1013 2875 1084 quemadmodum
2920 1010 3141 1083 quidam
3170 1008 3355 1064 dicunt
3379 1021 3598 1063 raucam
3626 1021 3815 1064 vocem

2232 1104 2467 1161 medium
2524 1118 2693 1160 esse:
2734 1116 2903 1173 quare
2954 1101 3289 1170 :equivocum
3341 1097 3585 1165 clarum,
3626 1096 3816 1153 simili-

2232 1203 2317 1249 ter
2371 1201 2429 1251 et
2466 1194 2772 1249 obscurum.
2823 1193 3048 1262 Insuper
3084 1189 3132 1246 si
3175 1190 3366 1244 horum
3413 1189 3629 1259 quidem
3650 1189 3811 1259 plura

2234 1287 2438 1355 media,
2464 1287 2676 1341 illorum
2708 1294 2886 1342 autem
2922 1299 3107 1349 unum,
3140 1292 3200 1339 ut
3223 1284 3278 1340 in
3312 1284 3459 1340 claro
3481 1292 3539 1342 et
3560 1284 3812 1341 obscuro.

2235 1378 2369 1433 Nam
2395 1378 2447 1433 in
2479 1377 2751 1433 coloribus
2772 1376 2927 1448 plura
2955 1375 3153 1443 media,
3184 1376 3239 1431 in
3261 1386 3395 1431 voce
3422 1384 3599 1432 autem
3629 1392 3816 1442 unum,

2188 1544 2193 1550 δ
2232 1484 2479 1526 raucum.
2506 1468 2737 1523 Rursum
2772 1468 2823 1522 in
2855 1482 2920 1523 eo
2948 1466 3092 1537 quod
3123 1466 3419 1521 secundum
3446 1465 3821 1522 contradictio.

2235 1575 2356 1616 nem
2388 1560 2701 1629 opponitur,
2729 1558 3179 1614 considerandum
3217 1559 3261 1611 si
3291 1556 3660 1626 multipliciter
3686 1556 3821 1612 dici-

2235 1661 2344 1707 tur.
2378 1652 2510 1706 Nam
2552 1651 2598 1705 si
2632 1650 2734 1706 hoc
2765 1649 3137 1719 multipliciter
3184 1648 3403 1715 dicitur,
3432 1655 3489 1705 et
3523 1648 3663 1719 quod
3700 1649 3822 1704 huic

2234 1746 2527 1817 opponitur
2557 1742 2924 1812 multipliciter
2952 1743 3186 1798 dicetur.
3220 1742 3292 1797 Ut
3320 1757 3429 1797 non
3474 1741 3658 1797 videre
3686 1741 3823 1797 mul-

540 1831 717 1886 solum
743 1832 884 1901 quod
909 1832 1110 1887 bonum
1132 1832 1238 1888 alio
1261 1831 1476 1902 quidem
1510 1834 1670 1888 modo
1690 1834 1893 1890 dicitur
1915 1835 2125 1905 justitia
2152 1824 2204 1886 Β
2233 1836 2486 1907 tipliciter
2524 1836 2757 1903 dicitur,
2792 1850 2953 1890 unum
2984 1834 3199 1905 quidem
3244 1848 3350 1889 non
3383 1834 3579 1889 habere
3615 1834 3818 1899 visum,

540 1931 598 1979 et
646 1924 922 1993 fortitudo,
974 1925 1150 1979 habile
1178 1935 1357 1980 autem
1407 1934 1461 1980 et
1488 1926 1724 1992 salubre,
1777 1927 1872 1981 sed
1903 1928 2045 1997 quod
2076 1937 2131 1983 et

542 2017 637 2073 illa
665 2018 877 2087 quidem
904 2033 969 2073 eo
1014 2019 1157 2087 quod
1188 2020 1300 2088 ipsa
1330 2018 1505 2087 qualia
1547 2018 1792 2088 quaedam
1838 2029 1984 2087 sunt,
2017 2020 2131 2075 haec

547 2116 724 2163 autem
773 2124 838 2163 eo
867 2109 1009 2177 quod
1061 2110 1305 2173 efl‘ectiva
1338 2110 1587 2181 alicujus,
1620 2119 1676 2165 et
1721 2126 1826 2165 non
1874 2127 1941 2167 eo
1989 2112 2130 2182 quod

545 2198 718 2267 qualia
768 2200 1011 2268 quaedam
1063 2208 1223 2264 sunt;
1275 2199 1525 2255 similiter
1570 2207 1748 2256 autem
1790 2210 1845 2256 et
1890 2202 1943 2255 in
1989 2201 2126 2256 aliis.

548 2291 735 2372 Utrum
763 2301 941 2348 autem
976 2291 1366 2362 multipliciter,
1388 2303 1482 2347 aut
1505 2308 1613 2348 uno
1654 2293 1815 2348 modo
1846 2294 2028 2364 specie
2052 2293 2131 2349 di-

544 2383 716 2449 citur,
770 2392 865 2452 per
932 2383 1046 2438 haec
1096 2383 1567 2440 considerandum.
1619 2384 1856 2440 Primum
1914 2385 2130 2455 quidem

546 2476 600 2528 in
668 2474 939 2529 contrario
1001 2474 1434 2543 perspiciendum
1499 2476 1545 2530 si
1612 2475 1984 2546 multipliciter
2039 2476 2140 2559 di-.

547 2567 711 2631 citur,
751 2567 869 2622 sive
918 2567 1122 2637 specie,
1155 2569 1269 2624 sive
1317 2568 1534 2625 nomine
1572 2569 1837 2625 dissonet.
1878 2571 2131 2639 Quaedam

548 2659 690 2716 enim
739 2658 919 2714 statim
966 2668 1022 2715 et
1070 2660 1378 2718 nominibus
1426 2662 1527 2717 alia
1575 2671 1731 2729 sunt,
1784 2673 1842 2719 ut
1870 2673 2027 2721 acuto
2079 2667 2132 2720 in

543 2762 680 2805 voce
718 2751 1045 2805 contrarium
1094 2762 1175 2806 est
1223 2766 1406 2821 grave,
1464 2755 1516 2808 in
1544 2754 1913 2823 magnitudine
1955 2766 2132 2813 autem

545 2840 837 2905 obtusum;
910 2848 1055 2912 patet
1127 2840 1290 2913 igitur
1359 2842 1502 2912 quod
1577 2847 1902 2900 contrarium
1978 2856 2135 2902 acuto

542 2933 915 3004 multipliciter
967 2933 1201 3003 dicitur,
1253 2936 1296 2990 si
1360 2944 1539 2992 autem
1596 2924 1731 3002 hoc,
1789 2946 1845 2993 et
1893 2948 2132 2994 acutum.

546 3023 682 3081 Nam
738 3024 1033 3081 secundum
1083 3035 1370 3098 utrumque
1419 3026 1611 3082 horum
1658 3027 1801 3083 aliud
1850 3038 1965 3084 erat
2008 3043 2136 3084 con-

547 3116 805 3186 trarium,
860 3133 965 3172 non
1021 3118 1167 3174 enim
1216 3118 1360 3174 idem
1422 3127 1637 3174 acutum
1694 3118 1797 3174 erit
1843 3119 2035 3174 obtuso
2081 3128 2135 3176 et

2235 1931 2463 1985 alterum
2488 1937 2669 1985 autem
2694 1943 2801 1985 non
2832 1929 3042 1999 operari
3073 1930 3212 1984 visu.
3244 1926 3304 1983 Si
3346 1936 3527 1983 autem
3558 1927 3657 1983 hoc
3687 1929 3822 1983 mul-

2236 2024 2491 2096 tipliciter
2522 2023 2740 2089 dicitur,
2764 2021 3126 2078 necessarium
3160 2028 3320 2077 estet
3355 2020 3541 2075 videre
3568 2021 3824 2090 multipli-

2236 2118 2374 2173 citer
2405 2117 2510 2172 dici
2539 2132 2555 2172 :
2589 2117 2804 2187 utrique
2833 2115 2974 2171 enim
3005 2130 3113 2169 non
3139 2112 3325 2170 videre
3350 2114 3662 2184 opponitur,
3693 2122 3751 2169 ut
3774 2116 3823 2169 ei

2235 2209 2453 2279 quidem
2481 2208 2625 2279 quod
2657 2218 2738 2262 est
2769 2220 2877 2264 non
2908 2205 3107 2261 habere
3137 2205 3335 2272 visum,
3367 2205 3602 2271 habere;
3633 2205 3709 2259 illi
3730 2220 3823 2260 au-

2238 2313 2346 2360 tem
2373 2304 2515 2374 quod
2546 2317 2652 2357 non
2674 2311 2758 2358 est
2800 2302 3014 2372 operari
3047 2300 3165 2356 visu
3187 2341 3202 2367 ,
3225 2301 3460 2372 operari.
3500 2301 3738 2370 Amplius
3767 2303 3820 2358 in

2238 2398 2322 2451 his
2351 2411 2469 2466 quae
2496 2395 2792 2451 secundum
2824 2395 3180 2464 privationem
3202 2402 3257 2450 et
3285 2393 3523 2449 habiturn
3572 2394 3821 2473 dicuntur

2237 2488 2691 2560 perspiciendum.
2718 2488 2779 2544 Si
2809 2488 2953 2543 enim
2983 2487 3211 2543 alterum
3268 2488 3641 2559 multipliciter
3681 2489 3820 2545 dici-

2236 2592 2345 2649 tur,
2373 2593 2427 2638 et
2447 2582 2709 2653 reliquum
2736 2592 2795 2637 ut
2823 2583 2867 2636 si
2899 2580 3154 2638 sensibile
3178 2580 3547 2651 multipliciter
3574 2580 3770 2635 dicitur
3802 2600 3815 2636 :

2239 2687 2288 2731 ct
2312 2675 2607 2732 secundum
2639 2677 2872 2729 animam
2901 2682 2957 2729 et
2984 2686 3205 2743 corpus,
3238 2682 3293 2727 et
3343 2672 3655 2728 insensibile
3679 2672 3821 2727 mul-

2238 2767 2491 2839 tipliciter
2534 2770 2745 2823 dicetur
2772 2776 2828 2822 et
2870 2765 3167 2821 secundum
3217 2767 3453 2820 animam
3501 2774 3557 2821 et
3605 2779 3819 2834 corpus.

2238 2862 2392 2930 Quod
2427 2870 2603 2917 autem
2635 2860 2933 2917 secundum
2979 2862 3334 2931 privationem
3362 2870 3419 2916 et
3460 2860 3702 2916 habitum
3729 2874 3821 2931 op-

2242 2963 2509 3025 ponuntur
2537 2967 2655 3023 quae
2697 2953 2838 3007 dicta
2863 2960 3021 3019 sunt,
3051 2952 3415 3019 manifestum,
3441 2966 3508 3008 eo
3537 2951 3676 3020 quod
3704 2960 3822 3005 nata

2239 3047 2348 3104 sint
2370 3057 2656 3117 utrumque
2679 3060 2898 3102 sensum
2923 3044 3124 3100 habere
3150 3044 3427 3110 animalia,
3455 3052 3512 3098 et
3536 3042 3822 3098 secundum

2242 3143 2478 3195 animum
2523 3146 2578 3194 et
2623 3137 2921 3192 secundum
2978 3149 3197 3204 corpus.
3252 3134 3501 3204 Amplius
3545 3143 3722 3188 autem
3774 3132 3825 3189 in

541 3214 695 3289 gravi
752 3213 1111 3279 contrarium;
1162 3210 1374 3281 utrique
1427 3220 1605 3265 autem
1659 3218 1868 3264 acutum
1922 3218 2135 3265 contra-

2188 3205 2211 3270 :
2243 3233 2459 3289 casibus
2508 3228 2981 3286 considerandum.
3024 3227 3156 3282 Nam
3207 3226 3253 3281 si
3278 3227 3425 3296 juste
3454 3224 3823 3294 multipliciter

549 3305 713 3359 rium.
748 3305 979 3361 Rursum
1002 3303 1150 3373 gravi
1180 3303 1235 3357 in
1257 3316 1389 3358 voce
1414 3302 1630 3372 quidem
1657 3301 1982 3357 contrarium
2012 3316 2139 3358 acu-

552 3407 691 3463 tum,
743 3396 1110 3466 magnitudine
1157 3403 1336 3451 autem
1378 3394 1541 3461 leve;
1575 3409 1742 3465 quare
1772 3393 2140 3463 multipliciter

553 3502 716 3559 grave
734 3486 947 3554 dicitur,
976 3502 1042 3543 eo
1063 3486 1204 3556 quod
1226 3495 1280 3541 et
1296 3486 1649 3541 contrarium.
1674 3484 1933 3538 Similiter
1958 3492 2137 3538 autem

556 3592 611 3635 et
635 3579 878 3650 pulchro,
911 3580 961 3634 ei
991 3578 1204 3648 quidem
1233 3577 1375 3645 quod
1400 3576 1455 3630 in
1481 3574 1697 3629 animali
1723 3583 1898 3645 turpe,
1930 3574 1981 3629 ei
2012 3589 2139 3629 vero

546 3672 697 3743 quod
745 3681 825 3726 est
856 3671 909 3725 in
941 3670 1131 3735 domo,
1166 3669 1561 3739 perniciosum;
1592 3682 1757 3737 quare
1807 3669 2137 3738 aequivocum

538 3746 860 3833 pulchrum.
906 3761 964 3816 In
994 3758 1313 3829 quihusdam
1347 3768 1527 3814 autem
1571 3758 1875 3814 nominibus
1926 3760 2140 3830 quidem

557 3855 708 3910 nullo
736 3854 896 3909 modo
934 3853 1199 3919 dissonat,
1230 3854 1410 3924 specie
1455 3862 1630 3908 autem
1663 3853 1939 3909 manifesta
1970 3854 2025 3908 in
2060 3854 2140 3910 eis

556 3946 744 4002 statim
770 3945 1072 4001 differentia
1114 3954 1219 4013 est,
1269 3952 1327 4000 ut
1365 3946 1421 4001 in
1467 3945 1615 4001 claro
1651 3954 1704 4000 et
1747 3944 2005 4014 obscuro;
2036 3963 2138 4003 vox

539 4040 703 4097 enim
734 4038 878 4095 clara
906 4047 960 4095 et
979 4038 1209 4095 obscura
1236 4037 1455 4095 dicitur.
1482 4035 1742 4093 Similiter
1762 4047 1938 4093 autem
1970 4047 2026 4093 et
2052 4053 2143 4094 co-

538 4133 663 4205 ,lor.
696 4133 842 4204 Ergo
881 4133 1187 4188 nominibus
1217 4131 1431 4203 quidem
1476 4131 1608 4187 nihil
1637 4132 1937 4198 dissonant,
1963 4136 2141 4203 specie

537 4235 736 4283 .autem
783 4224 1068 4282 manifesta
1113 4224 1170 4279 in
1195 4226 1275 4281 eis
1319 4225 1500 4280 statim
1550 4226 1850 4281 differentia
1880 4237 2001 4294 est;
2034 4241 2141 4281 non

542 4321 706 4377 enim
738 4321 992 4376 similiter
1017 4329 1071 4375 et
1096 4319 1246 4373 color
1272 4318 1451 4374 clarus
1476 4318 1695 4387 dicitur,
1741 4329 1795 4374 et
1827 4334 1929 4374 vox
1973 4320 2138 4376 clara.

540 4414 897 4470 Manifestum
928 4421 1107 4470 autem
1138 4413 1191 4468 id
1217 4420 1299 4467 est
1324 4420 1379 4466 ct
1407 4425 1502 4482 per
1523 4426 1764 4480 sensum,
1798 4428 1918 4467 nam
1953 4427 2140 4469 eorum

538 4524 679 4580 aqua:
701 4511 891 4567 eadem
917 4518 1041 4567 sunt
1062 4509 1263 4579 specie.
1288 4507 1430 4564 idem
1453 4522 1674 4575 sensus;
1697 4518 1754 4564 at
1771 4509 1972 4564 clarum
1999 4512 2139 4576 quod

2244 3327 2450 3383 dicitur
2471 3366 2485 3389 ,
2517 3332 2572 3379 et
2597 3322 2804 3391 justum
2838 3320 3206 3389 multipliciter
3250 3317 3488 3383 dicetur,
3532 3315 3823 3371 secundum

2246 3424 2535 3483 utrumque
2564 3411 2707 3466 enim
2731 3411 2998 3480 iustorum
3043 3416 3127 3463 est
3147 3408 3376 3477 justum,
3408 3413 3467 3460 ut
3496 3407 3539 3459 si
3565 3404 3711 3473 juste
3739 3404 3823 3459 di-

2244 3506 2389 3558 citur
2432 3512 2487 3558 et
2535 3500 2827 3561 secundum
2871 3500 2951 3555 sui
2982 3497 3338 3567 cognitionem
3384 3493 3624 3565 judicare
3675 3502 3731 3548 et
3770 3502 3828 3548 ut

2245 3604 2480 3667 oportet,
2510 3594 2759 3649 similiter
2788 3602 2844 3648 et
2882 3593 3103 3661 justum.
3143 3588 3346 3645 Eodem
3377 3596 3556 3643 autem
3586 3585 3747 3641 modo
3773 3594 3829 3641 et

2244 3690 2289 3745 si
2323 3688 2539 3743 salubre
2570 3685 2945 3755 multipliciter
2976 3684 3202 3749 dicitur,
3243 3691 3298 3736 et
3322 3680 3610 3736 salubriter
3650 3678 3829 3733 multi-

2246 3782 2454 3852 pliciter
2488 3781 2719 3846 dicetur,
2752 3778 2881 3834 utsi
2912 3777 3125 3832 salubre
3151 3775 3347 3830 dicitur
3370 3774 3472 3829 hoc
3497 3772 3711 3844 quidem
3743 3784 3829 3824 sa.

2245 3874 2431 3930 nitatis
2454 3872 2776 3935 effectivum,
2803 3869 2931 3925 illud
2966 3876 3143 3923 autem
3166 3866 3619 3931 conservatirum,
3652 3863 3825 3935 quod-

2245 3964 2368 4019 dam
2399 3976 2527 4019 vero
2566 3960 2998 4031 signiﬁcativum,
3025 3967 3081 4012 et
3110 3954 3399 4012 salubriter
3439 3956 3521 4011 vel
3549 3953 3824 4019 etfective,

2246 4055 2331 4111 vel
2376 4053 2771 4118 conservative,
2810 4050 2895 4105 vel
2924 4048 3278 4119 significative
3306 4048 3533 4103 dicetur.
3571 4046 3829 4101 Similiter

2246 4156 2425 4205 autem
2456 4154 2512 4201 et
2539 4146 2591 4201 in
2614 4145 2734 4200 aliis
2764 4142 2979 4214 quando
3016 4142 3188 4212 ipsum
3230 4138 3596 4208 multipliciter
3623 4136 3825 4191 dictum

2248 4240 2428 4303 fuerit,
2462 4246 2516 4291 et
2542 4250 2697 4291 casus
2728 4235 2795 4289 ab
2824 4249 2889 4289 eo
2912 4230 3278 4302 multipliciter
3306 4229 3552 4306 dicetur;
3583 4236 3634 4283 et
3667 4228 3711 4281 si
3737 4241 3826 4280 ca-

2247 4345 2361 4393 sus,
2395 4337 2448 4383 et
2476 4323 3096 4396 ipsum.,Consideranda
3122 4334 3297 4379 autem
3326 4332 3379 4376 et
3406 4334 3601 4391 genera
3632 4333 3827 4375 secun-

2245 4423 2374 4479 dum
2408 4434 2603 4478 nomen
2636 4418 3078 4490 praedicationum
3101 4456 3116 4479 ,
3149 4416 3192 4470 si
3220 4413 3421 4471 eaedem
3453 4410 3558 4467 sint
3603 4412 3829 4468 nomini-

2248 4516 2369 4570 bus.
2404 4515 2534 4569 Nam
2567 4513 2612 4567 si
2656 4529 2761 4566 non
2808 4508 3040 4569 ea'edctn,
3072 4508 3412 4587 manifestum
3457 4512 3539 4559 cst
3581 4505 3829 4574 quoniam

538 4607 645 4656 .est
675 4601 728 4655 in
759 4615 890 4658 voce
912 4611 966 4656 et
987 4602 1040 4656 in
1069 4601 1253 4657 colore
1281 4615 1385 4656 non
1414 4599 1605 4656 eodem
1626 4614 1788 4657 sensu
1816 4574 2140 4670 iudicamus,
2172 4574 2582 4676 D'mquivocum
2615 4612 2698 4657 est
2733 4599 2873 4671 quod
2902 4600 3127 4663 dicitur,
3152 4605 3209 4652 ut
3236 4576 3432 4651 bonum
3466 4594 3517 4649 in
3543 4595 3679 4649 cibis
3709 4594 3827 4663 qni-

534 4693 658 4752 .sed
688 4693 791 4751 hoc
831 4694 1044 4765 quidem
1078 4694 1215 4759 visu,
1264 4693 1392 4749 illud
1418 4702 1597 4750 autem
1644 4693 1849 4749 auditu.
1883 4695 2142 4753 Similiter

557 4796 739 4843 autem
765 4797 821 4842 et
848 4796 1059 4842 acutum
1084 4796 1140 4841 et
1163 4785 1411 4843 obtusum
1437 4787 1488 4841 in
1520 4786 1834 4841 humoribus
1863 4796 1917 4841 et
1946 4788 2000 4844 in
2029 4804 2140 4845 ma-

538 4879 963 4950 gnitudinibus,
1004 4878 1097 4934 sed
1138 4878 1240 4933 hoc
1293 4876 1507 4947 quidem
1560 4886 1737 4943 tactu,
1780 4877 1907 4932 illud
1960 4890 2138 4935 autem

538 4982 740 5043 -gustu.
767 4970 899 5026 Nam
943 4983 1116 5039 neque
1141 4969 1258 5025 huic
1285 4968 1567 5024 dissonant
1610 4969 1938 5035 nominibus,
1968 4984 2141 5039 neque

536 5065 616 5118 εἰη
645 5065 867 5134 seipsis,
899 5077 1073 5131 neque
1117 5062 1171 5116 in
1214 5060 1529 5124 contrariis,
1580 5058 1824 5115 obtusum
1867 5061 2009 5115 enim
2057 5071 2142 5116 est

538 5156 893 5213 accntrarium
919 5155 1155 5225 utrique.
1184 5152 1424 5223 Amplius
1446 5155 1491 5207 si
1533 5152 1657 5206 huic
1686 5151 1904 5222 quidem
1934 5160 2019 5207 est
2046 5152 2144 5207 ali-

564 5249 693 5318 quid
733 5249 1086 5313 contrarium,
1116 5245 1191 5301 illi
1232 5256 1420 5300 autem
1450 5243 1769 5313 simpliciter
1809 5243 1959 5310 nihil,
2010 5253 2071 5299 ut
2097 5244 2146 5301 ei

534 5360 683 5416 -qu:e
705 5355 841 5401 esta
884 5352 1011 5413 potu
1041 5338 1409 5405 delectationi,
1444 5353 1506 5394 ea
1536 5353 1657 5408 quae
1680 5347 1765 5393 est
1793 5352 1823 5393 a
1862 5336 1953 5392 siti
1981 5338 2146 5394 tristi-

542 5439 634 5490 ‘tia
658 5478 674 5502 ,
720 5436 1086 5501 contrarium;
1119 5433 1169 5489 ei
1195 5440 1374 5487 autem
1400 5445 1520 5503 quae
1567 5438 1650 5485 est
1694 5430 1763 5485 ab
1802 5444 1866 5485 eo
1895 5430 2036 5499 quod
2061 5441 2143 5485 est

561 5531 913 5585 considerare
960 5527 1103 5598 quod
1131 5526 1399 5581 diameter
1425 5534 1508 5581 est
1536 5532 1699 5580 costae
1746 5524 2142 5579 inco‘mmensu-

562 5621 771 5685 rabilis,
805 5618 962 5674 nihil.
995 5619 1173 5687 Quare
1200 5617 1567 5686 multipliciter
1594 5616 1878 5672 delectatio
1908 5614 2140 5669 dicitur.

546 5707 639 5762 Et
690 5710 741 5763 ei
789 5708 1004 5778 quidem
1035 5717 1155 5779 quae
1182 5718 1266 5763 est
1310 5709 1604 5765 secundum
1658 5717 1891 5764 mentem
1937 5719 2141 5767 amare,

542 5800 724 5854 -odire
750 5801 1075 5861 contrarium
1122 5810 1236 5867 est;
1265 5803 1312 5867 ei
1360 5812 1539 5857 autem
1567 5816 1687 5869 qua:
1731 5811 1815 5855 est
1851 5796 2143 5855 secundum

1574 5978 1601 6013 Ι

2222 4690 2372 4754 —dem
2420 4694 2724 4751 elicetivum
2756 4700 2839 4747 est
2887 4687 3205 4758 voluptatis.
3238 4687 3290 4741 in
3339 4683 3599 4741 medicina
3652 4694 3828 4738 autem

2253 4788 2564 4844 etiectivum
2602 4783 2865 4848 sanitatis,
2902 4782 2953 4837 in
2981 4780 3156 4835 anima
3195 4792 3323 4832 vero
3360 4776 3571 4847 qualem
3593 4789 3740 4840 esse,
3775 4784 3831 4829 ut

2251 4894 2479 4949 castam,
2509 4881 2591 4940 vel
2624 4881 2840 4944 fortem,
2862 4882 2943 4933 vel
2973 4878 3191 4946 justam.
3213 4873 3473 4929 Similiter
3497 4881 3674 4927 autem
3696 4882 3750 4927 et
3776 4871 3829 4925 in

2250 4976 2504 5039 homine;
2532 4972 2817 5042 aliquoties
2864 4978 3042 5024 autem
3071 4977 3125 5020 et
3152 4963 3367 5035 quando
3405 4972 3461 5017 ut
3500 4962 3554 5017 in
3596 4970 3833 5035 tempore

2254 5066 2455 5121 bonum
2485 5063 2706 5133 (bonum
2738 5061 2882 5115 enim
2904 5058 3097 5113 dicitur
3120 5056 3174 5109 in
3198 5052 3481 5122 tempore),
3518 5050 3831 5120 plerumque

2255 5166 2434 5212 autem
2456 5162 2710 5224 quantum
2729 5154 2781 5208 in
2807 5147 3060 5205 mediocri
3085 5145 3303 5215 (dicitur
3323 5142 3466 5197 enim
3490 5152 3538 5195 et
3564 5141 3833 5196 mediocre

2228 5243 2515 5318 bonum);
2553 5258 2720 5316 quare
2750 5242 3080 5311 aequivocum
3112 5236 3334 5292 bonum.
3364 5232 3625 5288 Similiter
3654 5240 3831 5286 autem

2250 5352 2306 5397 et
2358 5338 2681 5403 candidum,
2743 5335 2795 5387 in
2847 5344 3072 5400 corpore
3120 5326 3337 5398 quidem
3391 5323 3568 5383 color.
3607 5322 3659 5375 in
3704 5336 3834 5377 voce

2249 5443 2428 5489 autem
2457 5433 2591 5487 liene
2617 5427 2871 5484 audihile.
2896 5424 3153 5481 Similiter
3185 5429 3362 5475 autem
3389 5426 3443 5473 et
3461 5425 3701 5481 acutum,
3726 5430 3834 5469 non

2248 5527 2392 5583 enim
2435 5524 2683 5583 similiter
2708 5506 2859 5575 idem
2905 5520 2957 5573 in
3001 5515 3251 5591 omnibus
3301 5512 3518 5567 dicitur.
3561 5508 3695 5564 Nam
3736 5522 3834 5561 vos

2249 5628 2401 5673 acuta
2432 5615 2645 5685 quidem
2676 5614 2828 5667 velox
2858 5610 3034 5679 (sicut
3062 5607 3261 5671 dicunt,
3293 5602 3385 5673 qui
3416 5600 3713 5669 secundum
3739 5614 3833 5653 na:-

2251 5722 2428 5763 meros
2468 5703 2761 5760 harmoniai
2804 5700 2973 5770 sunt),
3005 5698 3231 5767 angulus
3265 5702 3446 5750 autem
3495 5700 3706 5754 acutus,
3749 5689 3833 5758 qui

2251 5799 2426 5857 minor
2450 5806 2533 5851 est
2559 5803 2737 5872 recto,
2774 5790 2983 5866 gladius
3013 5802 3143 5844 vero
3183 5801 3275 5862 qut
3326 5792 3412 5842 est
3438 5780 3619 5851 anguli
3674 5777 3833 5835 acuti.
