4290 6272
356 418 452 477 991

1248 388 1636 459 ΤΟΓΙᾹΟΚΕΜ
1681 401 2121 458 ARISTOTELIS
2166 401 2738 467 INTERPRETATIO.

3531 418 3630 470 ἕ)ἳέ

354 530 755 594 Consideranda
806 529 966 587 etiam
1005 534 1061 584 et
1086 538 1283 607 genera
1312 536 1648 608 eorumnum
1692 530 1815 575 sunt
1845 518 1943 575 sub
1972 508 2018 578 ll
2050 529 2123 575 tct
2154 522 2196 577 si
2228 536 2414 579 eorum
2444 538 2562 592 quise
2607 524 2707 577 sub
2731 525 2918 580 eodem
2953 528 3349 594 sunthomiue,
3384 529 3484 584 hoc
3514 532 3625 599 qui-

354 628 545 686 eodem
574 625 812 689 nomine,
836 622 882 679 si
908 622 1118 677 diversa
1158 627 1214 676 et
1243 632 1347 673 non
1372 615 1676 673 subalterna
1708 622 1852 676 sunt,
1885 622 1944 693 ut

358 738 551 793 equus,
581 722 681 776 hoc
706 727 883 774 autem
910 716 1126 782 animal,
1158 726 1211 771 et
1240 713 1344 770 hoc
1392 727 1509 767 vas.
1536 708 1754 766 Diversa
1800 710 1942 765 enim

357 831 477 888 qua:
524 813 815 869 secundum
850 826 1041 866 nomen
1082 816 1165 864 est
1207 806 1398 863 horum
1449 805 1619 871 ratio,
1672 818 1795 859 nam
1844 803 1943 858 hoc

357 909 572 981 quidem
603 905 820 971 animal,
854 903 978 974 quid
1007 900 1289 972 signiﬁcat,
1328 899 1460 954 illud
1485 912 1614 955 vero
1644 911 1761 964 vas,
1786 897 1945 967 quale

358 1004 506 1074 quid.
537 1000 593 1059 Si
624 1009 801 1054 autem
832 995 1137 1052 subalterna
1165 993 1275 1048 sint
1303 1006 1523 1061 genera,
1551 1006 1656 1046 non
1697 1004 1943 1045 necessa-

358 1096 497 1150 rium
527 1092 769 1147 diversas
796 1102 913 1143 esse
936 1088 1194 1153 rationes,
1228 1093 1287 1139 ut
1314 1085 1460 1139 corvi
1502 1082 1720 1150 animal,
1754 1092 1807 1137 et
1831 1081 1943 1136 avis

359 1198 522 1255 genus
543 1191 657 1248 est;
675 1177 886 1248 quando
908 1185 1086 1232 autem
1108 1189 1352 1252 corvum,
1372 1172 1601 1228 dicimus
1622 1164 1800 1227 autem
1822 1184 1942 1227 esse

358 1284 411 1332 et
431 1273 646 1341 animal,
676 1268 802 1341 quid
826 1269 1051 1324 dicimus
1074 1267 1322 1321 eumdem
1347 1278 1502 1333 esse;
1529 1279 1695 1333 quare
1719 1273 1943 1331 utraque

357 1382 551 1439 genera
577 1365 647 1420 de
695 1362 887 1420 eodem
926 1360 1308 1431 praedicantur;
1360 1356 1619 1412 Similiter
1674 1364 1851 1445 autem
1891 1362 1941 1409 et

359 1456 573 1531 quando
603 1454 802 1510 animal
832 1451 1048 1506 volatile
1076 1450 1230 1519 bipes
1260 1461 1479 1503 corvum
1509 1446 1760 1507 dicimus,
1790 1458 1942 1531 avem

360 1552 588 1607 dicimus
611 1546 860 1603 eumdem
891 1557 1032 1607 esse,
1064 1551 1119 1597 et
1147 1541 1227 1596 sic
1253 1553 1384 1609 ergo
1405 1548 1629 1607 utraque
1651 1551 1847 1606 genera
1878 1536 1946 1589 de

361 1658 525 1701 corvo
556 1639 936 1712 praedicantur,
962 1643 1017 1690 et
1041 1635 1177 1688 ratio
1196 1644 1403 1688 eorum.
1448 1630 1506 1685 In
1547 1644 1654 1684 non
1685 1628 1947 1683 subalter-

362 1741 447 1795 nis
469 1735 754 1808 generibus
774 1746 879 1787 non
898 1727 1092 1784 accidit
1114 1726 1239 1792 hoc;
1265 1740 1440 1795 neque
1456 1724 1596 1778 enim
1622 1722 1835 1791 quando
1854 1736 1945 1775 vas

362 1830 615 1895 dicimus,
646 1824 840 1879 animal
881 1822 1130 1886 dicimus,
1160 1832 1336 1887 neque
1373 1815 1588 1887 quando
1612 1814 1805 1869 animal
1829 1828 1944 1867 vas.

2048 612 2169 667 dem
2194 614 2403 683 Species
2433 623 2549 677 est,
2587 613 2715 669 illud
2745 626 2924 671 autem
2953 616 3286 685 dilrerentia,
3320 628 3377 674 ut
3405 619 3627 685 clarum,

2047 706 2188 776 quod
2212 705 2263 759 in
2289 721 2515 775 corpore
2538 707 2777 777 quidem.
2805 712 3013 780 species
3029 712 3256 778 coloris;
3282 712 3420 783 quod
3452 725 3628 771 autem

2047 798 2099 853 in
2125 812 2279 863 voce,
2312 798 2634 854 dill‘erentia.
2660 799 2849 855 DilTert
2878 804 3021 857 enim
3050 820 3149 859 vos
3180 820 3207 857 a
3239 821 3367 860 voce
3396 823 3452 862 et.
3490 808 3627 878 quod

2049 890 2192 953 clara
2222 891 2312 945 sit.
2350 892 2423 945 De
2452 906 2517 945 eo
2550 890 2708 962 igitur
2736 893 2877 962 quod
2906 894 3275 965 multipliciter
3293 897 3504 965 dicitur,
3537 890 3629 969 per
3674 884 3683 891 κ

2049 978 2165 1037 haec
2194 991 2248 1036 et
2279 983 2578 1052 huiusmodi
2614 983 3055 1055 perspiciendum.

2642 1120 2868 1175 CAPUT
2896 1122 3033 1176 XIV.

2050 1236 2129 1291 lle
2150 1237 2559 1305 di/I‘crentiarnm
2582 1232 2909 1302 inventione,"
2924 1239 3171 1291 similium
3198 1234 3628 1307 consideratione,

2405 1318 2450 1360 et
2474 1308 2780 1362 utilitatibus
2800 1310 3271 1363 instrumentorum.

2125 1418 2462 1474 ltiﬁerentias
2490 1428 2667 1473 autem
2697 1419 2749 1473 in
2774 1417 2904 1486 ipsis
2924 1421 3211 1489 generibus
3233 1421 3297 1475 ad
3324 1435 3383 1477 se
3405 1423 3643 1477 invicem'

2049 1510 2505 1581 perspiciendum,
2539 1520 2597 1565 ut
2625 1525 2733 1579 quo
2762 1510 2941 1566 diﬁ'ert
2984 1513 3187 1581 justitia
3220 1530 3248 1567 a
3288 1514 3626 1580 fortitudine,

2048 1614 2102 1661 et
2136 1604 2416 1673 prudentia
2442 1619 2468 1655 a
2506 1606 2858 1672 temperantia
2886 1622 2899 1659 :
2929 1605 3043 1671 haec
3067 1608 3209 1661 enim
3238 1611 3417 1663 omnia
3445 1624 3512 1663 ex
3540 1623 3634 1663 eo-

2050 1697 2173 1752 dem
2223 1711 2423 1766 genere
2453 1706 2577 1751 sunt
2603 1712 2666 1751 ex
2698 1697 2914 1753 virtute.
2949 1697 3013 1750 Et
3045 1714 3108 1752 cx
3139 1699 3243 1756 alio
3272 1699 3339 1754 ad
3369 1700 3531 1765 aliud,
3573 1712 3637 1756 ut

2051 1790 2105 1844 in
2147 1790 2211 1845 iis
2239 1804 2359 1859 qua:
2405 1802 2509 1844 non
2559 1788 2781 1844 nimium
2812 1788 3095 1855 differunt,
3136 1800 3194 1844 ut
3240 1792 3292 1844 in
3317 1806 3423 1860 quo
3452 1790 3632 1847 differt

364 1882 824 1980 eonsiderandum
852 1923 1029 1969 autem
1054 1882 1160 1967 non
1191 1882 1363 1966 solum
1391 1882 1438 1964 si
1479 1909 1531 1962 in
1564 1907 1838 1977 proposito
1859 1906 1943 1959 di-
1974 1898 2024 1959 Β
2049 1897 2242 1980 99"st
2268 1898 2298 1936 ³
2325 1882 2579 1947 “lentia;
2613 1892 2736 1980 "at"
2785 1882 2935 1980 ίη
2958 1898 3075 1951 (tum
3104 1884 3328 1938 multum
3356 1884 3630 1949 dmeﬂlﬂl.

363 2030 519 2074 versa
545 2021 669 2070 sunt
699 2023 917 2083 genera,
943 2017 996 2063 et
1036 2020 1139 2063 non
1171 2004 1497 2071 subalterna,
1528 2002 1622 2057 sed
1652 2011 1708 2056 et
1735 2002 1787 2054 in
1820 2015 1947 2055 con-

366 2110 551 2167 trario.
583 2107 640 2163 Si
668 2106 812 2161 enim
838 2103 1163 2160 contrarium
1188 2097 1554 2169 multipliciter
1584 2097 1801 2162 dicitur,
1835 2113 1948 2151 ma-

364 2205 617 2261 nilestum
665 2202 915 2271 quoniam
965 2209 1019 2253 et
1059 2196 1409 2266 propositum.
1463 2192 1603 2248 Utile
1656 2200 1835 2246 autem
1881 2191 1947 2246 ad

365 2295 728 2355 deﬁnitionem
767 2293 1033 2362 inspicere
1058 2304 1175 2360 quae
1203 2288 1271 2343 de
1300 2286 1599 2355 composito
1626 2284 1704 2349 ﬁt,
1739 2293 1794 2345 ut
1823 2297 1951 2337 can-

363 2391 473 2447 didi
502 2388 741 2457 corporis
770 2394 825 2441 et
860 2383 1102 2438 candidae
1126 2379 1293 2443 vocis,
1318 2393 1440 2433 nam
1468 2377 1681 2433 sublato
1710 2376 1945 2447 proprio,

364 2482 609 2539 eamdem
642 2480 903 2533 rationem
954 2482 1168 2544 oportet
1196 2471 1444 2541 relinqui.
1478 2471 1591 2526 Hoc
1627 2479 1806 2525 autem
1840 2484 1947 2525 non

366 2575 556 2631 accidit
597 2574 651 2627 in
683 2571 995 2641 tequivocis,
1030 2577 1087 2622 ut
1114 2570 1169 2623 in
1213 2567 1277 2622 iis
1304 2582 1423 2637 qme
1465 2581 1605 2620 nunc
1634 2566 1773 2620 dicta
1802 2576 1946 2630 sunt,

270 2700 271 2703 η
368 2684 489 2724 nam
522 2668 625 2721 hoc
661 2664 876 2735 quidem
916 2664 1017 2717 erit
1043 2676 1239 2730 corpus
1270 2660 1474 2715 habens
1496 2660 1654 2713 talem
1685 2658 1946 2727 colorem,

367 2756 500 2813 illud
527 2766 705 2810 autem
754 2767 856 2807 vox
884 2752 1021 2807 bene
1048 2749 1317 2805 audibilis.
1366 2749 1587 2805 Sublato
1616 2749 1787 2818 igitur
1831 2763 1951 2804 cor-

367 2864 500 2921 pore
522 2889 539 2917 ,
570 2857 624 2904 et
651 2861 802 2913 voce,
837 2860 943 2899 non
974 2844 1114 2899 idem
1164 2843 1218 2896 in
1249 2849 1472 2913 utraque
1518 2842 1864 2911 relinquitur,
1899 2837 1950 2896 at

369 2948 581 3011 oportet
602 2939 646 2994 si
673 2939 955 2992 univocum
986 2943 1134 2990 esset
1156 2933 1465 2997 candidum,
1484 2933 1624 3002 quod
1654 2933 1705 2987 in
1730 2942 1952 3002 utraque

368 3032 564 3088 dicitur
588 3045 707 3085 esse
732 3029 896 3083 idem.
928 3027 1083 3095 Stepe
1105 3034 1282 3081 autem
1312 3032 1369 3079 et
1394 3025 1446 3078 in
1476 3024 1606 3093 ipsis
1634 3023 1954 3079 deﬁnitioni-

369 3129 483 3181 bus
508 3126 637 3179 latet
683 3133 975 3191 assequeris
1028 3119 1392 3188 .equivocnm,
1426 3124 1754 3187 quaprOpter
1800 3126 1851 3171 et
1898 3119 1950 3172 in

370 3217 684 3274 deﬁnitione
706 3210 1175 3269 considerandum.
1202 3207 1279 3269 Ut
1303 3209 1348 3263 si
1378 3210 1496 3279 quis
1540 3208 1948 3275 signiﬁcativum

2054 1974 2350 2030 manifestae
2398 1984 2522 2028 sunt
2566 1973 2787 2028 omnino
2834 1973 3169 2029 diﬁ'erentite.
3212 1975 3630 2031 Similitudinem

2052 2076 2228 2123 autem
2264 2065 2714 2121 considerandum
2739 2065 2789 2117 in
2821 2065 2884 2119 iis
2908 2081 3027 2135 qua:
3050 2076 3173 2121 sunt
3199 2068 3250 2121 in
3281 2065 3507 2122 diversis
3537 2082 3629 2136 ge-

2054 2157 2307 2219 neribus,
2339 2156 2561 2211 utsicut
2614 2155 2837 2209 alterum
2883 2156 2948 2209 ad
2998 2157 3223 2211 alterum
3270 2158 3516 2227 quidem,
3554 2158 3630 2212 sic

2052 2250 2197 2306 aliud
2228 2250 2294 2303 ad
2321 2242 2483 2314 aliud,
2512 2256 2570 2304 ut
2595 2249 2734 2302 sicut
2759 2248 2978 2303 scientia
3009 2248 3075 2302 ad
3103 2248 3308 2314 scibile,
3335 2250 3413 2304 sic
3439 2264 3632 2304 sensus

2051 2344 2117 2398 ad
2149 2342 2430 2406 sensibile;
2460 2350 2513 2394 et
2546 2350 2600 2394 ut
2621 2340 2846 2395 alterum
2872 2342 2924 2395 in
2959 2341 3131 2395 altero
3157 2341 3359 2411 aliquo,
3387 2342 3464 2397 sic
3487 2341 3631 2396 aliud

2053 2437 2104 2491 in
2147 2437 2273 2501 alio,
2306 2445 2364 2490 ιιι
2404 2434 2858 2504 quemadmodum
2900 2435 3047 2489 visus
3079 2435 3130 2489 in
3177 2435 3353 2501 oculo,
3382 2448 3535 2490 mens
3579 2436 3631 2490 in

2053 2530 2253 2593 anima,
2281 2538 2337 2584 et
2367 2536 2422 2582 ut
2454 2528 2815 2597 tranquillitas
2843 2528 2894 2582 in
2926 2528 3080 2595 mari,
3115 2529 3376 2584 Serenitas
3405 2529 3457 2583 in
3485 2542 3632 2594 aere,

2054 2608 2341 2691 utrumque
2360 2621 2501 2674 enim
2527 2620 2697 2689 quies.
2726 2614 2960 2674 Maxime
2981 2629 3161 2674 autem
3184 2620 3237 2674 in
3267 2620 3331 2674 iis
3361 2634 3481 2690 qua:
3503 2620 3637 2677 mul-

2056 2732 2166 2779 tum
2198 2721 2400 2777 distant
2432 2720 2671 2776 exerceri
2704 2729 2935 2788 oportet,
2969 2721 3121 2776 lacile
3147 2698 3290 2776 enim
3324 2722 3381 2777 in
3420 2720 3638 2792 reliquis

2064 2816 2363 2887 poterimus
2393 2813 2591 2869 similia
2622 2814 2909 2881 inspicere.
2957 2812 3415 2869 Considerandum
3461 2823 3639 2871 autem

2056 2921 2111 2968 et
2151 2926 2214 2966 ea
2254 2924 2374 2979 quae
2422 2908 2523 2963 sub
2572 2907 2765 2963 eodem
2814 2915 2937 2961 sunt
2981 2920 3207 2974 genere,
3246 2906 3290 2961 si
3337 2907 3462 2976 quid
3505 2909 3643 2965 inest

2057 3002 2309 3061 omnibus
2349 2998 2511 3062 idem,
2544 3007 2597 3050 ut
2630 2994 2850 3059 homini,
2883 3004 2936 3049 et
2963 3009 3121 3065 equo,
3162 3004 3217 3049 et
3244 2996 3363 3050 cani
3395 3010 3410 3047 :
3444 3011 3565 3049 nam
3593 2994 3640 3049 si

2059 3096 2193 3150 inest
2219 3090 2419 3162 aliquid
2440 3091 2519 3145 eis
2539 3088 2704 3154 idem,
2728 3089 2781 3141 in
2810 3102 2876 3143 eo
2896 3098 3023 3142 sunt
3052 3088 3268 3143 similia.
3293 3086 3433 3142 Utile
3459 3096 3636 3142 autem

1990 3194 1995 3195 '
2058 3190 2234 3256 ipsum
2264 3184 2477 3254 quidem
2498 3221 2514 3248 ,
2546 3182 2688 3251 quod
2713 3180 3093 3250 quotupliciter
3129 3180 3346 3245 dicitur,
3390 3179 3642 3236 conside-

370 3269 807 3366 velnelfectivum
838 3302 1081 3359 sanitatis
1110 3301 1250 3371 quod
1300 3269 1663 3356 moderate—se
1690 3300 1852 3355 habet
1882 3303 1949 3355 ad
1978 3277 2027 3342 α
2058 3294 2205 3338 rasse
2228 3277 2296 3332 ad
2322 3275 2735 3338 diluciditatem;
2762 3274 2995 3328 maxime
3017 3282 3194 3327 autem
3222 3269 3341 3342 q'uis
3360 3271 3495 3328 sciet
3515 3272 3643 3342 quid

371 3403 653 3459 sanitatem
700 3399 842 3453 dicat
898 3410 1038 3462 esse,
1095 3408 1201 3449 non
1240 3392 1614 3457 refutandum;
1645 3394 1739 3448 sed
1784 3393 1953 3462 inspi-

371 3494 620 3550 ciendum
651 3491 779 3563 quid
808 3489 1080 3544 moderate
1107 3486 1319 3558 quidem
1347 3486 1639 3541 secundum
1672 3496 1955 3555 utrumque

375 3587 526 3651 dixit,
559 3592 617 3639 ut
645 3585 688 3636 si
722 3582 822 3636 hoc
861 3580 1076 3651 quidem
1113 3578 1217 3631 tale
1238 3578 1503 3647 signiﬁcat
1529 3586 1587 3631 ut
1612 3576 1788 3632 facere
1809 3579 1957 3633 sani—

372 3687 561 3743 tatem,
597 3674 723 3729 illud
754 3682 930 3727 autem
965 3672 1069 3726 tale
1096 3679 1157 3724 ut
1185 3668 1490 3739 signiﬁcre
1518 3669 1693 3738 qualis
1742 3670 1955 3739 quidem

373 3776 445 3831 sit
472 3774 703 3828 habitus.
750 3771 939 3825 Adhuc
968 3769 1013 3823 si
1043 3782 1150 3822 non
1181 3764 1563 3836 comparabilia
1606 3777 1729 3819 sunt
1760 3780 1955 3820 secuno

374 3866 500 3922 dum
534 3867 739 3936 magis,
768 3874 821 3918 et
853 3863 1058 3925 minus,
1092 3859 1175 3914 vel
1221 3859 1497 3927 similiter,
1540 3868 1597 3912 ut
1640 3858 1782 3911 clara
1820 3873 1955 3924 vox,

376 3960 520 4011 clara
552 3956 748 4019 vestis,
791 3964 844 4008 et
890 3961 1075 4006 acutus
1105 3952 1329 4015 humor,
1375 3959 1429 4004 et
1471 3960 1627 4004 acuta
1668 3965 1809 4004 vox:
1847 3950 1960 4005 haec

379 4052 520 4105 enim
555 4061 729 4115 neque
754 4045 996 4100 similiter
1016 4043 1261 4097 dicuntur
1286 4041 1430 4096 clara
1460 4043 1543 4096 vel
1576 4054 1752 4108 acuta,
1789 4056 1961 4111 neque

381 4144 549 4215 magis
576 4141 801 4194 alterum
822 4156 836 4203 ;
855 4151 1022 4207 quare
1043 4135 1377 4205 aequivocum
1402 4135 1605 4189 clarum
1637 4145 1689 4188 et
1721 4143 1958 4200 acutum,

378 4252 501 4292 nam
534 4232 824 4290 univocum
882 4245 1040 4284 omne
1075 4226 1467 4295 comparabile,
1502 4235 1593 4281 aut
1640 4225 1783 4281 enim
1815 4222 1963 4279 simi-

380 4330 500 4384 liter
543 4328 753 4381 dicetur
779 4334 870 4378 aut
901 4323 1069 4391 magis
1099 4322 1346 4375 alterum.
1377 4319 1639 4387 Quoniam
1669 4330 1847 4374 autem
1877 4319 1961 4374 di-

383 4434 657 4475 versorum
688 4430 966 4487 generum,
997 4423 1050 4469 et
1080 4428 1185 4467 non
1227 4412 1634 4467 subalternatim
1666 4413 1962 4479 positorum

364 4515 609 4568 diversae
639 4510 849 4579 species
889 4520 1012 4563 sunt
1042 4518 1094 4563 et
1142 4507 1491 4571 diﬁ‘erentiaa,
1541 4518 1595 4559 nt
1626 4508 1870 4560 animalis
1912 4515 1966 4559 et

382 4608 621 4664 scientia:
666 4604 922 4675 (diversas
976 4603 1119 4657 enim
1166 4603 1356 4655 horum
1403 4599 1788 4668 diﬁ‘erentite),
1834 4614 1965 4653 con-

2059 3383 2311 3447 ponatur,
2350 3371 2635 3427 manifesto
2662 3369 2804 3424 facto
2831 3368 3213 3438 quotupliciter
3236 3367 3448 3422 dicitur.
3481 3367 3546 3421 Et
3576 3367 3641 3421 ad

2062 3468 2174 3525 ﬁeri
2201 3458 2498 3522 secundum
2530 3478 2646 3519 rem
2673 3460 2947 3527 eamdem,
2980 3471 3035 3517 et
3063 3475 3168 3515 non
3197 3460 3262 3513 ad
3310 3475 3503 3515 nomen
3532 3460 3646 3533 syl-

2061 3560 2312 3631 logismos
2339 3576 2353 3612 :
2385 3559 2428 3612 si
2456 3559 2599 3612 enim
2630 3554 3031 3610 inmanilestum
3059 3554 3131 3610 sit
3157 3552 3540 3622 quotupliciter
3568 3552 3649 3606 die

2062 3660 2226 3721 citur,
2259 3652 2523 3722 contingit
2549 3648 2745 3706 nonad
2772 3647 2913 3704 idem
2943 3648 3104 3703 etiam
3144 3648 3237 3718 qui
3282 3646 3573 3716 respondet
3596 3654 3651 3701 et

2063 3751 2153 3819 qui
2186 3749 2482 3815 interrogat
2514 3745 2655 3801 leri'e
2681 3743 3011 3821 intellectum
3038 3758 3053 3806 ;
3087 3742 3426 3796 manilestato
3469 3748 3648 3795 autem

2063 3843 2441 3913 quotupliciter
2468 3840 2663 3894 dicitur
2683 3879 2697 3902 ,
2729 3846 2783 3892 et
2820 3837 2884 3891 ad
2918 3836 3043 3907 quid
3075 3835 3250 3891 ferens
3294 3846 3477 3904 ponat,
3512 3834 3642 3890 ridi-

2065 3937 2218 3991 culus
2257 3934 2518 3987 videbitur
2550 3933 2887 3996 interrogans
2917 3943 3059 3991 esse,
3088 3928 3133 3981 si
3166 3943 3270 3982 non
3300 3928 3365 3981 ad
3399 3930 3497 3981 hoc
3541 3941 3654 3982 ser-

2067 4042 2281 4084 monem
2315 4026 2492 4080 faciat.
2531 4023 2671 4079 Utile
2699 4022 2896 4085 etiam,
2930 4029 2983 4074 et
3031 4030 3089 4072 ut
3132 4034 3237 4073 non
3282 4018 3415 4075 falsa
3447 4014 3654 4073 ratione

2065 4127 2430 4196 decipiantur,
2462 4122 2553 4176 sed
2601 4120 2932 4188 decipiamus
2983 4119 3202 4187 potius:
3254 4135 3373 4172 nam
3420 4119 3653 4175 scientes

2064 4217 2448 4292 quotupliciter
2471 4214 2684 4279 dicitur,
2715 4226 2819 4265 non
2852 4210 3281 4275 allucinabimur,
3304 4210 3399 4265 scd
3423 4212 3655 4266 sciemus

2069 4314 2112 4369 si
2140 4326 2246 4366 non
2273 4309 2341 4365 ad
2366 4297 2506 4364 idem
2537 4319 2840 4363 sermonem
2871 4302 3030 4373 faciat
3059 4303 3106 4358 is
3133 4303 3221 4374 qui
3252 4303 3566 4374 interrogat,
3598 4315 3652 4360 et

2069 4406 2169 4474 ipsi
2203 4405 2592 4471 interrogantes
2619 4398 2914 4468 poterimus
2936 4396 3213 4467 apparenti
3242 4396 3652 4452 ratiocinatione

2072 4499 2279 4564 l‘allere,
2313 4495 2417 4550 nisi
2454 4495 2500 4549 is
2525 4493 2615 4563 qui
2664 4490 2957 4560 respondet
2987 4499 3245 4560 agnoscat
3273 4488 3655 4559 quotupliciter

2072 4590 2288 4645 dicitur.
2322 4588 2431 4641 lloc
2463 4601 2567 4639 non
2612 4584 2664 4637 in
2709 4582 2957 4636 omnibus
2986 4596 3200 4645 semper
3234 4581 3517 4651 possibile.
3561 4582 3655 4638 sed

383 4698 722 4756 siderandum
772 4698 815 4751 si
874 4711 991 4766 qua:
1042 4695 1143 4750 sub
1190 4692 1380 4748 eodem
1440 4698 1563 4747 sunt
1617 4692 1834 4747 nomine
1884 4691 1937 4745 di

2038 4675 2285 4751 'quando
2332 4675 2528 4731 fuerint
2566 4687 2755 4729 eorum
2794 4686 2936 4753 quas
2965 4671 3329 4741 multipliciter
3368 4671 3657 4742 dicuntur,

385 4809 663 4851 versurum
720 4798 1092 4861 generum,et
1134 4802 1237 4842 non
1294 4785 1730 4841 subalternorum
1786 4785 1966 4839 diver-

383 4902 455 4942 sa;
503 4887 821 4941 dill‘erentiae
877 4882 1016 4947 sint,
1068 4887 1125 4934 ut
1180 4888 1393 4934 acutum
1448 4876 1596 4932 vocis
1646 4887 1701 4931 et
1758 4877 1965 4948 magni-

372 4980 608 5043 tudinis;
641 4977 821 5047 diﬁ‘ert
860 4978 1000 5030 enim
1030 4988 1133 5027 vox
1175 4988 1203 5025 a
1236 4985 1366 5026 voce
1409 4983 1477 5025 eo
1504 4969 1645 5041 quod
1678 4978 1831 5025 acuta
1864 4970 1963 5036 sit,

382 5075 625 5127 similiter
655 5082 702 5125 et
733 5068 1043 5139 magnitudo
1088 5082 1118 5120 a
1155 5065 1519 5138 magnitudine
1556 5083 1569 5118 :
1604 5078 1772 5136 quare
1802 5064 1972 5135 arqui-

384 5183 572 5222 vocum
602 5175 849 5231 acutum,
892 5165 1227 5219 diversorum
1256 5166 1400 5218 enim
1443 5177 1734 5233 generum,
1775 5173 1827 5217 et
1866 5176 1970 5216 non

378 5260 813 5313 subalteroorum
853 5256 1083 5310 diversas
1113 5254 1429 5311 diﬁ’erentiie
1474 5262 1617 5310 sunt.
1654 5254 1884 5309 Rursum
1927 5256 1971 5310 si

382 5350 694 5405 eorumdem
743 5366 863 5419 quae
911 5356 1038 5403 sunt
1084 5350 1185 5403 sub
1244 5348 1432 5403 eodem
1490 5348 1707 5401 nomine
1742 5347 1971 5401 diversa:

383 5441 704 5497 dill'erentia:
739 5449 887 5506 sunt,
922 5449 978 5495 ut
1008 5441 1205 5495 coloris
1231 5442 1320 5509 qui
1366 5449 1447 5493 est
1488 5442 1542 5494 in
1583 5438 1896 5508 corporibus
1921 5449 1973 5493 et

388 5533 440 5585 in
484 5530 753 5585 melodiis.
784 5530 913 5584 Nam
943 5531 1059 5600 eius
1087 5533 1175 5598 qui
1208 5532 1364 5583 estin
1410 5531 1724 5599 corporibus
1754 5544 1973 5598 congre-

383 5625 620 5697 gativum
662 5633 715 5676 et
757 5624 1173 5692 disgregativum
1225 5624 1402 5687 visus,
1438 5624 1555 5692 ejus
1603 5639 1733 5679 vero
1777 5624 1867 5691 qui
1920 5623 1973 5677 in

385 5714 632 5771 melodiis
658 5728 762 5768 non
809 5715 1010 5769 eaedem
1049 5714 1397 5778 dilferentim;
1442 5730 1608 5784 quare
1646 5716 1971 5786 mquivocum

384 5811 553 5876 color,
588 5823 711 5864 nam
757 5808 1070 5865 eorumdem
1102 5809 1303 5865 eaedem
1332 5807 1665 5863 diﬁ‘ercntim.
1710 5807 1970 5878 Amplius,

385 5901 633 5970 quoniam
653 5900 862 5973 species
879 5899 1074 5961 nullius
1092 5909 1176 5957 est
1192 5898 1511 5967 differentia,
1535 5900 1801 5970 inspicere
1820 5915 1973 5972 opor-

2070 4774 2171 4828 alia
2198 4770 2412 4842 quidem
2440 4783 2586 4830 vera,
2609 4765 2710 4819 alia
2733 4774 2910 4818 autem
2933 4762 3089 4819 falsa.
3122 4763 3215 4819 Est
3242 4773 3418 4819 autem
3442 4764 3659 4833 proprie

2074 4881 2179 4921 non
2210 4861 2540 4933 conveniens
2569 4857 2757 4913 modus
2783 4856 2869 4911 hic
2893 4855 3212 4923 dialecticae,
3243 4871 3408 4926 quare
3436 4856 3658 4911 omnino

2070 4956 2287 5013 vitanda
2315 4951 2609 5008 dialecticis
2640 4948 2945 5020 huiusmodi
2985 4948 3050 5002 ad
3092 4963 3288 5002 nomen
3331 4948 3653 5016 disputatio,

2075 5049 2176 5105 nisi
2207 5048 2326 5117 quis
2366 5042 2523 5099 aliter
2570 5056 2685 5095 non
2727 5041 2895 5109 possit
2933 5040 3000 5093 de
3051 5041 3322 5109 proposito
3369 5040 3656 5096 disserere.
3745 5050 3754 5072 ~'

2080 5142 2419 5197 Dillerentias
2447 5148 2623 5193 autem
2656 5137 2897 5190 invenire
2949 5133 3099 5200 utile,
3143 5145 3199 5188 ct
3226 5135 3292 5187 ad
3320 5133 3661 5205 syllogismos

2078 5236 2146 5291 de
2172 5238 2385 5293 eodem.
2413 5244 2466 5287 et
2492 5234 2731 5293 diverso,
2763 5239 2813 5285 ut
2843 5229 2908 5283 ad
2937 5229 3366 5299 cognoscendum
3409 5227 3536 5297 quid
3581 5239 3663 5283 est

2080 5330 2517 5398 unumquodque.
2541 5324 2693 5393 Quod
2719 5333 2896 5378 autem
2918 5322 2982 5375 ad
3015 5322 3352 5393 syllogismos
3380 5321 3448 5375 de
3469 5320 3660 5376 eodem

2078 5433 2137 5480 et
2160 5424 2372 5476 diverso
2399 5419 2551 5484 utile,
2595 5418 2933 5473 manifestum
2972 5435 2983 5466 :
3022 5412 3355 5468 invenientes
3384 5414 3528 5468 enim
3560 5413 3663 5466 dif-

2083 5524 2359 5580 ferentiam
2387 5520 2782 5592 propositorum
2824 5518 3136 5589 quamlibet,
3172 5514 3516 5571 ostendentes
3548 5516 3659 5569 eri-

2080 5636 2199 5674 mus
2242 5618 2489 5687 quoniam
2538 5629 2641 5668 non
2678 5613 2839 5667 idem.
2880 5612 2959 5666 Ad
3008 5609 3437 5679 cognoscendum
3481 5619 3659 5663 autem

2082 5712 2205 5783 quid
2224 5717 2305 5766 est
2334 5706 2768 5776 unumquodque,
2793 5721 2857 5759 eo
2874 5704 3012 5775 quod
3038 5698 3312 5775 propriam
3344 5698 3654 5758 substantize

2080 5804 2337 5875 cujusque
2355 5800 2636 5865 rationem,
2658 5797 2724 5853 iis
2749 5811 2867 5869 qua:
2890 5798 3049 5866 (circa
3071 5794 3488 5867 unumquodque
3510 5792 3655 5862 sunt)

2082 5891 2501 5957 accommodatis
2543 5891 2855 5950 dill'ercntiis
2884 5906 3134 5963 separare
3162 5888 3416 5951 solemus.
3454 5888 3659 5945 Simili-
