4290 6272
628 344 731 396 9‘23

631 573 728 628 rati
754 582 895 629 sues,
924 577 973 619 et
1005 565 1068 618 ad
1122 565 1466 635 syllogismos
1503 581 1568 622 ex
1615 567 2021 636 suppositione,
2063 576 2118 622 et
2148 566 2214 625 ad

629 660 1046 732 assignationem
1092 657 1486 717 deﬁnitionum.
1524 659 1606 715 Ad
1655 659 1955 716 inductivas
1999 658 2256 730 quidem.

630 756 897 821 rationes,
931 768 995 809 eo
1038 751 1179 823 quod
1231 751 1374 807 circa
1404 751 1611 822 singula
1655 752 1706 808 in
1757 750 2024 809 similibus
2055 749 2214 806 indu-

546 882 555 890 »
628 849 803 904 ctione
861 846 1167 902 universale
1213 845 1589 904 exisﬁmamus
1629 844 1909 909 inducere.
1939 859 2044 902 non
2072 845 2215 904 enini

630 938 785 993 facile
811 949 892 993 est
923 939 1177 993 inducere
1201 938 1510 1009 ignorantes
1535 937 1751 992 similia.
1778 936 1856 994 Ad
1878 936 2217 1008 syllogismos

630 1047 697 1087 ex
727 1031 1126 1100 suppositione,
1156 1045 1222 1085 eo
1248 1030 1391 1100 quod
1435 1028 1709 1098 probabile
1740 1038 1821 1084 cst
1869 1028 2220 1099 quemadmo-

630 1126 754 1179 dum
802 1123 853 1177 in
886 1139 992 1178 uno
1039 1123 1294 1178 similium
1336 1137 1396 1177 se
1425 1123 1616 1188 habet,
1653 1122 1731 1177 sic
1775 1132 1829 1177 et
1874 1122 1927 1177 in
1972 1122 2213 1192 reliquis.

631 1218 807 1284 Quare
837 1215 904 1272 ad
951 1216 1309 1287 quodcunque
1333 1216 1520 1271 e‘orum
1563 1214 1872 1269 facultatem
1903 1213 2218 1270 habebimus

631 1309 968 1379 disputandi,
1012 1308 1382 1378 proﬁtebimur
1416 1306 1869 1378 quemadmodum
1925 1306 1978 1362 in
2029 1305 2126 1364 his,
2159 1319 2219 1360 se

632 1404 820 1467 habet,
867 1403 945 1457 sic
991 1411 1045 1456 et
1095 1403 1147 1456 in
1183 1402 1453 1471 proposito
1509 1401 1729 1457 habere.
1761 1401 1816 1456 Id
1858 1402 2002 1457 enim
2035 1410 2219 1455 osten-

578 1496 586 1504 '
633 1494 853 1560 dentes,
887 1501 942 1548 et
984 1493 1315 1563 propositum
1367 1509 1430 1549 es
1463 1494 1835 1565 suppositione
1873 1492 2218 1548 ostendentes

632 1588 861 1651 erimus;
884 1591 1251 1657 supponentes
1277 1590 1419 1644 enim
1446 1589 1713 1660 quomodo
1747 1589 1798 1642 in
1829 1588 1914 1643 bis
1945 1602 2004 1644 se
2035 1587 2216 1652 habet,

631 1682 708 1736 sic
738 1690 792 1735 et
832 1682 884 1737 in
926 1684 1202 1752 proposito
1230 1699 1290 1738 se
1335 1683 1534 1739 habere
1579 1683 2094 1739 demonstrationem
2131 1681 2219 1735 fa-

633 1775 851 1830 ciemus.
893 1775 972 1829 Ad
1022 1775 1391 1832 deﬁnitionum
1439 1785 1617 1832 autem
1672 1776 2122 1846 assignatlonem,
2152 1789 2218 1830 eo

1874 333 1987 394 AN.
2013 334 2236 395 .MANL.
2276 335 2427 394 SEV.
2473 334 2698 393 BOETII

540 551 542 553 _
633 477 834 532 tudinis
881 484 1056 529 autem
1102 470 1463 527 consideratio
1493 472 1640 530 utilis
1678 479 1762 529 est
1807 473 1874 530 ad
1915 472 2213 531 inductivas
2241 477 2292 544 λ
2323 473 2534 531 niemus
2587 473 2958 543 propositum)
3012 472 3314 538 collocare,
3363 487 3486 531 nam
3543 475 3910 534 communium

3009 263 3168 294 ..ην

3805 337 3907 394 illi

2319 569 2460 637 quod
2502 565 2735 622 maxime
2795 564 2847 623 in
2896 579 2962 620 eo
3009 565 3150 632 quod
3195 564 3323 636 quid
3371 563 3696 634 pratdtcatur
3740 582 3911 636 genus

2319 658 2445 718 erit.
2481 657 2739 714 Similiter
2781 667 2958 712 autem
2995 667 3048 714 et
3073 658 3125 716 in
3168 659 3393 716 multum
3424 657 3746 715 distantibus
3767 662 3911 719 utilis

2319 753 2386 813 ad
2415 753 2756 812 deﬁnitiones
2805 753 3174 813 similitudinis
3221 755 3623 823 consideratio,
3673 766 3731 812 ut
3771 760 3912 828 quod

2320 844 2464 902 idem
2512 845 2868 914 tranquillitas
2913 845 2966 900 in
3021 845 3191 911 mari,
3223 855 3276 900 et
3327 847 3594 902 serenitas
3643 849 3695 902 in
3751 864 3912 916 aere,

2323 945 2611 1006 utrumque
2633 935 2772 992 enim
2803 934 2978 1005 quies,
3005 942 3060 992 et
3090 935 3342 1004 quoniam
3383 944 3640 1006 punctum
3661 938 3712 992 in
3748 938 3910 1008 linea,

2322 1038 2379 1084 ct
2408 1026 2581 1084 unitas
2633 1027 2684 1084 in
2735 1041 2988 1094 numero,
3042 1035 3328 1098 utrumque
3377 1029 3522 1083 enim
3567 1031 3909 1101 principium.

2321 1122 2497 1190 Quare
2519 1136 2804 1178 commune
2830 1122 2882 1178 in
2912 1122 3162 1178 omnibus
3187 1137 3358 1193 genus
3380 1125 3739 1194 assignantes,
3767 1127 3913 1184 arbi-

2323 1213 2582 1271 trabimur
2629 1229 2734 1268 non
2772 1213 3314 1272 extranee'deﬁnire.
3348 1213 3493 1272 Pene
3520 1227 3697 1273 autem
3729 1227 3786 1274 et
3815 1219 3915 1275 de—

2323 1309 2570 1366 ﬁnientes
2627 1309 2703 1364 sic
2756 1307 2930 1363 solent
2997 1308 3303 1376 assignare,
3361 1323 3484 1366 nam
3539 1319 3594 1367 et
3647 1313 3911 1369 unitatem

2326 1401 2644 1472 principium
2696 1399 2902 1456 numeri
2951 1400 3134 1458 dicunt
3172 1415 3319 1467 esse;
3372 1409 3426 1455 et
3471 1411 3722 1470 punctum
3762 1403 3910 1471 prin-

2323 1493 2520 1563 cipium
2568 1493 2740 1548 linem.
2792 1492 3129 1550 Manifestum
3163 1491 3323 1563 igitur
3365 1492 3613 1560 quoniam
3659 1493 3725 1548 ad
3755 1508 3912 1550 com-

2325 1601 2487 1643 mune
2551 1595 2902 1655 utrorumque
2967 1600 3140 1655 genus
3203 1585 3494 1642 collocant.
3556 1586 3912 1646 Instrumenta

2324 1681 2504 1751 itaque
2547 1694 2644 1749 per
2667 1693 2788 1748 quae
2818 1686 2940 1737 sunt
2968 1676 3302 1748 syllogismi,
3341 1677 3458 1732 huic
3495 1686 3649 1741 sunt;
3681 1677 3782 1734 loci
3818 1693 3911 1736 att-

2326 1784 2431 1832 tem
2463 1772 2528 1832 ad
2555 1787 2691 1844 quos
2719 1772 2865 1832 utilia
2895 1779 3022 1830 sunt
3049 1770 3326 1841 przedicta,
3359 1770 3396 1830 ii
3437 1777 3562 1830 sunt
3583 1769 3674 1842 qui
3702 1767 3909 1830 dicendi

634 1867 776 1936 quod
810 1876 1054 1934 potentes
1094 1870 1408 1935 conSpicere
1439 1868 1565 1939 quid
1609 1869 1663 1923 itt
1694 1881 2018 1939 unoquoque
2045 1866 2219 1930 idem,
2253 1872 2302 1934 ι
2328 1877 2470 1926 sunt.

639 1972 743 2014 non
775 1957 1132 2012 dubitabimus
1165 1959 1232 2014 ad
1278 1959 1404 2030 quid
1433 1968 1678 2030 oporteat
1705 1973 1876 2030 genus
1900 1959 2052 2028 (cum
2084 1957 2217 2013 deﬁ-

2731 2083 3898 2110 Μ

1732 2205 2079 2299 LIBER
2140 2209 2806 2320 SECUNDUS.

1147 2437 1372 2494 CAPUT
1411 2436 1696 2494 PRIMUM.

666 2531 745 2586 De
766 2530 1091 2612 problematis
1121 2529 1491 2612 universaiibus
1522 2540 1568 2583 et
1595 2530 1647 2583 in
1677 2528 1858 2612 quibus
1891 2527 2181 2597 pradicatis

1022 2610 1183 2655 inesse
1219 2611 1401 2654 etesse
1437 2610 1820 2654 convertuntur.

699 2714 835 2770 Sunt
861 2721 1034 2768 autem
1058 2712 1449 2783 problematum
1481 2714 1598 2767 haec
1625 2712 1841 2782 quidem
1872 2712 2215 2778 universalia,

634 2806 720 2862 illa
754 2819 879 2861 vero
906 2805 1246 2875 particularia
1273 2819 1288 2857 :
1326 2804 1650 2859 universalia
1679 2805 1920 2876 quidem,
1957 2813 2014 2860 ut
2044 2806 2218 2860 omnis

633 2901 878 2970 voluptas
936 2899 1133 2954 bonum
1187 2907 1310 2964 est,
1369 2906 1423 2954 et
1484 2899 1629 2953 nulla
1678 2901 1922 2967 Valuptas
1983 2899 2216 2966 bonum;

633 2993 972 3064 particularia
1029 3008 1179 3059 vero,
1237 3003 1293 3047 ut
1351 2993 1527 3063 aliqua
1597 2992 1843 3059 voluptas
1896 2992 2116 3057 bonum,
2163 3000 2220 3047 et

631 3086 806 3155 aliqua
835 3085 1082 3154 voluptas
1111 3100 1216 3139 non
1258 3086 1480 3139 bonum.
1520 3085 1658 3140 Sunt
1687 3093 1864 3139 autem
1894 3083 1960 3139 ad
1993 3093 2218 3154 utraque

2331 2434 2538 2499 dicunt,
2581 2431 2663 2486 vel
2704 2430 2760 2485 in
2799 2442 2867 2484 eo
2893 2413 3034 2500 quod
3067 2429 3524 2499 transgrediuntur
3566 2414 3792 2500 positam
3830 2431 3913 2490 lo.

2259 2597 2267 2608 '
2327 2523 2619 2580 cutiouem.
2657 2520 2870 2575 Faismu
2903 2519 3099 2575 etenim
3131 2521 3399 2587 dicentes,
3431 2530 3484 2575 et
3517 2521 3607 2591 qui
3631 2521 3774 2592 quod
3806 2536 3914 2580 non

2329 2618 2469 2674 inest
2527 2615 2705 2670 inesse
2733 2610 2894 2668 alicui
2923 2610 3129 2676 dicunt,
3159 2621 3402 2681 peccant,
3435 2620 3490 2668 et
3527 2611 3619 2680 qui
3645 2614 3916 2670 extraneis

2328 2706 2637 2766 nominibus
2688 2720 2776 2760 res
2825 2704 3098 2774 appellant
3148 2705 3229 2773 (ut
3265 2703 3542 2762 Platanum
3591 2703 3911 2778 hominem),

2329 2796 2798 2868 transgrediuntur
2828 2795 3058 2864 positam
3089 2796 3533 2854 nominationem.

2955 2886 3181 2944 CAPUT
3224 2888 3286 2943 ll.

2326 2984 2451 3042 Loci
2490 2982 2862 3053 problematum
2890 2981 3028 3051 quod
3066 2981 3344 3050 quidquam
3382 2984 3504 3038 insit
3531 2985 3609 3038 vel
3637 3001 3732 3039 non
3770 2985 3909 3044 insit.

2401 3078 2548 3134 Unus
2576 3087 2757 3132 autem
2787 3077 2936 3132 locus
2960 3087 3044 3132 est
3071 3077 3342 3146 inspicere
3391 3080 3435 3134 si
3467 3079 3593 3149 quid
3625 3081 3912 3140 secundum

631 3191 824 3248 genera
861 3176 1252 3246 problematum
1294 3176 1596 3231 communia
1635 3175 1979 3243 universalia,
2013 3185 2068 3232 et
2095 3191 2216 3232 con-
2250 3164 2300 3228 C
2329 3170 2562 3238 aliquem
2589 3170 2754 3224 alium
2785 3168 3001 3224 tnodum
3034 3170 3194 3242 inest,
3228 3179 3287 3224 ut
3317 3170 3568 3226 accidens
3605 3173 3910 3240 assignavit.

631 3270 906 3332 structiva,
959 3279 1013 3324 et
1060 3268 1409 3323 destructiva.
1480 3267 1835 3323 Ostendenles
1885 3269 2027 3323 enim
2077 3268 2219 3339 quod

637 3362 780 3416 omni
809 3363 967 3427 inest,
997 3371 1051 3415 et
1074 3363 1215 3431 quod
1250 3362 1409 3418 alicui
1442 3363 1580 3418 inest
1601 3365 1950 3418 ostendentes
1978 3363 2218 3429 erimus;

634 3453 878 3506 similiter
915 3461 1093 3507 autem
1125 3463 1179 3508 et
1209 3456 1253 3508 si
1287 3456 1427 3523 quod
1460 3456 1594 3509 nulli
1627 3456 1763 3511 inest
1802 3457 2218 3524 ostenderimus,

633 3553 685 3598 et
713 3543 853 3612 quod
884 3558 987 3597 non
1016 3545 1159 3598 omni
1206 3547 1349 3599 inest
1395 3547 1747 3601 ostendentes
1808 3549 2033 3602 erimus.
2103 3549 2221 3604 Pri-

633 3650 778 3690 mum
816 3651 943 3706 ergo
981 3636 1047 3689 de
1089 3635 1479 3690 univcrsalibus
1520 3637 1863 3694 destructivis
1909 3638 2217 3705 dicendum,

635 3742 699 3782 eo
724 3727 864 3796 quod
896 3726 1197 3780 communia
1244 3726 1352 3780 sint
1385 3727 1688 3796 huiusmodi
1720 3727 1784 3781 ad
1817 3728 2138 3783 universalia
2169 3739 2223 3784 et

638 3818 1010 3888 particularia,
1041 3827 1095 3872 et
1126 3819 1249 3886 quia
1281 3819 1450 3888 magis
1485 3819 1777 3887 positiones
1818 3821 2043 3876 afferant
2073 3822 2124 3875 in
2155 3837 2222 3878 eo

635 3917 775 3983 quod
808 3913 966 3978 inest,
994 3928 1150 3983 quam
1181 3929 1310 3978 non,
1336 3914 1673 3984 disputantes
1700 3924 1878 3970 autem
1921 3914 2218 3970 destruant.

637 3999 732 4059 Est
810 4015 988 4060 autem
1064 4004 1436 4061 difﬁcillimum
1517 4007 1757 4061 converti
1822 4008 1890 4062 ab
1947 4008 2223 4066 accidente

637 4099 905 4169 propriam
953 4099 1394 4154 nominationem.
1457 4100 1588 4155 Nam
1621 4100 1800 4170 aliquo
1845 4099 2005 4156 modo
2034 4112 2089 4158 et
2117 4117 2222 4158 nos

640 4192 1017 4248 universaliter
1049 4194 1100 4247 in
1131 4193 1264 4248 solis
1297 4193 1558 4263 contingit
1601 4195 1988 4259 accidentibus.
2034 4212 2064 4253 a
2093 4196 2224 4251 deti-

639 4282 838 4339 nitioue
865 4283 1028 4348 enim,
1069 4293 1124 4337 et
1170 4284 1403 4352 proprio,
1429 4293 1483 4338 et
1507 4299 1703 4354 genere
1752 4280 2112 4342 necessarium
2143 4299 2226 4343 est

636 4377 908 4442 converti,
951 4384 1008 4430 ut
1037 4375 1082 4430 si
1124 4375 1264 4431 inest
1295 4375 1449 4431 alicui
1501 4376 1697 4430 animal
1757 4379 2038 4446 gressibiie
2076 4379 2226 4447 bipes

637 4482 778 4533 esse,
808 4476 1205 4523 convertentem
1238 4482 1422 4522 verum
1449 4467 1551 4524 erit
1579 4467 1783 4534 dicere,
1817 4469 2068 4538 quoniam
2095 4470 2223 4526 illud

2325 3263 2583 3320 Peccatur
2625 3271 2803 3317 autem
2851 3261 3086 3316 maxime
3123 3261 3172 3316 id
3200 3263 3344 3318 circa
3391 3278 3605 3331 genera,
3641 3273 3698 3319 ut
3727 3264 3771 3318 si
3799 3265 3915 3332 quis

2325 3356 2446 3412 albo
2485 3355 2630 3410 dicat
2676 3353 2923 3410 accidere
2971 3353 3211 3409 colorem
3257 3369 3398 3419 esse,
3448 3370 3552 3410 non
3604 3357 3747 3410 enim
3792 3357 3916 3412 albo

2323 3445 2560 3503 colorem
2613 3460 2734 3500 esse
2787 3445 3025 3510 accidit,
3086 3446 3179 3501 sed
3231 3461 3397 3515 genus
3446 3447 3559 3515 ejus
3613 3448 3762 3502 color
3807 3457 3913 3504 est.

2324 3539 2596 3608 Contingit
2635 3546 2814 3596 autem
2846 3549 2900 3596 et
2940 3540 3233 3598 secundum
3280 3542 3700 3596 nominationem
3741 3543 3918 3598 deter.

2327 3632 2532 3690 minare
2573 3646 2695 3686 eum
2726 3632 2816 3701 qui
2858 3632 3025 3700 potiit,
3069 3641 3126 3686 ut
3158 3631 3298 3700 quod
3335 3632 3526 3687 accidit
3559 3633 3781 3702 iustitia:
3812 3633 3917 3689 vir-

2329 3732 2496 3779 tutem
2529 3738 2670 3779 esse.
2725 3723 2879 3791 Smne
2926 3735 3102 3778 autem
3145 3735 3200 3780 et
3249 3739 3372 3779 cum
3420 3739 3526 3780 non
3576 3725 3914 3792 determinet,

2329 3815 2670 3871 manifestum
2713 3815 2854 3885 quod
2898 3830 3070 3886 genus
3114 3824 3171 3870 ut
3212 3817 3462 3872 accidens
3508 3819 3814 3888 assignavit,
3864 3826 3921 3875 ut

2327 3907 2372 3964 si
2399 3908 2517 3977 quis
2544 3908 2849 3964 aibedinem
2880 3909 3110 3964 colorari
3139 3909 3356 3976 dixetit,
3389 3911 3476 3966 vel
3505 3911 3918 3967 ambulationem

2328 4003 2554 4058 moveri.
2591 4004 2630 4060 Α
2658 4002 2802 4057 nullo
2831 4001 2970 4056 enim
2993 4018 3201 4072 genere
3231 4003 3633 4061 denominative
3663 4005 3920 4078 praedica-

2329 4097 2403 4151 tio
2453 4096 2519 4150 de
2569 4097 2748 4165 specie
2793 4096 3032 4161 dicitur,
3088 4097 3180 4152 sed
3227 4100 3408 4154 omnia
3459 4101 3685 4155 uuivoce
3727 4114 3924 4168 genera

2329 4187 2396 4242 de
2439 4187 2718 4256 speciebus
2754 4187 3132 4256 praedicantur,
3166 4204 3289 4244 nam
3333 4199 3387 4244 ct
3428 4205 3622 4245 nomen
3662 4198 3717 4243 et
3760 4190 3927 4246 ratio-

2331 4293 2453 4337 nem
2484 4294 2742 4349 generum
2789 4281 3092 4349 suscipiunt
3117 4281 3359 4349 species;
3392 4283 3481 4351 qui
3524 4281 3680 4350 igitur
3709 4282 3925 4338 colora-

2333 4377 2444 4425 tum
2475 4370 2610 4424 dixit
2641 4370 2816 4425 album
2836 4409 2852 4435 ,
2897 4385 3068 4440 neque
3109 4386 3278 4441 genus
3309 4372 3619 4441 assignavit,
3672 4375 3925 4441 quoniam

2330 4462 2730 4518 denominativc
2759 4461 2932 4527 dixit,
2983 4477 3157 4532 neque
3200 4472 3255 4515 ιιι
3297 4466 3568 4532 proprium
3600 4462 3683 4517 vel
3716 4475 3773 4518 ut
3797 4462 3926 4518 defi-

637 4559 838 4613 animal
880 4558 1161 4627 gressibile
1210 4557 1362 4627 bipes
1405 4567 1507 4614 est.
1561 4557 1821 4614 Similiter
1852 4568 2026 4615 autem
2067 4576 2096 4616 a
2134 4576 2227 4631 ge-
2255 4552 2308 4612 D
2333 4557 2609 4622 nitiunem,
2638 4571 2757 4608 nam
2784 4556 3025 4612 deﬁnitio
3061 4569 3115 4636 et
3150 4561 3423 4626 proprium
3464 4559 3591 4614 nulli
3634 4559 3722 4613 alii
3750 4563 3921 4614 inest:

640 4665 793 4715 nere,
826 4666 946 4706 nam
971 4653 1015 4707 si
1043 4651 1235 4707 animal
1270 4653 1409 4706 inest
1435 4653 1615 4716 alicui.
1647 4655 1843 4709 animal
1875 4664 1978 4710 est.
2023 4656 2225 4712 Eodem

640 4752 818 4798 autem
847 4743 1006 4798 modo
1035 4752 1088 4797 et
1119 4743 1169 4796 itt
1209 4743 1426 4811 proprio
1459 4752 1583 4808 est;
1615 4743 1662 4799 si
1709 4746 1850 4800 enim
1892 4747 2052 4802 alicui
2092 4747 2232 4802 inest

640 4835 1014 4905 grammatices
1054 4838 1413 4903 susceptivunt
1456 4851 1597 4901 esse,
1629 4840 2005 4906 grammatices
2051 4855 2234 4895 susce-

644 4927 846 4997 ptivum
876 4927 995 4981 erit.
1039 4925 1172 4980 Nam
1215 4925 1342 4980 nihil
1390 4927 1580 4982 horum
1624 4929 1888 4998 contingit
1931 4932 2226 4986 secundum

639 5018 769 5087 quid
799 5018 993 5080 inesse,
1020 5017 1104 5072 vel
1137 5031 1240 5072 non
1269 5033 1410 5083 esse,
1440 5021 1534 5074 sed
1565 5021 1887 5090 simpliciter
1913 5023 1996 5076 vel
2027 5023 2222 5091 inesse,

643 5113 727 5167 vel
756 5128 862 5168 non
895 5111 1092 5166 inesse.
1134 5112 1190 5167 in
1221 5113 1586 5168 accidentibus
1613 5123 1791 5168 autem
1823 5113 1953 5168 nihil
1984 5115 2230 5184 prohibet

642 5203 936 5260 secundum
962 5203 1090 5272 quid
1122 5204 1318 5270 inesse,
1346 5213 1406 5259 ut
1444 5204 1769 5273 albedinem,
1827 5205 1910 5260 vel
1946 5205 2228 5274 justitiam.

644 5297 823 5362 Quare
869 5314 974 5353 non
1009 5297 1207 5353 sufficit
1245 5297 1529 5353 ostendere
1557 5299 1807 5368 quoniam
1855 5299 1996 5355 inest
2019 5299 2230 5369 albedo,

644 5387 729 5442 vel
772 5387 1016 5456 iustitia,
1091 5387 1159 5443 ad
1227 5388 1617 5444 Ostendendum
1684 5391 1827 5461 quod
1891 5391 2076 5460 albus,
2149 5393 2233 5450 vel

640 5477 816 5546 justus
876 5487 996 5543 est,
1064 5493 1186 5535 nam
1261 5479 1421 5538 habet
1479 5482 1905 5553 dubitationem,
1979 5485 2228 5555 quoniam

645 5570 940 5625 secundum
991 5572 1115 5641 quid
1162 5571 1338 5640 albus,
1392 5572 1480 5628 vel
1521 5573 1700 5642 justus
1753 5587 1836 5631 est
1869 5587 2230 5647 :quapropter

645 5677 754 5719 non
795 5665 1154 5720 necessarium
1186 5675 1266 5722 est
1309 5666 1359 5722 in
1405 5667 1771 5724 accidentibus
1814 5670 2073 5729 cooverti.
2125 5668 2228 5726 De-

649 5753 937 5810 terminare
987 5766 1162 5812 autem
1212 5767 1425 5828 oportet
1475 5770 1530 5816 et
1579 5771 1795 5831 peccata
1840 5775 1958 5830 qua:
2006 5769 2128 5816 sunt
2175 5762 2270 5820 in'

651 5841 1089 5914 problematihus,
1116 5864 1239 5911 nam
1269 5859 1392 5916 sunt
1420 5849 1550 5920 duo,
1579 5853 1661 5913 vel
1694 5853 1744 5912 in
1773 5867 1837 5910 eo
1866 5854 2006 5924 quod
2037 5854 2227 5914 falsum

2337 4658 2461 4704 sunt
2489 4659 2664 4705 autem
2695 4649 2932 4705 colorata
2959 4659 3014 4706 et
3044 4650 3301 4720 pleraque
3332 4651 3587 4720 aliorum,
3612 4660 3669 4704 ut
3699 4651 3923 4720 lignum,

2335 4743 2492 4810 lapis,
2551 4743 2732 4808 homo,
2770 4756 2959 4812 equus.
2991 4742 3330 4797 Manifestum
3375 4743 3534 4812 igitur
3574 4743 3828 4812 quoniam
3870 4751 3928 4798 ut

2336 4836 2591 4893 accidens
2635 4837 2948 4906 assignavit.
3026 4837 3177 4892 Alius
3226 4837 3376 4891 locus
3424 4848 3506 4891 est
3554 4837 3820 4904 inspicere
3862 4851 3925 4893 ea

2340 4929 2532 5002 quibus
2585 4933 2762 4988 inesse
2807 4941 2897 4987 aut
2951 4931 3201 4988 omnibus
3250 4940 3343 4986 aut
3391 4931 3520 4985 milli
3564 4930 3763 4985 dictum
3809 4939 3923 4994 est,

2339 5032 2394 5079 et
2417 5023 2763 5080 considerare
2794 5024 3088 5082 secundum
3120 5025 3349 5094 species.
3382 5033 3437 5080 et
3465 5004 3569 5078 rion
3602 5024 3653 5076 in
3685 5021 3924 5078 inﬁnitis.

2339 5111 2470 5168 Nam
2500 5114 2727 5170 transitu
2763 5115 2936 5185 magis
2986 5123 3040 5170 et
3071 5115 3124 5169 in
3164 5113 3507 5180 paucioribus
3536 5112 3923 5178 consideratio,

2335 5213 2548 5274 oportet
2597 5216 2772 5264 autem
2825 5206 3166 5266 considerare
3217 5215 3272 5262 et
3319 5205 3556 5274 incipere
3611 5220 3642 5261 a
3694 5204 3916 5274 primis.

2338 5298 2532 5357 deinde
2571 5312 2964 5371 consequenter
2993 5316 3160 5371 usque
3201 5299 3268 5354 ad
3301 5298 3603 5366 individua,
3648 5307 3707 5352 ut
3745 5300 3790 5354 si
3833 5312 3926 5367 op-

2297 5461 2302 5467 _
2340 5395 2633 5464 positorum
2680 5393 2922 5450 eamdem
2976 5394 3311 5463 disciplinam
3355 5391 3474 5461 quis
3515 5390 3721 5445 dixerit
3769 5405 3925 5453 esse.

2340 5485 2767 5556 perspiciendum
2815 5486 2860 5541 si
2916 5501 3102 5541 eormn
3151 5503 3269 5554 qua:
3315 5495 3442 5539 sunt
3485 5482 3550 5536 ad
3597 5481 3829 5552 aliquid,
3876 5489 3930 5535 et

2334 5580 2724 5636 contrariorum
2747 5621 2761 5646 ,
2787 5588 2841 5634 et
2868 5596 2986 5649 qua:
3022 5580 3316 5635 secundum
3357 5579 3716 5649 privationem
3754 5587 3808 5632 et
3835 5578 3929 5632 ha-

2334 5671 2504 5728 bitum
2534 5681 2589 5728 et
2623 5688 2742 5744 quas
2780 5671 3072 5730 secundum
3113 5671 3596 5731 contradictionem
3638 5671 3922 5733 dicuntur,

2335 5765 2520 5820 eadem
2555 5765 2611 5818 ﬁt
2655 5765 2936 5836 disciplina
2970 5775 3024 5821 ct
3051 5766 3094 5821 si
3131 5767 3180 5820 in
3215 5767 3294 5824 his
3323 5765 3555 5820 nondum
3587 5761 3927 5820 manifestum

2334 5864 2449 5923 est,
2481 5870 2692 5918 rursum
2723 5871 2784 5911 ea
2827 5856 3177 5916 dividendum
3223 5871 3392 5926 usque
3430 5855 3494 5916 ad
3527 5854 3836 5938 individua,
3867 5860 3928 5919 ut
