4290 6272
343 376 446 433 925

1216 356 1608 413 TOPICORUM
1650 348 2118 412 ARISTOTELIS
2141 354 2715 416 ΙΝἘΕΠΡΒΕΤΑΤΙΟ.

3412 348 3413 351 ‘
3507 354 3610 413 ese

340 493 384 548 si
410 490 539 561 justi
580 487 664 546 vel
694 485 907 558 iniusti,
938 482 1025 541 vel
1058 479 1203 552 dupli
1238 478 1318 535 vel
1370 473 1605 537 dimidii.
1639 471 1722 529 vel
1769 466 1929 524 cmci-
1961 464 2012 527 Α
2035 469 2173 525 inest
2200 470 2554 541 quodcunque
2586 474 2635 529 id
2665 474 2771 541 sit,
2820 476 3189 533 interimentes
3226 474 3430 535 erimus
3460 464 3608 529 omni

341 585 465 641 tatis
504 583 587 638 vel
629 581 804 646 visus,
833 579 916 636 vel
956 592 1080 634 esse
1120 574 1203 631 vel
1245 588 1350 630 non
1390 585 1532 627 esse.
1574 566 1706 624 Nam
1763 564 1808 619 si
1867 562 1918 617 in

339 678 521 747 aliquo
547 675 859 737 ostendatur
886 670 1028 743 quod
1056 684 1161 727 non
1190 666 1398 732 eadem,
1431 662 1798 719 iuterimentes
1824 657 1923 711 eri-

278 824 285 831 .
341 788 460 828 tuus
493 771 801 840 problema,
838 765 1084 822 similiter
1108 771 1284 817 autem
1314 770 1369 815 et
1392 758 1438 814 si
1469 754 1595 811 nulli
1630 754 1786 808 inest.
1814 750 1921 807 lste

338 879 516 921 autem
538 866 687 921 locus
705 860 1039 920 convertitur
1054 858 1120 914 ad
1137 850 1553 913 construendum
1570 847 1920 923 etxdestruen-

314 959 484 1015 dum.
511 958 568 1013 Si
597 958 738 1012 enim
790 955 843 1009 in
871 951 1122 1007 omnibus
1165 947 1403 1003 videatur
1449 957 1570 998 cum
1601 939 1917 996 divisionem

332 1051 688 1121 proferimus,
723 1046 853 1103 nihil
897 1045 949 1099 in
988 1042 1259 1114 pluribus,
1293 1034 1670 1111 postulandum
1706 1040 1791 1087 est
1818 1045 1917 1086 au-

340 1153 442 1199 tem
472 1140 841 1199 universaliter
873 1151 1093 1208 ponere,
1120 1144 1211 1191 aut
1236 1132 1544 1191 instantiam
1576 1128 1715 1183 ferro
1744 1125 1797 1181 in
1820 1121 1920 1176 ali-

333 1253 439 1307 quo
470 1253 504 1291 n
530 1253 576 1291 an
606 1235 683 1291 sic
706 1249 856 1300 esse;
881 1247 1003 1289 nam
1031 1232 1077 1286 si
1110 1237 1359 1285 neutrum
1391 1225 1581 1281 horum
1613 1221 1790 1287 faciat,
1824 1218 1919 1273 ab-

332 1328 527 1387 surdus
557 1326 868 1396 apparebit,
898 1324 991 1394 qui
1027 1338 1133 1379 non
1170 1328 1352 1391 ponet.
1390 1318 1543 1375 Alius
1568 1323 1681 1381 est,
1720 1313 1914 1371 delini-

337 1426 507 1481 tiones
554 1421 729 1478 iacere
778 1415 1110 1482 accidentis,
1159 1425 1215 1472 et
1257 1414 1376 1483 ejus
1422 1410 1510 1466 cui
1558 1406 1778 1471 accidit,
1824 1414 1916 1465 aut

334 1519 607 1584 utriusque
633 1513 701 1569 de
740 1522 1003 1581 utroque,
1032 1517 1129 1565 aut
1151 1506 1403 1569 alterius,
1438 1502 1633 1559 deinde
1667 1499 1916 1556 conside-

332 1624 455 1665 rare
484 1608 527 1662 si
553 1605 679 1676 quid
709 1618 816 1663 non
842 1617 1028 1661 verum
1072 1603 1123 1656 in
1165 1596 1561 1657 deﬁnitionibus
1593 1592 1812 1662 perinde
1852 1606 1915 1651 ac

334 1717 519 1758 verum
568 1708 840 1766 sumptum
888 1695 980 1751 sit.
1041 1694 1110 1752 Ut
1153 1692 1200 1750 si
1243 1701 1327 1750 est
1382 1690 1548 1747 Deum
1596 1686 1912 1757 injusﬁtiam

2027 564 2224 630 inesse;
2248 564 2496 625 similiter
2518 576 2694 623 autem
2718 578 2770 624 ct
2791 570 2833 625 si
2857 572 2946 625 uni
2976 570 3373 643 ostenderimus
3404 568 3603 633 inesse,

2030 655 2404 719 interimemus
2423 659 2558 717 nulli
2579 660 2777 716 inesse.
2800 662 3244 723 Construentibns
3263 668 3439 717 autem
3469 674 3607 728 pra:-

2026 751 2394 811 conﬁtendum
2442 753 2584 823 quod
2622 755 2796 810 cuivis
2850 756 2989 811 inest
3023 755 3169 811 omni
3200 754 3360 818 inest,
3390 753 3432 808 si
3466 752 3605 807 vrri-

2028 842 2305 901 similtrsit
2334 845 2684 914 postulatum.
2736 844 2853 905 Non
2882 846 3077 902 sufﬁcit
3105 848 3280 915 enim,
3312 847 3378 903 ad
3420 855 3600 902 osten-

2022 932 2258 992 dendum
2286 935 2432 1006 quod
2487 938 2632 997 omni
2664 936 2825 1001 inest,
2860 939 2913 993 in
2942 953 3049 993 uno
3088 938 3417 1008 disputasse,
3473 948 3527 993 ut
3544 928 3604 993 ~si

2022 1024 2260 1083 hominis
2298 1027 2478 1085 anima
2528 1028 2850 1087 immortalis
2889 1038 2993 1095 est,
3042 1039 3259 1100 propter
3284 1030 3386 1085 hoc
3428 1030 3602 1087 anima

2020 1118 2201 1175 omnis
2238 1119 2592 1189 immortalis;
2624 1138 2793 1191 quare
2851 1122 3325 1193 praeconﬁtendum
3371 1123 3513 1193 quod
3557 1126 3604 1178 si
3699 1164 3711 1175 .

2020 1224 2352 1283 qualicunque
2393 1213 2575 1271 anima
2624 1214 2982 1293 immortalis,
3035 1216 3211 1273 omnis
3265 1215 3602 1272 immortalis.

2021 1298 2135 1356 Hoc
2155 1313 2337 1359 autem
2370 1318 2474 1358 non
2510 1320 2735 1375 semper
2758 1305 3084 1372 faciendum,
3112 1305 3211 1377 sed
3253 1304 3468 1376 quando
3495 1318 3603 1360 non

2014 1390 2176 1451 facile
2204 1408 2487 1463 possumus
2514 1410 2855 1453 communem
2888 1398 2940 1457 in
2970 1397 3218 1454 omnibus
3248 1410 3409 1453 unam
3443 1395 3605 1452 ratio-

2018 1500 2143 1543 nem
2171 1486 2375 1555 dicere,
2424 1490 2880 1559 quemadmodum
2932 1500 3226 1560 geometer,
3277 1488 3415 1560 quod
3440 1488 3604 1563 trian-

2015 1580 2175 1649 guius
2227 1570 2439 1637 duobus
2486 1582 2648 1637 rectis
2679 1596 2860 1654 aequos
2916 1583 3075 1639 habet
3114 1590 3225 1638 tres
3273 1582 3514 1653 angulos.
3544 1581 3601 1638 Si

2018 1679 2199 1729 autem
2227 1685 2333 1727 non
2361 1672 2525 1728 lateat
2554 1674 2694 1743 quod
2720 1674 3087 1744 multipliciter
3119 1674 3314 1729 dicitur
3343 1673 3598 1739 divisum,

330 1792 538 1857 [ηερε-θ,
597 1790 722 1859 quid
780 1787 1095 1858 injustimm
1153 1785 1350 1841 facere,
1407 1782 1466 1838 Si
1516 1780 1660 1837 οηειι,
1713 1765 2403 1859 nocere—quotupliciter
2428 1765 2626 1822 dicitur
2661 1777 2719 1824 et
2746 1767 3162 1823 interimendum
3199 1774 3256 1820 et
3283 1774 3602 1823 construen-

327 1851 553 1954 sponte,
582 1851 921 1938 manifestum
953 1878 1205 1948 quoniam
1245 1891 1352 1931 non
1381 1882 1464 1930 est
1501 1873 1665 1929 Deum
1694 1868 1907 1940 injusti-
1938 1851 1993 1921 Β
2017 1858 2170 1923 dum.
2218 1857 2287 1917 Ui
2342 1860 2388 1917 δί
2433 1860 2621 1916 dicens
2658 1868 2743 1917 est
2786 1860 2943 1924 nlile.
2989 1870 3079 1914 θυι
3128 1859 3436 1925 Mileum“.
3493 1867 3601 1915 ιθη·

328 1977 459 2033 tiam
483 1975 680 2039 facere,
708 1988 812 2029 ttOu
847 1971 992 2027 enim
1020 1967 1283 2038 contingit
1311 1980 1506 2023 nocere
1540 1966 1706 2021 Deum
1731 1980 1747 2028 ;
1775 1972 1831 2019 et
1859 1960 1906 2017 si

330 2069 541 2126 invidus
576 2068 646 2124 sit
672 2064 965 2127 studiosus,
995 2062 1113 2133 quis
1150 2060 1382 2126 invidus,
1424 2066 1480 2115 et
1520 2071 1639 2127 quae
1687 2053 1904 2111 invidia.

331 2161 467 2217 Nam
498 2160 544 2215 si
572 2156 768 2214 invidia
795 2164 878 2212 est
912 2155 1123 2210 tristitie
1168 2154 1219 2207 in
1250 2149 1526 2220 appareuti
1556 2146 1907 2216 prosperitate

327 2250 551 2322 alicujus
584 2250 892 2320 proborum,
940 2244 1279 2303 manifestum
1324 2229 1407 2299 est
1446 2239 1589 2311 quod
1633 2237 1907 2295 studiosus

326 2358 432 2400 non
458 2351 540 2397 est
566 2339 799 2405 invidus,
830 2353 1025 2408 pravus
1053 2335 1198 2391 enim
1226 2343 1404 2398 esset;
1440 2341 1494 2387 et
1532 2333 1577 2386 si
1621 2330 1906 2398 indignans

326 2433 558 2498 invidus,
581 2431 704 2502 quis
731 2443 957 2499 uterque
1003 2441 1189 2483 eorum
1223 2442 1237 2479 ε
1269 2427 1348 2481 εἷο
1377 2424 1520 2479 enim
1560 2419 1902 2478 manifestum

325 2529 426 2583 erit
453 2535 629 2582 utrum
666 2539 847 2579 verum
877 2538 945 2577 an
968 2512 1157 2576 falsum
1180 2520 1280 2584 sit,
1307 2516 1449 2588 quod
1478 2516 1680 2571 dictum
1709 2523 1812 2582 est,
1843 2522 1905 2568 ut

323 2620 369 2676 si
404 2620 617 2675 invidus
645 2618 859 2689 quidem
896 2618 966 2672 sit
1000 2615 1091 2685 qui
1126 2615 1369 2669 tristatur
1401 2613 1453 2668 in
1487 2611 1748 2666 bonorum
1776 2624 1903 2680 prec

323 2715 688 2784 speritatibus,
722 2713 1006 2781 indignans
1031 2718 1210 2764 autem
1251 2707 1345 2776 qui
1388 2706 1441 2759 in
1472 2705 1735 2760 malumus
1780 2717 1906 2772 pro.

322 2803 669 2873 speritatibus
693 2801 958 2865 tristatur,
991 2797 1331 2852 manifestum
1372 2793 1516 2864 quod
1561 2807 1667 2848 non
1696 2791 1801 2846 erit
1820 2792 1907 2845 in-

326 2895 483 2950 vidus
505 2893 803 2963 indignans.
836 2892 1062 2945 Sumere
1085 2898 1259 2943 autem
1284 2895 1337 2939 et
1361 2900 1457 2953 pro
1475 2884 1541 2938 iis
1571 2885 1709 2955 (qua
1731 2883 1785 2937 in
1813 2882 1906 2936 de-

326 2986 657 3043 ﬁnitionibus
713 2981 859 3052 sunt)
907 2979 1214 3035 nominibus
1266 2976 1640 3040 deﬁnitiones,
1686 2983 1740 3028 et
1797 2986 1905 3026 non

322 3080 583 3136 desistere
623 3078 795 3129 donec
824 3073 889 3127 ad
932 3082 1115 3127 notum
1145 3070 1430 3125 deventutn
1460 3068 1563 3132 sit;
1611 3081 1732 3120 nam
1760 3077 1905 3135 smpe

326 3187 446 3227 eum
490 3178 600 3223 tota
638 3167 852 3238 quidem
881 3165 1122 3220 deﬁnitio
1146 3162 1412 3229 assignata
1463 3161 1554 3224 sit,
1604 3175 1708 3214 non
1742 3158 1905 3213 mani-

323 3263 516 3320 festum
542 3272 623 3317 est
653 3258 793 3330 qunti
823 3259 1103 3328 quaeritur,
1151 3270 1250 3324 pro
1278 3256 1461 3323 aliquo
1498 3263 1675 3306 autem
1716 3266 1905 3307 eorum

324 3360 463 3430 (qum
492 3356 545 3411 in
569 3356 877 3409 delinitionc
908 3348 1054 3420 sunt)
1088 3350 1365 3404 nominum
1400 3348 1710 3404 deﬁnitione
1737 3349 1901 3416 dicta,

325 3448 657 3504 manifestum
685 3447 761 3499 ﬁt.
785 3443 1048 3513 Amplius,
1073 3441 1347 3511 problems
1368 3438 1780 3509 propositionem
1802 3438 1904 3494 sibi

325 3542 599 3596 iacientem
651 3540 873 3594 instare.
908 3538 1039 3593 Nam
1084 3534 1337 3590 instantia
1386 3540 1489 3589 erit
1531 3544 1903 3605 argumentum

326 3633 392 3687 ad
433 3633 770 3701 positionem.
808 3631 899 3685 Est
940 3639 1116 3683 autem
1168 3628 1315 3681 locus
1360 3626 1448 3681 hic
1498 3641 1637 3695 pene
1667 3626 1806 3680 idem
1855 3626 1903 3679 ei

326 3737 432 3790 quo
457 3722 799 3777 considerare
815 3720 1006 3790 quibus
1024 3719 1226 3782 inesse,
1256 3717 1340 3771 vel
1362 3716 1631 3783 omnibus,
1660 3715 1747 3769 vel
1775 3715 1902 3769 nulli

325 3816 522 3872 dictum
552 3824 666 3882 est,
694 3815 871 3870 diﬁ'ert
914 3823 1088 3867 autem
1122 3811 1304 3865 modo.
1339 3810 1617 3878 Amplius,
1650 3807 1906 3863 determi-

326 3925 454 3965 ttare
475 3924 592 3978 quae
615 3915 827 3975 Oportet
856 3907 1035 3960 dicere
1064 3914 1122 3958 ut
1151 3903 1349 3972 plures,
1383 3914 1435 3957 et
1455 3917 1576 3971 quae
1610 3916 1739 3957 non.
1766 3900 1906 3955 Utile

326 4004 469 4058 enim
512 4013 566 4055 et
605 4000 669 4054 ad
707 3997 1158 4061 construendum,
1198 4006 1253 4051 et
1300 3996 1366 4049 ad
1402 3996 1815 4060 destruendum,
1847 4002 1906 4048 ut

326 4092 468 4163 quod
520 4088 978 4147 nominationibus
1012 4087 1223 4158 quidem
1269 4102 1358 4142 res
1392 4086 1810 4152 nuncupandum
1850 4093 1907 4139 ut

326 4186 527 4256 plures,
564 4196 685 4252 qua:
713 4189 891 4235 autem
923 4188 1072 4245 sunt,
1106 4180 1425 4244 taliane,~an
1474 4193 1579 4231 non
1609 4177 1755 4243 talia,
1799 4188 1904 4230 non

327 4278 553 4346 amplius
581 4274 965 4331 attendendum
994 4274 1059 4328 ad
1093 4273 1272 4342 plures
1308 4290 1319 4325 :
1364 4282 1422 4326 ut
1450 4271 1663 4326 salubre
1692 4268 1904 4337 quidem

327 4370 613 4424 dii-endam
646 4368 944 4421 ell‘ectivum
998 4366 1273 4429 sanitatis,
1325 4378 1423 4418 ceu
1488 4363 1667 4431 plures
1694 4361 1901 4417 dicunt.

330 4463 519 4520 Utrum
550 4469 726 4515 autem
760 4460 1089 4528 propositum
1120 4456 1428 4511 eﬁ‘ectivum
1459 4454 1814 4518 sitsauitatis,
1839 4467 1905 4507 an

328 4569 459 4620 non,
493 4568 598 4606 non
625 4552 852 4620 amplius
884 4558 941 4603 ut
970 4550 1150 4619 plures
1185 4547 1506 4609 dicendum,
1540 4546 1633 4599 scil
1661 4556 1716 4598 ut
1740 4543 1907 4598 medio

328 4661 442 4701 cus.
467 4644 729 4711 Amplius;
763 4642 806 4697 si
830 4642 1189 4711 multipliciter
1217 4640 1441 4703 dicatur,
1467 4638 1694 4706 positum
1727 4646 1905 4689 autent

329 4736 397 4790 sit
427 4734 676 4803 quoniam
722 4731 883 4795 inest,
924 4740 1015 4783 aut
1057 4743 1311 4797 quoniam
1341 4742 1446 4781 non
1478 4728 1636 4788 inest,
1679 4725 1905 4779 alterum

330 4839 630 4883 monstrare
656 4840 845 4881 eorum
877 4836 997 4893 qua:
1020 4820 1393 4889 multipliciter
1420 4819 1691 4882 dicuntur,
1723 4819 1769 4871 si
1801 4831 1906 4874 non

333 4932 552 4991 utraque
582 4919 876 4987 contingat.
908 4915 1173 4971 Utendum
1198 4922 1373 4969 autem
1404 4914 1455 4966 in
1484 4913 1547 4966 iis
1576 4926 1694 4979 qua:
1721 4911 1905 4974 latent,

306 5033 455 5073 nam
484 5018 650 5072 sinon
676 5014 836 5067 lateat
864 5011 1231 5079 multipliciter
1263 5010 1460 5063 dictum
1506 5006 1741 5073 instabit,
1775 5021 1908 5076 quos

331 5113 471 5168 niam
520 5122 627 5164 non
680 5113 1032 5161 monstratum
1078 5116 1160 5158 est
1208 5103 1260 5157 id
1292 5104 1431 5173 quod
1473 5102 1585 5170 ipse
1611 5084 1906 5169 dubitabat,

331 5203 425 5256 sed
470 5201 721 5256 alterum.
782 5197 881 5252 llic
931 5205 1111 5250 autem
1165 5194 1316 5249 locus
1364 5192 1691 5247 COIWt’l'lillll‘
1735 5201 1790 5247 et
1842 5190 1910 5246 ad

332 5291 749 5350 construendum
805 5298 860 5343 et
903 5290 968 5344 ad
1006 5286 1420 5349 destruendum,
1449 5301 1570 5340 nam
1601 5294 1912 5339 construere

332 5388 576 5442 volentes
603 5383 950 5437 ostendemus
974 5380 1225 5448 qttoniam
1256 5380 1487 5432 alterum
1525 5378 1693 5442 inest,
1724 5375 1769 5429 si
1799 5388 1907 5428 non

330 5479 492 5534 ambo
524 5477 818 5545 poterimus
850 5491 862 5525 :
918 5473 1257 5526 destruentes
1295 5479 1473 5523 autem
1517 5468 1764 5537 quoniam
1805 5478 1910 5521 non

332 5574 479 5629 inest
518 5570 747 5623 alterum
777 5568 1125 5619 ostendemus
1147 5604 1162 5629 ,
1193 5564 1235 5617 si
1266 5562 1425 5617 ambo
1456 5576 1558 5615 non
1592 5560 1913 5631 poterimus:

282 5734 285 5737 _
335 5664 713 5721 verumtamen
746 5656 1043 5715 destruenti
1074 5658 1288 5729 quidem
1317 5656 1447 5711 nihil
1473 5664 1682 5727 oportet
1705 5670 1769 5711 ex
1790 5669 1919 5710 cou-

273 5754 589 5845 jcessionc
624 5753 938 5825 disputare,
970 5758 1145 5821 neque
1190 5752 1233 5805 si
1271 5750 1446 5816 omni,
1480 5762 1653 5819 neque
1700 5748 1745 5802 si
1788 5746 1918 5807 nulli

340 5854 535 5910 dictum
561 5851 631 5908 sit
650 5849 833 5911 inesse
854 5861 869 5915 ;
893 5860 1014 5903 nam
1042 5845 1086 5902 si
1110 5845 1500 5909 ostenderimus
1529 5843 1778 5914 quoniam
1811 5858 1917 5904 non

2014 1950 2235 2025 tandum
2262 1951 2423 2008 ambo
2450 1961 2789 2017 construere,
2820 1953 2901 2010 vel
2922 1953 3254 2009 .interimere
3290 1952 3358 2008 de
3396 1965 3598 2020 propo-

2012 2043 2137 2109 sito,
2175 2052 2234 2099 ut
2261 2044 2403 2115 quod
2435 2044 2718 2101 honestum
2745 2054 2800 2100 et
2827 2044 2967 2115 quod
3012 2045 3159 2109 utile,
3200 2043 3280 2100 vel
3332 2045 3472 2113 quod
3502 2056 3598 2099 ne-

2011 2149 2118 2204 que
2149 2135 2432 2194 honestum
2481 2152 2659 2217 neque
2686 2137 2838 2192 utile.
2870 2136 2928 2193 Si
2955 2122 3146 2217 "autem
3190 2151 3297 2191 non
3321 2134 3597 2204 contingat

2012 2240 2278 2301 utraque,
2308 2233 2539 2288 alterum
2573 2230 2983 2297 ostendendum,
3016 2232 3272 2287 adnotato
3298 2228 3439 2300 quod
3494 2229 3595 2286 hoc

2011 2325 2226 2393 quidem
2250 2335 2369 2391 est,
2400 2326 2531 2382 illud
2577 2336 2756 2382 autem
2790 2342 2918 2391 non,
2957 2326 3146 2385 eadem
3198 2334 3375 2384 autem
3416 2325 3592 2393 ratio,

2010 2418 2172 2475 etiam
2208 2419 2253 2473 si
2280 2418 2433 2488 plura
2463 2420 2573 2476 sint
2614 2420 2666 2475 in
2711 2435 2828 2490 qum
2857 2420 3131 2477 dividitur.
3179 2420 3409 2478 Rursum
3438 2436 3591 2490 quae-

2010 2524 2225 2581 cunque
2278 2525 2384 2571 non
2450 2511 2745 2569 secundum
2809 2513 3285 2580 aequivocationem
3348 2510 3594 2567 dicuntur

2011 2603 2400 2671 multipliciter,
2435 2604 2528 2661 sed
2559 2604 2667 2661 alio
2697 2604 2879 2661 modo.
2914 2604 2982 2661 Ut
3029 2604 3307 2675 disciplina
3339 2620 3441 2659 una
3478 2604 3593 2674 plu-

2010 2696 2171 2763 rium,
2192 2706 2285 2752 aut
2312 2704 2370 2753 ut
2396 2695 2540 2761 ﬁnis,
2570 2703 2664 2751 aut
2691 2704 2752 2752 ut
2778 2696 2895 2765 ejus
2921 2696 3060 2766 quod
3086 2696 3151 2752 ad
3182 2696 3365 2762 ﬁnem.
3396 2704 3454 2753 ut
3484 2711 3594 2752 me—

2010 2785 2185 2841 dicina
2212 2785 2333 2857 ejus
2354 2787 2497 2854 quod
2538 2787 2824 2843 sanitatem
2858 2787 3002 2852 facit,
3046 2795 3101 2841 ut
3132 2786 3275 2856 quod
3306 2786 3469 2851 cibat,
3501 2795 3592 2843 aut

2010 2885 2069 2933 ut
2097 2876 2374 2934 amborum
2407 2877 2605 2933 ﬁnium.
2622 2879 2766 2933 velut
2789 2878 3178 2934 contrariorum
3211 2877 3397 2933 eadem
3424 2877 3590 2933 disci-

2009 2968 2153 3037 plina
2182 2966 2341 3039 (nihil
2364 2968 2507 3025 enim
2539 2968 2709 3038 magis
2739 2970 2861 3024 ﬁnis
2886 2970 3112 3024 alterum
3155 2967 3353 3039 altero)
3389 2976 3481 3023 aut
3531 2975 3591 3023 ut

2008 3063 2125 3132 ejus
2146 3061 2290 3132 quod
2322 3076 2421 3130 per
2448 3076 2507 3115 se
2537 3070 2654 3123 est.
2680 3072 2734 3118 et
2773 3061 2892 3131 ejus
2921 3061 3062 3131 quod
3093 3075 3187 3128 per
3217 3060 3488 3118 accidens.
3520 3058 3590 3115 Ut

2011 3171 2107 3225 per
2131 3170 2191 3211 se
2216 3155 2432 3223 quidem
2453 3154 2597 3222 quod
2620 3154 2913 3224 triangulus
2941 3152 3146 3208 duobus
3172 3153 3332 3208 rectis
3353 3152 3588 3221 aequales

1932 3227 1983 3299 α
2012 3248 2175 3304 habet
2209 3257 2316 3303 tres
2336 3246 2584 3315 angulos,
2638 3260 2736 3334 per
2754 3244 3010 3330 accidens
3040 3254 3218 3300 autem
3247 3243 3388 3314 quod
3415 3244 3586 3312 tequi-

2004 3343 2234 3421 llaterus,
2287 3340 2536 3408 quoniam
2584 3338 2727 3393 enim
2775 3338 2972 3394 accidit
3012 3336 3272 3406 triangqu
3313 3336 3588 3406 aequilata-

2010 3448 2128 3488 rum
2170 3432 2490 3502 triangulum
2545 3445 2700 3497 esse,
2754 3445 2849 3500 per
2890 3430 2991 3485 huc
3029 3428 3398 3499 cognoscimus
3450 3428 3590 3497 quod

2010 3527 2222 3587 duobus
2260 3526 2423 3581 rectis
2473 3524 2710 3595 aequales
2749 3523 2931 3578 habet.
2976 3522 3032 3578 Si
3080 3535 3209 3589 ergo
3246 3519 3394 3576 nullo
3416 3518 3593 3577 .modo

2010 3620 2273 3690 contingit
2306 3618 2495 3675 eadem
2536 3634 2659 3674 esse
2707 3617 2942 3689 plurium
2993 3614 3362 3684 disciplinam,
3422 3612 3592 3668 matti-

2011 3716 2202 3770 lestum
2234 3714 2489 3783 quoniam
2522 3713 2743 3766 omnino
2775 3726 2880 3765 non
2938 3708 3199 3777 contingit
3244 3720 3386 3772 esse.
3416 3713 3509 3759 aut
3544 3703 3592 3760 si

2011 3808 2193 3874 aliquo
2232 3804 2395 3862 modo
2425 3805 2703 3873 contingit,
2751 3804 3089 3859 manifestum
3118 3800 3263 3871 quod
3309 3799 3590 3869 contingit.

2012 3898 2261 3953 Dividere
2281 3890 2460 3953 autem
2488 3896 2895 3966 quotnpliciter,
2920 3894 3071 3956 utile,
3102 3900 3159 3946 ut
3188 3891 3236 3945 si
3263 3891 3592 3949 voluerimus

2009 4000 2354 4045 construere:
2376 3988 2500 4042 talia
2527 3985 2921 4055 praestatuenda
2953 3993 3077 4037 sunt
3096 3996 3429 4051 quaecunque
3458 3995 3591 4035 conc

2011 4085 2253 4153 tingunt,
2284 4093 2340 4136 et
2392 4079 2739 4136 dividendum
2790 4078 2843 4130 in
2889 4090 2966 4131 ea.
3003 4083 3208 4129 tantum
3260 4086 3591 4141 quaecunque

2010 4177 2161 4233 utilia
2204 4184 2330 4229 sunt
2383 4173 2448 4227 ad
2498 4169 2940 4225 construendum.
2982 4167 3039 4222 Si
3082 4176 3258 4221 autem
3313 4164 3592 4219 destruere

2011 4281 2348 4341 quaecunque
2380 4279 2486 4319 non
2512 4263 2850 4331 contingunt,
2883 4259 3084 4329 reliqua
3116 4272 3246 4313 vero
3268 4254 3587 4312 omittenda.

2010 4361 2066 4416 ld
2098 4370 2274 4415 autem
2316 4355 2617 4412 faciendum
2644 4353 2696 4409 in
2732 4353 2796 4407 iis
2822 4367 2944 4407 cum
2976 4350 3189 4405 latuerit
3212 4347 3592 4422 quotupliciter

2011 4452 2285 4517 dicuntur,
2313 4460 2368 4505 et
2405 4461 2527 4504 esse
2550 4448 2651 4502 hoc
2679 4445 2891 4517 quidem
2927 4446 3086 4513 hujus
3117 4453 3206 4498 aut
3237 4458 3343 4498 non
3373 4455 3494 4498 esse
3523 4453 3591 4495 ex

2012 4542 2216 4598 eisdem
2248 4541 2381 4596 locis
2409 4539 2781 4604 astruendum,
2810 4546 2868 4591 ut
2895 4536 3253 4605 disciplinam,
3280 4534 3439 4604 hujus
3458 4532 3592 4603 qui-

1933 4612 1989 4677 n
2012 4635 2133 4691 dem
2174 4642 2265 4689 aut
2290 4642 2348 4687 ut
2373 4633 2523 4698 ﬁnis,
2556 4641 2646 4685 aut
2679 4639 2738 4685 ut
2765 4644 2953 4685 eorum
2993 4643 3111 4697 qua:
3151 4636 3276 4681 sunt
3302 4627 3368 4681 ad
3400 4627 3589 4693 ﬁnem,

2014 4739 2106 4784 aut
2134 4739 2192 4783 ut
2218 4740 2403 4783 eorum
2433 4737 2551 4794 quae
2578 4731 2702 4777 sunt
2722 4721 3012 4776 secundum
3041 4719 3309 4784 accidens,
3351 4721 3433 4773 vel
3476 4732 3591 4773 rura

2013 4836 2133 4876 sutn
2170 4832 2277 4873 non
2330 4830 2450 4871 esse
2487 4815 2684 4884 aliquid
2723 4815 3018 4869 secundum
3060 4812 3297 4881 aliquem
3323 4811 3588 4877 dictorum

2017 4915 2319 4978 modorum,
2338 4912 2526 4967 eadem
2542 4919 2720 4966 autem
2741 4910 2898 4974 ratio,
2917 4917 2969 4963 et
2991 4908 3044 4963 in
3060 4906 3347 4971 desiderio,
3365 4914 3421 4961 et
3443 4919 3591 4972 quie-

2015 5021 2228 5079 cunque
2261 4998 2363 5061 alia
2396 5005 2644 5059 dicuntur
2684 4996 2936 5073 plurium.
2978 5001 3069 5056 Est
3097 5000 3239 5055 enim
3264 4998 3589 5054 desiderium

2015 5099 2173 5171 hujus
2199 5110 2291 5155 aut
2311 5107 2370 5154 ut
2392 5098 2536 5162 ﬁnis,
2564 5107 2620 5151 ut
2643 5096 2909 5159 sanitatis,
2934 5101 3025 5148 aut
3044 5101 3102 5147 ut
3121 5105 3306 5147 eorum
3331 5105 3449 5157 quae
3470 5097 3590 5143 sunt

2015 5191 2081 5247 ad
2101 5192 2284 5256 ﬁnem,
2308 5199 2367 5245 ttt
2388 5189 2673 5245 medicina:
2696 5186 3058 5248 conficiendae,
3080 5192 3244 5258 aut_ut
3265 5196 3447 5237 eorum
3472 5194 3591 5249 quat

2017 5293 2145 5339 sunt
2172 5283 2464 5338 secundum
2490 5280 2758 5342 accidens,
2802 5289 2857 5331 ut
2889 5277 2941 5331 in
2988 5279 3110 5329 vino
3154 5272 3380 5327 amicum
3407 5272 3588 5337 dulce,

2017 5391 2124 5431 non
2157 5374 2282 5445 quia
2325 5372 2543 5435 viuum,
2575 5371 2669 5424 sed
2710 5370 2832 5439 quia
2873 5368 3026 5422 dulce
3066 5377 3187 5431 est,
3234 5380 3354 5418 nam
3390 5379 3488 5434 per
3532 5377 3589 5418 se

2018 5470 2174 5525 dulce
2203 5464 2496 5528 desiderat,
2531 5464 2709 5516 viuum
2736 5472 2909 5514 autern
2934 5472 3029 5528 per
3067 5455 3344 5520 accidens;
3373 5457 3415 5510 si
3447 5454 3589 5509 enim

2019 5558 2424 5623 austerum.ﬁt,
2460 5569 2563 5609 non
2616 5552 2843 5620 amplius
2893 5549 3180 5614 desiderat,
3214 5562 3309 5617 per
3346 5548 3589 5603 accidens

2020 5668 2149 5726 ergo
2197 5646 2556 5707 desiderabat.
2608 5642 2762 5699 Utilis
2791 5649 2968 5696 autem
3014 5640 3162 5694 locus
3207 5637 3297 5693 hic
3342 5647 3397 5692 et
3427 5637 3480 5691 in
3528 5635 3589 5689 iis

2021 5762 2139 5818 qua:
2165 5751 2291 5800 sunt
2316 5740 2380 5796 ad
2422 5736 2642 5807 aliquid,
2679 5748 2815 5805 pene
2845 5731 2985 5787 enlm
3018 5730 3138 5786 talia
3165 5744 3229 5785 ea
3265 5743 3381 5800 qua!
3408 5727 3474 5781 ad
3496 5726 3589 5781 ali.

2017 5839 2149 5915 quid
2170 5842 2314 5914 sunt.
2348 5830 2609 5919 Amplius,
2628 5825 2921 5889 transferre
2948 5826 3015 5881 ad
3045 5823 3341 5880 evidentius
3371 5832 3588 5878 nomen.
