4290 6272
690 369 789 425 Ωἳῗ

1946 352 2267 421 summu.
2310 363 2459 421 sev.
2504 364 2727 422 BOETll

3864 375 3967 429 9‘le

684 486 758 544 Iit
788 502 884 555 pro
911 492 1100 538 exacto
1130 482 1180 534 in
1212 480 1465 549 opinione
1491 477 1720 544 clarum,
1753 488 1808 532 et
1839 491 1938 547 pro
1964 478 2277 533 curiositate
2308 484 2361 541 Α
2388 493 2507 533 nam
2556 477 2599 533 si
2656 482 3047 538 ostenderimus
3098 496 3433 554 consequens
3479 487 3807 557 propositum
3858 505 3963 545 non

686 576 955 646 cupiditas
978 571 1368 641 superﬂuarum
1398 585 1603 635 rerum,
1628 570 1945 626 evidentiori
1976 573 2115 625 enim
2140 571 2279 624 facto

689 664 833 735 quod
864 663 1063 717 dictum
1113 671 1217 728 est,
1268 662 1404 716 bene
1450 660 1893 731 argumentabilis
1934 672 2018 717 est
2059 663 2274 732 positio.

692 753 786 809 Est
807 762 983 807 autem
1013 750 1096 805 hic
1128 751 1273 806 locus
1293 751 1357 804 ad
1391 760 1676 821 utrumque
1702 752 2027 818 communis,
2058 752 2124 806 ad
2145 766 2277 807 con-

690 851 1005 908 struendum
1033 860 1087 905 et
1120 850 1186 904 ad
1220 848 1623 904 destruendum.
1658 847 1737 903 Ad
1765 848 2156 902 ostendendum
2186 863 2278 901 au-

696 957 807 1001 tem
828 944 1100 999 contraria
1136 944 1279 997 circa
1310 941 1449 996 idem
1482 942 1658 996 inesse
1679 978 1697 1005 ,
1739 934 2188 994 considerandum
2220 938 2275 991 in

689 1050 909 1109 genere.
942 1035 1011 1092 Ut
1042 1036 1084 1088 si
1120 1034 1374 1089 volumus
1402 1032 1689 1087 ostendere
1710 1030 1851 1100 quod
1876 1038 1959 1084 est
1987 1030 2129 1082 circa
2156 1043 2278 1082 sen-

690 1146 812 1187 sum
842 1125 1109 1185 rectitude
1130 1133 1184 1181 et
1208 1134 1481 1195 peccatum
1500 1162 1517 1190 ,
1551 1123 1750 1178 sentire
1779 1120 1995 1191 quidem
2038 1118 2278 1188 judicare

692 1233 775 1277 est
797 1236 814 1286 ;
840 1220 1084 1291 judicare
1111 1226 1290 1272 autem
1312 1224 1401 1271 est
1430 1224 1578 1270 recte
1624 1221 1679 1269 et
1711 1227 1816 1267 non
1846 1219 2022 1275 recte,
2053 1218 2109 1264 et
2134 1208 2275 1264 circa

693 1327 912 1370 sensum
963 1310 1065 1365 erit
1094 1308 1356 1365 rectitudo
1401 1316 1455 1359 et
1495 1314 1794 1374 peccatum.
1842 1301 1994 1356 Nunc
2040 1315 2171 1370 ergo
2212 1314 2281 1355 ex

690 1418 892 1476 genere
918 1402 1061 1456 circa
1090 1401 1322 1470 speciem
1347 1397 1739 1452 demonstratio
1778 1394 1856 1458 lit,
1890 1408 2009 1446 nam
2039 1391 2282 1459 judicare

700 1504 782 1551 est
808 1508 977 1564 genus
998 1492 1231 1556 sentire;
1273 1490 1362 1559 qui
1390 1502 1621 1557 namque
1670 1485 1849 1548 sentit,
1900 1485 2079 1553 aliquo
2123 1481 2283 1535 modo

695 1586 920 1657 iudicat.
954 1584 1187 1639 Rursum
1214 1598 1278 1637 ex
1308 1581 1486 1651 specie
1523 1579 1704 1651 generi
1735 1596 1747 1633 :
1777 1592 2109 1647 quaecunque
2139 1576 2281 1629 enim

693 1679 899 1749 Speciei
930 1678 1134 1741 insunt,
1157 1685 1212 1731 et
1255 1676 1461 1747 generi.
1496 1674 1566 1730 Ut
1593 1674 1639 1728 si
1666 1674 1949 1742 disciplina
1982 1686 2145 1741 prava
2176 1680 2281 1735 eat,

698 1778 755 1826 et
782 1768 1042 1833 studiosa,
1088 1778 1143 1823 et
1188 1767 1478 1835 dispositio
1524 1779 1716 1835 prava,
1756 1774 1811 1820 et
1837 1764 2115 1832 studiosa,
2159 1778 2283 1818 nam

2388 585 2509 625 esse
2530 612 2544 634 ,
2581 571 2951 629 interimentes
2980 575 3180 630 erimus
3212 580 3565 647 propositum.
3597 579 3839 650 Amplius
3858 626 3872 649 ,
3898 585 3965 639 ad

2389 672 2601 756 tempus
2633 666 3023 735 inspiciendum
3054 670 3098 722 si
3129 669 3325 725 alicubi
3354 671 3617 727 dissonat.
3652 672 3719 730 Ut
3748 676 3792 729 si
3823 678 3966 747 quod

2385 758 2617 811 nutritur
2644 757 2842 813 dixerit
2867 762 2986 829 quis
3016 776 3080 815 ex
3131 763 3450 819 necessitate
3479 765 3693 835 augeri;
3723 771 3966 824 nutriun—
4001 800 4013 810 -

2386 856 2472 900 tur
2498 848 2645 902 enim
2674 864 2889 918 semper
2908 852 3179 917 animalia,
3205 865 3469 923 augentur
3488 866 3665 912 autem
3689 874 3795 915 non
3824 874 3966 915 sem-

2387 955 2500 1009 per.
2532 941 2790 998 Similiter
2814 952 2992 999 autem
3034 954 3089 999 et
3137 946 3181 999 si
3228 948 3371 1001 seire
3415 949 3618 1005 dixerit
3658 953 3779 1021 quis
3806 953 3967 1008 remi-

2385 1033 2538 1099 nisci,
2586 1032 2687 1089 hoc
2715 1036 2856 1089 enim
2887 1038 3144 1105 praeteriti
3177 1041 3435 1108 temporis
3473 1050 3577 1106 est,
3625 1041 3757 1098 illud
3788 1057 3965 1101 autem

2384 1129 2689 1196 praesentis,
2718 1134 2772 1182 et
2800 1127 2959 1183 futuri
2988 1147 3001 1193 ;
3030 1131 3168 1186 scire
3209 1133 3353 1187 enim
3393 1134 3623 1191 dicimur
3649 1140 3962 1208 praesentia,

2385 1227 2439 1272 et
2468 1218 2671 1286 futura,
2704 1228 2765 1273 ut
2810 1222 3062 1291 quoniam
3094 1225 3197 1277 erit
3233 1225 3365 1280 solis
3387 1226 3652 1294 defectus,
3689 1232 3968 1287 reminisci

2386 1320 2565 1365 autem
2615 1326 2724 1365 non
2759 1313 3024 1381 contingit
3066 1314 3208 1367 aliud
3248 1332 3407 1385 quam
3450 1323 3799 1387 praeteritum.
3835 1324 3970 1377 Amf-

2389 1402 2554 1469 plius,
2580 1402 2906 1471 sopltisticus
2950 1404 3143 1460 modus
3171 1408 3366 1463 ducere
3394 1410 3459 1463 ad
3492 1412 3545 1465 id
3572 1413 3637 1466 ad
3665 1415 3805 1484 quod
3845 1417 3971 1484 plu-

2388 1495 2584 1549 rimum
2617 1494 2874 1550 habemus
2902 1500 3337 1567 argumentdrum
3371 1499 3694 1558 facultatem.
3726 1505 3836 1560 Hoc
3877 1520 3970 1561 au-

2388 1596 2495 1644 tem
2518 1589 2620 1645 erit
2646 1590 2963 1660 quandoque
2983 1589 3198 1661 quidem
3226 1594 3608 1660 necessarium,
3643 1599 3990 1668 quandoque.

2387 1692 2566 1737 autem
2598 1696 2864 1752 apparens
2890 1685 3284 1749 necessarium,
3319 1684 3639 1755 quandoque
3667 1678 3842 1742 autem
3872 1703 3966 1743 ne.

2387 1789 2493 1844 que
2520 1788 2785 1844 apparens
2811 1790 2984 1846 neque
3038 1776 3423 1839 necessarium,
3458 1780 3820 1834 necessarium
3846 1782 3963 1855 qui-

696 1862 977 1931 dispositio
1005 1860 1301 1929 disciplima
1321 1873 1511 1929 genus.
1549 1856 1761 1913 Primus
1789 1868 1971 1912 autem
2004 1856 2154 1911 locus
2182 1856 2279 1909 fal-
2308 1855 2357 1917 B
2384 1866 2504 1921 dem
2523 1907 2538 1933 ,
2568 1866 2781 1937 quando
2811 1876 3038 1938 negante
3067 1883 3130 1923 eo
3175 1870 3263 1937 qui
3296 1868 3585 1937 respondet
3632 1871 3829 1940 aliquid
3863 1874 3967 1925 uti.

698 1970 793 2010 sus
818 1963 901 2010 est
922 1953 988 2009 ad
1004 1952 1446 2017 construendum,
1471 1950 1739 2007 secundus
1763 1961 1942 2005 autem
1962 1964 2151 2015 verus;
2177 1964 2283 2003 non

699 2050 843 2105 enim
874 2048 1240 2103 necessarium
1270 2060 1603 2121 quaecunque
1632 2043 1817 2113 generi
1846 2042 2049 2108 insunt,
2081 2053 2135 2097 et
2164 2056 2287 2112 spe-

698 2142 802 2199 ciei
830 2144 1029 2207 inesse,
1057 2155 1180 2196 nam
1204 2140 1398 2194 animal
1428 2147 1511 2193 est
1530 2136 1744 2191 volatile
1769 2145 1823 2192 et
1843 2136 2168 2205 quadrupes,
2190 2134 2289 2190 ho~

702 2248 792 2290 mo
819 2244 997 2289 autem
1025 2247 1155 2287 non.
1201 2231 1545 2301 Quaecunque
1576 2244 1709 2285 vero
1734 2230 1932 2298 speciei
1962 2231 2163 2295 insunt,
2195 2244 2289 2283 ne-

701 2326 939 2381 cessario
959 2335 1012 2379 et
1038 2324 1254 2394 generi:
1284 2325 1327 2376 si
1349 2324 1490 2377 enim
1516 2322 1674 2377 homo
1698 2323 1989 2389 studiosus,
2014 2331 2070 2377 et
2088 2321 2286 2377 animal

702 2420 998 2475 studiosum
1038 2428 1140 2475 est.
1187 2419 1267 2473 Ad
1308 2418 1693 2473 destruendum
1737 2427 1918 2474 autem
1968 2427 2023 2473 et
2080 2420 2287 2487 primus

705 2516 920 2587 quidem
950 2532 1140 2581 verus,
1172 2513 1442 2569 secundus
1492 2522 1672 2568 autem
1724 2512 1909 2580 falsus,
1955 2526 2287 2584 quaecunque

706 2607 849 2660 enim
878 2605 1061 2675 generi
1106 2618 1210 2658 non
1256 2605 1456 2667 insunt,
1483 2617 1660 2673 neque
1684 2602 1906 2671 speciei,
1956 2616 2289 2672 quaecunque

706 2710 838 2751 vero
853 2695 1053 2765 speciei
1084 2709 1191 2748 non
1224 2694 1430 2760 insunt,
1463 2707 1570 2749 non
1602 2707 1826 2749 necesse
1854 2701 1939 2747 cst
1967 2690 2153 2763 generi
2184 2705 2287 2746 non

709 2786 903 2841 inesse.
929 2782 1191 2852 Quoniam
1218 2793 1396 2839 autem
1428 2784 1788 2839 necessarium
1818 2784 1887 2837 de
1910 2781 2103 2852 quibus
2124 2795 2290 2850 genus

709 2877 1060 2948 praedicatur,
1112 2887 1166 2931 et
1219 2875 1519 2945 specierum
1574 2874 1807 2943 aliquam
1862 2873 2185 2943 praedicari,
2235 2879 2292 2937 et

708 2984 1036 3042 quaecunque
1058 2967 1250 3023 habent
1282 2983 1471 3038 genus,
1495 2966 1579 3021 vel
1607 2966 2011 3022 denominative
2039 2964 2291 3018 dicuntur

708 3077 739 3116 a
768 3075 982 3131 genere,
1014 3068 1068 3114 et
1093 3058 1393 3128 specierum
1423 3056 1658 3127 aliquam
1692 3056 1892 3111 habere
1938 3069 2158 3111 necesse
2182 3063 2289 3120 est,

710 3153 793 3207 vel
820 3150 1217 3207 denominative
1243 3148 1312 3203 ab
1350 3149 1527 3219 aliqua
1558 3148 1864 3218 specierum
1896 3146 2023 3202 dici.
2060 3146 2129 3202 Ut
2147 3146 2194 3202 si
2222 3146 2289 3202 de

2394 1955 2521 2011 lium
2546 1957 2612 2012 ad
2644 1959 2983 2027 positionem,
3012 1959 3079 2013 ad
3110 1958 3243 2014 illud
3268 1959 3508 2014 rationes
3528 1960 3675 2028 facit,
3708 1964 3968 2033 cmitingit

2389 2057 2565 2104 autem
2596 2048 2647 2104 id
2688 2051 2873 2105 talium
2916 2065 3037 2106 esse
3071 2051 3138 2105 ad
3176 2066 3295 2121 qua:
3324 2052 3595 2121 copiosam
3632 2065 3966 2123 argumento-

2390 2153 2509 2195 rum
2542 2141 2845 2196 facultatem
2876 2141 3152 2220 habemus.
3180 2143 3439 2199 Similiter
3464 2152 3643 2198 autem
3666 2154 3720 2199 et
3747 2147 3962 2213 quando

2391 2230 2752 2286 inductionem
2786 2232 2853 2286 ad
2886 2231 3084 2301 aliquid
3117 2248 3210 2303 per
3239 2235 3472 2303 positum
3506 2236 3735 2302 faciens,
3785 2239 3967 2292 interi-

2391 2336 2539 2378 nere
2565 2332 2817 2387 conatur,
2869 2324 2969 2377 hoc
2997 2326 3139 2379 enim
3173 2327 3512 2394 interempto,
3544 2335 3597 2381 et
3637 2329 3965 2396 propositum

2392 2415 2739 2471 interimitur.
2762 2418 2908 2485 Appa
2918 2430 3042 2471 rens
3061 2426 3239 2473 autem
3260 2420 3613 2474 necessarium
3629 2430 3731 2484 est,
3750 2421 3968 2491 quando

2389 2506 2598 2561 videtur
2624 2506 2840 2576 quidem
2894 2508 3023 2563 utile
3049 2518 3101 2563 et
3123 2510 3523 2563 accommodum
3547 2511 3821 2579 positioni,
3852 2527 3961 2565 non

2390 2605 2472 2650 est
2500 2606 2675 2652 autem
2721 2598 2786 2650 ad
2837 2598 2888 2653 id
2936 2599 3001 2652 ad
3044 2599 3184 2667 quod
3218 2600 3351 2654 llum
3397 2602 3781 2671 disputationes
3807 2641 3823 2667 ,
3853 2605 3967 2659 sive

2392 2698 2708 2758 neganteeo
2737 2689 2824 2758 qui
2855 2689 3267 2758 disputationem
3312 2691 3561 2759 sustinet,
3610 2693 3725 2748 sive
3771 2694 3841 2747 ab
3885 2692 3965 2748 in-

2392 2779 2643 2835 ductione
2682 2780 2965 2849 probabili,
3000 2795 3095 2849 per
3125 2782 3440 2847 positionem
3484 2783 3549 2837 ad
3582 2783 3724 2840 idem
3756 2788 3965 2849 factam,

2394 2869 2702 2925 interimere
2739 2880 2962 2925 conetur
3002 2870 3264 2939 idipsum;
3306 2873 3568 2949 reliquum
3598 2890 3729 2929 vero
3758 2876 3967 2945 quando

2394 2974 2495 3014 nec
2538 2960 2900 3015 necessarium
2929 2970 3011 3015 est
3065 2976 3163 3015 nec
3191 2976 3455 3030 apparens
3504 2964 3571 3018 ad
3616 2964 3666 3019 id
3717 2967 3781 3019 ad
3828 2966 3967 3035 quod

2395 3052 2530 3105 littnt
2552 3051 2958 3120 disputationes,
2999 3062 3052 3106 et
3091 3054 3207 3109 sine
3231 3068 3391 3109 causa
3416 3057 3611 3111 accidit
3646 3057 3969 3128 redarguere

2397 3144 2831 3214 respondentem.
2874 3145 3095 3214 Oportet
3126 3156 3301 3200 autem
3348 3147 3591 3202 devitarc
3636 3159 3958 3218 postremum

710 3244 888 3314 aliquo
930 3242 1209 3312 disciplina
1253 3238 1603 3311 praedicatur,
1656 3247 1712 3294 et
1766 3239 2119 3310 grammatica
2145 3278 2160 3302 ,
2208 3237 2291 3292 vel
2317 3220 2367 3287 C
2397 3236 2659 3291 dictorum
2687 3236 2926 3303 modum,
2968 3238 3186 3292 omnino
3215 3240 3356 3293 enim
3401 3250 3639 3295 semotus
3684 3250 3737 3296 et
3789 3250 3967 3296 extra-

711 3338 937 3401 musica,
970 3336 1055 3391 vel
1106 3336 1282 3405 aliqua
1314 3333 1722 3404 disciplinarum
1773 3331 2000 3385 aliarum
2034 3329 2292 3399 praedica-

710 3428 870 3491 bitur,
913 3437 966 3482 et
994 3428 1038 3482 si
1066 3428 1259 3495 aliquis
1284 3425 1443 3479 habet
1474 3424 1836 3493 disciplinam,
1867 3424 1949 3477 ve!
1980 3422 2289 3477 denomina-

706 3521 819 3576 tive
857 3533 887 3573 a
913 3519 1193 3589 disciplina
1226 3518 1451 3581 dicitur,
1502 3526 1557 3572 et
1592 3516 1997 3583 grammaticam
2046 3514 2285 3582 habebit,

709 3620 801 3666 aut
831 3609 1113 3674 musicam,
1144 3616 1236 3662 aut
1281 3607 1515 3675 aliquam
1568 3605 1796 3661 aliarum
1842 3604 2245 3671 disciplinarum
2268 3645 2284 3672 ,

708 3704 792 3759 vel
822 3700 1218 3758 denominative
1238 3699 1306 3753 ab
1328 3699 1503 3767 aliqua
1525 3712 1713 3753 earum
1740 3696 1973 3765 dicetur,
2005 3703 2064 3750 ut
2106 3712 2284 3767 gramo

710 3796 959 3858 maticus,
992 3792 1077 3847 vel
1108 3791 1381 3856 musicus;
1411 3790 1457 3845 si
1489 3790 1650 3860 igitur
1674 3787 1872 3857 aliquid
1904 3789 2111 3844 dictum
2140 3804 2168 3843 a
2193 3804 2285 3858 ge-

708 3900 839 3941 nere
863 3897 1077 3955 quoquo
1113 3880 1275 3937 modo
1320 3890 1377 3936 ut
1405 3880 1639 3937 animam
1672 3881 1895 3948 moveri,
1943 3882 2288 3937 consideran-

708 3978 834 4032 dum
906 3983 991 4031 est
1061 3973 1354 4030 secundum
1435 3972 1667 4043 aliquam
1741 3972 2042 4041 specierum
2109 3982 2287 4028 motus

705 4066 965 4135 contingit
1003 4065 1236 4119 animam
1278 4062 1524 4131 moveri,
1575 4072 1636 4118 ut
1683 4061 1903 4132 augeri,
1936 4064 2020 4118 vel
2074 4063 2283 4129 minui,

707 4160 791 4213 vel
854 4158 1177 4227 corrumpi,
1252 4158 1334 4211 vel
1404 4155 1713 4223 generari,
1790 4164 1881 4208 aut
1955 4170 2289 4225 quaecunque

707 4251 825 4305 aliae
890 4260 1077 4304 motus"
1134 4249 1345 4317 species
1422 4256 1545 4303 sunt
1602 4264 1615 4298 :
1684 4260 1805 4301 nam
1870 4246 1916 4301 si
1986 4247 2284 4300 secundum

706 4341 907 4413 nullam
942 4381 960 4406 ,
1035 4337 1376 4394 manifestum
1449 4346 1533 4391 est
1606 4337 1750 4406 quod
1821 4352 1928 4391 non
2018 4349 2285 4393 movetur.

708 4434 810 4490 llic
829 4442 1005 4487 autem
1036 4429 1186 4485 locus
1212 4428 1513 4483 communis
1539 4427 1606 4481 ad
1638 4438 1942 4497 utrumque,
1974 4438 2030 4484 et
2065 4430 2132 4483 ad
2158 4444 2288 4485 con-

707 4523 1042 4589 struendum,
1089 4532 1146 4578 et
1172 4520 1240 4575 ad
1269 4518 1689 4584 destruendum;
1721 4519 1765 4574 si
1806 4519 1949 4575 enim
1991 4522 2283 4576 secundum

2396 3341 2530 3382 neus
2560 3326 2770 3381 videtur
2807 3340 2928 3381 esse
2952 3342 2982 3381 a
3010 3326 3309 3383 dialectica.
3341 3330 3519 3394 Quare
3549 3340 3759 3400 oportet
3794 3342 3845 3385 et
3879 3346 3966 3385 re-

2393 3422 2744 3491 spondentem
2789 3438 2896 3478 non
2942 3424 3173 3491 graviter
3232 3424 3391 3489 ferre,
3438 3426 3530 3480 sed
3571 3426 3816 3495 ponendo
3841 3442 3966 3496 qua:

2392 3532 2497 3570 non
2523 3517 2667 3569 utilia
2698 3526 2821 3571 sunt
2845 3516 2912 3571 ad
2942 3517 3259 3585 positionem
3298 3518 3595 3586 significare
3632 3536 3968 3590 quaecunque

2391 3622 2497 3661 non
2528 3607 2775 3662 videntur
2807 3624 2822 3663 :
2857 3609 3003 3676 ponit
3052 3617 3250 3671 tamen,
3302 3624 3422 3663 nam
3462 3612 3642 3681 magis
3684 3614 3965 3682 perplexos

2390 3712 2513 3753 esse
2563 3710 2621 3753 ut
2672 3700 2952 3768 plttrimum
3005 3699 3267 3767 contingit
3322 3715 3420 3755 eos
3474 3702 3565 3771 qui
3619 3705 3964 3771 interrogant,

2390 3790 2605 3859 quando
2650 3793 2827 3846 omnia
2860 3792 3166 3863 huiusmodi
3210 3794 3279 3848 ab
3319 3795 3399 3848 eis
3454 3795 3627 3863 posita
3676 3795 3888 3861 fuerint,
3920 3798 3967 3851 si

2390 3898 2496 3937 non
2531 3883 2876 3939 concludunt.
2930 3887 3190 3955 Amplius,
3245 3888 3421 3941 omnis
3450 3888 3537 3956 qui
3590 3887 3725 3941 dixit-
3771 3903 3967 3941 unum-

2388 3973 2640 4043 quodvis,
2686 3976 2914 4045 quodam
2943 3978 3102 4031 modo
3132 3977 3295 4032 multa
3324 3978 3488 4043 dixit,
3520 3994 3586 4033 eo
3630 3980 3771 4047 quod
3814 3979 3961 4046 plura

2390 4066 2677 4137 unicuique
2701 4083 2764 4122 ex
2811 4068 3128 4123 necessitate
3170 4072 3549 4138 consequentia
3599 4080 3719 4124 sunt
3762 4070 3844 4133 (ut
3872 4070 3963 4137 qui

2392 4159 2663 4215 hominem
2692 4159 2825 4213 dixit
2852 4174 2994 4223 esse,
3036 4168 3091 4215 et
3140 4161 3279 4230 quod
3328 4161 3521 4214 animal
3572 4170 3653 4213 est
3703 4160 3860 4235 dixit,
3911 4169 3967 4214 et

2389 4251 2531 4319 quod
2578 4252 2888 4314 animatum,
2917 4262 2969 4305 et
2999 4253 3139 4319 quod
3190 4252 3352 4319 bipes,
3396 4259 3451 4305 et
3489 4250 3628 4318 quod
3661 4252 3882 4317 mentis,
3912 4262 3966 4305 et

2388 4340 2682 4409 disciplinae
2730 4342 3146 4410 susceptivum);
3193 4357 3358 4409 quare
3407 4344 3595 4411 quovis
3637 4356 3742 4396 uno
3774 4357 3965 4398 conse-

2388 4432 2660 4500 quentium
2715 4433 3035 4501 interempto
3059 4472 3072 4497 ,
3106 4434 3424 4487 interimitur
3468 4442 3524 4487 et
3553 4432 3691 4501 quod
3724 4436 3775 4487 in
3809 4437 3962 4503 prin-

2390 4522 2531 4592 cipio
2569 4533 2669 4589 est,
2716 4539 2909 4579 cavere
2936 4533 3110 4578 autem
3140 4532 3351 4592 oportet
3381 4526 3430 4579 in
3466 4524 3769 4594 hujusmodi
3823 4525 3962 4580 difﬁ-

708 4619 938 4688 aliquam
981 4617 1215 4689 speciem
1240 4622 1507 4681 movetur,
1552 4613 1894 4683 perspicuum
1925 4622 2009 4670 est
2034 4617 2284 4683 quoniam
2313 4602 2368 4664 D
2390 4614 2595 4667 cilioris
2621 4614 3036 4682 assumptionem
3088 4614 3307 4670 facere:
3351 4630 3474 4668 nam
3522 4614 3836 4684 quandoque
3882 4618 3961 4669 la-

707 4718 982 4777 movetur,
1028 4718 1085 4763 et
1124 4708 1169 4762 si
1215 4705 1508 4762 secundum
1538 4705 1737 4760 nullam
1768 4705 2066 4775 specierum
2099 4721 2282 4763 move-

707 4814 814 4868 tur,
843 4801 1187 4871 manifestum
1215 4798 1356 4869 quod
1387 4815 1490 4854 non
1519 4808 1785 4855 movetur.
1820 4798 1955 4855 Cum
2000 4810 2178 4856 autem
2208 4800 2285 4855 fa-

706 4894 875 4949 cultas
906 4910 1012 4950 non
1054 4893 1193 4949 adsit
1219 4892 1693 4962 argumentationis
1732 4892 1799 4948 ad
1828 4894 2169 4963 positionem,
2202 4895 2284 4948 in-

710 4985 1031 5041 tendendum
1055 4999 1117 5038 ex
1149 4982 1546 5040 definitionibus
1573 4992 1664 5038 aut
1696 4997 1819 5053 quze
1842 4992 1967 5041 sunt
1995 4985 2283 5053 propositis

707 5077 806 5141 rei,
840 5075 924 5130 vel
959 5089 1079 5145 qua:
1117 5073 1418 5140 videantur,
1457 5085 1511 5129 et
1538 5076 1582 5129 si
1633 5089 1740 5129 non
1777 5074 1846 5127 ab
1891 5090 2012 5137 una,
2047 5076 2207 5131 etiam
2252 5092 2283 5133 a

711 5166 970 5234 pluribus.
1007 5162 1183 5247 Facile
1208 5165 1352 5217 enim
1379 5164 1755 5219 definientibus
1775 5167 2135 5233 argumentari
2160 5168 2283 5234 erit,

711 5273 832 5313 nam
877 5256 943 5311 ad
990 5255 1538 5311 delinitiones.facilis
1582 5256 1994 5324 argumentatio.
2027 5256 2285 5315 Conside-

711 5348 933 5405 randum
964 5354 1141 5417 autem
1183 5346 1237 5400 in
1267 5345 1564 5415 proposito,
1606 5346 1857 5415 quoniam
1887 5348 2155 5406 existente
2186 5366 2280 5407 ne-

708 5454 859 5497 cesse
884 5448 965 5495 est
991 5438 1220 5509 positum
1251 5453 1393 5502 esse,
1416 5447 1513 5507 aut
1542 5436 1666 5507 quid
1694 5446 1778 5493 est
1822 5455 1884 5495 ex
1937 5443 2279 5509 necessitate,

711 5537 756 5590 si
802 5536 1129 5603 propositum
1169 5542 1273 5590 est.
1301 5532 1629 5590 Construerc
1677 5534 1895 5603 quidem
1940 5536 2139 5593 volenti
2184 5554 2289 5605 quo

710 5626 977 5681 existente
999 5627 1331 5694 propositum
1353 5624 1456 5680 erit
1482 5639 1548 5681 ex
1571 5628 1911 5692 necessitate,
1941 5642 2061 5682 nam
2091 5629 2136 5682 si
2163 5629 2290 5685 illud

709 5715 1027 5773 ostendatur
1055 5730 1212 5781 esse,
1244 5726 1296 5771 et
1326 5717 1657 5787 propositum
1699 5728 1975 5776 ostensum
2017 5718 2150 5783 erit,
2199 5718 2294 5774 de-

710 5818 923 5864 struere
974 5818 1153 5865 autem
1185 5808 1385 5867 volenti
1426 5808 1551 5878 quid
1580 5818 1665 5868 est
1709 5810 1752 5864 si
1804 5810 2136 5889 propositum
2166 5817 2286 5879 est,

2389 4704 2494 4763 cile
2521 4714 2607 4759 est
2630 4719 2966 4775 consequens
2990 4706 3320 4771 interimere,
3353 4706 3671 4775 quandoque
3705 4707 3754 4760 id
3789 4709 3956 4775 ipsum

2389 4796 2740 4863 propositum.
2784 4797 3201 4865 Quibuscunque
3243 4796 3421 4850 autem
3469 4810 3691 4851 necesse
3716 4806 3800 4851 est
3822 4798 3961 4850 alte-

2388 4902 2505 4943 rum
2538 4897 2739 4942 tantum
2768 4888 2963 4951 inesse,
2994 4890 3077 4943 vel
3110 4903 3213 4943 non
3243 4888 3442 4955 inesse,
3488 4898 3544 4941 ut
3575 4888 3774 4943 homini
3806 4890 3961 4957 πικτί-

2386 4977 2649 5043 tudinem,
2685 4978 3107 5045 vel.sanitatem,
3148 4979 3193 5032 si
3237 4979 3303 5033 ad
3330 4978 3557 5033 alterum
3584 4979 3739 5034 facile
3765 4978 3965 5049 poteri-

2392 5083 2512 5122 mus
2542 5069 2812 5138 disputare
2848 5070 2988 5139 quod
3018 5070 3178 5136 inest,
3211 5068 3294 5124 vel
3324 5084 3430 5123 non
3461 5070 3621 5137 inest,
3650 5079 3705 5125 et
3732 5069 3797 5125 ad
3840 5070 3967 5126 reli-

2391 5174 2554 5230 quum
2588 5160 2743 5216 facile
2791 5163 3105 5231 poterimus.
3160 5162 3269 5218 Hoc
3310 5171 3488 5217 autem
3530 5166 3858 5221 convertitur
3898 5166 3965 5219 ad

2392 5264 2697 5323 utrumque.
2750 5255 3104 5311 Ostendentes
3154 5256 3295 5311 enim
3336 5255 3479 5322 quod
3530 5256 3669 5311 inest
3714 5258 3968 5326 alterum,

2392 5345 2532 5415 quod
2562 5360 2665 5400 non
2699 5346 2838 5401 inest
2864 5346 3126 5415 reliquum
3154 5343 3499 5402 ostendentes
3528 5347 3753 5414 erimus;
3794 5349 3839 5403 si
3865 5363 3965 5403 au-

2396 5446 2501 5494 tem
2529 5439 2668 5508 quod
2722 5454 2825 5495 non
2880 5439 3017 5494 inest
3062 5439 3430 5502 ostendamus,
3478 5439 3743 5510 reliquum
3792 5441 3968 5497 inesse

2393 5530 2736 5585 ostendentes
2786 5530 3026 5595 erimus;
3076 5531 3416 5587 manifestum
3479 5530 3643 5601 igitur
3706 5532 3845 5602 quod
3900 5532 3969 5586 ad

2396 5632 2680 5693 utrumque
2706 5622 2852 5677 utilis
2896 5622 2982 5679 hic
3022 5622 3175 5679 locus
3197 5634 3299 5680 est.
3328 5622 3572 5693 Amplius
3601 5624 3971 5695 argumentari

2398 5717 2767 5773 transferendo
2798 5731 2990 5772 nomen
3018 5718 3071 5771 in
3103 5717 3427 5783 orationem,
3464 5732 3585 5773 cum
3618 5718 3772 5790 longe
3798 5720 3971 5785 magis

2388 5819 2808 5883 consentaneum
2839 5812 3010 5865 visum
3034 5812 3188 5871 fuerit
3218 5824 3573 5871 transsumere
3594 5827 3749 5883 quam
3782 5821 3835 5865 ut
3867 5826 3972 5879 po-
