4290 6272
336 412 438 470 99.9

1213 404 1601 465 TOPICORUM
1644 404 2094 463 ARISTOTELIS
2134 392 2704 462 tarsumenno.

3484 406 3588 461 950

335 529 476 583 uitur
504 539 720 581 nomen.
756 524 823 578 Ut
851 523 1242 594 magnanimum
1274 535 1379 577 non
1405 502 1595 575 fortem
1630 521 1649 590 (
1674 529 1729 574 ut
1758 518 1911 588 poni.
1940 524 1988 583 Α
2016 518 2305 573 secundum
2333 484 2895 587 superabundantiam.
2930 516 3063 573 illud
3092 526 3271 574 autem
3298 520 3591 575 secundum
3616 532 3619 535 ‘

338 620 470 687 tur),
487 619 582 675 sed
603 632 852 688 magnum
874 616 1110 671 animum
1130 613 1442 679 habentem,
1462 609 1911 682 quemadmodum

338 714 611 778 ﬁdentem,
647 712 781 763 bona
810 718 1137 778 sperantem.
1169 704 1429 761 Similiter
1472 710 1731 758 autemet
1758 702 1913 769 inge-

342 808 570 871 niosum,
603 802 756 871 cujus
798 800 956 855 fuerit
994 799 1182 868 genius
1224 795 1516 851 studiosus.
1552 792 1915 862 Quemadmo—

340 901 464 953 dum
516 898 841 952 Xenocrates
895 890 1065 961 inquit
1108 888 1439 956 ingeniosum
1492 901 1613 940 eum
1662 898 1782 940 esse
1824 884 1913 951 qui

340 992 569 1045 animam
599 986 818 1041 sortitus
844 991 928 1037 est
969 979 1283 1042 studiosam,
1316 979 1485 1048 ipsam
1517 977 1659 1031 enim
1702 975 1914 1032 unicui-

342 1097 444 1154 que
465 1096 584 1137 esse
600 1079 835 1150 genium.
858 1074 1116 1143 Quoniam
1144 1082 1323 1126 autem
1354 1085 1533 1125 rerum
1554 1069 1677 1123 alia;
1698 1067 1914 1138 quidem

342 1184 464 1228 sunt
491 1187 555 1229 ex
583 1168 923 1232 necessitate,
969 1165 1084 1219 alite
1109 1172 1283 1217 autem
1317 1170 1374 1217 ut
1405 1163 1457 1215 in
1501 1161 1765 1230 pluribus,
1795 1159 1917 1214 alia:

345 1276 468 1319 vero
498 1260 828 1325 utrumlibet,
877 1258 921 1310 si
950 1254 1093 1326 quod
1133 1269 1199 1307 ex
1232 1252 1547 1307 necessitate
1598 1260 1700 1317 est,
1752 1259 1807 1303 ut
1860 1250 1911 1304 in

294 1380 297 1381 ν
346 1355 582 1425 pluribus
600 1359 850 1422 ponatur,
869 1357 962 1403 aut
984 1345 1124 1418 quod
1152 1355 1209 1399 ut
1237 1346 1287 1398 in
1307 1345 1568 1412 pluribus,
1589 1358 1655 1398 ex
1683 1343 1922 1397 necessi-

301 1468 316 1481 ι
349 1458 475 1512 tate,
491 1454 581 1501 aut
597 1446 770 1513 ipsum
785 1452 876 1496 aut
904 1439 1227 1494 contrarium
1252 1438 1302 1492 ei
1326 1436 1465 1507 quod
1494 1446 1576 1490 est
1598 1444 1655 1490 ut
1682 1436 1735 1488 in
1758 1434 1921 1503 pluri-

348 1544 449 1598 bus
476 1553 687 1608 semper
710 1537 801 1591 dat
830 1536 1004 1590 locum
1026 1531 1518 1603 argumentationis.
1544 1528 1673 1582 Nam
1708 1526 1756 1582 si
1779 1525 1923 1596 quod

350 1650 412 1690 es
448 1634 767 1689 necessitate
798 1639 881 1683 est
934 1637 991 1681 ut
1041 1628 1093 1679 in
1145 1625 1384 1694 pluribus
1416 1630 1674 1692 ponatur,
1707 1618 1929 1674 manife-

351 1737 489 1781 stum
512 1725 762 1795 quoniam
782 1735 889 1776 non
910 1720 1053 1774 omni
1075 1718 1204 1772 dicit
1230 1718 1428 1785 inesse,
1452 1729 1573 1770 cum
1598 1713 1723 1767 insit
1747 1712 1923 1776 omni;

351 1830 518 1887 quare
570 1811 831 1884 peccavit,
886 1810 998 1863 sive
1042 1808 1183 1877 quod
1231 1815 1290 1860 ut
1337 1807 1389 1860 in
1434 1805 1679 1875 pluribus
1732 1802 1929 1857 dicitur

2015 610 2281 665 defectum
2330 609 2530 665 dictum
2566 611 2657 665 sit.
2698 610 2830 667 Nam
2870 613 3355 683 superabundantia
3388 614 3596 685 fugien-

2016 702 2206 757 dorum
2236 703 2444 758 videtur
2465 708 2608 767 esse,
2633 701 2882 759 similiter
2906 713 3083 759 autem
3113 714 3165 759 et
3198 703 3458 762 defectus.
3494 705 3599 762 Re-

2018 797 2163 866 liqua
2209 810 2336 851 vero
2389 805 2616 867 quatuor
2663 796 2843 851 omnia
2899 797 3100 852 faciunt
3137 798 3595 864 contrarietatem,

2020 903 2140 944 nam
2167 889 2215 942 id
2248 889 2388 960 quod
2418 899 2501 944 est
2530 888 2719 943 amicis
2748 888 3086 952 benefacere,
3118 890 3167 945 ei
3199 892 3338 961 quod
3363 900 3447 949 est
3467 893 3621 947 ami-‘

2019 980 2098 1037 eis
2125 982 2265 1035 male
2312 981 2663 1045 contrarium,
2713 994 2834 1035 nam
2866 994 2894 1033 a
2926 983 3200 1037 contrario
3249 995 3398 1039 more
3454 996 3595 1052 sunt,

2020 1084 2073 1128 et
2103 1074 2232 1128 illud
2264 1074 2479 1144 quidem
2511 1073 2838 1144 eligendum,
2871 1074 2971 1128 hoc
3005 1060 3183 1129 autem
3216 1076 3599 1145 spernendum.

2021 1164 2282 1220 Similiter
2305 1175 2481 1219 autem
2514 1166 2581 1218 ἐι
2619 1164 2670 1219 ἰη
2702 1164 2841 1220 aliis.
2875 1162 3006 1220 Nam
3038 1164 3091 1218 in
3134 1180 3452 1237 unaquaque
3475 1180 3603 1221 enn-

2017 1253 2294 1324 jngatione
2324 1271 2485 1310 unum
2534 1255 2837 1325 eligendum
2883 1265 2941 1311 et
2984 1256 3211 1311 alterum
3259 1256 3600 1327 fugiendum,

2025 1347 2153 1401 illud
2184 1346 2399 1416 quidem
2433 1348 2553 1402 boni
2596 1349 2784 1414 moris,
2819 1348 2922 1405 hoc
2951 1358 3128 1404 autem
3167 1350 3335 1420 pravi.
3386 1348 3605 1407 Manife-

2024 1448 2162 1493 stum
2196 1440 2353 1508 igitur
2379 1456 2441 1494 εκ
2478 1440 2544 1494 iis
2574 1454 2693 1510 qua:
2723 1441 2865 1496 dicta
2900 1451 3023 1496 sunt
3059 1442 3213 1513 quod.
3230 1442 3402 1498 eidem
3458 1443 3605 1514 plura

2025 1531 2292 1587 contraria
2327 1532 2575 1586 accidunt
2627 1534 2762 1597 fieri,
2820 1548 2941 1589 nam
2991 1535 3039 1588 ei
3094 1536 3236 1604 quod
3290 1545 3372 1591 est
3422 1537 3607 1592 amicis

2026 1622 2343 1679 benefacere
2369 1664 2384 1687 ,
2418 1624 2470 1678 id
2518 1623 2659 1693 quod
2707 1633 2788 1679 est
2821 1624 3050 1679 inimicis
3083 1625 3421 1693 benefacere,
3454 1635 3508 1682 et
3556 1628 3607 1684 id

2026 1715 2167 1784 quod
2198 1723 2278 1769 est
2309 1715 2498 1770 amcis
2526 1717 2681 1779 male,
2714 1716 3043 1771 contrarium
3069 1724 3170 1771 est.

2098 1809 2356 1864 Similiter
2384 1816 2561 1864 autem
2600 1799 2654 1863 et
2675 1809 2901 1864 aliorum
2930 1810 3153 1880 singulis
3187 1809 3486 1882 quibusque
3513 1826 3606 1867 eo-

351 1923 415 1961 ex
446 1906 762 1960 necessitate
788 1902 944 1965 dixit.
979 1900 1121 1954 omni
1162 1898 1522 1961 dixitinesse.
1555 1911 1675 1950 cum
1709 1908 1815 1949 non
1844 1895 1923 1947 in—
1952 1900 2149 1964 Βιιειη
2199 1902 2359 1956 modo
2406 1900 2873 1955 considerantibus
2922 1900 3029 1954 duo
3078 1901 3341 1955 contraria
3388 1902 3611 1972 appare-

351 2000 424 2054 sit
452 1998 626 2051 omni:
658 1995 903 2049 similiter
935 2002 1109 2045 autem
1139 1996 1193 2044 et
1232 1990 1276 2043 si
1308 1988 1636 2043 contrarium
1684 1987 1732 2040 ei
1779 1984 1925 2055 quod

272 2086 275 2087 ⁷
354 2092 405 2144 iu
438 2090 676 2158 pluribus
725 2094 809 2141 est
855 2100 920 2140 ex
952 2083 1273 2138 necessitate
1308 2081 1473 2145 dixit,
1528 2094 1739 2149 semper
1784 2078 1926 2133 enim

354 2183 404 2238 in
436 2179 774 2250 paucioribus
803 2177 997 2231 dicitur
1040 2173 1364 2229 contrarium
1413 2173 1461 2225 ei
1504 2171 1644 2241 quod
1674 2181 1757 2226 est
1785 2180 1843 2226 ut
1874 2172 1930 2226 in

356 2275 594 2345 pluribus
619 2314 631 2335 ,
665 2280 721 2325 ut
765 2272 807 2325 si
855 2279 910 2324 ut
940 2269 1262 2337 inpluribus
1290 2266 1437 2334 pravi
1500 2264 1768 2327 homines,
1806 2263 1931 2319 boni

355 2372 405 2426 in
442 2368 817 2439 paucioribus;
869 2379 1035 2435 quare
1066 2362 1232 2417 multo
1277 2362 1444 2431 magis
1475 2361 1733 2428 peccavit,
1763 2359 1809 2413 si
1838 2359 1933 2413 bo-

356 2476 451 2515 nos
472 2474 538 2513 ex
569 2458 885 2513 necessitate
924 2455 1058 2509 dixit
1097 2468 1219 2509 esse
1250 2471 1266 2507 :
1294 2452 1542 2506 similiter
1570 2460 1750 2504 autem
1788 2460 1843 2504 et
1883 2448 1930 2503 si

358 2551 495 2622 quod
515 2548 819 2606 utrumlibet
850 2557 932 2603 est
952 2562 1019 2602 ex
1039 2546 1358 2601 necessitate
1380 2544 1534 2607 dixit,
1553 2540 1637 2597 vel
1656 2553 1711 2597 ut
1732 2541 1786 2596 in
1813 2541 1932 2611 plu-

360 2646 527 2713 ribus,
561 2658 732 2711 neque
757 2642 899 2696 enim
930 2656 996 2697 ex
1031 2641 1347 2695 necessitate
1378 2636 1723 2703 utrumlibet,
1758 2651 1931 2704 neque

362 2736 493 2791 utin
527 2735 796 2804 pluribus;
827 2731 1083 2800 contingit
1132 2740 1311 2784 autem
1353 2739 1408 2784 et
1453 2730 1497 2783 si
1529 2744 1636 2783 non
1681 2727 1937 2783 determi-

364 2841 499 2885 tians
523 2829 718 2882 dixerit
746 2835 922 2880 utrum
951 2834 1008 2878 ut
1041 2824 1091 2878 in
1125 2823 1386 2892 pluribus,
1416 2837 1482 2876 an
1514 2836 1580 2875 ex
1611 2820 1934 2876 necessitate

366 2920 516 2984 dixit,
549 2918 592 2972 si
624 2928 799 2972 autem
846 2931 932 2971 res
971 2927 1026 2969 ut
1073 2917 1123 2969 in
1156 2914 1420 2984 pluribus,
1474 2912 1753 2981 diSputare
1785 2919 1842 2966 ut
1870 2926 1938 2966 ex

368 3013 687 3070 necessitate
727 3013 771 3067 is
814 3010 1030 3065 dixerit.
1064 3008 1131 3065 Ut
1159 3009 1204 3063 si
1243 3020 1437 3078 pravos
1469 3003 1939 3060 exlneredilandos

368 3106 502 3160 dixit
527 3119 670 3170 esse,
704 3117 807 3157 non
835 3100 1218 3166 determinans,
1254 3109 1501 3168 tauquam
1524 3112 1589 3150 ex
1622 3095 1942 3151 necessitate

368 3200 411 3252 is
448 3199 666 3263 dixerit,
709 3196 1002 3265 di~pntare.
1036 3193 1303 3261 Amplius,
1335 3200 1387 3246 et
1417 3191 1459 3245 si
1491 3190 1630 3244 idem
1661 3190 1762 3244 sibi
1795 3188 1942 3243 acci-

2030 1993 2183 2056 bunt,
2214 1990 2460 2060 accipere
2489 1991 2647 2061 igitur
2693 1991 3085 2045 contrariorum
3124 1992 3481 2061 quodcunque
3508 1992 3612 2047 erit

2029 2084 2095 2139 ad
2128 2085 2443 2153 positionem
2478 2084 2626 2138 utile.
2677 2082 2919 2152 Amplius
2967 2082 3012 2136 si
3057 2090 3141 2138 est
3170 2081 3365 2152 aliquid
3398 2091 3612 2138 contra-

2031 2176 2167 2231 rium
2218 2176 2501 2239 accidenti,
2560 2174 3007 2230 considerandum
3060 2183 3145 2229 est
3197 2174 3242 2228 si
3287 2174 3427 2229 inest
3449 2173 3498 2229 ei
3526 2174 3611 2229 cui

2033 2270 2235 2326 dictt-m
2266 2279 2349 2325 est
2380 2268 2631 2324 accidens
2663 2268 2861 2322 inesse.
2893 2264 3024 2320 Nam
3068 2267 3111 2320 si
3142 2264 3243 2320 hoc
3273 2264 3449 2333 inest,
3483 2265 3613 2320 illud

2037 2378 2141 2417 non
2188 2362 2321 2427 erit,
2365 2359 2693 2430 impossibile
2742 2359 2882 2413 enim
2924 2356 3081 2411 simul
3124 2355 3391 2412 contraria
3439 2355 3614 2411 eidem

2035 2454 2233 2510 inesse.
2267 2454 2372 2506 Aut
2399 2451 2441 2505 si
2469 2450 2594 2520 quid
2637 2448 2740 2503 tale
2764 2448 2965 2502 dictum
2998 2454 3082 2502 est
3128 2447 3198 2503 de
3227 2446 3438 2518 aliquo,
3473 2444 3615 2515 quod

2036 2561 2157 2599 cum
2188 2545 2259 2600 sit
2286 2536 2506 2598 necesse
2535 2551 2617 2597 est
2644 2541 2909 2595 contraria
2957 2540 3156 2605 inesse,
3198 2547 3256 2593 ut
3283 2540 3328 2593 si
3386 2538 3534 2593 ideas
3563 2536 3617 2591 in

2039 2637 2195 2692 nouis
2223 2636 2341 2705 quis
2374 2634 2565 2689 dixerit
2587 2646 2728 2688 esse.
2762 2631 2893 2686 Nam
2921 2639 2975 2686 et
3004 2631 3206 2685 moveri
3228 2638 3293 2684 ‘et
3337 2627 3618 2699 quiescere

2038 2728 2253 2783 easdem
2303 2727 2528 2793 accidet,
2568 2737 2621 2779 et
2672 2724 2832 2779 etiam
2879 2722 3165 2779 sensibiles
3196 2730 3249 2776 et
3280 2719 3623 2775 insensibiles

2030 2837 2180 2876 esse.
2235 2819 2364 2875 Nam
2418 2820 2663 2873 videntur
2713 2816 2846 2871 idem
2883 2816 3189 2886 quiescere,
3233 2811 3537 2869 immobiles
3568 2818 3624 2867 et

2040 2911 2403 2982 intelligibiles
2423 2925 2544 2965 esse
2576 2908 2643 2963 iis
2666 2907 2754 2977 qui
2783 2915 2987 2976 ponunt
3018 2906 3165 2961 ideas
3192 2920 3334 2960 esse.
3369 2905 3621 2958 Attamen

2042 3019 2163 3058 cum
2194 3003 2301 3058 sint
2349 3003 2400 3056 in
2431 3002 2585 3056 nobis
2606 3040 2622 3066 ,
2660 2995 2995 3069 impossibile
3020 3006 3104 3052 est
3142 2995 3445 3051 immobiles
3478 3008 3622 3050 esse.

2045 3097 2174 3151 Nam
2214 3094 2374 3149 motis
2405 3093 2590 3157 nobis,
2623 3090 2985 3147 necessarium
3012 3099 3093 3143 est
3125 3095 3180 3141 et
3218 3101 3337 3155 qua:
3385 3084 3441 3139 in
3468 3084 3626 3140 nobis

2046 3196 2171 3243 sunt
2187 3187 2365 3241 omnia
2395 3184 2557 3239 simul
2573 3181 2800 3238 moveri.
2821 3179 3156 3235 Manifestum
3177 3187 3354 3232 autem
3377 3176 3626 3246 quoniam

369 3296 499 3353 dens
530 3292 766 3364 posuerit
792 3299 852 3345 ut
876 3291 1122 3353 alterum,
1176 3303 1240 3342 eo
1290 3285 1429 3356 quod
1468 3286 1698 3339 alterum
1745 3284 1815 3337 sit
1848 3297 1943 3336 no-
1969 3275 2019 3341 ϐ
2047 3292 2100 3338 ει
2129 3281 2436 3346 sensibiles,
2467 3279 2513 3333 si
2544 3278 2595 3332 in
2626 3276 2779 3331 nobis
2814 3285 2935 3329 sunt
2958 3315 2971 3339 ,
3022 3286 3142 3326 nam
3170 3284 3266 3341 per
3296 3284 3510 3325 sensum
3539 3266 3628 3337 qui

370 3403 508 3443 men.
540 3382 997 3453 Quemadmodum
1032 3378 1289 3436 Prodicus
1332 3375 1600 3430 dividebat
1644 3378 1945 3444 voluptates

371 3482 422 3536 in
450 3478 724 3551 gaudium,
756 3485 811 3532 et
835 3474 1221 3545 iucunditatem
1241 3513 1255 3537 ,
1286 3482 1337 3526 et
1371 3470 1629 3535 laetitiam,
1660 3470 1771 3524 haec
1797 3468 1943 3523 enim

374 3572 546 3630 omnia
593 3571 832 3643 ejusdem
866 3568 939 3641 (id
986 3577 1069 3624 est
1094 3563 1402 3636 volupfatis)
1455 3564 1668 3621 nomina
1714 3572 1869 3628 sunt;
1902 3561 1947 3617 si

376 3683 499 3738 ergo
529 3665 723 3735 aliquis
764 3662 997 3733 gaudere
1055 3659 1102 3714 ei
1135 3657 1275 3729 quod
1302 3666 1384 3710 est
1410 3653 1583 3710 laetani
1610 3664 1774 3724 ponat
1801 3654 1947 3710 acci-

377 3734 531 3825 dere,
559 3734 701 3813 idem
732 3756 910 3825 utique
944 3752 1040 3807 sibi
1075 3751 1171 3819 ipsi
1204 3749 1346 3803 dicet
1376 3746 1640 3802 accidere.
1828 3734 1833 3737 ’

976 3840 1200 3898 CAPUT
1253 3840 1340 3895 lll.

523 3942 596 3996 De
626 3942 809 3996 eisdem
837 3938 1167 3993 terminandis
1198 3934 1523 4005 problematis
1548 3934 1646 3987 foci
1675 3933 1786 3987 alii.

452 4036 711 4104 Quoniam
762 4044 939 4087 autem
989 4030 1252 4086 contraria
1305 4036 1692 4083 connectuntur
1744 4022 1957 4093 quidem

383 4130 480 4184 sibi
506 4127 728 4182 invicem
756 4141 851 4181 sex
878 4124 1071 4185 modis,
1094 4121 1527 4177 contrarietatem
1557 4127 1733 4171 autem
1762 4114 1962 4169 faciunt

382 4219 797 4290 quadrupliciter
827 4216 1125 4283 complexa,
1157 4221 1370 4282 oportet
1405 4210 1657 4279 accipere
1690 4205 1959 4260 contraria

381 4326 693 4381 quocunque
741 4308 902 4364 modo
951 4307 1079 4360 utile
1132 4304 1288 4359 fuerit
1317 4312 1372 4359 et
1416 4298 1716 4357 destruenti
1750 4307 1805 4353 et
1835 4312 1964 4351 eon-

382 4403 628 4459 struenti.
679 4401 828 4470 Quod
882 4410 1058 4454 autem
1113 4413 1203 4453 sex
1253 4395 1425 4450 modis
1473 4393 1913 4464 complectuntur
1947 4430 1964 4457 ,

385 4498 723 4553 manifestum
758 4512 915 4549 :natn
946 4503 1036 4547 aut
1068 4503 1356 4562 utrumque
1407 4489 1801 4543 contrariorum
1835 4487 1969 4539 utri-

384 4607 483 4659 que
513 4587 899 4642 contrariorum
931 4584 1285 4649 connectitur,
1319 4582 1419 4634 hoc
1442 4587 1623 4633 autem
1652 4574 1964 4644 dupliciter,

2016 3424 2017 3427 η
2049 3376 2192 3430 circa
2220 3373 2394 3428 visum
2426 3382 2508 3427 est
2560 3378 2677 3426 eam
2710 3384 2829 3439 qua:
2857 3367 2912 3422 in
2942 3380 3260 3435 unoquoque
3295 3375 3371 3418 est
3406 3362 3631 3418 formam

2051 3466 2447 3538 cognoscimus.
2479 3463 2711 3517 Rursum
2769 3460 2813 3516 si
2869 3460 3097 3530 positum
3148 3465 3230 3513 est
3259 3454 3507 3511 accidens
3546 3452 3632 3508 cui

2013 3555 2027 3569 ’
2051 3567 2135 3614 εει
2158 3556 2356 3628 aliquid
2378 3554 2729 3621 contrarium,
2758 3548 3209 3608 considerandum
3230 3548 3274 3601 si
3301 3556 3356 3602 et
3379 3543 3634 3601 contrarii

2053 3652 2418 3723 susceptivum
2450 3649 2591 3720 quod
2623 3656 2679 3703 et
2704 3644 3001 3702 accidentis
3022 3651 3124 3699 est.
3157 3641 3287 3696 Nam
3337 3639 3477 3695 idem
3509 3648 3635 3693 con~

2057 3751 2345 3806 trariornm
2370 3744 2757 3816 susceptivum,
2794 3753 2851 3798 ut
2873 3743 2917 3797 si
2948 3740 3132 3796 odium
3157 3739 3364 3792 haerere
3392 3736 3487 3791 ira:
3517 3732 3637 3804 quis

2057 3844 2281 3911 dixerit,
2324 3845 2426 3899 erit
2456 3842 2637 3896 odium
2668 3840 2720 3893 iu
2751 3836 2949 3891 furoris
2979 3834 3183 3903 specie,
3209 3832 3319 3886 illic
3345 3829 3491 3885 enim
3524 3828 3634 3890 ira;

2061 3935 2445 4006 inspiciendum
2468 3934 2630 4003 igitur
2648 3931 2693 3985 si
2724 3938 2778 3982 et
2793 3927 3122 3983 contrarium
3143 3924 3197 3977 in
3222 3923 3416 3978 furoris
3439 3918 3645 3990 specie,

2061 4042 2128 4079 an
2162 4027 2213 4080 in
2242 4019 2677 4091 concupiscentia
2698 4058 2712 4084 ,
2747 4032 2867 4070 nam
2898 4014 2944 4069 si
2973 4028 3075 4067 non
3099 4053 3114 4078 ,
3145 4011 3239 4066 sed
3282 4012 3334 4065 in
3361 4009 3642 4077 concupis~

2063 4116 2209 4170 cibili
2238 4122 2341 4180 est,
2374 4127 2478 4165 non
2502 4111 2731 4165 cohaeret
2759 4106 2937 4159 odium
2962 4104 3079 4158 irze.
3107 4100 3367 4157 Similiter
3391 4110 3567 4155 autem
3589 4106 3644 4153 et

2066 4210 2108 4264 si
2141 4202 2585 4276 concupiscibile,
2623 4201 2871 4270 ignorare
2913 4195 3144 4260 dixerit,
3170 4206 3293 4247 nam
3319 4191 3422 4246 erit
3445 4198 3499 4245 et
3532 4188 3642 4244 dis-

2066 4301 2277 4372 ciplina:
2322 4297 2708 4367 susceptivum,
2739 4291 3002 4362 siquidem
3033 4299 3085 4346 et
3117 4285 3473 4360 ignorantiae;
3503 4282 3647 4354 quod

2069 4395 2283 4465 quidem
2346 4408 2449 4446 non
2511 4389 2721 4444 videtur
2754 4428 2769 4454 ,
2822 4382 3240 4454 concupiscibile
3289 4377 3649 4448 susceptivum

2072 4484 2211 4543 esse
2257 4484 2572 4553 disciplima.
2642 4478 2947 4534 Destruenli
3006 4490 3134 4546 ergo
3196 4468 3649 4542 quemadmodum

2075 4580 2274 4635 dictum
2302 4588 2384 4633 est
2415 4575 2671 4631 utendum
2696 4615 2711 4640 ,
2757 4579 3015 4626 astruentt
3048 4582 3177 4649 vero
3203 4565 3344 4636 quod
3371 4564 3509 4620 inest
3538 4561 3651 4634 qui-

385 4694 437 4736 nt
470 4681 653 4737 amicis
692 4679 1004 4736 benefacere
1026 4687 1081 4733 et
1107 4676 1337 4732 inimicis
1375 4673 1536 4738 male,
1559 4671 1642 4726 vel
1668 4683 1964 4726 eronverso
1994 4667 2048 4728 D
2071 4673 2194 4727 dem
2226 4670 2478 4725 accidens
2509 4681 2616 4720 non
2638 4664 2782 4718 utiiis
2814 4662 2984 4727 locus,
3016 4658 3158 4728 quod
3191 4666 3369 4712 autem
3399 4654 3656 4723 contingit

385 4772 572 4828 amicis
612 4772 749 4826 male
780 4781 833 4826 et
875 4768 1103 4824 inimicis
1146 4766 1284 4821 bene
1317 4783 1329 4817 :
1372 4773 1463 4817 aut
1494 4761 1709 4832 quando
1738 4770 1966 4828 utraque

386 4869 452 4924 de
481 4882 607 4933 uno,
639 4865 920 4933 dupliciter
968 4873 1148 4917 autem
1192 4870 1240 4915 et
1276 4858 1398 4923 hoc,
1431 4863 1489 4910 ut
1530 4852 1720 4908 amicis
1751 4851 1972 4907 benefa-

388 4974 508 5014 cere
539 4966 594 5013 et
618 4956 803 5010 amicis
832 4954 990 5020 male,
1034 4953 1122 5008 vel
1158 4950 1386 5006 inimicis
1414 4944 1731 5004 benefacere
1763 4954 1817 5000 et
1867 4942 1973 4997 ini-

392 5052 542 5106 micis
589 5050 724 5106 male
759 5067 773 5105 :
804 5056 895 5104 ant
934 5062 1097 5103 unum
1130 5046 1196 5101 de
1228 5046 1490 5116 utrisque,
1522 5050 1577 5098 et
1620 5040 1720 5095 hoc
1761 5052 1975 5110 quoque

392 5142 693 5212 dupliciter,
755 5154 813 5196 ut
855 5141 1044 5196 amicis
1094 5140 1230 5194 bene
1280 5147 1333 5193 et
1390 5134 1621 5191 inimicis
1676 5134 1832 5199 bene,
1887 5129 1975 5185 vel

389 5236 571 5291 amicis
617 5237 754 5290 male
789 5244 837 5289 et
886 5232 1118 5287 inimicis
1168 5232 1329 5286 male.
1386 5229 1580 5285 Prima:
1625 5236 1801 5281 autem
1862 5225 1982 5280 dua:

389 5334 543 5386 dicta:
573 5328 974 5401 complexiones
1007 5344 1111 5383 non
1135 5323 1337 5381 faciunt
1363 5325 1829 5388 contrarietatem,
1854 5336 1976 5375 nam

391 5424 438 5477 id
470 5423 608 5493 quod
646 5433 725 5477 est
771 5422 956 5476 amicis
1007 5417 1324 5476 benefacere
1365 5419 1412 5472 ei
1454 5417 1594 5487 quod
1634 5426 1712 5469 est
1742 5411 1978 5467 inimicis

393 5514 709 5567 tualelacere
748 5502 858 5567 non
903 5520 987 5567 est
1040 5510 1401 5574 contrarium,
1434 5519 1658 5577 utraque
1702 5504 1849 5559 enim
1882 5502 1983 5557 eli-

393 5606 564 5679 genda
588 5616 713 5661 sunt
731 5615 786 5661 et
806 5607 1045 5675 ejusdem
1070 5605 1264 5669 moris;
1294 5618 1468 5672 neque
1500 5602 1552 5656 id
1577 5599 1717 5672 quod
1746 5608 1828 5654 est
1851 5598 1985 5653 ami-

394 5702 472 5754 cis
497 5698 636 5754 ntale
670 5699 719 5754 ei
745 5697 885 5768 quod
916 5706 1000 5752 est
1032 5696 1263 5753 inimicis
1292 5697 1451 5760 bene,
1485 5709 1603 5748 nam
1628 5700 1681 5747 et
1705 5691 1816 5746 haec
1836 5701 1986 5746 utra~

398 5808 501 5861 que
545 5790 798 5863 fugienda
843 5797 899 5843 et
927 5788 1166 5858 ejusdem
1202 5788 1387 5843 moris.
1420 5786 1531 5841 Non
1567 5785 1772 5840 videtur
1804 5794 1985 5840 autem

398 5885 702 5958 fugiendum
725 5882 979 5956 fugiendo
998 5883 1323 5941 contrarium
1347 5896 1487 5948 esse,
1521 5878 1621 5939 nisi
1643 5881 1743 5937 hoc
1767 5880 1984 5951 quidem

2076 4762 2255 4819 inesse
2289 4760 2449 4815 utilis.
2486 4755 2844 4814 Ostendentes
2879 4753 3022 4808 enim
3063 4748 3204 4820 quod
3234 4763 3338 4802 non
3391 4745 3656 4814 suscepti-

2078 4869 2199 4907 vum
2230 4862 2313 4906 est
2354 4846 2641 4912 contrarii,
2672 4844 3018 4900 ostendentes
3058 4841 3261 4894 erimus
3301 4835 3443 4907 quod
3485 4848 3659 4905 neque

2082 4945 2223 5000 inest
2267 4941 2517 4997 accidens
2546 4981 2560 5006 ,
2610 4954 2784 5010 neque
2838 4935 3097 5003 contingit
3141 4934 3337 4988 inesse.
3378 4928 3433 4985 Si
3482 4937 3667 4999 autem,

2080 5039 2480 5096 ostenderimus
2519 5034 2660 5107 quod
2700 5036 2840 5089 inest
2869 5029 3191 5087 contrarium
3210 5069 3225 5094 ,
3255 5034 3350 5082 aut
3376 5024 3514 5096 quod
3544 5040 3661 5078 sns-

2086 5134 2353 5203 ceptivum
2395 5139 2480 5187 est
2510 5127 2789 5193 contrarii,
2824 5124 3058 5180 nondum
3089 5120 3437 5177 ostendentes
3462 5117 3664 5173 erimus

2085 5226 2228 5296 quod
2251 5236 2305 5280 et
2335 5224 2580 5280 accidens
2610 5222 2780 5287 inest,
2816 5216 2908 5273 sed
2947 5213 3086 5285 quod
3114 5210 3371 5282 contingit
3399 5210 3572 5265 inesse
3605 5210 3661 5264 in

2089 5329 2292 5375 tantum
2308 5320 2476 5375 solum
2493 5326 2765 5373 ostensum
2777 5314 2896 5369 erit.
2915 5308 3175 5380 Quoniam
3189 5314 3363 5363 autem
3377 5302 3666 5376 oppositioo

2088 5425 2185 5467 nes
2216 5418 2340 5464 sunt
2372 5418 2620 5480 quatuor,
2652 5402 3100 5463 considerandum
3132 5413 3201 5454 ex
3229 5395 3667 5453 contradictioni-

2091 5505 2189 5559 bus
2207 5543 2220 5569 ,
2236 5517 2530 5556 econverso
2543 5516 2607 5555 ex
2621 5495 3022 5567 consequentia,
3044 5502 3095 5549 et
3118 5490 3443 5547 interimenti
3466 5498 3521 5545 et
3534 5502 3667 5543 con-

2090 5593 2336 5652 struenti.
2361 5592 2590 5649 Sumere
2617 5599 2793 5644 autem
2817 5594 2897 5642 est
2919 5600 2981 5639 ex
2999 5583 3331 5649 inductione,
3358 5588 3413 5636 ut
3432 5581 3478 5635 si
3510 5579 3672 5635 homo

2093 5685 2311 5751 animal,
2346 5700 2451 5739 non
2473 5681 2671 5737 animal
2700 5693 2804 5735 non
2837 5678 3025 5741 homo;
3051 5672 3299 5729 similiter
3324 5682 3504 5729 autem
3534 5680 3587 5726 et
3615 5669 3675 5729 in

2094 5781 2231 5835 aliis.
2250 5778 2345 5832 llic
2365 5775 2505 5830 enim
2524 5788 2819 5828 econversn
2842 5764 3249 5839 consequentia,
3266 5779 3385 5818 nam
3402 5763 3673 5824 hominem

2099 5870 2292 5929 animal
2338 5866 2603 5939 sequitur,
2645 5880 2749 5924 non
2788 5862 3061 5923 hominem
3087 5869 3260 5918 autem
3284 5897 3299 5923 .
3346 5869 3451 5915 non
3476 5848 3682 5921 animi

2610 6062 2657 6072 πρ
