4290 6272
629 369 729 427 951
750 406 763 417 ς

1861 366 2215 443 ANsMANL.
2255 367 2410 431 ssv.
2453 368 2685 425 nomn-

3810 365 3913 425 952

630 496 995 553 nequaquam;
1026 482 1119 537 sed
1151 494 1469 548 eeonverso,
1494 494 1605 551 non
1636 479 1856 543 animal,
1889 496 1993 536 non
2039 480 2218 536 homo.
2249 486 2301 544 Α
2329 481 2570 537 eamdem
2616 476 3047 548 conjugatiouem
3098 474 3278 530 omnia
3298 516 3315 545 ,
3355 483 3413 531 ut
3434 476 3665 547 iustitia,
3699 479 3910 550 justus,

632 572 689 628 In
716 572 961 627 omnibus
978 571 1251 638 igiturtale
1270 580 1351 625 est.
1382 570 1818 647 exiStiinandum,
1852 572 1964 626 utsi
1990 571 2211 638 bonum,

628 678 815 729 suave,
848 674 901 718 et
932 678 1037 719 non
1065 679 1250 731 suave,
1282 680 1387 720 non
1414 666 1644 731 bonum;
1670 667 1717 723 si
1747 676 1927 722 autem
1959 682 2065 723 non
2091 667 2237 733 hoe,

633 768 730 809 nec
758 753 911 820 illud,
947 755 1193 811 similiter
1219 767 1395 812 autem
1420 765 1495 833 et
1524 758 1568 812 si
1603 772 1709 813 non
1736 771 1931 825 suave,
1976 774 2083 814 non
2116 758 2215 813 bo-

630 861 777 909 num,
804 847 999 903 bonum
1024 864 1206 917 suave.
1233 848 1568 905 Manifestum
1589 847 1747 918 igitur
1767 849 1913 921 quod
1935 858 2220 920 utrumque

632 940 1183 1012 convertitur,‘qute
1246 941 1545 1001 secundum
1599 941 2081 999 contradictionem
2135 954 2220 998 est

631 1032 1015 1103 consequentia
1055 1048 1352 1090 econverso
1411 1034 1565 1089 facta.
1599 1032 1656 1088 1n
1700 1034 1990 1090 contrariis
2036 1044 2216 1090 autem

631 1124 1081 1179 censiderandum
1118 1128 1161 1180 si
1214 1125 1542 1181 contrarium
1583 1127 1911 1198 contrarium
1943 1134 2217 1196 sequatur,

634 1230 700 1269 an
748 1227 931 1269 contra
984 1218 1159 1286 seipsa
1214 1216 1639 1286 consequentia,
1694 1230 1761 1270 an
1798 1230 2134 1283 econverso,
2164 1224 2220 1271 et

633 1305 961 1361 interimenti
993 1319 1045 1360 et
1067 1304 1422 1361 construenti.
1450 1306 1675 1361 Sumere
1702 1315 1879 1360 autem
1913 1314 1967 1360 et
1993 1304 2114 1367 talia
2137 1314 2220 1359 est

632 1411 697 1451 ex
729 1398 1037 1451 inductione
1064 1407 1318 1468 quantum
1354 1396 1486 1451 utile
1514 1404 1618 1461 est,
1668 1403 1851 1450 contra
1879 1394 2056 1462 ipsum
2084 1409 2217 1449 con-

633 1486 907 1557 sequentia
951 1496 1073 1555 est,
1123 1499 1180 1541 ut
1210 1488 1262 1541 in
1305 1486 1620 1543 fortitudine
1653 1495 1706 1542 et
1733 1487 2061 1553 timiditate;
2094 1502 2216 1543 nam

631 1578 779 1634 illaut
808 1577 1028 1648 quidem
1054 1581 1295 1650 sequitur
1330 1581 1520 1646 virtus,
1555 1579 1693 1634 hanc
1718 1588 1895 1635 autem
1925 1580 2134 1645 vitium,
2166 1588 2222 1635 et

635 1667 783 1723 illaut
810 1669 1021 1739 quidem
1047 1671 1287 1741 sequitur
1308 1670 1637 1747 eligendum,
1663 1670 1803 1727 hanc
1821 1679 2001 1727 autem
2026 1672 2226 1742 fugien-

633 1759 762 1815 dum
797 1778 809 1813 :
838 1761 997 1830 igitur
1028 1772 1213 1817 contra
1251 1762 1428 1832 seipsa
1459 1774 1515 1819 et
1563 1763 1754 1818 horum
1803 1764 2183 1834 consequentia
2207 1805 2221 1830 ,

637 1853 969 1909 contrarium
997 1855 1139 1909 enim
1170 1855 1481 1924 eligendum
1530 1855 1805 1926 fugiendo,
1853 1854 2102 1910 similiter
2132 1869 2227 1910 au-

633 1932 742 2002 tem
775 1955 830 2000 et
859 1947 910 2001 in
941 1946 1083 2003 aliis.
1136 1947 1441 2002 Econverso
1484 1930 1664 2002 autem
1695 1948 2112 2016 consequentia,
2170 1955 2228 2000 ut

635 2038 831 2094 bonam
862 2037 1075 2108 quidem
1108 2038 1475 2099 habitudinem
1506 2038 1709 2093 sanitas
1731 2038 1994 2105 sequitur,
2027 2035 2227 2091 malam

635 2136 815 2184 autem
845 2126 1216 2183 habitudinem
1245 2130 1509 2199 aegritudo
1540 2143 1899 2199 nequaquam,
1927 2126 2024 2187 sed
2063 2128 2228 2198 aegri-

638 2217 878 2273 tudinem
926 2218 1061 2272 mala
1095 2217 1371 2283 habitudo,
1405 2217 1753 2274 manifestum
1785 2218 1946 2287 igitur
1970 2219 2224 2289 quoniam

634 2324 931 2366 econverso
974 2310 1025 2365 in
1058 2309 1141 2365 ltis
1170 2311 1546 2381 consequentia
1581 2312 1654 2363 fit.
1687 2309 1829 2365 Raro
1857 2320 2035 2365 autem
2062 2325 2226 2365 econ-

636 2413 795 2454 verso
832 2398 1025 2454 accidit
1064 2398 1116 2453 in
1161 2400 1464 2463 contrariis,
1496 2400 1589 2455 sed
1609 2399 1661 2453 iu
1688 2400 1926 2470 pluribus
1950 2400 2003 2454 in
2047 2401 2225 2469 seipsa
2282 2432 2285 2435 λ

638 2489 1058 2561 consequentia;
1113 2489 1159 2543 si
1190 2504 1321 2558 ergo
1347 2505 1523 2559 neque
1554 2500 1739 2545 contra
1788 2490 1965 2560 seipsa
2005 2499 2224 2545 contra-

640 2577 781 2633 rium
803 2576 1051 2646 sequitur
1101 2578 1451 2643 contrarium,
1484 2595 1659 2649 neque
1694 2594 2018 2649 econverso,
2053 2581 2227 2634 mani-

643 2663 839 2719 festum
867 2665 1121 2736 quoniam
1148 2682 1320 2735 neque
1342 2683 1525 2722 eorum
1543 2684 1662 2737 qua:
1687 2669 1824 2724 dicta
1851 2680 1977 2725 sunt
1996 2668 2226 2726 alterum

642 2754 886 2822 sequitur
940 2754 1185 2822 alterum,
1233 2755 1278 2810 si
1307 2764 1484 2812 autem
1530 2758 1583 2813 iit
1612 2761 1900 2815 contrariis
1924 2801 1940 2829 ,
1973 2770 2028 2817 et
2062 2761 2114 2816 in
2162 2761 2227 2816 iis

640 2860 761 2920 quae
792 2842 931 2905 dicta
960 2860 1085 2904 sunt
1112 2864 1333 2906 necesse
1362 2850 1592 2907 alterum
1638 2852 1791 2923 sequi
1831 2854 2084 2910 alterum.
2135 2856 2225 2910 Si-

641 2937 841 2994 militer
864 2950 1040 2995 autem
1063 2939 1369 3008 contrariis,
1400 2951 1454 2998 et
1476 2942 1527 2998 in
1561 2943 1973 3013 privationibus,
1996 2954 2050 3001 et
2072 2945 2227 3001 habi-

641 3030 783 3086 tibus
820 3030 1237 3104 respiciendum.
1266 3033 1648 3090 Verumtamen
1683 3050 1787 3090 nun
1819 3044 1900 3091 est
1944 3035 1998 3089 in
2050 3036 2229 3107 priva-

637 3123 877 3181 tionibus
904 3140 1226 3191 econverso,
1254 3125 1349 3181 sed
1372 3134 1558 3182 contra
1586 3126 1762 3196 seipsa
1786 3126 2225 3197 consequentiam

640 3218 1004 3273 necessarium
1027 3204 1108 3275 est
1131 3234 1345 3287 semper
1374 3216 1516 3286 ﬁeri,
1538 3217 1703 3275 veluti
1728 3217 1901 3274 visum
1929 3218 2083 3290 sequi
2104 3232 2226 3274 sen-

637 3320 756 3363 sum
780 3348 795 3376 ,
848 3308 1145 3364 czecitatem
1174 3319 1354 3365 autem
1395 3309 1903 3376 insensibilitatem;
1936 3310 2227 3380 opponitur

636 3400 781 3455 enim
830 3414 1021 3455 sensus
1070 3400 1499 3466 insensibilitati,
1534 3410 1590 3456 ut
1634 3401 1851 3456 habitus
1876 3410 1931 3457 et
1958 3400 2222 3472 privatio,

638 3504 765 3545 nam
794 3489 923 3545 illud
952 3491 1142 3546 horum
1172 3491 1387 3562 quidem
1420 3489 1655 3561 habitus,
1693 3492 1794 3546 hoc
1821 3500 1999 3546 autem
2047 3494 2228 3564 priva-
2262 3536 2275 3549 .

634 3582 712 3637 tio
742 3591 845 3637 est.
895 3581 1156 3639 Similiter
1181 3591 1361 3636 autem
1414 3581 1618 3637 babitui
1648 3584 1703 3636 et
1732 3582 2055 3652 privationi,
2087 3594 2142 3639 et
2169 3585 2221 3639 in

633 3673 700 3732 iis
721 3691 842 3746 qua:
862 3685 987 3731 sunt
1007 3674 1073 3730 ad
1095 3675 1320 3745 aliquid,
1342 3675 1619 3741 utendum,
1647 3687 1834 3731 contra
1859 3675 2036 3747 seipsa
2053 3675 2222 3745 enim,

632 3774 688 3823 et
720 3767 910 3822 horum
940 3767 1344 3837 consequentia,
1378 3776 1434 3822 ut
1466 3767 1511 3822 si
1553 3765 1770 3837 triplum
1807 3767 2134 3839 multiplum,
2172 3779 2226 3826 et

631 3857 953 3930 subtriplum
996 3858 1405 3929 submultiplum
1432 3858 1676 3915 dicitur:
1719 3858 1915 3916 dicitur
1943 3861 2087 3916 enim
2132 3861 2226 3917 tri-

629 3950 776 4021 plum
818 3951 1032 4023 quidem
1074 3951 1141 4005 ad
1180 3949 1500 4023 subtriplum
1526 3993 1541 4018 ,
1574 3952 1879 4023 multiplum
1928 3963 2106 4010 autem
2158 3955 2224 4009 ad

629 4042 1057 4113 submultiplum.
1092 4041 1323 4111 Rursus,
1348 4044 1395 4097 si
1434 4044 1658 4099 scientia
1690 4045 1900 4115 opinio,
1928 4056 1985 4100 et
2037 4046 2225 4103 scibile

627 4133 933 4205 opinabile,
978 4143 1033 4190 et
1072 4134 1118 4190 si
1150 4136 1297 4192 visus
1322 4150 1548 4203 sensus,
1590 4146 1644 4193 et
1686 4136 1901 4193 visibile
1942 4139 2221 4196 sensibile.

626 4225 904 4297 Instantis,
933 4226 1075 4298 quod
1109 4243 1215 4284 non
1267 4244 1492 4284 necesse
1521 4239 1604 4285 est
1650 4229 1707 4283 in
1738 4229 1806 4285 iis
1855 4246 1975 4300 qua:
2004 4242 2126 4286 sunt
2156 4230 2223 4286 ad

627 4315 825 4388 aliquid
838 4318 1275 4387 consequentiam
1294 4317 1407 4373 fieri
1421 4318 1877 4389 quemadmodum
1893 4320 2101 4376 dictum
2116 4329 2221 4388 est,

627 4422 749 4464 nam
767 4409 1020 4466 sensibile
1040 4410 1228 4466 scibile
1249 4418 1353 4479 est,
1383 4425 1579 4465 sensus
1602 4420 1779 4466 autem
1813 4427 1920 4467 non
1948 4421 2032 4469 est
2048 4415 2225 4469 scien-

628 4498 724 4556 tia.
752 4498 866 4556 Non
914 4509 1092 4557 tamen
1124 4517 1249 4558 vera
1296 4502 1551 4557 inStantia
1597 4499 1807 4558 videtur
1854 4519 2012 4568 esse,
2071 4508 2221 4561 multi

627 4594 769 4649 enim
792 4610 896 4650 non
936 4595 1121 4652 dicunt
1151 4594 1487 4651 sensibilium
1522 4609 1643 4651 esse
1662 4595 1968 4653 scientiam.
2002 4596 2223 4669 Insuper

628 4694 804 4741 autem
836 4684 903 4742 ad
946 4687 1277 4743 contrarium
1319 4702 1428 4742 non
1458 4688 1637 4744 minus
1678 4689 1810 4745 utile
1848 4690 1989 4760 quod
2020 4691 2221 4749 dictum

629 4784 733 4845 est,
767 4786 823 4832 ut
849 4777 992 4850 quod
1037 4778 1293 4834 sensibile
1323 4794 1428 4834 non
1474 4787 1558 4835 est
1588 4778 1777 4835 scibile
1800 4821 1815 4847 ,
1863 4797 2038 4852 neque
2076 4784 2220 4838 enim

628 4882 820 4925 sensus
872 4869 1122 4924 scientia.
1169 4868 1373 4924 Rursus
1399 4868 1453 4925 in
1479 4870 1780 4941 conjugatis
1807 4878 1862 4924 et
1883 4870 1937 4926 in
1971 4873 2184 4930 casibus
2203 4912 2218 4940 ,

628 4971 681 5017 et
713 4960 1039 5018 interimenti
1063 4975 1116 5018 et
1145 4965 1499 5018 construenti.
1529 4964 1792 5018 Dicuntur
1821 4973 2001 5020 autem
2034 4966 2221 5035 conju-

626 5063 746 5126 gata
776 5054 1101 5123 hujusmodi,
1128 5063 1184 5109 ut
1208 5055 1372 5125 justa,
1398 5065 1455 5111 et
1476 5055 1653 5125 justus
1678 5054 1922 5125 iustitiae,
1946 5062 2001 5109 et
2029 5053 2216 5121 fortia,

625 5156 680 5203 et
703 5146 851 5203 fortis
874 5146 1193 5203 fortitudini.
1220 5148 1477 5205 Similiter
1509 5158 1687 5204 autem
1727 5148 1971 5204 elfectiva
2000 5157 2053 5203 et
2082 5162 2216 5203 con-

614 5240 916 5306 servativa,
947 5241 1233 5311 coniugata
1259 5240 1332 5297 illi
1355 5241 1508 5312 cujus
1556 5248 1682 5297 sunt
1727 5239 1976 5298 effectiva
2012 5249 2065 5297 et
2086 5256 2217 5296 con-

626 5332 916 5400 servativa,
945 5346 1001 5389 ut
1025 5336 1263 5390 sanativa
1295 5334 1556 5402 sanitatis,
1584 5334 1922 5391 habituativa
1950 5334 2220 5391 habitudi-

626 5423 734 5491 nis,
769 5423 961 5481 eodem
991 5436 1169 5483 autem
1198 5426 1359 5482 modo
1389 5436 1443 5482 et
1475 5427 1527 5482 in
1558 5425 1710 5483 aliis:
1743 5428 2027 5500 coniugata
2059 5428 2222 5501 igitur

625 5514 752 5569 talia
784 5517 961 5574 solent
1004 5518 1129 5577 dici.
1161 5518 1328 5575 Casus
1358 5530 1562 5588 autem,
1594 5529 1650 5575 ut
1672 5519 1852 5591 juste,
1901 5528 1954 5576 et
1986 5520 2215 5589 fortiter,

625 5616 684 5665 et
710 5608 971 5681 sanative,
1000 5608 1289 5669 habitative
1310 5654 1325 5679 ,
1377 5622 1429 5669 et
1478 5628 1810 5685 qniUCUllque
1839 5613 2027 5668 eodem
2061 5613 2219 5667 modo

629 5697 899 5759 dicuntur.
956 5702 1215 5760 Videntur
1262 5715 1441 5761 autem
1497 5716 1551 5762 et
1597 5725 1712 5779 qua:
1756 5716 1881 5763 sunt
1922 5706 2215 5764 secundum

632 5801 789 5846 casus
816 5834 831 5858 ,
886 5796 1174 5867 coniugata
1223 5813 1365 5863 esse,
1399 5800 1617 5867 utjuste
1642 5802 1861 5868 iustitia:
1888 5842 1900 5867 ,
1933 5812 1985 5858 et
2010 5800 2220 5855 fortiter

628 5882 950 5944 tortitudlnl.
1007 5887 1296 5958 Conjugata
1351 5896 1528 5945 autem
1596 5888 1846 5949 dicuntur
1922 5895 2216 5951 secundum

2317 574 2541 643 justum,
2564 572 2741 643 juste;
2768 569 3113 627 manifestum
3142 570 3300 641 igitur
3320 573 3570 642 quoniam
3591 587 3696 628 uno
3721 576 3915 643 quovis

2321 678 2545 723 ostenso
2582 681 2767 721 eorum
2795 679 2915 734 quae
2956 662 3250 719 secundum
3291 665 3535 721 eamdem
3575 664 3917 736 conjugatio-

2323 775 2447 815 nem
2502 758 2790 822 dicuntur,
2844 764 2903 811 ut
2950 755 3129 822 bono,
3187 756 3271 811 vel
3298 755 3584 825 laudabili,
3618 768 3669 810 et
3709 758 3914 826 reliqua

2323 850 2505 906 omnia
2526 858 2746 905 ostensa
2776 855 2925 913 sunt,
2950 854 3008 902 ut
3027 847 3073 901 si
3092 846 3300 917 justitia
3330 854 3416 901 est
3458 845 3831 913 laudabilium,
3860 855 3916 900 et

2320 943 2490 1012 justo,
2507 941 2704 1010 justus.
2726 948 2924 1008 justum
2948 937 3317 1002 laudabilium;
3340 937 3550 993 dicetur
3575 952 3755 997 autem
3767 935 3916 1008 juste

2325 1046 2380 1091 et
2432 1032 2773 1089 laudabiliter
2823 1031 3116 1087 secundum
3158 1029 3407 1086 eumdem
3462 1043 3646 1085 casum
3684 1032 3835 1105 (nam
3882 1043 3919 1084 ι

2327 1124 2608 1196 laudabili)
2659 1123 3111 1194 quemadmodum
3155 1122 3301 1192 juste
3332 1137 3361 1175 ει
3388 1120 3617 1190 iustitia.
3648 1119 3914 1176 Conside-

2326 1221 2554 1279 randum
2582 1230 2763 1277 autem
2793 1236 2899 1276 non
2925 1220 3100 1274 solum
3130 1218 3184 1273 in
3205 1232 3271 1274 eo
3290 1218 3430 1287 quod
3458 1216 3659 1273 dictum
3685 1226 3791 1283 est,
3816 1219 3918 1273 sed

2326 1325 2383 1373 et
2410 1316 2463 1370 in
2501 1314 2774 1371 contrario
2818 1312 3171 1369 contrarium.
3204 1311 3273 1367 Ut
3299 1312 3443 1380 quod
3475 1313 3673 1366 bonum
3705 1327 3813 1365 non
3840 1325 3917 1369 ex

2328 1407 2651 1465 necessitate
2668 1420 2852 1474 suave,
2877 1419 3054 1475 neque
3070 1404 3211 1459 enim
3233 1402 3431 1457 malum
3453 1403 3625 1467 triste,
3649 1411 3707 1456 ut
3733 1401 3780 1455 si
3812 1401 3918 1456 hoc

2329 1511 2383 1560 et
2405 1502 2564 1571 illud,
2588 1502 2707 1556 etsi
2732 1501 2939 1571 justitia
2964 1499 3209 1564 scientia,
3230 1507 3286 1552 et
3310 1496 3567 1567 iniustitia
3592 1495 3918 1563 ignorantis,

2330 1605 2385 1650 et
2406 1594 2455 1650 si
2483 1593 2624 1664 quod
2648 1593 2795 1664 juste
2823 1600 2928 1654 est.
2950 1590 3187 1647 scienter
3208 1600 3263 1643 et
3284 1588 3630 1658 esperienter
3649 1595 3757 1651 est,
3775 1586 3919 1656 quod

2331 1686 2528 1755 injuste
2575 1696 2676 1751 est,
2712 1684 3024 1755 ignoranter
3052 1691 3108 1737 et
3154 1682 3497 1751 expericttter
3523 1689 3632 1746 est,
3665 1679 3711 1734 si
3740 1688 3917 1733 autem

2332 1779 2447 1835 haec
2475 1793 2580 1834 non
2627 1793 2727 1833 nec
2757 1779 2846 1833 illa
2873 1820 2888 1843 ,
2922 1777 3070 1833 velut
3095 1775 3149 1831 in
3201 1777 3303 1830 hoc
3326 1773 3470 1845 quod
3512 1787 3660 1828 nunc
3681 1772 3876 1829 dictum
3897 1811 3917 1840 ,

2257 1877 2307 1941 ι
2333 1889 2454 1930 nam
2488 1873 2660 1945 magis
2686 1874 2867 1940 utique
2908 1870 3207 1940 apparebit,
3235 1868 3379 1937 quod
3411 1866 3611 1935 injuste
3633 1866 3920 1934 experien-

2335 1978 2416 2023 ter
2444 1982 2601 2037 quam
2632 1967 3047 2035 inesperienter.
3078 1963 3178 2018 llic
3206 1972 3384 2016 autem
3415 1961 3571 2016 locus
3611 1960 3787 2016 dictus
3833 1969 3921 2017 est

2332 2062 2481 2131 prius
2507 2062 2559 2115 in
2582 2060 2971 2115 contrariorum
2995 2057 3418 2127 consequentiis,
3448 2054 3580 2110 nihil
3603 2055 3749 2109 enim
3773 2053 3919 2109 aliud

2330 2169 2473 2210 nunc
2500 2154 2834 2209 ostendimus
2859 2166 3015 2222 quam
3032 2150 3357 2206 contrarium
3378 2149 3531 2219 sequi
3563 2148 3917 2204 contrarium.

2332 2248 2575 2317 Amplius
2602 2250 2651 2303 in
2679 2246 3147 2319 generationibus,
3191 2255 3246 2300 et
3267 2243 3731 2313 corruptionibus,
3761 2252 3817 2297 et
3842 2240 3920 2297 εἷς

2333 2343 2539 2398 feetivis
2560 2384 2574 2408 ,
2606 2350 2662 2397 et
2707 2340 3064 2409 corruptivis,
3097 2348 3151 2393 et
3174 2337 3529 2401 interimenti,
3554 2346 3610 2391 et
3632 2334 3919 2391 astruenti.

2331 2433 2569 2501 Quorum
2596 2434 2737 2488 enim
2763 2432 3137 2502 generationes
3164 2430 3320 2485 bona:
3345 2440 3492 2495 sunt,
3525 2437 3579 2482 et
3608 2428 3725 2497 ipsa
3777 2428 3919 2481 bona

2331 2536 2475 2594 sunt,
2505 2537 2557 2581 et
2587 2527 2630 2581 si
2663 2527 2775 2595 ipsa
2808 2525 2947 2579 bona
2974 2533 3121 2591 sunt,
3156 2532 3211 2578 et
3240 2524 3616 2589 generationes
3647 2518 3835 2584 bona;
3869 2519 3921 2577 si

2330 2629 2506 2676 autem
2536 2618 2909 2689 generationes
2960 2618 3114 2672 malae
3138 2657 3153 2682 ,
3187 2625 3241 2672 et
3268 2616 3382 2687 ipsa
3413 2614 3573 2670 mala.
3610 2614 3666 2668 In
3692 2627 3921 2682 eorrupc

2331 2710 2567 2765 tionibus
2583 2718 2759 2763 autem
2783 2708 3106 2771 econtrario,
3125 2721 3249 2761 nam
3268 2707 3313 2761 si
3337 2706 3712 2775 corruptiones
3733 2704 3914 2770 bona),

2250 2842 2253 2849 .
2332 2802 2443 2871 ipsa
2500 2800 2674 2865 mala;
2714 2800 2758 2853 si
2803 2807 2979 2852 autem
3011 2798 3386 2865 corruptione:
3425 2795 3756 2864 malm.‘ipsa
3797 2801 3919 2849 sunt

2331 2896 2491 2950 bona.
2528 2893 2723 2948 Eadem
2751 2893 2890 2947 ratio
2920 2900 2974 2946 et
3015 2892 3069 2946 in
3113 2889 3374 2946 eii'ectivis
3398 2928 3413 2957 ,
3452 2899 3507 2944 et
3560 2887 3917 2957 corruptivis:

2331 2999 2556 3055 quorum
2581 2983 2723 3039 enim
2750 2982 2995 3036 elfectiva
3031 2982 3170 3035 bona
3192 3020 3210 3046 ,
3242 2988 3300 3036 et
3324 2981 3440 3050 ipsa
3471 2982 3647 3044 bona;
3691 2991 3918 3050 quorum

2332 3089 2461 3132 vero
2480 3073 2781 3143 corruptiva
2806 3073 2967 3137 bona,
3000 3072 3115 3141 ipsa
3140 3066 3299 3126 mala.

2937 3206 3162 3264 CAPUT
3204 3207 3292 3261 IV.

2255 3261 2305 3331 Ο
2331 3298 2416 3356 Ea:
2433 3301 2714 3372 similibus,
2743 3300 3063 3370 oppositione
3082 3341 3097 3366 ,
3126 3298 3308 3372 magis,
3346 3299 3545 3372 minus,
3598 3298 3919 3367 simpliciter,

2795 3383 2843 3425 et
2868 3371 3149 3425 secundum
3183 3369 3305 3437 q‘uid
3336 3369 3453 3424 loci.

2402 3484 2633 3541 Rursum
2659 3488 2712 3540 in
2740 3484 3006 3541 similibus
3048 3485 3091 3540 si
3128 3485 3373 3543 similiter
3403 3499 3460 3540 se
3505 3484 3723 3538 habent.
3759 3482 3827 3540 Ut
3873 3484 3917 3539 si

2330 3574 2605 3650 disciplina
2626 3593 2727 3633 una
2755 3578 3009 3649 plurium,
3046 3587 3098 3633 et
3128 3578 3328 3647 opinio,
3354 3585 3407 3631 et
3434 3576 3479 3631 si
3508 3576 3679 3630 visum
3714 3575 3917 3631 habere

2329 3677 2413 3726 est
2439 3670 2638 3736 videre,
2701 3682 2748 3725 et
2780 3671 3018 3726 auditum
3067 3669 3266 3726 habere
3293 3678 3346 3726 et
3396 3668 3615 3734 audire,
3664 3669 3916 3725 similiter

2328 3773 2505 3818 autem
2554 3771 2609 3817 et
2648 3763 2697 3817 in
2739 3764 2876 3829 aliis,
2909 3771 2959 3817 et
2992 3763 3043 3818 in
3074 3761 3158 3817 his
3189 3778 3305 3833 qua:
3338 3770 3482 3828 sunt,
3517 3770 3569 3815 et
3610 3759 3661 3814 in
3696 3759 3759 3814 iis
3801 3776 3917 3828 qua:

2330 3840 2603 3910 videntur.
2659 3854 2809 3909 Utilis
2840 3865 3015 3909 autem
3050 3853 3136 3908 hic
3165 3854 3314 3907 locus
3344 3851 3411 3906 ad
3457 3862 3760 3921 utrumque,
3792 3866 3915 3903 nam

2329 3949 2373 4002 si
2402 3947 2453 4002 in
2481 3948 2659 4017 aliquo
2680 3947 2930 4001 similium
2964 3947 3040 4000 sic
3063 3958 3121 4000 se
3174 3945 3368 4010 habet,
3400 3953 3453 3999 et
3492 3943 3691 3998 in‘aliis
3728 3941 3916 3996 simili-

2330 4039 2454 4109 bus,
2506 4032 2550 4095 si
2581 4048 2756 4093 autem
2788 4040 2839 4092 in
2871 4038 3049 4107 aliquo
3076 4051 3180 4090 non
3202 4077 3217 4103 ,
3251 4052 3352 4091 nec
3385 4036 3439 4091 in
3481 4036 3599 4090 aliis
3629 4034 3910 4089 similibus.

2329 4131 2791 4186 Considerandum
2840 4139 3017 4185 autem
3064 4139 3119 4185 et
3147 4129 3200 4184 in
3231 4144 3379 4195 uno,
3429 4136 3482 4184 et
3509 4126 3561 4181 in
3602 4122 3914 4195 pluribus'si

2331 4223 2578 4279 similiter
2627 4240 2685 4279 se
2718 4223 2895 4278 habet.
2937 4222 3234 4294 Aliquoties
3265 4221 3406 4277 enim
3463 4219 3734 4284 dissonat,
3768 4224 3823 4271 ut
3868 4215 3913 4269 si

2329 4319 2574 4372 scireest
2596 4317 2858 4386 cogitare,
2884 4325 2938 4372 et
2969 4317 3129 4371 multa
3164 4316 3303 4372 scire
3332 4324 3416 4370 est
3454 4312 3620 4368 multa
3654 4312 3913 4381 cogitare,

2332 4411 2434 4466 hoc
2479 4420 2655 4466 autem
2704 4427 2807 4465 non
2840 4426 3041 4466 verum.
3074 4411 3349 4481 Contingit
3378 4409 3522 4464 enim
3556 4407 3703 4476 plura
3750 4405 3911 4469 seire,

2328 4502 2567 4575 cogitare
2612 4514 2787 4559 autem
2823 4520 2964 4571 non;
3003 4504 3046 4559 si
3095 4514 3272 4560 autem
3307 4518 3413 4557 non
3453 4501 3590 4566 hoc,
3634 4515 3732 4554 nec
3785 4496 3911 4551 illud

2329 4597 2471 4668 quod
2509 4599 2562 4651 in
2612 4612 2717 4652 uno
2746 4597 2888 4667 quod
2919 4597 3059 4652 scire
3108 4608 3189 4651 est
3228 4595 3483 4665 cegitare.
3522 4590 3799 4667 Amplius,
3848 4604 3912 4641 ex

2332 4692 2501 4763 magis
2523 4701 2577 4748 et
2599 4692 2796 4746 minus.
2823 4691 2959 4746 Sunt
2979 4702 3153 4746 autem
3183 4694 3298 4758 ejus
3319 4688 3458 4759 quod
3489 4694 3574 4742 est
3617 4689 3785 4754 magis
3812 4681 3913 4737 loci

2330 4794 2576 4856 quatuor.
2611 4785 2763 4839 Unus
2807 4784 3021 4856 quidem
3051 4784 3094 4838 si
3128 4784 3296 4850 magis
3328 4780 3572 4851 sequitur
3619 4778 3786 4845 magis
3812 4818 3826 4841 ,
3860 4781 3914 4831 ut

2329 4878 2375 4932 si
2407 4877 2651 4947 voluptas
2682 4870 2903 4944 bonum,
2927 4887 2981 4932 et
3011 4876 3178 4948 magis
3206 4874 3468 4945 voluptas,
3500 4871 3667 4943 magis
3691 4872 3913 4935 bonum;

2327 4972 2451 5027 etsi
2483 4970 2734 5041 injuriam
2766 4971 2942 5025 facere
2982 4970 3178 5023 malum
3202 5010 3216 5034 ,
3267 4978 3319 5022 et
3349 4957 3517 5037 magis
3549 4963 3796 5033 injuriam
3834 4962 3916 5016 fa-

2325 5076 2482 5126 cere,
2537 5062 2705 5132 magis
2757 5062 2973 5116 malum.
3002 5060 3157 5116 Utilis
3187 5071 3362 5115 autem
3406 5057 3470 5111 ad
3502 5064 3784 5125 utrumque
3829 5052 3915 5109 hic

2328 5153 2507 5217 locus,
2541 5168 2661 5207 nam
2690 5154 2735 5208 si
2782 5161 3036 5223 sequatur
3087 5152 3152 5206 ad
3199 5150 3423 5220 subjecti
3472 5149 3868 5204 incrementum
3904 5187 3918 5211 ,

2327 5244 2615 5300 accidentis
2637 5246 3024 5300 incrementum
3045 5287 3059 5312 ,
3085 5243 3535 5316 quemadmodum
3570 5240 3771 5296 dictum
3799 5248 3881 5296 est
3907 5280 3920 5304 ,

2330 5336 2673 5391 manifesmm
2702 5337 2843 5409 quod
2865 5338 3077 5404 accidit;
3105 5337 3150 5392 si
3171 5347 3347 5393 autem
3374 5352 3477 5391 non
3500 5346 3777 5407 sequatur,
3810 5348 3916 5389 non

2332 5429 2545 5495 accidit,
2573 5429 2673 5483 hoc
2703 5439 2878 5484 autem
2898 5430 3206 5485 inductione
3230 5429 3572 5484 sumendum.
3606 5430 3776 5496 Alius,
3808 5442 3915 5483 uno

2332 5523 2397 5577 de
2446 5523 2651 5577 duobus
2694 5523 2868 5589 dicto,
2926 5524 2970 5577 .«i
3008 5524 3092 5578 cui
3136 5523 3304 5593 magis
3332 5523 3545 5579 videtur
3578 5522 3756 5577 inesse
3808 5536 3913 5575 non

2324 5616 2483 5686 inest,
2509 5633 2605 5672 nec
2628 5618 2713 5672 cui
2738 5618 2943 5685 minus,
2968 5626 3021 5673 et
3050 5616 3095 5673 si
3148 5616 3234 5672 cui
3292 5617 3469 5672 minus
3496 5614 3708 5673 videtur
3739 5595 3915 5670 inesse

2324 5705 2484 5773 inest,
2512 5718 2565 5763 et
2596 5711 2680 5762 cui
2713 5709 2906 5777 nugis.
2929 5709 3178 5773 Rursum,
3207 5708 3414 5764 duobus
3438 5708 3503 5763 de
3532 5723 3640 5763 uno
3663 5706 3839 5771 dictis,
3865 5702 3911 5758 si

2325 5800 2474 5873 quod
2490 5801 2659 5869 magis
2686 5802 2891 5855 videtur
2916 5801 3003 5855 alii
3030 5801 3206 5856 inesse
3237 5818 3341 5856 non
3373 5801 3534 5867 inest,
3566 5812 3741 5871 neque
3768 5794 3910 5869 quod

2324 5892 2523 5957 minus,
2548 5899 2637 5947 aut
2660 5893 2702 5949 si
2720 5890 2861 5962 quod
2887 5890 3059 5948 minus
3074 5892 3281 5947 videtur
3305 5893 3483 5950 inesse
3511 5894 3671 5961 inest,
3702 5898 3756 5948 et
3776 5884 3916 5963 Quod
