4290 6272
313 434 416 494 933

1205 425 1588 484 TOPICOliUM
1633 422 2081 478 ARISTOTELIS
2124 425 2414 478 lNTEiiPB
2429 426 2700 480 ETATIU.

3499 423 3602 478 ’ΚΗ

313 546 501 613 magis.
536 538 804 611 Amplius,
832 535 1127 594 duobnstle
1150 537 1356 593 duobus
1380 536 1560 601 dictis,
1587 535 1630 590 si
1653 534 1791 604 quod
1823 532 1901 586 alo
1929 534 1980 592 Α
2008 549 2128 601 qua:
2176 547 2280 588 non
2334 533 2584 589 dicuntur
2622 535 2789 604 magis
2811 576 2824 600 ,
2876 535 3194 605 simpliciter
3223 534 3400 589 insunt
3427 553 3439 599 ;
3480 553 3601 593 tiam

313 636 416 692 teri
445 634 615 705 magis
640 634 853 688 videtur
884 634 1058 686 iticSStt
1087 645 1191 684 non
1219 631 1377 694 inest,
1400 641 1499 683 nec
1521 626 1784 696 reliquum
1814 633 1904 678 re-

315 731 490 800 liquo,
521 738 613 783 aut
642 728 686 783 si
721 725 861 794 quod
888 726 1064 780 tniutts
1097 723 1306 778 videtur
1337 722 1488 777 alteri
1523 723 1699 775 inesse
1743 718 1905 782 inest,

315 832 369 879 et
396 824 659 893 reliquum
699 821 927 884 reiiqtto.
959 815 1236 885 Amplius,
1270 829 1334 869 ex
1369 828 1434 869 eo
1466 813 1604 883 quod
1663 809 1936 866 similiter

317 916 489 978 inest,
542 914 624 968 vel
657 913 871 965 videtur
900 909 1080 963 inesse
1119 903 1422 974 tripliciter,
1453 902 1908 976 quemadmodum

319 1005 454 1060 ineo
475 1003 616 1073 quod
637 1001 828 1070 magis,
859 1010 917 1053 ut
934 999 987 1054 in
1009 996 1397 1068 posterioribus
1417 995 1587 1051 tribus
1603 994 1761 1049 dictis
1780 992 1910 1048 locis

317 1099 613 1151 dicebatur.
666 1093 790 1149 Sive
846 1093 990 1146 enim
1039 1107 1201 1146 unum
1257 1088 1526 1160 quoddam
1571 1086 1780 1142 duobus
1836 1084 1912 1141 si-

321 1190 520 1245 militer
541 1189 709 1253 inest,
753 1197 844 1240 aut
875 1185 1090 1240 videtur
1114 1185 1325 1249 inesse,
1360 1183 1406 1236 si
1430 1181 1586 1236 alteri
1610 1195 1716 1235 non
1758 1178 1906 1243 insit,

319 1295 416 1336 nec
438 1279 619 1342 alteri;
652 1281 698 1334 si
726 1287 904 1334 autem
935 1276 1090 1331 alteri
1115 1277 1283 1340 inest,
1315 1285 1368 1328 ct
1395 1273 1626 1344 reliquo.
1651 1272 1780 1329 Sive
1802 1271 1911 1324 duo

320 1373 495 1428 eidem
521 1372 772 1427 similiter
792 1413 808 1438 ,
838 1371 885 1425 si
912 1372 1141 1426 alterum
1168 1383 1275 1424 non
1303 1367 1451 1433 insit,
1480 1382 1583 1423 nec
1607 1365 1911 1437 reliquum;

321 1465 364 1518 si
391 1475 568 1518 autem
602 1465 859 1524 alterum,
891 1471 946 1516 et
975 1461 1270 1530 reliquum.
1307 1459 1509 1514 Eodem
1539 1470 1719 1514 autem
1751 1457 1914 1512 modo

321 1567 375 1611 et
415 1559 461 1610 si
489 1557 699 1611 duobus
746 1557 854 1608 duo
905 1555 1154 1609 similiter
1195 1555 1418 1617 insunt,
1467 1566 1588 1606 nam
1618 1553 1661 1605 si
1689 1552 1912 1605 alterum

323 1646 476 1700 alteri
507 1661 610 1699 non
637 1646 770 1700 inest
791 1685 804 1710 ,
838 1660 934 1698 nec
949 1645 1213 1714 reliquum
1243 1644 1482 1713 reliquo;
1517 1643 1561 1696 si
1588 1642 1917 1696 auteminest

322 1737 549 1791 alterum
581 1737 826 1799 alteri,et
852 1736 1118 1804 reliquum
1146 1735 1372 1804 reliquo.
1411 1733 1486 1787 Ex
1509 1748 1575 1788 eo
1592 1735 1753 1804 igitur
1772 1733 1913 1804 quod

323 1836 410 1883 est
440 1827 608 1896 magis
636 1837 690 1881 et
719 1827 916 1889 minus,
950 1838 1002 1880 et
1032 1827 1173 1894 quod
1206 1835 1289 1881 est
1316 1825 1596 1890 similiter,
1631 1835 1710 1879 tot
1741 1824 1916 1879 modis

2015 626 2174 678 homo
2205 641 2309 680 non
2340 626 2535 681 dicitur
2552 626 2720 695 magis
2751 634 2806 680 et
2849 627 3024 682 minus
3045 670 3058 692 ,
3099 628 3191 681 sed
3244 644 3350 681 non
3383 643 3494 696 pro,
3522 629 3616 685 tcr'

2015 723 2112 771 huc
2153 733 2257 772 non
2299 729 2380 773 est
2413 721 2594 772 homo.
2628 719 2828 774 Eodem
2859 731 3038 775 autem
3065 722 3227 776 modo
3250 724 3603 779 consideran-

2012 809 2136 862 dtnu
2161 817 2214 864 et
2245 810 2295 864 itt
2329 810 2395 864 iis
2426 826 2544 880 quae
2568 811 2860 864 secundum
2882 812 3007 880 quid
3037 855 3050 879 ,
3088 815 3391 884 etquando,
3413 827 3465 870 et
3496 819 3603 871 ubi.

2013 897 2145 955 Nam
2175 903 2218 956 si
2252 901 2548 956 secundum
2574 903 2697 972 quid
2723 901 3009 970 contingit,
3042 913 3100 976 et
3123 905 3442 973 simpliciter
3467 924 3599 962 cou-

2015 993 2188 1063 tingit,
2222 992 2471 1047 similiter
2502 1003 2682 1048 autem
2707 994 3023 1063 etquando,
3059 1002 3112 1048 et
3146 995 3270 1048 ubi:
3309 1014 3428 1050 nant
3461 1005 3602 1066 qttotl

2016 1084 2330 1153 simpliciter
2358 1093 2440 1138 est
2487 1084 2845 1153 impossibile,
2879 1100 3053 1156 neque
3103 1089 3396 1140 secundum
3438 1091 3561 1158 quid
3591 1132 3605 1156 ,

2015 1191 2190 1245 neque
2221 1177 2514 1232 semiudum
2541 1178 2651 1241 tibi,
2690 1193 2863 1248 neque
2894 1178 3189 1233 secundum
3225 1181 3436 1247 quando
3475 1197 3606 1234 cun-

2018 1269 2191 1340 tingit.
2227 1269 2519 1335 instantia,
2570 1275 2822 1342 quoniam
2870 1273 3166 1326 secundum
3217 1273 3342 1344 quid
3393 1273 3608 1344 quidem

2017 1372 2141 1415 sunt
2166 1370 2354 1418 natura
2379 1363 2606 1418 studiosi
2634 1365 2710 1430 (ut
2741 1365 2991 1420 liberales
3016 1407 3031 1431 ,
3065 1365 3151 1420 vel
3182 1364 3364 1436 casti),
3400 1367 3607 1435 simpli-

2018 1453 2152 1508 citer
2179 1464 2356 1508 autem
2402 1471 2505 1508 non
2546 1467 2670 1509 sunt
2721 1467 2909 1510 natura
2945 1457 3193 1520 studiosi,
3231 1474 3350 1511 nam
3405 1459 3607 1515 nullius

2020 1555 2207 1599 natura
2239 1545 2494 1615 prudens.
2529 1545 2790 1602 Similiter
2819 1559 2995 1602 autem
3027 1559 3080 1601 et
3103 1549 3321 1617 quando
3347 1551 3609 1619 CUttti::gtl

2018 1635 2450 1706 corruptibilium
2505 1635 2704 1705 aliquid
2757 1653 2861 1690 non
2918 1638 3189 1702 corrumpi
3224 1681 3236 1704 ,
3294 1639 3608 1708 simpliciter

2020 1737 2198 1782 autem
2251 1745 2356 1783 non
2404 1729 2670 1799 contingit
2701 1746 2804 1782 non
2852 1732 3149 1798 corrumpi.
3189 1729 3385 1783 Eodem
3431 1746 3607 1786 autem

2023 1820 2182 1874 tnodo
2211 1829 2265 1875 et
2303 1820 2393 1874 ubi
2426 1821 2648 1890 expedit
2680 1821 2896 1889 quidem
2931 1823 3020 1874 tali
3064 1821 3408 1874 observantia
3441 1822 3611 1878 victus

323 1921 581 1989 contingit
602 1921 987 1989 argumentari.
1008 1920 1252 1989 Amplius
1269 1930 1446 1974 autem
1465 1935 1530 1975 ex
1548 1919 1906 1991 appositione,
1942 1918 1987 1978 Β
2016 1911 2115 1976 “ii.
2156 1918 2213 1964 υῑ
2239 1911 2292 1964 ill
2325 1911 2596 1966 morbUSiS
2627 1910 2760 1966 100i5
2784 1951 2797 1975 ν
2828 1911 3146 1980 εἱιιηιιὶο-ιειπ
3179 1920 3353 1967 autem
3387 1930 3490 1968 "0"
3524 1933 3613 1969 υκ-

325 2013 370 2067 si
397 2012 625 2066 alterum
655 2011 720 2063 ad
755 2009 983 2064 alterum
1023 2011 1326 2079 appositum
1364 2010 1526 2064 faciat
1566 2012 1796 2076 bonum,
1828 2011 1914 2066 vel

324 2107 526 2170 album,
553 2119 675 2160 eum
704 2118 810 2159 non
841 2104 1000 2159 fuerit
1030 2107 1176 2171 prius
1197 2103 1400 2168 album,
1427 2104 1509 2159 vel
1535 2105 1755 2169 bonum,
1773 2103 1916 2174 quod

324 2198 628 2270 appositum
653 2206 736 2253 est
759 2197 864 2253 erit
885 2198 1086 2263 album,
1117 2198 1200 2252 vel
1229 2197 1450 2265 bonum,
1477 2200 1636 2267 quale
1655 2213 1842 2254 revera
1866 2207 1920 2254 ct

325 2299 494 2346 totum
527 2289 672 2344 facit.
713 2289 958 2358 Amplius
990 2299 1170 2343 autem
1208 2289 1254 2344 si
1291 2289 1342 2344 id
1371 2288 1439 2344 ad
1469 2289 1610 2360 quod
1642 2299 1726 2344 est
1753 2304 1920 2360 appo-

326 2382 484 2435 situm
529 2377 732 2450 aliquid
766 2378 892 2434 facit
939 2381 1107 2450 magis
1131 2381 1237 2435 tale
1267 2380 1429 2451 quale
1475 2390 1625 2448 erat,
1657 2392 1713 2436 et
1740 2382 1916 2452 ipsum

327 2475 429 2530 erit
470 2473 759 2543 ejusmodi,
788 2473 1039 2528 similiter
1079 2483 1260 2528 autem
1293 2484 1346 2529 et
1375 2475 1428 2528 in
1457 2474 1600 2529 aliis.
1622 2474 1796 2533 .Utilis
1825 2491 1921 2530 au-

326 2576 432 2622 tem
474 2582 581 2622 non
611 2568 664 2622 in
693 2568 944 2622 omnibus
981 2567 1067 2622 hic
1113 2568 1286 2634 locus,
1318 2568 1412 2623 sed
1439 2569 1492 2622 in
1523 2569 1715 2638 quibus
1746 2567 1917 2640 ipsius

327 2662 494 2730 magis
541 2669 872 2716 crementum
903 2661 1099 2716 accidit
1147 2661 1286 2716 lteri.
1319 2662 1427 2717 Iste
1457 2677 1587 2716 vero
1615 2663 1765 2717 locus
1811 2679 1919 2718 non

327 2754 655 2809 convertitur
682 2753 748 2809 ad
775 2753 1194 2821 destruendum,
1230 2768 1351 2808 nam
1387 2753 1433 2808 si
1470 2770 1577 2810 non
1612 2755 1738 2810 facit
1779 2757 1921 2826 quod

329 2847 627 2916 appositum
643 2855 743 2910 est,
773 2847 990 2907 bonum,
1023 2846 1258 2900 nondum
1287 2846 1654 2912 manilestum,
1680 2849 1725 2902 si
1748 2848 1921 2917 ipsum

329 2953 434 2991 non
484 2937 701 2992 bonum.
736 2937 864 2991 Nam
898 2939 1095 2991 bonum
1144 2939 1285 2993 malo
1334 2940 1663 3008 appositum,
1701 2957 1808 2996 non
1856 2957 1922 2997 ex

331 3028 658 3084 necessitate
688 3029 885 3084 bouum
914 3039 1086 3083 totum
1106 3027 1253 3093 facit,
1280 3039 1379 3085 nec
1401 3030 1587 3086 album
1623 3029 1796 3102 nigro,
1824 3048 1925 3090 nec

330 3122 485 3177 dulce
510 3137 714 3177 amaro.
746 3122 997 3189 Rursum,
1025 3125 1066 3177 si
1091 3122 1218 3192 quid
1237 3123 1404 3194 magis
1425 3133 1478 3179 et
1497 3126 1675 3180 minus
1701 3126 1922 3194 dicitur,

331 3227 384 3270 et
411 3216 1068 3285 sitnpliciterinest.Qiiod
1096 3218 1240 3272 enim
1270 3215 1468 3273 bonum
1499 3218 1584 3273 vel
1609 3218 1788 3275 album
1814 3237 1921 3276 non

2023 2002 2170 2072 pedit
2195 2002 2369 2057 adhuc
2420 2012 2600 2058 autem
2631 2043 2645 2070 ,
2676 2003 2873 2058 alicubi
2923 2005 3140 2072 quidem
3190 2020 3353 2058 unum
3407 2016 3608 2061 tantum

2021 2094 2277 2166 possibile
2319 2103 2401 2150 est
2451 2111 2570 2150 esse
2596 2136 2610 2161 ,
2659 2094 2979 2164 simpliciter
3006 2105 3185 2151 autem
3218 2113 3324 2151 non
3357 2089 3638 2167 possibile‘

2023 2206 2184 2245 unum
2233 2199 2436 2245 tantum
2483 2206 2622 2246 esse.
2661 2189 2862 2245 Eodem
2895 2201 3073 2246 autent
3119 2194 3278 2246 modo
3327 2207 3377 2248 et
3410 2195 3604 2251 alicubi

2022 2287 2222 2342 bonum
2253 2287 2572 2357 estquidem
2606 2297 2810 2356 patrem
2836 2288 3163 2358 signiﬁcare,
3189 2298 3246 2344 ut
3277 2290 3328 2344 in
3358 2288 3610 2360 Tribulis,

2023 2381 2338 2451 simpliciter
2366 2392 2544 2438 autem
2579 2399 2684 2438 non
2715 2383 2936 2438 bonum.
2960 2386 3039 2439 An
3065 2384 3118 2438 in
3144 2384 3245 2441 hoc
3269 2387 3482 2456 quidem
3509 2403 3612 2440 non

2024 2474 2114 2528 ubi
2144 2473 2434 2543 signiﬁcat,
2468 2475 2560 2529 sed
2591 2475 2908 2544 quibusdam
2933 2517 2946 2541 ,
2981 2477 3112 2532 ttiltil
3145 2477 3290 2532 enim
3320 2480 3614 2534 refertubi-

2023 2581 2238 2636 cunque
2257 2567 2363 2622 sint
2385 2608 2400 2633 ,
2433 2569 2631 2637 ubique
2657 2570 2799 2624 enim
2832 2570 2932 2624 erit
2954 2570 3035 2626 cis
3065 2571 3261 2626 bonum
3295 2571 3345 2624 iti
3365 2570 3615 2625 'l‘ribalis.

2027 2659 2233 2716 Rursus
2255 2659 2470 2731 quidem
2498 2661 2714 2731 expedit
2739 2662 3018 2729 medicari,
3047 2671 3105 2718 ut
3126 2663 3340 2733 quando
3363 2673 3610 2733 aegrotat,

2026 2753 2344 2824 simpliciter
2367 2765 2543 2810 autem
2587 2771 2714 2811 non.
2749 2757 2825 2811 An
2861 2773 3033 2828 tteque
3069 2757 3171 2812 hoc
3199 2758 3413 2828 quando
3454 2758 3620 2828 signi-

2029 2846 2168 2910 licat,
2190 2847 2286 2901 Sed
2308 2846 2363 2902 in
2389 2847 2607 2918 eoquod
2636 2848 2875 2902 afficitur
2906 2849 3086 2919 aliquo
3110 2847 3451 2916 modu,’nihd
3478 2853 3619 2904 enim

2028 2936 2193 2993 refert
2215 2937 2664 3010 quandocunque,
2701 2940 2994 2995 dummodo
3020 2939 3099 2994 sic
3121 2940 3344 2996 affectus
3367 2942 3456 2995 sit.
3483 2942 3619 2995 Sim«

2028 3032 2237 3102 pliciter
2252 3040 2430 3086 autem
2448 3033 2688 3102 estquod
2717 3033 2866 3087 ttullo
2889 3032 3073 3086 additu
3102 3033 3237 3088 dicis
3259 3033 3397 3101 quod
3422 3033 3620 3090 bonum

2029 3131 2140 3188 est,
2172 3131 2264 3179 aut
2286 3123 2616 3180 contrarium
2643 3167 2656 3188 ,
2687 3132 2744 3178 ut
2777 3133 2983 3194 patrem
3017 3123 3327 3180 sacriﬁcare
3358 3140 3462 3180 non
3490 3125 3621 3179 dicis

2030 3215 2230 3270 bonum
2267 3229 2390 3271 esse
2412 3257 2425 3282 ,
2451 3215 2544 3270 sed
2577 3215 2895 3285 quibusdam
2931 3215 3127 3270 bonum
3161 3231 3320 3282 esse;
3355 3231 3460 3272 non
3493 3230 3622 3285 ergo

329 3315 432 3372 est,
461 3322 633 3378 neque
661 3309 828 3378 magis
853 3317 908 3363 et
926 3307 1104 3363 minus
1131 3309 1330 3364 bonum
1353 3311 1439 3364 vel
1471 3309 1650 3366 album
1681 3311 1920 3381 dicetur;
1949 3302 1998 3370 C
2029 3307 2346 3378 simpliciter
2375 3309 2600 3376 bonum,
2647 3308 2740 3362 sed
2772 3309 2902 3363 deos
2935 3309 3203 3363 honorare
3247 3307 3443 3363 bonum
3492 3309 3624 3363 dicis

333 3414 451 3453 nam
481 3399 677 3454 malum
716 3401 783 3454 de
812 3401 958 3454 nullo
986 3401 1188 3469 magis,
1220 3399 1305 3455 vel
1343 3401 1520 3457 minus
1565 3403 1796 3469 bonum,
1829 3405 1926 3462 sed

334 3491 498 3560 magis
525 3492 718 3546 malum
753 3493 834 3548 vel
861 3496 1035 3547 minus
1061 3493 1290 3551 dicetur.
1321 3493 1436 3550 Non
1459 3498 1798 3554 convertitur
1826 3515 1921 3554 au-

335 3595 438 3640 tem
476 3587 561 3640 hic
592 3587 738 3640 locus
769 3588 833 3640 ad
871 3586 1294 3654 destruendum,
1335 3589 1504 3644 multa
1554 3591 1699 3646 enim
1731 3606 1920 3648 eorum

2032 3401 2165 3457 nihil
2214 3400 2459 3466 addens,
2511 3400 2828 3471 simpliciter
2860 3402 3002 3456 cnim
3034 3401 3232 3457 bonum
3292 3410 3396 3458 est.
3450 3401 3625 3469 Quare

2030 3494 2171 3565 quod
2204 3493 2350 3550 nullo
2379 3492 2562 3549 addito
2588 3493 2803 3548 videtur
2826 3509 2946 3549 esse
2991 3495 3298 3562 honestum,
3333 3494 3414 3550 vel
3449 3502 3625 3560 turpe,

2035 3588 2117 3642 vel
2141 3587 2339 3659 aliquid
2363 3588 2548 3642 talium
2572 3627 2586 3652 ,
2619 3585 2935 3656 simpliciter
2962 3587 3190 3642 dicetur.

608 3727 3586 3756 “mw.”

1505 3831 1850 3917 LIBER
1909 3834 2449 3918 TERTIUS.

834 4048 1059 4104 CAPUT
1103 4048 1389 4106 PRIMUM.

409 4134 484 4196 De
529 4141 798 4196 meliorum
845 4141 1300 4266 eligibiliqrutntyue
1361 4144 1845 4220 problematumque

1089 4229 1215 4268 om.

409 4329 595 4384 Utrum
647 4337 822 4383 autem
867 4328 1153 4398 eligibilius
1197 4338 1290 4385 aut
1319 4334 1512 4390 melius
1543 4335 1776 4393 duorum
1811 4337 1927 4410 plu.

339 4422 545 4477 riumve
568 4436 631 4476 ex
672 4421 753 4474 his
790 4423 1240 4491 perspiciendum.
1279 4425 1517 4481 Primum
1543 4440 1721 4485 autem
1751 4430 1933 4487 deter-

340 4514 572 4568 minetur
612 4513 751 4583 quod
782 4516 1268 4573 ecusiderationem
1302 4517 1533 4576 fat-imus
1565 4539 1669 4577 non
1702 4523 1769 4578 de
1799 4524 1922 4594 plu-

2036 4065 2235 4132 plures,
2268 4058 2349 4113 vel
2383 4053 2691 4121 onines,vel
2725 4056 2922 4120 omnia,
2949 4063 3004 4106 ut
3037 4054 3458 4110 bonttm.Uinnia
3481 4051 3634 4112 cnim'

2037 4155 2239 4209 bonum
2289 4156 2570 4221 appetunt.
2611 4146 2832 4217 Oportet
2863 4157 3042 4201 autem
3075 4147 3273 4202 ducere
3304 4149 3368 4201 ad
3405 4151 3453 4203 id
3486 4150 3624 4220 quod

2036 4246 2197 4302 fuerit
2228 4244 2383 4309 utile,
2415 4240 2558 4312 quod
2607 4238 2893 4295 dicendum
2941 4249 3041 4294 est.
3078 4239 3171 4294 Est
3208 4249 3387 4295 autem
3421 4241 3622 4310 simpli-

2037 4341 2171 4396 citer
2201 4337 2416 4413 quidem
2459 4333 2653 4393 melius
2674 4377 2688 4402 ,
2721 4349 2784 4388 ac
2813 4333 3130 4405 eligibilius,
3166 4333 3304 4404 quod
3335 4335 3624 4390 secunduut
3659 4333 3664 4340 ’

2043 4434 2319 4490 meliorem
2355 4431 2729 4495 disciplinam,
2767 4426 2925 4482 alicui
2951 4437 3129 4482 autem
3158 4427 3298 4497 quod
3332 4427 3625 4482 secundum

2035 4529 2330 4599 propriam.
2367 4523 2575 4580 Deinde
2608 4523 2749 4594 quod
2799 4522 3028 4591 idipsum
3061 4520 3203 4592 quod
3235 4530 3316 4576 est
3350 4525 3438 4591 (eo
3484 4522 3627 4593 quod

339 4607 533 4660 rimum
565 4606 900 4672 distantibus,
932 4618 984 4663 et
1009 4625 1255 4679 magnam
1285 4611 1351 4664 ad
1395 4613 1629 4668 invicem
1661 4613 1922 4670 diﬂeren-
1955 4607 2008 4672 D
2033 4619 2160 4690 non)
2187 4621 2237 4673 in
2264 4633 2462 4688 genere
2488 4625 2589 4680 est,
2628 4613 2906 4682 utju5titia
2927 4613 3090 4681 justo.
3129 4611 3256 4665 Nam
3293 4612 3379 4667 illa
3411 4615 3626 4685 quidem

339 4695 464 4752 tiam
490 4699 804 4755 habentibus
830 4701 1036 4773 (nullus
1063 4705 1206 4756 enim
1231 4703 1442 4758 dubitat
1475 4717 1652 4760 utrum
1678 4708 1932 4777 felicitas,

340 4805 404 4844 an
434 4791 632 4846 divitia:
660 4796 1106 4865 cxpetibiliores),
1139 4797 1232 4850 sed
1277 4797 1342 4851 de
1373 4797 1436 4850 iis
1469 4815 1587 4866 qua:
1633 4803 1935 4872 propinqua

341 4892 482 4948 sunt,
515 4893 568 4938 et
597 4885 663 4939 de
691 4886 884 4955 quibus
914 4887 1220 4941 dubitamus
1246 4897 1366 4942 utro
1387 4901 1638 4958 oporteat
1661 4906 1938 4963 apponere

340 4977 508 5045 magis
545 4994 610 5032 eo
650 4981 787 5049 quod
820 4982 1018 5034 nullam
1053 4982 1297 5037 videmus
1343 4983 1568 5040 alterius
1602 4984 1668 5040 ad
1701 4985 1932 5041 alterum

341 5071 828 5137 pmeminentiam"
859 5073 1198 5130 Mauifestutn
1246 5077 1405 5148 igitur
1433 5078 1485 5132 in
1519 5078 1602 5134 his
1649 5077 1795 5150 quod
1830 5092 1927 5134 os-

341 5172 491 5220 tensa
531 5183 636 5223 una
687 5171 1084 5239 prmemiuentia
1109 5215 1123 5238 ,
1159 5174 1239 5229 vel
1273 5174 1542 5243 pluribus,
1573 5177 1941 5234 constituetur

343 5257 706 5331 intelligentia,
742 5264 882 5334 quod
916 5265 965 5318 id
998 5266 1285 5335 eligibilius
1319 5279 1402 5324 est
1441 5272 1582 5340 quod
1613 5285 1801 5327 eorum
1857 5279 1942 5327 est

343 5356 716 5422 praeminens.
759 5358 1000 5412 Primum
1030 5358 1188 5427 igitur
1219 5362 1364 5430 quod
1409 5361 1722 5418 diuturnius
1778 5363 1944 5418 stabi-

341 5443 534 5510 liusve,
561 5447 850 5515 eligibilius
879 5465 944 5504 eo
983 5452 1123 5519 quod
1154 5453 1330 5508 minus
1362 5453 1694 5522 huiusmodi.
1718 5457 1781 5510 Et
1802 5457 1942 5527 quod

341 5540 513 5606 magis
534 5539 684 5606 eligit
709 5542 966 5608 prudens,
994 5543 1080 5598 vel
1107 5545 1280 5600 bonus
1303 5547 1404 5611 vir,
1434 5550 1520 5602 vcl
1548 5549 1631 5602 lex
1658 5559 1835 5617 recta,
1861 5553 1944 5606 vel

343 5628 570 5686 studiosi
588 5628 728 5684 circa
759 5631 964 5701 singula
995 5633 1189 5690 delecti
1220 5645 1488 5704 quatenus
1513 5639 1645 5692 tales
1677 5649 1829 5707 sunt,
1859 5640 1939 5698 vel

345 5724 400 5781 in
431 5739 754 5795 unoquoque
785 5741 984 5796 genere
1019 5729 1200 5796 periti,
1229 5731 1316 5785 vel
1339 5747 1676 5802 qu;ecunque
1709 5735 1894 5805 plures
1927 5779 1942 5806 ,

344 5816 432 5872 vel
455 5829 645 5872 omnes
671 5818 754 5888 (ut
783 5818 836 5873 in
869 5818 1136 5875 medicina
1161 5821 1246 5878 vel
1277 5822 1647 5894 aedilicatoria,
1678 5842 1799 5899 qua:
1830 5829 1948 5899 plu-

347 5919 438 5963 res
481 5909 814 5968 medicorum
865 5911 947 5967 vel
978 5913 1195 5986 omnes)
1245 5916 1327 5973 vel
1361 5931 1696 5991 quacunque
1725 5921 1946 5979 omnino

2042 4711 2092 4764 iu
2125 4725 2324 4782 genere
2355 4709 2518 4772 bono,
2550 4708 2654 4760 hoc
2684 4716 2866 4760 autem
2897 4716 3087 4769 n0n,el
3117 4703 3207 4757 illa
3236 4705 3462 4774 idipsum
3489 4704 3630 4775 quod

2041 4817 2122 4859 est
2153 4802 2346 4857 bonum
2377 4808 2488 4861 est.
2524 4798 2626 4853 hoc
2678 4807 2855 4852 autem
2897 4812 3025 4851 non.
3079 4797 3210 4851 Nam
3261 4797 3391 4852 nihil
3433 4800 3629 4858 dicitur

2042 4895 2274 4966 idipsum
2304 4893 2445 4966 quod
2472 4907 2642 4964 genus
2675 4900 2778 4959 est,
2813 4887 2954 4961 quod
2985 4903 3090 4944 uou
3118 4897 3202 4944 est
3230 4890 3281 4942 in
3306 4905 3526 4960 genere.
3566 4891 3632 4946 Ut

2044 4989 2197 5044 albus
2222 4987 2385 5043 homo
2416 5001 2525 5042 non
2546 4995 2627 5043 est
2659 4984 2708 5040 id
2733 4984 2874 5056 quod
2903 4986 3071 5040 color.
3094 4983 3356 5042 Similiter
3378 4995 3555 5040 autem
3581 4995 3640 5062 et.

2047 5083 2098 5137 in
2126 5080 2268 5138 aliis.
2312 5080 2378 5136 Et
2406 5080 2545 5150 quod
2580 5087 2794 5150 propter
2825 5093 2883 5133 se
2904 5076 3209 5148 eligendum
3231 5118 3246 5144 ,
3279 5092 3344 5132 eo
3387 5077 3634 5148 eligendo

2045 5173 2185 5246 quod
2219 5184 2437 5246 propter
2474 5173 2615 5228 aliud
2653 5171 2965 5241 eligibilius.
2999 5170 3068 5226 Ut
3097 5186 3284 5225 sanum
3315 5187 3435 5226 esse
3474 5186 3633 5241 quam

2047 5269 2362 5334 exercitari;
2389 5268 2514 5323 illud
2552 5269 2694 5324 enim
2729 5277 2947 5338 propter
2969 5280 3026 5321 se
3049 5264 3377 5335 eligendum,
3410 5264 3509 5320 hoc
3536 5281 3634 5319 au-

2050 5371 2154 5417 tem
2185 5370 2405 5432 propter
2435 5360 2598 5414 aliud.
2625 5360 2689 5414 Et
2717 5358 2858 5430 quod
2891 5375 2983 5430 per
3004 5374 3082 5424 se,
3109 5373 3175 5412 eo
3199 5357 3340 5430 quod
3377 5373 3469 5428 per
3490 5357 3633 5413 acci-

2049 5456 2202 5509 dens.
2231 5450 2714 5522 Utamicosjnslos
2745 5467 2864 5506 esse
2888 5491 2902 5518 ,
2938 5466 3001 5504 eo
3030 5449 3171 5518 quod
3203 5450 3482 5518 inimicos;
3510 5450 3636 5507 illud

2050 5545 2191 5601 enim
2226 5561 2319 5615 per
2348 5557 2407 5599 se
2437 5544 2764 5613 eligendum,
2795 5543 2893 5597 hoc
2924 5551 3100 5599 autem
3131 5560 3226 5614 per
3255 5544 3506 5600 accidens
3538 5548 3658 5602 eli-'

2051 5640 2245 5709 gimus.
2277 5636 2408 5692 Nam
2439 5635 2683 5689 inimicos
2713 5637 2882 5704 justos
2910 5649 3029 5689 esse
3059 5635 3361 5691 secundum
3387 5637 3640 5694 accidens

2051 5730 2314 5800 eligimus,
2346 5737 2403 5780 ut
2428 5725 2554 5779 nihil
2585 5726 2735 5778 nobis
2761 5734 3010 5780 noceant.
3036 5727 3131 5780 Est
3151 5735 3332 5784 autem
3367 5727 3467 5783 hoc
3495 5729 3633 5784 idem

2051 5825 2100 5881 ei
2127 5825 2268 5894 quod
2305 5830 2431 5877 ante
2473 5821 2602 5886 hoc;
2636 5818 2819 5875 din'ert
2847 5829 3023 5876 autem
3053 5821 3236 5891 modo,
3272 5837 3394 5879 nam
3438 5825 3641 5879 amicos

2052 5919 2268 5991 quidem
2312 5915 2484 5988 iustos
2533 5931 2653 5973 esse
2685 5924 2902 5985 propter
2933 5930 2992 5972 se
3031 5915 3312 5987 eligimus,
3344 5926 3396 5974 et
3433 5918 3473 5971 si
3508 5915 3643 5973 nihil
