4290 6272
626 375 733 437 935

1858 370 1965 426 AN.
2006 367 2215 424 MANL.
2254 365 2410 423 θεν.
2450 363 2704 434 ΒΟΕΤΙΙ,

3801 365 3908 425 936

625 489 784 548 nobis
800 488 992 546 debeat
1019 488 1155 555 fore,
1184 488 1440 570 quamvis
1469 486 1609 559 apud
1633 486 1790 543 ludos
1816 487 1944 551 sint,
1966 487 2213 541 inimicos
2237 482 2294 542 Δ
2319 482 2479 551 mala,
2512 482 2600 538 cui
2627 495 2966 552 consequens
2996 479 3180 538 minus
3209 442 3571 547 malum,‘hoc
3597 479 3912 570 eligibilius.’

629 592 806 639 autem
856 589 1081 651 propter
1121 581 1382 649 alterum,
1412 589 1470 635 ut
1500 580 1635 635 nihil
1681 580 1833 635 nobis
1864 584 2112 633 noceant.
2150 577 2214 633 Et

630 672 773 742 quod
800 685 960 727 causa
982 672 1109 728 boni
1133 688 1230 744 per
1254 690 1336 741 se,
1369 688 1437 729 eo
1463 672 1606 751 quod
1641 687 1732 742 per
1759 671 2007 727 accidens
2027 684 2211 725 causa.

629 762 1093 832 Quemadmodum
1122 765 1316 829 virtus,
1344 764 1589 829 fortuna;
1618 779 1736 817 nam
1766 762 1856 817 illa
1879 761 2095 833 quidem
2120 775 2215 830 per

627 870 708 920 se,
729 852 843 910 lucc
869 866 1052 911 autem
1080 871 1176 927 per
1199 856 1448 912 accidens
1478 864 1563 911 est
1588 870 1748 910 causa
1780 856 2064 917 bonorum,
2091 863 2146 909 et
2168 852 2216 907 si

629 945 755 1016 quid
782 946 927 1002 aliud
959 947 1287 1017 hujusmodi.
1321 948 1581 1005 Similiter
1611 956 1789 1002 autem
1822 958 1877 1002 et
1907 947 1961 1001 in
2000 955 2217 1001 contra-

630 1037 733 1094 rio.
766 1038 896 1095 Nam
926 1040 1067 1111 quod
1098 1056 1194 1111 per
1219 1057 1277 1097 se
1299 1050 1561 1098 estcausa
1586 1041 1736 1105 mali,
1765 1040 2034 1111 fugibilius
2056 1047 2219 1095 esteo

633 1130 775 1201 Quod
805 1147 901 1202 per
921 1132 1193 1199 accidens,
1211 1142 1270 1188 ut
1289 1134 1477 1188 vitium
1495 1147 1653 1204 quam
1676 1131 1888 1187 fortuna
1905 1174 1921 1198 ,
1948 1146 2072 1185 nam
2090 1129 2219 1185 illud

632 1223 845 1294 quidem
880 1241 973 1294 per
993 1241 1054 1281 se
1086 1226 1280 1281 malum
1303 1268 1319 1292 ,
1351 1226 1562 1280 fortuna
1591 1233 1769 1279 autem
1813 1240 1909 1293 per
1941 1221 2215 1278 accidens.

635 1315 699 1371 Et
731 1316 871 1387 quod
921 1317 1243 1387 simpliciter
1273 1317 1471 1373 bonum
1496 1359 1509 1381 ,
1541 1332 1607 1373 eo
1650 1314 1792 1385 quod
1822 1314 1979 1371 alicui
2005 1312 2219 1384 eligihi-

639 1409 741 1463 lius
774 1428 786 1461 :
822 1415 880 1461 ut
898 1422 1089 1462 sanum
1123 1407 1260 1476 fieri,
1289 1424 1447 1479 quam
1496 1408 1679 1463 incidi.
1713 1407 1843 1462 Nam
1879 1407 1980 1462 hoc
2006 1405 2222 1476 quidem

635 1499 950 1570 simpliciter
995 1500 1194 1558 bonum
1219 1542 1235 1566 ,
1269 1500 1400 1556 illud
1437 1512 1615 1556 autem
1665 1502 1824 1555 alicui
1870 1499 2223 1570 indigentimn

635 1594 910 1651 incisione.
951 1595 1017 1651 Et
1043 1596 1187 1666 quod
1234 1606 1424 1651 natura
1458 1605 1561 1663 est,
1593 1611 1659 1650 eo
1694 1595 1835 1665 quod
1866 1610 1972 1650 non
2000 1603 2222 1650 natura:

638 1699 696 1744 ut
734 1689 940 1759 justitia
966 1689 1111 1759 justo
1137 1729 1152 1755 ,
1197 1688 1329 1744 illud
1359 1690 1503 1744 enim
1542 1698 1762 1755 natura,
1797 1689 1897 1743 hoc
1925 1697 2102 1742 autem
2133 1702 2223 1742 ac-

636 1781 968 1851 quisitivum.
996 1780 1063 1835 Et
1093 1781 1235 1851 quod
1278 1780 1491 1836 meliori
1536 1791 1589 1835 et
1639 1780 2028 1836 honorabiliori
2064 1781 2225 1843 inest,

2317 575 2448 631 Nam
2478 591 2601 631 cum
2629 586 2854 646 utraque
2890 574 2999 631 sint
3037 575 3307 646 eligenda,
3340 576 3472 632 nihil
3504 564 3774 648 prohibet
3794 592 3913 633 mo-

2318 670 2509 724 lestum
2556 668 2759 739 aliquid
2809 668 2985 738 sequi,
3027 668 3315 737 dupliciter
3355 678 3532 725 autem
3578 670 3649 725 ab
3676 684 3744 726 eo
3770 669 3912 740 quod

2317 760 2559 829 sequitur
2610 758 2993 827 consideratio,
3038 775 3162 815 nam
3208 770 3263 815 et
3320 761 3488 831 prius,
3541 771 3597 817 et
3645 762 3944 839 posterius,

2319 854 2581 925 sequitur,
2607 860 2665 906 ut
2692 850 3067 907 addiscentem
3094 852 3346 923 ignorare
3372 852 3542 923 prius,
3568 854 3712 911 scire
3731 863 3911 911 autem
3936 843 3954 925 ξ

2321 946 2613 1015 posterius,
2664 944 2854 1001 melius
2898 955 3075 1002 autem
3119 953 3178 1002 ut
3217 947 3527 1017 plurimum,
3559 948 3702 1018 quod
3734 938 3914 1020 poste;

2324 1036 2454 1102 rius,
2485 1036 2804 1091 sumendum
2831 1035 2992 1104 igitur
3020 1051 3205 1091 eorum
3244 1052 3365 1107 quae
3392 1048 3692 1108 sequuntur
3736 1042 3912 1112 quod-

2323 1142 2533 1198 cunque
2576 1129 2737 1185 fuerit
2779 1128 2929 1184 utile.
2978 1129 3240 1199 Amplius,
3273 1130 3429 1200 plura
3454 1131 3593 1186 bona
3638 1132 3913 1201 pauciori8

2325 1221 2446 1288 bus,
2476 1221 2560 1277 vel
2583 1221 2920 1292 simpliciter,
2950 1222 3035 1277 vel
3059 1223 3272 1291 quando
3298 1223 3466 1277 altera
3491 1224 3675 1277 alteris
3701 1224 3911 1292 insunt,

2326 1324 2385 1368 ut
2407 1315 2654 1383 pauciora
2684 1314 2740 1369 in
2769 1314 3029 1384 pluribus.
3065 1314 3353 1383 Instantis,
3375 1316 3422 1372 si
3451 1318 3650 1373 alicubi
3676 1319 3910 1377 alterum

2327 1406 2549 1462 alterius
2578 1409 2749 1478 gratia
2779 1424 2797 1465 :
2828 1408 2959 1464 nihil
2989 1410 3132 1465 enim
3157 1410 3475 1481 eligibiliora
3504 1421 3729 1483 utraque
3748 1429 3913 1482 quam

2330 1515 2515 1569 unum,
2550 1510 2609 1555 ut
2642 1516 2832 1557 sanum
2880 1501 3018 1568 fieri,
3046 1512 3102 1558 et
3128 1505 3355 1571 sanitas,
3381 1520 3541 1573 quam
3586 1508 3807 1572 sanitas,
3846 1522 3916 1562 eo

2329 1592 2469 1664 quod
2499 1610 2689 1650 sanum
2715 1596 2835 1651 fieri
2866 1605 3086 1666 propter
3113 1598 3398 1653 sanitatem
3427 1597 3782 1667 eligimus.Et
3807 1614 3911 1655 non

2330 1685 2490 1751 bona,
2524 1686 2680 1740 bonis
2706 1686 2841 1741 nihil
2872 1686 3120 1757 prohibet
3165 1688 3483 1757 eligibiliora
3514 1699 3660 1757 esse,
3703 1699 3760 1745 ut
3797 1690 3912 1746 feli-

2331 1779 2567 1844 citatem,
2598 1788 2653 1833 et
2680 1780 2822 1833 aliud
2850 1780 3048 1850 aliquid
3075 1782 3215 1850 quod
3248 1797 3353 1836 non
3381 1792 3466 1837 est
3492 1782 3713 1850 bonum,
3749 1783 3910 1853 justi-

640 1874 946 1943 eligihilius,
980 1882 1038 1927 ut
1061 1873 1167 1928 Deo
1200 1889 1361 1943 quam
1403 1872 1641 1938 homini,
1674 1872 1869 1927 anima:
1910 1887 2069 1943 quam
2108 1887 2229 1927 cor-
2260 1867 2308 1928 B
2335 1868 2403 1922 tia
2443 1880 2497 1924 et
2532 1869 2866 1925 fortitudine.
2916 1871 2981 1925 Et
3026 1871 3215 1926 eadem
3261 1888 3383 1927 cum
3435 1873 3701 1945 voluptate
3745 1874 3914 1946 magis

642 1966 779 2035 pori.
813 1963 878 2019 Et
902 1963 1045 2035 quod
1073 1963 1315 2020 melioris
1340 1964 1642 2034 proprium,
1677 1964 1870 2020 melius
1898 1980 2055 2034 quam
2080 1963 2223 2034 quod

644 2055 838 2125 pejoris
871 2073 885 2110 :
921 2068 975 2109 ut
1006 2055 1145 2125 quod
1171 2054 1285 2118 Dei,
1317 2070 1477 2125 quam
1505 2054 1651 2125 quod
1681 2054 1940 2120 hominis,
1982 2070 2106 2109 nam
2140 2070 2225 2110 se-

643 2147 874 2203 cundum
905 2148 1211 2202 eourmunia
1242 2147 1518 2218 utrisque,
1544 2147 1677 2202 nihil
1716 2147 1969 2203 differunt
1995 2150 2063 2203 ab
2090 2150 2225 2205 invi-

642 2256 782 2304 cem,
811 2240 1039 2310 propriis
1060 2249 1236 2296 autem
1260 2238 1489 2295 alterum
1509 2239 1666 2295 alteri
1694 2239 2011 2297 differentiis
2040 2257 2228 2313 super-

642 2340 861 2395 eminet.
908 2338 974 2394 Et
1019 2338 1161 2409 quod
1199 2339 1254 2395 in
1292 2340 1638 2405 melioribus,
1673 2340 1758 2395 vel
1808 2339 2073 2409 prioribus
2098 2380 2113 2406 ,
2144 2336 2227 2391 vel

648 2431 1141 2489 honorabilioribus
1165 2475 1180 2501 ,
1231 2440 1317 2487 est
1357 2433 1552 2488 melius
1582 2450 1598 2486 :
1633 2440 1692 2486 ut
1717 2431 1918 2487 sanitas
1955 2430 2148 2484 robore
2176 2437 2229 2482 et

646 2522 1061 2589 pulchritudine,
1096 2539 1216 2579 nam
1250 2525 1341 2579 illa
1366 2525 1585 2595 quidem
1612 2524 1667 2580 in
1697 2522 1934 2593 humidis
1963 2528 2018 2577 et
2046 2519 2226 2585 siccis,

644 2624 695 2669 et
726 2616 806 2685 (ut
844 2616 1160 2684 simpliciter
1185 2615 1416 2685 dicatur)
1453 2632 1519 2672 ex
1544 2617 1739 2688 quibus
1775 2615 1922 2685 prius
1972 2612 2228 2667 constitu-

646 2716 756 2762 tmn
782 2716 865 2764 est
882 2708 1099 2763 animal.
1132 2708 1257 2764 Hac
1286 2724 1413 2763 vero
1443 2710 1495 2762 iu
1526 2708 1944 2779 posterioribus,
1993 2720 2116 2761 nam
2146 2720 2229 2760 ro-

642 2800 743 2856 bur
792 2802 845 2858 in
896 2802 1074 2858 nervis
1102 2813 1155 2858 et
1194 2802 1438 2870 ossibus,
1485 2800 1827 2871 pulchritudo
1854 2810 2031 2856 autem
2064 2814 2233 2855 mem-

642 2895 863 2951 brorum
917 2896 1161 2966 qutedam
1216 2895 1678 2951 commensuratio
1728 2894 1936 2950 videtur
1983 2908 2123 2950 esse.
2168 2894 2248 2969 Et~

647 2985 762 3041 finis
811 2986 878 3042 iis
907 3003 1027 3058 qua:
1073 2998 1198 3043 sunt
1226 2988 1292 3042 ad
1319 2988 1479 3042 ﬁnem
1515 2984 1809 3057 eligibilior
1838 2986 2048 3042 videtur
2091 3001 2229 3043 esse.
2282 2998 2285 2999 '

648 3079 713 3134 Et
758 3080 987 3136 duorum
1017 3122 1032 3146 ,
1077 3080 1215 3151 quod
1249 3082 1598 3152 pr0pinquius
1627 3093 1715 3138 est
1760 3081 1872 3137 fini.
1908 3081 1978 3135 Et
2012 3076 2245 3135 omnino

642 3173 782 3246 quod
808 3175 875 3231 ad
913 3175 1036 3230 vita:
1066 3176 1223 3231 luem
1254 3176 1596 3246 espetibilius
1625 3192 1785 3247 quam
1811 3175 1955 3245 quod
1992 3174 2060 3230 ad
2087 3174 2232 3229 aliud

2332 1977 2492 2030 quam
2561 1962 2676 2018 sine
2735 1962 3041 2033 voluptate,
3092 1974 3149 2018 et
3192 1964 3379 2019 cadem
3442 1981 3565 2021 cum
3624 1967 3943 2023 indolentia,

2330 2068 2490 2122 quam
2516 2070 2638 2109 eum
2669 2055 2903 2110 tristitia.
2932 2055 2997 2109 Et
3018 2056 3435 2126 unumquodque
3454 2058 3506 2111 in
3535 2074 3645 2128 quo
3676 2068 3915 2129 tempore

2332 2148 2501 2217 magis
2537 2148 2697 2215 valet,
2726 2148 2779 2203 in
2814 2150 2914 2203 hoc
2942 2148 3103 2203 etiam
3129 2150 3434 2219 eligibilius.
3462 2150 3528 2205 Ut
3569 2152 3805 2207 carentia
3829 2152 3916 2206 tri-

2331 2240 2489 2294 stitize
2519 2240 2571 2294 in
2617 2249 2894 2296 senectute
2928 2242 3097 2311 magis
3127 2256 3284 2311 quam
3316 2242 3369 2295 in
3397 2241 3701 2311 juventute,
3745 2243 3914 2312 magis

2331 2334 2472 2388 enim
2505 2336 2568 2389 in.
2585 2344 2859 2390 senectute
2885 2334 3046 2389 valet.
3099 2334 3404 2391 Secundum
3448 2333 3560 2390 haec
3600 2344 3798 2400 autem,
3849 2344 3909 2390 et

2334 2426 2612 2494 prudentia
2636 2427 2687 2481 in
2711 2436 2989 2483 senectute
3011 2426 3321 2496 eligihilior,
3343 2441 3501 2483 nemo
3524 2426 3663 2481 enim
3682 2426 3916 2496 juvenes

2331 2518 2478 2588 eligit
2498 2498 2681 2585 duces,
2710 2534 2776 2574 eo
2798 2519 2939 2589 quod
2970 2531 3074 2573 non
3104 2528 3317 2574 constat
3337 2534 3433 2575 eos
3464 2520 3750 2588 prudentes
3771 2534 3913 2577 esse.

2334 2610 2611 2667 Fortitudo
2637 2621 2815 2667 autem
2857 2628 2887 2668 e
2912 2615 3206 2679 contrario,
3240 2615 3295 2667 in
3319 2613 3601 2683 juventute
3629 2615 3773 2669 enim
3804 2628 3920 2668 ma-

2332 2701 2415 2771 gis
2456 2704 2759 2758 necessaria
2801 2704 3093 2759 secundum
3146 2704 3513 2760 fortitudinem
3544 2705 3815 2774 operatio;
3849 2705 3921 2760 si-

2335 2797 2529 2851 militer
2550 2806 2725 2851 autem
2755 2806 2807 2851 et
2838 2797 2888 2851 in
2919 2798 3293 2865 temperantia,
3329 2798 3497 2865 magis
3526 2797 3668 2852 enim
3694 2797 3921 2867 juvenes

2335 2907 2494 2960 quam
2523 2905 2684 2947 senes
2710 2890 3159 2958 concupiscentiis
3188 2889 3567 2945 molestantur.
3603 2890 3666 2945 Et
3695 2890 3835 2960 quod
3858 2894 3913 2945 in

2336 2983 2485 3040 omni
2515 2994 2780 3053 tempore,
2812 2984 2892 3039 vel
2924 2984 2978 3038 in
3013 2983 3251 3051 pluribus
3280 2984 3485 3041 utilius.
3523 2984 3589 3040 Ut
3614 2984 3839 3053 justitia,
3869 2993 3924 3039 et

2341 3080 2715 3149 temperantia,
2748 3078 3081 3145 fortitudine,
3125 3093 3246 3134 nam
3278 3078 3384 3134 illa:
3409 3094 3646 3149 semper,
3674 3078 3789 3134 haec
3830 3063 3923 3134 au-

2344 3181 2449 3226 tem
2478 3170 2764 3242 aliquando
2787 3171 2949 3227 utilis.
2979 3172 3042 3225 Et
3062 3171 3201 3241 quod
3224 3188 3346 3228 cum
3373 3186 3560 3227 omnes
3581 3172 3923 3237 haberemus

645 3242 875 3333 aliquid,
905 3275 962 3320 ut
986 3266 1133 3336 quod
1157 3267 1223 3321 ad
1256 3242 1561 3322 felicitatem
1593 3242 1875 3322 contendit
1901 3280 2058 3336 quam
2091 3265 2236 3335 quod
2260 3242 2309 3306 (ἶ
2341 3262 2473 3318 nihil
2519 3264 2689 3317 altero
2739 3262 3125 3333 indigeremus,
3152 3277 3315 3333 quam
3348 3263 3490 3333 quod
3533 3278 3654 3318 cum
3696 3263 3926 3319 habere-

644 3356 710 3410 ad
738 3356 1072 3425 prudentiam
1092 3399 1107 3423 ,
1142 3373 1264 3411 nam
1302 3358 1445 3429 quod
1487 3358 1555 3413 ad
1584 3357 1903 3414 felicitatem
1932 3350 2233 3423 contendit,

645 3447 951 3515 cligibilius.
995 3448 1061 3502 Et
1099 3448 1358 3518 possibile
1408 3449 1750 3520 impossibili.
1797 3450 2073 3519 Amplius,
2113 3464 2235 3503 cum

645 3532 750 3592 duo
774 3538 880 3592 sint
901 3538 1144 3593 eliectiva
1175 3540 1331 3608 cujus
1360 3542 1482 3595 finis
1510 3547 1721 3610 melior,
1746 3554 1800 3596 et
1823 3542 1997 3611 ipsum
2024 3540 2233 3595 melius.

646 3632 777 3686 Cum
826 3640 1004 3686 autem
1035 3631 1109 3685 sit
1134 3630 1465 3701 effectivum,
1492 3643 1546 3687 et
1593 3633 1719 3687 finis
1758 3650 1825 3688 ex
1859 3634 2232 3702 pr0portione,

646 3720 858 3790 quando
872 3721 1010 3790 pluri
1043 3732 1262 3791 superat
1286 3718 1406 3777 finis
1435 3722 1616 3790 linem,
1651 3741 1809 3793 quam
1843 3723 1934 3780 ille
1966 3724 2237 3794 proprium

647 3812 989 3867 effectivum:
1019 3823 1077 3867 ut
1099 3811 1325 3868 felicitas
1358 3815 1495 3885 pluri
1526 3826 1743 3885 supcrat
1773 3816 2055 3883 sanitatem
2079 3831 2238 3887 quam

648 3905 851 3960 sanitas
896 3906 1147 3971 salubre;
1183 3921 1351 3975 quare
1397 3907 1705 3969 elfectivum
1744 3909 2021 3964 felicitatis
2049 3910 2241 3966 melius

650 3997 903 4065 sanitate,
940 4014 1060 4052 nam
1101 4010 1359 4069 quantum
1390 4000 1617 4056 felicitas
1662 4011 1882 4072 superat
1911 4004 2196 4059 sanitatem
2224 4043 2238 4067 ,

650 4099 852 4147 tantum
894 4102 950 4147 et
979 4092 1283 4149 elfectivum
1318 4093 1584 4149 felicitatis
1615 4096 1829 4152 salubre
1862 4108 2114 4167 superat;
2153 4111 2240 4150 sa-

651 4184 788 4239 nitas
812 4193 989 4239 autem
1021 4186 1237 4241 salubre
1261 4186 1439 4242 minus
1468 4190 1780 4257 superabat,
1819 4204 1985 4257 quare
2010 4188 2128 4257 plus
2153 4203 2244 4243 su-

627 4286 803 4348 ,perat
849 4278 1152 4335 elleclivum
1216 4280 1487 4336 fclicitatis
1549 4281 1764 4335 salubre
1826 4297 1984 4351 quam
2042 4281 2245 4338 sanitas

654 4370 895 4439 salubre;
920 4360 1259 4443 quapropter
1288 4371 1591 4438 effectivqu
1634 4371 1907 4427 felicitatis
1934 4372 2124 4428 melius
2154 4388 2243 4426 sa-

655 4464 819 4521 nitate
846 4482 861 4531 ;
892 4466 1231 4522 manifestum
1264 4465 1421 4535 igitur
1451 4464 1591 4535 quod
1620 4466 1912 4535 eligibilius
1941 4465 2245 4522 elfectivum

2341 3372 2460 3411 mus
2479 3396 2497 3424 ,
2528 3356 2891 3426 indigeremus
2922 3355 3149 3427 reliquo.
3187 3356 3258 3411 Ut
3301 3356 3351 3409 in
3383 3356 3604 3425 justitia,
3634 3366 3687 3410 et
3718 3355 3928 3410 fortitu-

2339 3452 2487 3518 dine,
2512 3466 2634 3506 nam
2659 3451 2704 3505 si
2730 3465 2920 3506 omnes
2940 3459 3123 3507 essent
3140 3450 3294 3519 justi,
3324 3450 3453 3504 nihil
3483 3449 3622 3503 utilis
3647 3447 3927 3513 fortitudo;

2339 3546 2383 3601 si
2415 3561 2542 3600 vero
2571 3559 2757 3599 omnes
2786 3550 2969 3599 essent
3005 3544 3190 3608 fortes,
3224 3541 3367 3596 utilis
3395 3541 3625 3610 justitia.
3680 3540 3949 3609 Amplius.

2341 3656 2404 3695 ex
2449 3636 2880 3708 corruptionibus
2921 3646 2973 3692 et
3016 3636 3427 3707 adiectionibus,
3475 3646 3526 3690 et
3570 3634 3931 3704 generationi-

2342 3733 2464 3799 bus,
2494 3732 2988 3803 etsumptionibus,
3037 3743 3089 3786 et
3130 3730 3433 3785 contrariis.
3494 3731 3731 3798 Quorum
3787 3733 3928 3784 enim

2341 3827 2716 3896 corruptiones
2747 3825 2930 3890 malae,
2965 3825 3079 3894 ipsa
3107 3822 3452 3893 eligihiliora,
3476 3823 3721 3877 similiter
3750 3830 3928 3875 autem

2344 3929 2399 3974 et
2426 3920 2478 3974 in
2508 3918 2922 3989 abjectionibus,
2952 3925 3003 3971 et
3035 3917 3088 3971 in
3111 3916 3419 3982 contrariis,
3452 3930 3574 3970 nam
3607 3915 3650 3968 si
3676 3912 3929 3982 ahjectio,

2345 4012 2429 4067 vel
2473 4012 2799 4067 contrarium
2833 4009 3107 4081 fugihilius
3151 4018 3256 4071 est,
3300 4010 3473 4079 ipsum
3521 4006 3836 4077 eligibilius;
3877 4002 3931 4059 in

2346 4106 2779 4176 generationibus
2829 4113 3006 4159 autem
3052 4113 3105 4160 et
3149 4102 3549 4173 sumptionihus
3575 4099 3929 4156 econtrario.

2348 4201 2583 4267 Quorum
2613 4199 2755 4254 enim
2787 4198 3138 4267 sumptiones,
3173 4206 3228 4251 et
3265 4196 3641 4265 generationes
3684 4202 3737 4247 et
3778 4192 3936 4260 eligi-
3990 4260 3993 4261 ν

2350 4290 2595 4355 biliores,
2651 4300 2703 4344 et
2751 4290 2861 4358 ipsa
2904 4303 3117 4359 quoque
3161 4288 3503 4358 eligibiliora.
3566 4284 3714 4339 Alius
3752 4290 3935 4339 autem

2350 4382 2499 4438 locus
2528 4390 2628 4436 est.
2658 4381 2806 4447 Quod
2841 4381 3189 4452 propinquius
3232 4382 3394 4445 bono,
3426 4378 3616 4434 melius
3651 4386 3812 4447 atque
3839 4376 3953 4437 eli-_

2351 4472 2584 4543 gibilius.
2640 4474 2701 4527 Et
2731 4473 2873 4541 quod
2901 4473 3130 4529 similius
3159 4483 3242 4529 est
3272 4472 3432 4537 bono,
3456 4482 3511 4526 ut
3535 4471 3741 4541 justitia
3770 4471 3934 4538 justo.
3966 4482 3967 4489 ‘

654 4556 920 4614 felicitatis
945 4575 1103 4630 quam
1139 4559 1361 4623 sanitas,
1386 4572 1508 4611 nam
1530 4556 1670 4611 idem
1701 4559 1821 4627 plus
1846 4554 2084 4629 superat.
2120 4562 2249 4613 Am-
2280 4626 2318 4633 ᾗ
2357 4564 2421 4618 Et
2451 4564 2590 4633 quod
2632 4564 2837 4618 meliori
2866 4579 3051 4619 eorum
3087 4575 3169 4620 est
3198 4562 3450 4627 similius,
3479 4559 3934 4631 quemadmodum

652 4650 817 4722 plius,
847 4626 1037 4708 melius
1064 4662 1149 4709 est
1178 4654 1320 4723 quod
1354 4663 1572 4724 propter
1598 4669 1655 4709 se
1696 4626 1757 4710 et
1786 4626 2155 4711 honorabilius
2186 4665 2239 4710 et
2275 4626 2328 4687 Β
2354 4626 2572 4728 Ajacem
2604 4660 2795 4732 Ulysse
2818 4659 3002 4715 dicunt
3027 4658 3188 4728 aliqui
3229 4626 3511 4713 meliorem
3534 4670 3677 4719 esse,
3706 4669 3772 4711 eo
3795 4653 3937 4724 quod

654 4739 1098 4799 laudabiliuszut
1133 4746 1365 4800 amicitia
1412 4745 1620 4800 divitiis
1661 4755 1716 4801 et
1750 4747 1962 4816 justitia
2011 4751 2241 4803 sanitate
2308 4753 2572 4809 ‘similior
2618 4764 2699 4808 est
2729 4752 2941 4807 Achilli.
2996 4749 3252 4807 lnstantia
3300 4749 3457 4820 hujus
3498 4758 3603 4813 est,
3648 4746 3789 4815 quod
3832 4760 3941 4800 non

654 4842 710 4889 οι
737 4834 950 4905 robore,
977 4852 1099 4891 nam
1127 4836 1215 4890 illa
1237 4837 1451 4907 quidem
1481 4846 1701 4909 propter
1730 4854 1790 4895 se
1821 4839 2237 4907 honorabilium,

657 4924 773 4982 haec
801 4941 926 4982 vero
954 4943 1059 4983 non
1088 4940 1303 4999 propter
1347 4944 1435 4993 se,
1466 4929 1558 4984 sed
1594 4939 1818 5000 propter
1863 4932 2028 4985 aliud.
2056 4931 2242 4986 Nullus

657 5022 797 5078 enim
828 5021 1054 5078 honorat
1077 5021 1290 5078 divitias
1319 5037 1536 5094 promer
1559 5038 1640 5090 se,
1672 5024 1767 5077 sed
1795 5036 2013 5092 propter
2038 5023 2188 5078 aliud
2218 5040 2232 5088 ;

658 5117 947 5174 amicitiam
970 5133 1095 5173 vero
1118 5129 1337 5189 propter
1367 5134 1454 5187 se,
1497 5126 1552 5175 et
1580 5119 1624 5174 si
1664 5118 1802 5173 nihil
1844 5118 1998 5173 nobis
2041 5117 2235 5175 debeat

658 5214 799 5269 aliud
829 5213 895 5271 ab
925 5227 987 5267 ea
1021 5228 1161 5269 esse.

669 5296 674 5301 ’
1283 5304 1507 5361 CAPUT
1551 5306 1614 5360 ll.

989 5399 1089 5455 Alii
1114 5417 1208 5470 pro
1233 5399 1416 5453 eisdem
1446 5398 1772 5471 problematis
1801 5401 1917 5454 loci.

731 5493 991 5564 Amplius,
1017 5491 1228 5562 quando
1254 5491 1360 5546 duo
1380 5490 1554 5561 aliqua
1580 5490 1782 5545 fuerint
1811 5490 1967 5546 valde
1998 5490 2240 5547 sibimet-

662 5583 791 5654 ipsis
818 5584 1044 5653 similia,
1074 5593 1127 5640 et
1162 5597 1268 5638 non
1306 5585 1605 5653 poterimus
1655 5584 2112 5654 praeminentium
2144 5584 2242 5639 ali-

661 5690 821 5744 quam
860 5676 1171 5752 copepicere
1207 5675 1423 5733 alterius
1467 5675 1535 5733 ad
1577 5677 1829 5743 alterum,
1864 5675 2151 5732 videndum
2180 5692 2248 5732 ex

664 5765 729 5819 iis
752 5782 871 5836 qua:
900 5780 1212 5840 sequuntur.
1257 5768 1386 5824 Nam
1432 5785 1552 5824 cum
1585 5785 1921 5838 consequens
1950 5777 2033 5826 est
2073 5771 2245 5841 majus

668 5850 891 5921 bonum,
932 5859 1032 5914 hoc
1068 5861 1383 5931 eligibilius;
1423 5861 1466 5917 si
1508 5871 1684 5917 autem
1724 5862 1832 5919 sint
1858 5864 2243 5937 consequentia

2347 4861 2531 4901 verum
2559 4845 2649 4909 sit,
2682 4847 2811 4899 nihil
2842 4846 2983 4901 enim
3015 4842 3265 4914 prohibet
3294 4855 3397 4896 non
3430 4856 3534 4910 qua
3565 4840 3774 4895 ratione
3802 4838 3943 4906 opti-

2350 4954 2466 4994 mus
2504 4949 2586 4994 est
2622 4939 2880 5003 Achilles,
2909 4937 3094 4992 eadem
3142 4932 3460 4988 similiorem
3507 4946 3630 4987 esse
3677 4929 3942 4999 Ajacem:

2348 5048 2467 5086 cum
2509 5031 2611 5086 erit
2657 5031 2793 5085 alter
2821 5029 3032 5099 quidem
3074 5028 3270 5093 bonus,
3303 5039 3409 5079 non
3450 5023 3700 5078 similiter
3737 5029 3941 5075 autem.

2354 5124 2813 5181 Considerandum
2858 5133 3033 5177 autem
3080 5122 3124 5177 si
3172 5130 3225 5176 et
3268 5120 3324 5175 in
3357 5115 3824 5174 ridiculosioribus
3870 5120 3945 5170 sit

2354 5216 2545 5281 simile,
2578 5225 2635 5270 ut
2663 5216 2815 5272 simia
2846 5216 3046 5270 homini
3084 5229 3244 5283 quam
3282 5226 3443 5283 equo,
3474 5225 3596 5265 cum
3625 5224 3731 5264 non
3762 5208 3833 5263 sit
3862 5206 3947 5262 si-

2354 5308 2524 5364 milis:
2546 5323 2650 5363 non
2679 5308 2821 5362 enim
2848 5316 2934 5361 cst
2962 5308 3114 5362 simia
3144 5306 3353 5373 melior,
3385 5302 3613 5358 similior
3642 5311 3820 5356 tamen
3854 5305 3946 5355 est

2356 5405 2578 5461 homini.
2608 5404 2837 5459 Rursum
2877 5403 2933 5458 in
2960 5402 3171 5457 duobus
3203 5418 3214 5451 :
3252 5400 3296 5454 si
3330 5400 3430 5454 hoc
3458 5398 3679 5467 quidem
3709 5393 3944 5455 meliori,

2357 5495 2484 5551 illud
2536 5506 2711 5552 autem
2763 5495 2929 5565 pejori
2977 5503 3060 5549 est
3102 5492 3360 5561 similius,
3414 5491 3521 5547 erit
3561 5489 3756 5546 melius
3795 5484 3945 5560 quod

2358 5587 2563 5643 meliori
2595 5598 2679 5642 est
2706 5587 2952 5643 similius.
2992 5585 3161 5641 liabet
3189 5598 3368 5639 autem
3399 5583 3579 5639 ethoc
3610 5581 3947 5645 instantiam,

2357 5682 2485 5736 nihil
2513 5681 2655 5736 enim
2680 5682 2929 5751 prohibet
2950 5680 3050 5735 hoc
3072 5678 3290 5748 quidem
3322 5678 3529 5734 meliori
3555 5692 3740 5749 parum
3771 5674 3949 5739 simile

2356 5790 2495 5838 esse.
2548 5774 2672 5829 illud
2706 5785 2881 5830 autem
2915 5774 3081 5846 pejori
3118 5772 3270 5829 valde
3298 5816 3312 5839 ,
3363 5781 3419 5827 ut
3466 5771 3512 5826 si
3554 5770 3688 5841 Δίας
3727 5766 3949 5841 quidem

2361 5854 2548 5927 Achilli
2601 5879 2809 5933 parum,
2841 5865 3060 5934 Ulysses
3100 5875 3278 5920 autem
3319 5864 3531 5920 Nestori
3562 5861 3754 5929 valde,
3801 5866 3859 5917 ut
3904 5857 3956 5917 si
