4290 6272
367 358 467 418 937

1282 348 1671 409 TOPICORUM
1713 348 2157 413 ARISTOTELIS
2197 350 2767 414 INTERPRETATIO.
2826 387 2854 405 ο
2900 304 2909 313 .

3480 376 3483 377 '
3519 357 3624 414 U38

366 472 465 527 hoc
490 466 944 541 quidemgmeliori
974 466 1025 521 in
1056 465 1351 536 pejoribus,
1383 464 1509 518 illud
1554 473 1729 519 autem
1763 465 1927 533 pejori
1958 475 2013 535 Α
2037 465 2135 521 hoc
2179 467 2393 537 quidem
2436 469 2607 538 majus
2653 469 2848 523 bonum
2890 478 2992 535 est,
3026 467 3155 524 illud
3200 478 3377 527 autem
3412 475 3615 542 minus,

365 566 415 618 in
456 563 785 624 melioribus,
819 570 877 615 ut
910 572 1079 630 equus
1118 560 1289 623 asino,
1323 568 1375 611 ct
1420 558 1569 611 simia
1609 557 1828 611 homini.
1879 558 1943 612 Et

364 655 503 721 quod
536 653 767 707 maxime
798 652 1025 721 insigne,
1058 667 1123 705 eo
1149 649 1289 719 quod
1321 649 1492 723 minus
1534 648 1657 701 tale.
1710 648 1773 702 Et
1800 648 1941 723 quod

363 745 653 810 diflicilius,
688 744 854 813 magis
881 748 1024 798 enim
1050 756 1289 795 amamus
1320 755 1439 794 cum
1490 740 1765 805 habemus,
1796 739 1940 809 quod

366 854 467 891 non
499 847 583 892 est
612 836 765 891 facile
795 834 1033 903 adipisci.
1074 834 1138 887 Et
1162 834 1300 901 quod
1330 829 1498 899 magis
1540 830 1835 899 proprium,
1876 824 1953 885 eo

363 932 503 997 quod
529 928 881 985 communius.
917 930 981 981 Et
1008 927 1148 996 quod
1175 931 1341 994 magis
1370 925 1783 992 incommunius,
1817 939 1940 978 nam

364 1024 527 1090 magis
558 1020 857 1089 eligendum
883 1018 1022 1087 quod
1048 1016 1190 1070 nulla
1219 1016 1463 1069 molestia
1494 1015 1751 1085 sequitur,
1778 1014 1951 1084 quam

361 1111 502 1178 quod
526 1112 782 1179 sequitur.
810 1107 1069 1177 Amplius,
1095 1107 1140 1161 si
1166 1109 1266 1160 hoc
1298 1107 1386 1159 IIIO
1412 1107 1623 1171 melius,
1644 1115 1699 1160 et
1721 1108 1939 1160 omnino

281 1259 287 1264 _
363 1204 621 1268 Optimum
652 1215 836 1255 eorum
866 1216 983 1269 quzc
1018 1198 1073 1252 in
1106 1199 1226 1275 hoc,
1274 1198 1468 1253 melius
1500 1213 1570 1253 eo
1600 1201 1739 1268 quod
1776 1198 1829 1252 in
1859 1198 1939 1252 al-

358 1301 476 1348 tero
510 1294 799 1365 eptimnm.
839 1292 908 1349 Ut
949 1295 994 1347 si
1026 1292 1218 1346 melior
1251 1301 1334 1346 est
1370 1293 1529 1346 homo
1557 1307 1717 1361 quam
1747 1306 1936 1361 equus,

359 1396 414 1444 et
438 1374 669 1459 optimus
710 1390 891 1455 homo,
930 1387 1133 1457 Optimo
1177 1401 1315 1456 equo
1358 1386 1571 1456 melior.
1618 1385 1679 1438 Et
1724 1385 1768 1438 si
1796 1385 1939 1453 opti-

356 1497 503 1539 mum
534 1484 739 1552 optimo
785 1483 1007 1546 melius,
1039 1491 1093 1536 et
1121 1479 1435 1549 simpliciter
1466 1479 1567 1534 hoc
1612 1478 1702 1533 illo
1725 1479 1935 1543 melius,

357 1585 419 1631 ut
457 1577 501 1630 si
533 1578 765 1646 optimus
792 1576 976 1643 homo,
1008 1586 1210 1644 optimo
1239 1590 1375 1645 equo
1406 1574 1616 1638 melior,
1647 1584 1699 1627 ct
1726 1573 1933 1639 simpli-

355 1667 492 1723 citer
515 1666 697 1733 homo,
716 1668 1027 1736 simpliciter
1047 1682 1182 1737 equo
1207 1667 1411 1720 melior.
1442 1664 1705 1734 Amplius,
1728 1678 1790 1718 ea
1818 1678 1937 1732 qua:

354 1759 601 1835 volumus
638 1760 838 1814 amicos
880 1760 1218 1838 participare,
1270 1757 1583 1827 eligibiliora
1615 1771 1776 1824 quam
1817 1769 1934 1824 qua

2045 558 2211 628 magis
2246 559 2550 629 eligendum
2596 562 2788 629 majus,
2820 572 2910 616 aut
2938 565 2982 615 si
3026 563 3230 632 majore
3260 564 3431 634 majus
3460 568 3635 626 fuerit

2042 650 2293 703 alterum.
2341 649 2446 705 Sed
2477 659 2532 705 et
2559 650 2603 704 si
2633 653 2738 705 duo
2767 652 3009 721 quaedam
3041 669 3144 708 uno
3174 655 3353 725 aliquo
3382 657 3486 711 sint
3517 659 3621 714 ειί-

2043 742 2313 812 gibiliora,
2356 742 2497 813 quod
2545 742 2699 812 longe
2742 745 3030 813 eligibilius
3070 760 3136 799 eo
3167 750 3307 814 quod
3339 750 3514 803 minus
3539 758 3623 805 est

2042 834 2369 903 eligendum,
2396 833 2701 903 eligibilius.
2734 835 2975 905 Amplius
3005 836 3157 903 cujus
3184 847 3265 891 est
3292 840 3625 907 superabun-

2043 923 2220 979 dantia
2261 922 2561 994 ehgibilior,
2591 935 2644 979 et
2689 927 2862 995 ipsum
2905 926 3211 995 eligibilius.
3255 928 3324 983 Ut
3357 932 3618 1000 amicitia,

2043 1014 2303 1084 pecuniis,
2348 1028 2470 1070 nam
2515 1015 2800 1085 eligibihor
2837 1006 3621 1084 superabundautiaamicitia

2042 1096 2597 1176 quampecuniarum.
2643 1107 2707 1161 Et
2750 1107 2803 1162 id
2852 1107 3002 1176 cujus
3033 1108 3202 1179 magis
3228 1109 3387 1179 eliget
3414 1114 3532 1180 quis
3560 1124 3621 1169 ut

2043 1198 2158 1268 ipse
2198 1192 2303 1253 ‘sibi
2345 1213 2503 1253 causa
2545 1201 2635 1266 sit,
2679 1215 2837 1269 quam
2880 1201 3231 1271 cnjus'alter.
3291 1202 3361 1259 Ut
3416 1204 3619 1259 amicos

2041 1290 2303 1359 pecuniis.
2330 1290 2592 1360 Amplius,
2617 1307 2678 1347 et
2704 1283 3035 1361 appositione
3055 1295 3099 1348 si
3121 1278 3299 1349 eidem,
3317 1297 3619 1363 appositum

2042 1382 2239 1451 aliquid
2260 1425 2275 1451 ,
2307 1385 2452 1453 quod
2486 1393 2653 1438 totum
2688 1384 2975 1454 eligibilius
3005 1385 3148 1439 facit.
3176 1386 3177 1391 “
3205 1385 3411 1441 Cavere
3439 1397 3619 1441 autem

2041 1484 2249 1541 oportet
2296 1468 2585 1530 extendere
2627 1477 2693 1528 ad
2744 1491 2805 1530 ea
2860 1480 2911 1530 in
2958 1477 3148 1544 quibus
3193 1482 3363 1541 altero
3400 1479 3616 1548 quidem

2041 1564 2408 1631 apposit‘orum
2436 1558 2600 1618 utitur
2624 1580 2928 1631 commune,
2960 1566 3039 1621 vel
3067 1566 3170 1620 alio
3194 1568 3432 1636 quolibet
3458 1573 3618 1625 modo

2041 1655 2437 1726 eooperativum
2466 1666 2582 1719 est;
2616 1657 2820 1727 reliquo
2858 1668 3033 1712 autem
3070 1674 3177 1712 non
3224 1661 3411 1727 utitur,
3445 1652 3618 1730 neque

2041 1746 2438 1815 cooperativutn
2468 1758 2571 1811 est,
2607 1761 2661 1801 ut
2687 1762 2834 1802 serra
2880 1758 2934 1802 et
2958 1749 3091 1803 lalce
3118 1764 3239 1804 cum
3268 1759 3382 1804 arte
3414 1752 3613 1817 fabrili,

352 1865 489 1917 pou,
540 1851 610 1904 Ει
650 1866 769 1919 qua
798 1851 862 1904 ad
894 1836 1123 1905 amicum
1154 1865 1315 1920 agere
1344 1851 1608 1904 malumus
1634 1865 1790 1919 quam
1812 1863 1933 1919 qua:
1961 1846 2011 1908 Β
2040 1851 2161 1891 nam
2204 1838 2486 1908 eligibilior
2514 1852 2658 1893 serra
2709 1836 3043 1906 consociata,
3075 1843 3390 1912 simpliciter
3435 1856 3617 1898 autem

356 1941 423 1995 ad
448 1926 773 2025 quemlibet,
814 1941 903 1995 illa
932 1940 1268 2011 eligibiliora.
1303 1938 1373 1994 Ut
1408 1942 1549 2010 juste
1575 1955 1734 2011 agere
1759 1948 1813 1994 et
1840 1939 1935 1994 be-
1992 1996 1997 2001 ,

358 2032 629 2099 nefacere,
655 2034 823 2104 magis
851 2049 1007 2102 quam
1036 2035 1223 2099 videri,
1254 2049 1375 2088 nam
1404 2033 1592 2088 amicis
1622 2031 1935 2087 benefacere

354 2126 602 2181 volumus
624 2128 792 2196 magis
812 2142 968 2194 quam
993 2127 1181 2191 videri,
1200 2126 1523 2196 quibuslibet
1543 2137 1720 2180 autem
1751 2139 1781 2178 e
1802 2139 1934 2179 con-

354 2229 536 2271 verso.
580 2216 644 2270 Et
670 2231 788 2286 quae
813 2226 937 2271 sunt
965 2231 1029 2271 ex
1058 2216 1454 2271 circumstantia
1483 2213 1797 2270 necessariis
1820 2228 1935 2270 me-

350 2304 505 2372 liora,
533 2308 821 2376 aliquando
848 2319 1026 2363 autetn
1078 2317 1132 2361 et
1160 2307 1497 2376 eligibiliora.
1554 2307 1738 2362 Melins
1786 2306 1930 2361 enim

349 2413 505 2468 quam
536 2400 734 2464 vivere,
763 2399 897 2456 bene
929 2400 1131 2467 vivere,
1167 2400 1301 2455 bene
1331 2410 1508 2455 autem
1542 2400 1722 2454 vivere
1750 2408 1831 2453 est
1860 2413 1930 2452 ex

347 2474 764 2560 circumstantia,
792 2491 963 2561 ipsum
988 2500 1166 2545 autem
1196 2491 1374 2545 vivere
1408 2491 1790 2544 necessarium.
1817 2486 1933 2542 Ali-

240 2596 243 2599 '
344 2584 560 2653 quando
604 2593 781 2637 autem
826 2582 1047 2636 meliora
1096 2596 1202 2635 non
1236 2581 1395 2635 etiam
1446 2580 1787 2651 eiigibiliora,
1820 2594 1928 2634 non

343 2674 491 2749 enim
519 2675 563 2728 si
586 2673 827 2738 meliora,
863 2672 1171 2727 necessario
1200 2672 1340 2741 quod
1365 2672 1683 2739 eligibiliora
1709 2689 1723 2724 :
1758 2671 1930 2741 philo-

346 2763 565 2831 sophari
590 2763 852 2832 siquidem
878 2762 1071 2817 melius
1093 2777 1249 2832 quam
1276 2761 1496 2825 lucrari,
1513 2762 1607 2817 sed
1632 2778 1737 2816 non
1760 2762 1927 2832 magis

344 2851 651 2921 eligendum
695 2852 948 2922 indigenti
1024 2851 1362 2907 necessariis.
1416 2851 1498 2905 Ex
1528 2850 1926 2906 circumstantia

252 3004 257 3009 ,
345 2953 523 2999 autem
569 2954 653 2999 est
698 2944 947 3013 quando,
1000 2944 1355 2999 existentibus
1412 2943 1781 3017 necessariis,
1820 2942 1927 2997 alia

346 3035 592 3105 qua-dam
623 3035 945 3106 adjiciuntur
974 3034 1257 3090 bonorum.
1292 3034 1427 3089 Fere
1471 3044 1649 3088 autem
1698 3034 1926 3089 fortasse

344 3126 628 3196 eligibilius
650 3127 793 3196 quod
824 3126 1180 3182 necessarium
1209 3141 1312 3192 εει,
1355 3126 1543 3181 melius
1572 3140 1749 3182 autem
1780 3128 1924 3197 quod

2039 1944 2147 1983 non
2168 1928 2476 1998 eligibilior.
2521 1929 2751 1985 Rursum
2775 1932 2819 1984 si
2846 1931 3039 1986 minori
3066 1934 3366 2001 appositum
3389 1933 3613 2003 aliquid,

2038 2023 2179 2090 quod
2210 2029 2376 2075 totum
2410 2020 2580 2090 majus
2611 2022 2753 2076 facit.
2798 2021 3057 2078 Similiter
3082 2032 3260 2078 autem
3289 2035 3342 2079 et
3370 2040 3435 2079 ex
3464 2028 3615 2080 abla-

2036 2111 2182 2165 tione
2221 2129 2233 2163 :
2272 2126 2378 2181 quo
2423 2116 2566 2166 enim
2605 2111 2783 2167 ablato
2812 2112 2880 2166 ab
2920 2112 3110 2169 eodem
3154 2115 3295 2184 quod
3328 2125 3493 2170 restat
3529 2125 3614 2171 est

2036 2201 2253 2269 minus,
2306 2201 2435 2256 illud
2491 2202 2664 2271 majus
2707 2204 2809 2257 erit
2855 2203 2996 2273 quod
3052 2205 3285 2260 ablatum
3342 2209 3611 2277 reliquum

2036 2296 2211 2350 minus
2239 2294 2385 2351 iacit.
2419 2296 2484 2350 Et
2513 2296 2559 2349 si
2594 2295 2693 2351 hoc
2722 2296 2934 2366 quidem
2966 2308 3183 2367 propter
3223 2314 3302 2367 se,
3336 2301 3468 2355 illud
3517 2315 3612 2356 au-

2036 2380 2144 2439 tem
2175 2394 2390 2453 prepter
2417 2386 2639 2457 gloriam
2668 2387 2990 2455 eligendum.
3050 2388 3115 2444 Ut
3144 2391 3344 2444 sanitas
3374 2383 3614 2460 pulchri~

2036 2477 2246 2543 tudine,
2282 2464 2554 2557 terminus
2596 2488 2771 2533 autem
2817 2480 2933 2550 ejus
2972 2481 3112 2555 quod
3143 2490 3225 2537 est
3253 2483 3320 2536 ad
3358 2485 3606 2552 gloriam,

2032 2569 2177 2645 quod
2217 2571 2365 2624 nullo
2411 2571 2646 2637 conscio,
2681 2587 2783 2625 non
2817 2571 3057 2628 studeret
3102 2573 3296 2628 inesse.
3328 2573 3395 2629 Et
3433 2577 3477 2628 si
3507 2575 3610 2631 hoc

2032 2662 2246 2731 quidem
2297 2672 2514 2733 propter
2556 2679 2618 2718 se
2656 2672 2711 2719 et
2760 2676 2978 2735 propter
3017 2661 3240 2735 gloriam
3283 2668 3607 2737 eligendum,

2031 2751 2162 2807 illud
2197 2764 2375 2809 autem
2423 2768 2641 2825 propter
2680 2757 2907 2811 alterum
2958 2768 3179 2813 tantum.
3232 2759 3299 2813 Et
3349 2762 3609 2815 utrumvis

2030 2844 2199 2912 magis
2232 2854 2446 2915 prepter
2473 2860 2531 2901 se
2556 2846 2951 2913 honorandum,
2985 2848 3086 2902 hoc
3114 2858 3168 2904 et
3196 2850 3390 2904 melius
3423 2858 3479 2903 et
3505 2850 3609 2904 eli-

2028 2934 2260 3004 gibilius.
2304 2935 2683 2992 Honorabihus
2713 2938 2895 3007 utique
2952 2937 3112 2994 fuerit
3168 2940 3461 2994 secundum
3521 2953 3603 3004 se,

2028 3024 2170 3096 quod
2217 3028 2353 3082 nihil
2397 3029 2537 3083 aliud
2586 3029 2780 3084 debeat
2820 3024 2983 3094 esse,
3014 3028 3234 3099 propter
3263 3046 3322 3085 se
3362 3033 3604 3100 eligimus

2029 3119 2221 3189 magis.
2245 3120 2507 3188 Amplius,
2529 3119 2873 3175 dividendum
2900 3124 3110 3191 quaties
3131 3121 3271 3191 quod
3299 3122 3603 3192 eligendum

336 3230 409 3295 ἐκ
437 3216 854 3273 circumstantia.
902 3218 966 3272 Et
991 3220 1131 3288 quod
1162 3234 1265 3274 non
1295 3212 1378 3273 est
1404 3219 1472 3273 ab
1504 3219 1608 3274 alio
1634 3219 1920 3290 exquirere
1948 3221 1995 3287 C
2029 3218 2111 3265 εει
2136 3209 2348 3275 diem".
2380 3217 2435 3265 ει
2462 3224 2685 3280 quorum
2714 3212 2905 3279 gratia.
2940 3221 2996 3265 ιη
3036 3212 3200 3277 utilis.
3243 3214 3326 3268 νει
3367 3213 3602 3279 limits“.

340 3324 501 3381 quam
532 3311 672 3380 quod
700 3321 781 3365 est
808 3319 864 3366 et
902 3311 971 3365 ab
997 3312 1124 3366 alio.
1182 3311 1347 3378 Quale
1374 3314 1597 3367 sustinet
1622 3313 1822 3381 justitia
1850 3315 1918 3371 ad
1952 3330 1960 3339 '

336 3400 726 3473 fortitudinem.
750 3394 839 3457 Et
868 3403 913 3458 si
945 3406 1045 3458 hoc
1074 3403 1291 3474 quidem
1319 3404 1436 3460 sine
1469 3406 1561 3459 illo
1590 3406 1918 3474 eligendum,

339 3492 466 3549 illud
495 3502 672 3549 autem
700 3493 816 3549 sine
845 3493 945 3549 hoc
975 3510 1102 3549 non.
1139 3494 1203 3549 Ut
1235 3504 1469 3564 potestas
1498 3497 1617 3552 sine
1640 3497 1921 3566 prudentia

332 3602 445 3655 non
466 3589 729 3658 eligenda,
758 3588 1038 3657 prudentia
1063 3603 1190 3643 vero
1221 3589 1338 3642 sine
1360 3598 1625 3657 potestate
1653 3590 1916 3659 eligenda.

338 3680 411 3736 Et
440 3679 684 3745 duorum,
716 3680 761 3735 si
790 3681 1013 3735 alterum
1052 3693 1334 3750 negamus,
1368 3688 1424 3733 ut
1452 3680 1710 3748 reliquum
1741 3680 1921 3736 videa-

330 3754 425 3828 tur
452 3773 603 3828 nobis
634 3774 829 3836 inesse.
851 3772 983 3827 illud
1006 3771 1295 3840 eligibilius
1323 3770 1465 3840 quod
1491 3771 1738 3825 volumus
1758 3770 1913 3826 nobis

328 3863 505 3935 .videri
550 3865 748 3918 inesse.
785 3862 852 3917 Ut
878 3864 1114 3916 laborem
1144 3863 1364 3933 diligere
1409 3877 1507 3917 nos
1548 3878 1826 3933 negamus,
1860 3871 1917 3919 ut

334 3956 599 4027 ingeniosi
620 3969 739 4011 esse
767 3954 1060 4009 videamur.
1090 3955 1356 4023 Amplius,
1380 3970 1475 4024 pro
1496 3956 1649 4025 cujus
1673 3957 1914 4012 absentia

326 4052 512 4123 [minus
557 4048 864 4118 increpandi
903 4057 1028 4103 sunt
1070 4050 1291 4104 moleste
1331 4049 1584 4115 ferentes,
1616 4051 1716 4107 hoc
1744 4053 1913 4121 magis

322 4142 656 4220 eligendum.
694 4142 761 4195 Et
786 4154 882 4209 pro
907 4138 1059 4208 cujus
1080 4140 1315 4194 absentia
1340 4156 1445 4195 non
1476 4143 1703 4198 moleste
1734 4142 1913 4198 feren-

334 4242 440 4290 tem
468 4232 634 4307 magis
659 4230 1062 4301 increpaudum,
1095 4230 1146 4284 id
1181 4230 1498 4300 eligibilius.

943 4341 1168 4397 CAPUT
1208 4342 1298 4398 III.

616 4436 718 4491 Alii
746 4437 1008 4501 meliorum
1035 4438 1489 4509 eligibiliorumque
1517 4439 1635 4493 loci.
1668 4490 1671 4491 ν
1892 4496 1893 4501 η

316 4573 326 4581 .
403 4528 689 4597 Amplius,
748 4542 933 4583 eorum
979 4542 1098 4596 quae
1145 4536 1269 4583 sunt
1326 4528 1427 4581 sub
1472 4527 1657 4583 eadem
1704 4528 1905 4597 specie,

329 4625 469 4696 quod
495 4624 653 4678 habet
683 4625 947 4692 pr0priam
979 4624 1252 4687 virtutem,
1285 4635 1353 4678 eo
1394 4622 1535 4691 quod
1586 4637 1692 4677 non
1719 4622 1903 4690 habet,

314 4718 567 4787 utrisque
608 4727 783 4783 autem
826 4714 1178 4778 habentibus.
1210 4713 1355 4784 quod
1388 4713 1553 4783 magis
1585 4714 1765 4780 habet,
1806 4716 1905 4770 eli-

312 4810 555 4881 ~gihilius.
590 4808 861 4877 Amplius,
886 4808 931 4861 si
963 4807 1063 4860 hoc
1101 4805 1316 4875 quidem
1361 4804 1489 4859 facit
1530 4806 1728 4860 bonum
1772 4806 1907 4861 illud

312 4904 414 4958 acui
443 4904 614 4966 adest,
647 4901 777 4955 illud
808 4912 990 4956 autem
1020 4914 1124 4953 non
1172 4897 1319 4965 facit,
1352 4899 1493 4968 quod
1531 4897 1659 4953 facit
1695 4898 1906 4969 eligibi-

328 4994 448 5049 lius.
499 4992 958 5059 Quemadmodum
1002 5000 1059 5046 et
1102 4989 1329 5045 calidius
1357 4990 1497 5060 quod
1538 4991 1800 5057 calefacit,
1837 5005 1904 5047 eo

325 5086 463 5155 quod
495 5100 620 5139 non.
663 5084 718 5140 Si
748 5094 927 5138 autem
961 5093 1244 5152 utrumque
1274 5080 1433 5149 facit,
1460 5082 1599 5150 quod
1632 5081 1801 5152 magis
1832 5080 1907 5134 fa-

324 5177 418 5241 cit,
450 5172 707 5246 autquod
740 5174 953 5239 melius,
987 5182 1043 5228 et
1072 5174 1418 5243 principalius
1445 5172 1570 5229 facit
1594 5173 1815 5240 bonum,
1848 5181 1906 5229 ut

320 5268 364 5321 si
397 5268 498 5322 huc
524 5268 737 5335 quidem
768 5267 1028 5331 animam,
1050 5265 1379 5322 illud‘aulem
1415 5281 1628 5337 corpus.
1663 5269 1905 5337 Amplius

304 5372 497 5414 'antem
546 5373 575 5412 a
607 5357 841 5422 casibus,
874 5369 929 5412 et
953 5357 1163 5430 usibus,
1195 5368 1250 5412 et
1277 5358 1595 5421 actionibus,
1639 5368 1694 5412 et
1723 5360 1903 5433 egueri-

320 5456 442 5517 hus,
484 5463 539 5506 et
582 5452 699 5505 haec
729 5452 797 5505 ab
825 5453 953 5506 illis.
990 5451 1299 5524 Sequuntur
1326 5452 1469 5504 enim
1499 5465 1619 5505 sese
1649 5450 1900 5519 invicem,

318 5555 379 5600 ut
414 5546 457 5598 si
482 5543 620 5613 quod
642 5544 782 5610 juste
804 5555 887 5598 est
916 5546 1202 5614 eligibilius
1228 5559 1386 5614 quam
1420 5546 1560 5611 quod
1594 5545 1817 5613 fortiter,
1849 5553 1903 5600 et

315 5633 860 5708 justitiafortitudine
887 5635 1193 5704 eligibilior,
1223 5643 1277 5689 et
1306 5635 1349 5689 si
1372 5634 1574 5702 justitia
1593 5650 1759 5711 quam
1790 5634 1900 5689 for-

321 5731 495 5783 titudo
524 5725 833 5807 eligibiliur,
865 5737 919 5781 et
954 5728 1096 5797 quod
1122 5727 1266 5795 juste
1305 5741 1461 5795 quam
1490 5728 1648 5801 quod,
1671 5726 1898 5807 fortiter.

320 5821 583 5897 Similiter
614 5804 873 5897 autemet
895 5820 946 5875 in
971 5819 1401 5899 aliis.Amplius,
1433 5819 1478 5903 si
1506 5822 1682 5892 aliquo
1709 5804 1900 5905 eodem

601 5908 877 5999 Panos.
925 5908 1138 6000 LXIV.

2026 3301 2110 3356 vel
2140 3299 2490 3359 delectabilis.
2531 3301 2660 3354 Nam
2693 3302 2836 3371 quod
2867 3303 2933 3356 ad
2979 3302 3159 3356 omnia
3205 3305 3288 3358 vel
3333 3306 3399 3357 ad
3451 3304 3604 3373 plura

2024 3402 2106 3449 est
2134 3394 2287 3458 utile,
2316 3391 2602 3463 eligibilius
2627 3392 2790 3448 fuerit
2816 3408 2881 3448 eo
2906 3397 3046 3463 quod
3074 3409 3180 3449 non
3211 3395 3308 3448 sic.
3340 3395 3397 3449 Si
3424 3406 3603 3451 autem

2023 3486 2209 3540 eadem
2244 3484 2484 3555 utrisque
2515 3484 2716 3552 insunt,
2750 3485 2853 3540 utri
2877 3480 3047 3553 magis
3073 3487 3237 3541 insint
3261 3487 3605 3541 consideran-

2024 3578 2172 3633 dum.
2225 3578 2293 3633 Ut
2336 3586 2511 3632 utrum
2553 3578 2871 3633 defeetabiie
2914 3593 2983 3633 an
3021 3578 3325 3649 honestum,
3369 3594 3435 3632 an
3476 3578 3605 3634 utile

2022 3666 2209 3741 magis.
2263 3670 2493 3726 Rursum
2542 3664 2685 3741 quad
2746 3680 2966 3741 propter
3016 3671 3237 3739 melius,
3294 3671 3601 3742 eligibilius.

2023 3763 2091 3820 Ut
2120 3768 2259 3833 quod
2290 3775 2511 3836 propter
2539 3766 2795 3819 virtutent
2823 3778 2981 3834 quam
3029 3764 3170 3834 quod
3201 3775 3416 3832 propter
3454 3764 3603 3819 dele-

2019 3859 2333 3914 etationem.
2366 3857 2626 3911 Similiter
2652 3868 2828 3910 autem
2854 3866 2910 3909 et
2932 3855 2985 3908 in
3014 3855 3294 3924 fugiendis.
3324 3854 3455 3909 Nam
3484 3871 3600 3910 ma-

2017 3949 2098 4017 gis
2140 3959 2224 4002 est
2265 3949 2568 4017 fugiendum
2611 3947 2753 4017 quod
2792 3946 2959 4016 magis
2995 3944 3215 4013 itnpedit
3250 3946 3508 4013 virtutes,
3540 3956 3602 4015 ut

2015 4038 2273 4108 agritudo
2303 4038 2646 4106 turpitudine,
2681 4052 2802 4091 nam
2831 4044 2884 4089 et
2908 4035 3194 4103 voluptatis
3220 4044 3274 4089 et
3299 4037 3415 4104 ejus
3452 4036 3599 4104 quod

2015 4140 2098 4184 est
2125 4129 2424 4184 studiosum
2454 4141 2596 4192 esse,
2641 4124 3012 4197 prohibentior
3040 4134 3123 4179 est
3153 4125 3434 4193 :egritudo.
3466 4126 3598 4178 Ama

2016 4221 2177 4292 plius,
2200 4236 2269 4274 ex
2297 4219 2644 4274 similitudine
2676 4216 2961 4272 monstrari
2986 4224 3161 4285 potest
3187 4216 3495 4285 fugiendum
3539 4225 3596 4271 et

2013 4312 2319 4383 eligendum
2348 4312 2489 4383 quod
2522 4312 2849 4382 propositum
2881 4318 2983 4366 est.
3037 4308 3167 4365 Nam
3194 4310 3369 4365 minus
3395 4310 3596 4380 eligens

2013 4404 2140 4460 dum
2172 4403 2496 4475 hujusmodi,
2529 4403 2666 4474 quod
2697 4416 2848 4473 reque
2877 4412 2932 4457 et
2961 4401 3183 4472 eligeret
3208 4400 3401 4472 aliquis
3430 4411 3483 4456 et
3510 4400 3594 4455 fu-

2013 4506 2187 4568 geret,
2212 4499 2381 4554 altero
2410 4496 2554 4566 quod
2586 4497 2887 4566 eligendum
2905 4504 2986 4550 est
3012 4503 3249 4558 tantum;
3276 4494 3343 4547 ad
3368 4508 3428 4547 se
3457 4491 3595 4548 invi-

1930 4586 2131 4649 Dcem
2187 4590 2347 4660 igitur
2400 4590 2831 4656 comparationes
2881 4585 3356 4658 (quemadmodum
3385 4585 3590 4643 dictum

2014 4686 2120 4754 est)
2149 4684 2468 4740 faciendum.

2621 4792 2857 4859 CAPUT.
2882 4792 2970 4849 IV.

2017 4872 2031 4953 ί
2050 4886 2127 4942 De
2148 4886 2391 4957 eligendis
2414 4895 2458 4940 et
2481 4885 2736 4957 fugiendis
2757 4886 3059 4939 documenta
3076 4925 3093 4951 ,
3119 4884 3219 4939 loci
3239 4897 3550 4940 communes.

2085 4980 2229 5036 Idem
2276 4972 2451 5035 autem
2480 4978 2602 5054 loci
2659 4978 2847 5045 utiles,
2894 4987 2950 5032 et
2993 4975 3060 5031 ad
3112 4976 3587 5032 demonstrandum

2013 5074 2244 5144 quodvis
2272 5071 2574 5143 eligendum
2605 5080 2659 5126 et
2701 5069 3030 5141 fugiendum.
3074 5067 3204 5123 Nam
3250 5068 3461 5124 auferre
3500 5081 3590 5122 so-

2013 5166 2122 5221 lum
2164 5181 2281 5221 eam
2324 5176 2536 5235 Oportet
2562 5164 2706 5234 (qua:
2743 5162 2810 5218 ad
2850 5164 3075 5217 alterum
3107 5160 3212 5233 est)
3241 5162 3589 5229 praeminen-

2014 5261 2171 5323 tiam;
2204 5259 2249 5312 si
2276 5258 2420 5312 enim
2448 5257 2588 5327 quod
2620 5254 3020 5319 bonorabilius,
3061 5252 3377 5323 eligibilius,
3408 5260 3461 5306 et
3490 5250 3589 5306 bo-

2013 5351 2252 5406 norabile
2272 5349 2597 5419 eligendum,
2636 5360 2691 5404 et
2711 5348 2756 5403 si
2778 5346 2918 5416 quod
2953 5345 3169 5410 utilius,
3197 5343 3511 5415 eligibilius,
3531 5348 3589 5398 et

2014 5444 2143 5498 utile
2164 5441 2491 5510 eligendum,
2522 5440 2770 5495 similiter
2797 5446 2976 5493 autem
3010 5443 3065 5490 et
3106 5438 3158 5489 in
3189 5435 3309 5489 aliis
3333 5449 3585 5504 quaecun—

2013 5552 2117 5606 que
2150 5532 2453 5604 hnjusmodi
2480 5532 2677 5586 habent
2704 5527 3181 5598 comparationem.
3219 5526 3279 5580 In
3316 5525 3586 5594 aliquibus

2012 5641 2185 5683 autem
2234 5624 2411 5679 statim
2459 5622 2752 5678 secundum
2800 5636 2918 5677 eam
2966 5634 3086 5689 quae
3128 5617 3195 5673 ad
3240 5618 3468 5673 alterum
3501 5627 3586 5673 est

2012 5718 2496 5789 comparationem,
2536 5724 2591 5769 et
2637 5714 2779 5783 quod
2820 5710 3121 5780 eligendum
3173 5720 3466 5778 utrumque
3498 5708 3583 5768 vel

2012 5815 2235 5872 alterum
2260 5796 2505 5868 dicimus.
2536 5806 2604 5864 Ut
2642 5805 2855 5879 quando
2882 5805 2987 5863 hoc
3029 5802 3249 5876 quidem
3274 5812 3460 5858 natura
3489 5802 3582 5858 bo-

2960 5921 3039 5984 ιο
3085 5951 3089 5955 .
