4290 6272
634 396 740 485 ea;

1865 346 2686 462 AN.MANL.ssv.BoETn

3796 347 3907 434 suo

644 560 797 613 pum,
835 536 957 593 illud
990 540 1164 588 autem
1209 543 1315 583 non
1344 534 1531 583 natura
1559 524 1755 580 bonum
1786 519 2012 576 dicimus
2048 531 2211 570 :nain
2241 514 2295 575 Α
2322 512 2565 580 voluptas
2609 507 2808 563 bonum
2854 503 2993 570 erit,
3045 508 3099 556 et
3142 513 3208 554 ex
3256 511 3320 552 eo
3363 493 3506 566 quod
3545 499 3626 547 est
3652 489 3902 546 similiter

1945 610 1976 613 "
2108 609 2118 613 ‘
2397 603 2443 613 "
2618 607 2630 613 ‘
2739 596 2751 608 '
2797 610 2853 613 κάξ
2903 593 3079 613 -υιλω
3118 588 3273 613 mula
3332 585 3459 613 Mam
3504 583 3601 613 ιι-ιὲο
3633 590 3682 613 ne
3721 579 3902 613 insani-

641 609 791 705 quod
804 639 992 685 natura
1021 626 1238 687 bonum,
1267 619 1604 675 manifestum
1632 613 1882 686 quoniam
1912 609 2243 680 eligendum'

641 736 743 785 est.
790 719 1122 780 Sumendum
1172 724 1350 770 autem
1397 726 1555 782 quam
1606 707 1833 763 maxime
1885 701 2218 759 universales

642 818 792 875 locos
837 814 905 868 de
946 827 1012 867 eo
1068 808 1207 880 quod
1259 816 1341 861 est
1393 803 1561 874 magis
1610 811 1664 856 et
1706 799 1913 863 minus,
1976 809 2096 849 nam
2142 792 2221 846 sic

643 906 843 977 sumpti
880 904 948 958 ad
977 903 1128 972 plura
1154 900 1313 954 utiles
1363 906 1539 953 erunt.
1577 891 1714 948 Fieri
1740 897 1916 945 autem
1958 891 2132 955 potest
2163 889 2223 936 ut

646 1012 833 1057 eorum
859 996 949 1065 qui
976 994 1100 1083 dic.ti
1125 998 1249 1051 sunt
1270 987 1527 1060 quosdam
1551 980 1886 1039 universales
1912 977 2079 1046 magis
2103 974 2223 1045 quis

648 1091 837 1154 faciat,
865 1067 1440 1156 parum'transmutans
1468 1075 1758 1132 secundum
1789 1067 2224 1141 appellationem.

650 1181 721 1239 Ut
745 1154 885 1249 quod
914 1188 1101 1231 natura
1130 1173 1257 1237 tale,
1284 1186 1349 1225 eo
1377 1167 1518 1239 quod
1551 1182 1654 1220 non
1684 1171 1871 1217 natura
1896 1158 2033 1225 tale,
2058 1154 2229 1224 magis

652 1245 779 1330 tale:
814 1273 879 1326 Et
905 1271 950 1325 si
980 1269 1082 1324 hoc
1120 1265 1335 1336 quidem
1367 1259 1522 1325 facit,
1566 1257 1696 1312 illud
1736 1264 1914 1309 autem
1958 1265 2063 1305 non
2105 1245 2230 1302 facit

652 1364 790 1435 quod
819 1362 977 1417 habet
1008 1358 1112 1410 tale
1138 1334 1436 1425 cuicunque
1466 1348 1591 1403 insit
1612 1390 1626 1415 ,
1660 1346 1827 1416 magis
1852 1342 1954 1397 tale
1980 1338 2121 1409 quod
2152 1334 2231 1391 in-

656 1433 862 1512 terdum
912 1451 1055 1514 facit,
1083 1448 1186 1503 tale
1234 1461 1392 1516 quam
1436 1442 1577 1511 quod
1624 1453 1733 1493 non
1778 1436 1922 1490 facit.
1968 1433 2023 1487 Si
2052 1438 2230 1485 autem

654 1559 938 1614 utrumque
968 1542 1122 1607 facit,
1157 1538 1297 1607 quod
1340 1536 1509 1605 magis
1552 1531 1682 1586 facit
1722 1528 1849 1583 tale.
1884 1523 2159 1593 Amplius,
2188 1531 2234 1573 Si

654 1640 842 1695 eodem
873 1636 1082 1704 aliquo,
1112 1632 1214 1685 huc
1240 1628 1452 1699 quidem
1483 1624 1671 1693 magis,
1698 1618 1826 1674 illud
1853 1625 2029 1671 autem
2058 1612 2234 1666 minus

657 1734 781 1788 tale.
816 1730 881 1785 Et
908 1702 1089 1783 siboc
1119 1724 1209 1778 tali
1251 1722 1417 1789 magis
1464 1719 1600 1784 tale,
1647 1714 1779 1769 illud
1822 1724 1950 1764 vero
1980 1702 2099 1760 non
2145 1703 2237 1761 tali

657 1823 792 1886 tale,
824 1816 1162 1874 manifestum
1192 1813 1445 1882 quoniam
1484 1808 1715 1878 primum
1757 1800 1923 1871 ntagis
1950 1800 2077 1855 tale.
2110 1794 2238 1848 Am-

2321 579 2537 674 quidem
2581 607 2638 654 et
2682 596 2856 651 minus
2896 593 3083 649 eodem
3117 588 3295 645 modo.
3330 585 3462 641 Nam
3503 583 3607 639 erit
3632 590 3687 637 et
3721 579 3906 635 interi-

2324 711 2472 753 mere
2528 703 2584 750 et
2622 703 2964 756 construere;
3012 694 3377 742 verumtamen
3424 696 3489 735 ex
3531 693 3596 733 eo
3638 674 3778 747 quod
3827 682 3911 727 est

2324 788 2597 853 similiter,
2628 797 2886 855 utraque;
2916 798 2979 839 ex
3014 784 3190 834 minus
3237 787 3415 830 autem
3466 780 3780 827 construere
3824 783 3911 822 so-

2326 879 2457 941 lum,
2492 876 2768 930 destruere
2788 880 2964 927 autem
2993 884 3097 923 non
3128 886 3138 919 :
3169 863 3213 919 si
3244 863 3386 918 enim
3410 860 3657 916 similiter
3681 865 3913 926 potestas

2328 969 2571 1041 quadam
2619 968 2813 1023 bonum
2850 971 2905 1018 et
2950 957 3270 1029 disciplina,
3315 962 3399 1008 est
3446 960 3625 1006 autem
3673 948 3916 1020 qumdam

2332 1071 2566 1134 potestas
2596 1060 2789 1115 bonum
2819 1064 2873 1111 et
2900 1052 3210 1122 disciplina;
3239 1047 3485 1101 siautem
3510 1043 3653 1097 nulla
3683 1049 3920 1110 potestas

2332 1154 2529 1209 bonum
2564 1166 2661 1206 nec
2692 1147 2966 1213 disciplina
2988 1187 3006 1216 ,
3036 1146 3079 1197 si
3125 1150 3302 1195 autem
3332 1137 3507 1192 minus
3545 1133 3786 1202 quaedam
3822 1126 3918 1199 pb-

2331 1255 2495 1301 testas
2531 1244 2727 1297 bonum
2770 1252 2927 1308 quam
2973 1232 3283 1303 disciplina,
3325 1232 3406 1283 est
3443 1232 3619 1279 autem
3667 1222 3920 1293 quasdam

2336 1318 2577 1404 potestas
2607 1334 2803 1387 bonum
2836 1340 2887 1383 et
2930 1324 3211 1394 disciplina
3237 1338 3252 1381 ς
3282 1322 3336 1373 at
3373 1330 3502 1373 vero
3542 1314 3587 1370 si
3633 1312 3773 1368 nulla
3823 1323 3927 1380 po-

2336 1402 2500 1487 testas
2531 1427 2746 1488 bonum,
2782 1436 2885 1475 non
2916 1429 3137 1472 necesse
3166 1422 3250 1467 est
3273 1422 3327 1465 et
3355 1406 3691 1475 disciplinam
3722 1402 3928 1457 nullam

2338 1533 2459 1573 esse
2488 1516 2683 1571 bonum
2719 1530 2732 1569 :
2769 1508 3107 1565 manifesmm
3136 1504 3294 1573 igitur
3322 1501 3572 1570 quoniam
3616 1497 3931 1549 construere

2339 1608 2513 1664 solum
2557 1622 2618 1661 ex
2664 1618 2728 1661 eo
2769 1600 2911 1671 quod
2946 1597 3121 1653 minus
3148 1601 3248 1648 est.
3281 1591 3393 1645 Non
3441 1589 3613 1643 solum
3649 1594 3825 1639 autem
3862 1596 3929 1639 ex

2343 1700 2447 1753 alio
2475 1712 2674 1769 genere
2703 1704 2785 1750 eat
2825 1693 3134 1753 destruere,
3166 1696 3346 1739 verum
3376 1689 3429 1737 et
3458 1695 3525 1736 ex
3556 1678 3777 1743 eodem,
3804 1671 3929 1731 dunt

2310 1842 2314 1846 .
2343 1762 2509 1846 sumit
2535 1789 2655 1858 quis
2684 1784 2825 1857 quod
2856 1783 3084 1838 maxime
3111 1779 3215 1841 tale
3240 1784 3342 1831 est.
3378 1772 3447 1829 Ut
3490 1770 3535 1827 si
3581 1772 3813 1843 positum
3849 1762 3933 1825 est

657 1867 797 1985 plin;
822 1927 885 1966 ex
915 1867 1223 1972 additione:
1252 1908 1295 1958 si
1322 1867 1502 1958 eideni
1522 1898 1760 1952 additum
1784 1936 1798 1960 ,
1829 1867 2043 1963 aliquod
2074 1894 2242 1942 totum
2274 1886 2325 1955 Β
2350 1881 2626 1953 disciplina
2657 1876 2901 1949 qumdam
2941 1877 3170 1938 bonum,
3218 1867 3533 1925 ostendatur
3576 1875 3753 1919 autem
3799 1876 3935 1933 quos

2010 1981 2021 1985 ·
2139 1976 2150 1985 ·
2178 1977 2208 1985 ³·
2394 1976 2406 1985 ·
2647 1974 2658 1985 ·
2738 1972 2773 1985 η’
2976 1970 2987 1985 ·
3020 1981 3031 1985 ι
3086 1982 3165 1985 μη
3244 1975 3339 1985 ..-Α
3382 1961 3481 1985 λιι..
3518 1957 3614 1985 ..ειη
3645 1957 3743 1985 ..-πο
3809 1955 3934 1985 ηυξ,

667 1976 836 2074 inagis
870 2002 974 2055 tale
1004 1998 1161 2062 facit,
1194 2004 1286 2050 aut
1313 1995 1356 2047 si
1383 1992 1435 2047 ei
1461 1988 1602 2060 quod
1629 1987 1810 2043 minus
1838 1992 1922 2039 est
1952 1981 2059 2035 tale
2088 1976 2256 2052 addi-p

660 2111 795 2163 tum,
844 2104 1010 2150 totum
1043 2089 1211 2158 magis
1243 2088 1347 2143 tale
1394 2085 1541 2140 facit.
1586 2076 1846 2136 Similiter
1876 2082 2061 2129 autem
2099 2081 2154 2128 et
2179 2086 2246 2126 ex

662 2190 965 2252 ablatione,
993 2200 1113 2240 nam
1137 2197 1242 2252 quo
1265 2180 1441 2234 ablato
1466 2175 1690 2242 reliquis
1710 2214 1724 2239 ,
1771 2171 2034 2240 reliquum
2071 2166 2247 2220 minus

664 2284 795 2345 tale,
842 2281 1017 2349 ipsum
1055 2275 1221 2344 magis
1252 2272 1373 2327 tale.
1409 2270 1475 2324 Et
1504 2282 1623 2338 quae
1652 2263 1937 2319 contrariis
1980 2266 2105 2314 sunt
2145 2257 2248 2311 im-

664 2373 1041 2446 permixtiora,
1091 2366 1257 2437 magis
1300 2362 1442 2419 talia.
1494 2361 1562 2416 Ut
1606 2359 1781 2414 albius
1826 2352 2044 2424 quidem
2087 2350 2247 2418 nigro

668 2466 1079 2538 impcrmixtius.
1128 2459 1404 2538 Amplius,
1445 2464 1635 2524 praeter
1678 2468 1741 2507 ea
1777 2465 1896 2521 qure
1939 2447 2079 2502 dicta
2122 2452 2251 2500 sunt

669 2536 844 2629 prius.
876 2557 1017 2625 quod
1055 2552 1223 2621 magis
1248 2536 1471 2615 suscipit
1496 2544 1764 2629 propriam
1795 2540 2054 2613 propositi
2087 2538 2252 2592 ratio-

670 2668 809 2708 nem.
850 2650 916 2704 Ut
945 2650 987 2701 si
1016 2648 1120 2701 albi
1164 2654 1248 2699 est
1276 2642 1413 2697 ratio
1440 2622 1592 2695 color
1635 2634 2026 2705 disgregativus
2068 2630 2250 2698 visus,

669 2742 891 2797 albinris
916 2746 1030 2804 est,
1061 2737 1210 2791 eolor
1250 2733 1418 2802 magis
1454 2726 1846 2800 disgregativus
1873 2726 2039 2779 visus.
2073 2722 2130 2778 Si
2159 2736 2255 2775 au-

672 2845 779 2890 tem
830 2829 1241 2903 particulariter,
1289 2834 1342 2881 et
1391 2838 1500 2878 non
1550 2817 1924 2875 universaliter
1976 2813 2253 2883 problema

672 2934 920 2994 ponatur,
950 2922 1178 2992 primum
1206 2916 1420 2988 quidem
1448 2912 1577 2969 dicti
1607 2908 1980 2966 universaliter
2010 2913 2254 2961 constru-

674 3019 799 3077 ctivi
836 3018 917 3073 vel
951 3013 1268 3071 destructivi
1299 3009 1400 3063 loci
1427 3020 1613 3062 omnes
1641 3003 1824 3060 utiles.
1870 2996 2257 3056 Universaliter

678 3112 822 3167 cnim
872 3107 1244 3163 interimentes
1284 3100 1367 3155 vel
1404 3102 1815 3161 construentes,
1843 3101 1897 3147 et
1924 3085 2261 3160 particulari-

676 3219 759 3267 ter
805 3216 1165 3260 monstramus
1198 3216 1211 3253 ε
1244 3211 1366 3253 nam
1397 3194 1443 3249 si
1468 3191 1614 3247 omni
1641 3192 1801 3254 inest,
1828 3196 1882 3241 et
1917 3182 2109 3248 alicui,
2133 3187 2188 3236 et
2216 3178 2265 3233 si

2356 1976 2495 2031 niam
2530 1972 2807 2044 prudentia
2840 1985 2944 2024 non
2976 1970 3170 2022 bonum
3195 2009 3209 2032 ,
3243 1975 3341 2017 nec
3382 1961 3486 2014 alia
3518 1957 3617 2014 ulla
3644 1957 3776 2025 erit,
3809 1955 3935 2025 quia

2354 2084 2454 2123 nec
2482 2083 2599 2137 quae
2628 2063 2861 2119 maxime
2900 2059 3129 2115 videtur.
3163 2055 3402 2123 Amplius
3425 2092 3437 2115 ,
3467 2064 3531 2106 ex
3572 2044 3937 2119 suppositione

2355 2144 2602 2214 similiter
2634 2154 2991 2225 postulantem
3046 2146 3089 2203 si
3120 2146 3207 2201 uni
3237 2151 3286 2200 et
3315 2142 3458 2198 omni
3511 2140 3686 2195 inesse
3722 2139 3805 2193 vel
3836 2128 3938 2194 non

2357 2252 2555 2307 inesse.
2589 2247 2656 2305 Ut
2683 2248 2725 2303 si
2770 2243 2998 2300 hominis
3030 2240 3207 2295 anima
3252 2234 3597 2298 immortalis,
3628 2239 3681 2287 et
3709 2232 3865 2295 alias;
3895 2229 3941 2286 si

2358 2353 2536 2397 autem
2568 2340 2681 2395 haec
2706 2354 2813 2392 non
2835 2380 2849 2403 ,
2880 2349 2977 2389 nec
3003 2332 3155 2387 alias.
3188 2328 3243 2385 Si
3278 2328 3434 2398 igitur
3462 2326 3637 2381 inesse
3663 2322 3821 2378 alicui
3851 2334 3943 2391 po-

2356 2435 2516 2509 situm
2548 2440 2662 2497 est,
2703 2425 3090 2483 ostendendum
3119 2421 3371 2492 quoniam
3417 2416 3575 2472 alicui
3622 2424 3727 2468 non
3766 2415 3941 2479 inest,

2361 2541 2482 2580 nam
2511 2527 2871 2591 consequetur
2899 2534 2995 2588 per
3026 2512 3343 2586 hypetliesin
3377 2510 3507 2565 nulli
3538 2510 3742 2571 inesse;
3775 2507 3817 2561 si
3850 2502 3946 2560 au-

2362 2627 2471 2673 tem
2494 2617 2650 2671 alicui
2678 2628 2783 2668 non
2807 2611 2981 2666 inesse
3009 2608 3236 2677 positum
3265 2614 3343 2658 eat
3360 2644 3377 2669 ,
3402 2597 3790 2655 Ostendendum
3813 2611 3946 2667 quos

2368 2711 2512 2765 niam
2544 2707 2686 2759 inest
2710 2700 2899 2765 alicui,
2934 2713 3053 2752 nam
3084 2704 3139 2751 et
3183 2697 3263 2750 sic
3306 2700 3662 2761 consequetur
3701 2687 3947 2744 omnibus

2366 2801 2567 2863 inesse.
2600 2792 2937 2850 Manifestum
2970 2789 3130 2862 igitur
3157 2794 3240 2841 est
3259 2783 3401 2856 quod
3424 2784 3513 2854 qui
3537 2780 3818 2853 hypatliesi
3849 2780 3948 2833 otia

2366 2902 2472 2961 tur,
2527 2889 2654 2944 facit
2696 2884 2973 2957 problema
3020 2878 3321 2935 universale
3368 2874 3759 2946 particulariter
3803 2868 3949 2943 posi-L

2368 2994 2518 3047 tum;
2576 2995 2699 3036 nam
2758 2974 3149 3047 particulariter
3189 2968 3533 3024 confitentem
3577 2954 3951 3020 universaliter

2372 3072 2665 3147 postulabit
2691 3066 2963 3129 confiteri,
2991 3078 3056 3119 eo
3087 3060 3227 3133 quod
3285 3058 3375 3113 uni
3429 3068 3481 3113 et
3526 3058 3670 3113 omni
3708 3053 3953 3111 similiter

2376 3163 2724 3237 postulaverit
2748 3162 2943 3215 inesse.
2975 3156 3105 3211 Cum
3135 3160 3312 3207 autem
3342 3148 3675 3206 indelinitutn
3718 3156 3799 3203 est
3829 3158 3953 3215 pro-

680 3240 749 3267 ws
805 3240 1164 3260 “lunata-auus:
1198 3240 1211 3253 ι
1245 3240 1366 3253 u—u-
1397 3240 1443 3249 ν-
1472 3240 1614 3247 ν-μ---
1642 3240 1801 3254 ,ην-,ν
1842 3240 1847 3241 ,
2095 3240 2107 3248 ν

678 3300 809 3355 nulli
849 3299 1022 3359 inest,
1052 3308 1149 3347 nec
1183 3288 1367 3344 alicui.
1397 3284 1626 3341 Maxime
1670 3289 1849 3334 autem
1891 3272 2173 3346 opportuni
2214 3277 2268 3325 ct
2380 3259 2695 3322 hiematum
2718 3251 2875 3307 ιιιοάο
2895 3248 3171 3303 (16511⁵ΰὲΐὲ
3190 3247 3470 3314 contingit.
3496 3242 3563 3299 Ut
3584 3244 3627 3297 si
3650 3240 3955 3296 dixeritvo-

2373 3352 2387 3359 ‘
2665 3349 2676 3359 '
2908 3357 2944 3359 ν-
3000 3358 3003 3359 ν
3068 3356 3083 3359 »
3109 3338 3146 3359 Α·
3182 3352 3280 3359 μΑ-
3311 3338 3504 3359 ιαμ--.η
3574 3346 3618 3359 Α.
3654 3331 3780 3359 ..ιιςι
3810 3328 3954 3359 nn“...

679 3401 989 3445 communes
1012 3384 1116 3438 loci
1134 3423 1149 3443 ,
1177 3382 1264 3449 qui
1298 3387 1423 3432 sunt
1451 3391 1514 3432 ex
1543 3371 1828 3443 Oppositis,
1859 3378 1913 3422 et
1940 3361 2258 3434 coniugatis,

682 3493 736 3536 et
763 3479 995 3533 casibus.
1032 3474 1165 3527 Nam
1206 3469 1452 3524 similiter
1494 3462 1770 3534 probabile
1808 3468 1890 3515 est
1918 3458 2263 3519 existimare,

681 3574 726 3629 si
762 3569 937 3625 omnis
979 3566 1227 3631 voluptas
1255 3561 1450 3613 bunum
1470 3596 1486 3620 ,
1519 3565 1573 3611 et
1604 3552 1873 3609 tristitiam
1903 3561 2116 3603 onmem
2148 3559 2264 3598 ma-

682 3668 790 3723 lum
822 3678 978 3727 esse,
1010 3670 1066 3716 et
1092 3658 1137 3714 si
1169 3656 1345 3721 aliqua
1373 3652 1618 3718 voluptas
1646 3647 1877 3708 bonum,
1909 3652 1963 3696 et
1995 3636 2265 3694 tristitiam

685 3759 916 3825 aliquam
946 3765 1065 3807 esse
1096 3746 1313 3803 malum.
1349 3742 1477 3798 Item
1516 3740 1561 3797 si
1605 3735 1801 3805 aliquis
1833 3745 2022 3788 sensus
2048 3743 2152 3783 non
2183 3736 2267 3782 est

686 3823 957 3917 potestas,
988 3851 1041 3897 et
1069 3834 1454 3894 insensibilitas
1480 3830 1723 3901 quaedam
1756 3841 1861 3880 non
1892 3832 1974 3878 eet
2003 3823 2265 3890 impoten-

688 3908 793 4001 iia,
819 3944 876 3991 et
903 3908 951 3990 si
995 3928 1260 4002 quoddam
1301 3925 1576 3994 Opinatum
1619 3915 2052 3981 disciplinatum,
2085 3908 2269 3976 Opinio

690 4028 932 4099 quaedam
981 4020 1296 4090 disciplina;
1342 4029 1554 4070 rursum
1601 4010 1649 4065 si
1691 4005 1905 4077 aliquod
1945 4003 2271 4072 injustarum

686 4092 888 4177 bonum
908 4159 923 4182 ,
956 4127 1009 4172 et
1035 4115 1302 4185 iustorum
1333 4105 1547 4175 aliquod
1579 4104 1811 4168 malum,
1840 4107 1894 4153 et
1930 4092 2144 4165 aliquod
2172 4107 2268 4147 eo-

689 4226 809 4267 rum
835 4223 955 4279 quae
988 4184 1183 4275 injuste
1219 4201 1538 4263 malum,.et
1581 4191 1792 4261 aliquod
1823 4202 2007 4245 eorum
2038 4199 2159 4255 qua:
2190 4184 2275 4237 in-

689 4264 831 4375 iuste
854 4264 1067 4355 'bonun't
1086 4336 1099 4360 ,
1127 4303 1183 4351 et
1207 4293 1251 4348 si
1276 4289 1543 4361 quoddam
1576 4280 1895 4338 delectabile
1921 4276 2230 4347 fugiendum
2251 4316 2273 4347 ι
2296 4264 2303 4275 ’

691 4369 745 4451 et
786 4390 1069 4449 delectatio
1112 4383 1352 4456 quaedam
1399 4376 1677 4447 fugienda,
1706 4369 1999 4429 secundum
2038 4370 2154 4422 tunc
2179 4382 2277 4420 au-

692 4500 799 4545 tem
846 4494 901 4541 et
940 4484 986 4538 si
1031 4478 1246 4550 aliquod
1275 4470 1594 4531 delectabile
1627 4466 1785 4531 utile,
1816 4459 2101 4519 delectatio
2130 4474 2277 4529 quae.

695 4585 815 4638 dam
862 4578 1031 4634 utilis.
1080 4574 1150 4630 Et
1196 4572 1252 4628 in
1295 4563 1616 4636 oorruptivis
1649 4569 1860 4626 autem,
1886 4564 1940 4611 et
1974 4553 2278 4626 generatio-

2373 3352 2633 3423 luptatetn
2664 3349 2862 3402 bonum
2894 3357 3043 3408 esse,
3068 3338 3149 3395 vel
3180 3352 3284 3393 non
3310 3338 3506 3391 bonum
3528 3376 3543 3399 ,
3570 3346 3621 3389 et
3651 3331 3780 3387 nihil
3808 3328 3959 3387 aliud

2376 3421 2662 3515 quidquam
2707 3431 3178 3500 determinaverit,
3229 3443 3347 3483 nam
3397 3428 3442 3482 si
3486 3426 3711 3493 aliquam
3765 3421 3959 3491 volup.

2378 3512 2542 3589 tatem
2582 3530 2777 3585 dixerit
2805 3527 3005 3581 bonum
3032 3535 3154 3578 esse
3173 3562 3187 3587 ,
3219 3514 3605 3573 ostendendum
3633 3512 3961 3568 universali-

2378 3634 2461 3680 ter
2491 3619 2633 3693 quod
2664 3618 2829 3687 nulla,
2860 3617 2903 3672 si
2935 3614 3126 3670 debeat
3156 3609 3385 3667 interimi
3417 3606 3781 3681 propositum;
3812 3605 3963 3661 simi—
4030 3668 4039 3675 ν

2379 3716 2502 3772 liter
2525 3724 2701 3768 autem
2730 3724 2785 3767 et
2807 3711 2852 3764 si
2874 3708 3103 3779 aliquam
3129 3702 3325 3762 diserit
3351 3704 3678 3772 voluptatem
3708 3710 3812 3755 non
3841 3710 3964 3753 esse

2377 3810 2594 3872 bonum,
2618 3801 3005 3859 ostendendum
3030 3795 3398 3853 universaliter
3418 3792 3559 3865 quod
3582 3791 3785 3856 omnis;
3809 3790 3965 3844 aliter

2378 3914 2507 3954 vero
2535 3912 2640 3951 non
2669 3892 2928 3964 contingit
2960 3890 3262 3945 interimere
3284 3928 3299 3952 ,
3332 3896 3453 3939 nam
3497 3885 3539 3938 si
3571 3869 3967 3937 ostenderimus

2383 3991 2635 4061 quoniam
2667 3992 2750 4041 est
2778 3983 3021 4055 quaedam
3081 3981 3324 4047 voluptas
3371 3974 3566 4028 bonum
3606 3973 3689 4027 vel
3727 3984 3833 4025 non
3871 3966 3968 4023 bo-

2384 4056 2547 4146 num,
2579 4078 2811 4133 nomium
2861 4070 3181 4127 interimitur
3229 4068 3585 4136 prepositum.
3631 4056 3968 4116 Manifestum

2376 4164 2546 4243 igitur
2574 4168 2822 4239 quoniam
2852 4162 3161 4218 interimere
3187 4158 3400 4229 quidem
3429 4170 3533 4210 uno
3560 4153 3716 4208 modo
3743 4151 3969 4216 dicitur,

2382 4273 2696 4319 construere
2726 4268 2900 4313 autem
2929 4252 3211 4322 dupliciter
3247 4264 3261 4305 :
3292 4250 3405 4304 sive
3429 4246 3568 4303 enim
3597 4244 3973 4299 universaliter

2386 4354 2784 4412 ostenderimus
2845 4349 2986 4418 quod
3034 4344 3212 4401 omnis
3264 4343 3509 4411 voluptas
3564 4339 3798 4403 bonum,
3857 4338 3974 4392 sive

2391 4446 2533 4518 quod
2577 4453 2659 4498 cst
2703 4442 2944 4512 quaedam
2994 4440 3238 4508 voluptas
3277 4436 3507 4499 bonum,
3551 4442 3824 4487 ostensum
3871 4428 3975 4483 erit

2392 4538 2533 4609 quod
2565 4536 2895 4608 propositum
2924 4544 3025 4588 est.
3056 4530 3316 4587 Similiter
3353 4535 3539 4581 autem
3560 4523 3688 4579 etsi
3730 4528 3976 4591 oporteat

695 4611 815 4638 IEIIII
864 4611 1031 4634 utIll‘lo
1080 4611 1150 4630 In.
1198 4611 1252 4628 u-
1296 4611 1611 4636 vva-wrw-v——
1652 4611 1782 4614 -.ηπ
1844 4611 1860 4626 υ
1974 4611 2003 4626 υ

694 4674 852 4729 nibus
873 4711 887 4735 ,
918 4679 973 4724 et
1008 4661 1439 4733 corruptionibus
1483 4654 1747 4709 similiter.
1796 4649 1926 4705 Nam
1967 4647 2014 4701 si
2055 4644 2277 4716 aliquod
2305 4625 2367 4697 Ὠ
2389 4630 2660 4687 disserere
2695 4625 2837 4697 quod
2872 4632 2955 4679 est
2977 4622 3217 4691 quadam
3260 4621 3500 4687 voluptas
3534 4630 3640 4671 non
3667 4614 3901 4679 bonum
3929 4611 3978 4668 si

2464 4728 2477 4735 λ
2570 4721 2611 4735 ιγ
2653 4720 2695 4735 ·η
2732 4730 2785 4735 η-
2836 4728 2928 4735 at-“
2955 4714 2967 4735 ι
3010 4713 3145 4735 --.ειη
3195 4713 3391 4735 και-ι...-
3456 4707 3539 4735 ..ιιὶ
3565 4705 3702 4735 ...ι-ιιι
3730 4702 3977 4735 ...ια-Λα.-

696 4762 1060 4831 corruptivum
1089 4752 1461 4813 delectationis
1490 4748 1574 4803 vel
1606 4744 1900 4813 disciplinae
1931 4741 2128 4795 bonum
2157 4748 2273 4809 est,

700 4860 802 4913 erit
837 4853 1081 4925 quaadam
1113 4844 1395 4905 delectatio
1436 4841 1517 4896 vel
1550 4837 1830 4907 disciplina
1872 4834 2163 4893 malorum;
2202 4831 2279 4886 si-

697 4922 896 5009 militer
943 4956 1121 5000 autem
1172 4949 1226 4994 et
1273 4937 1320 4994 si
1370 4933 1641 5002 corruptio
1687 4928 1930 5000 quaedam
1978 4922 2277 4994 disciplinae

698 5047 985 5104 bonorum,
1007 5036 1089 5091 vel
1112 5033 1389 5106 generatio
1413 5028 1693 5089 malorum,
1721 5025 1822 5080 erit
1842 5020 2083 5092 quaedam
2114 5018 2277 5072 disci—

699 5135 842 5205 plina
872 5129 1152 5191 malorum.
1185 5124 1253 5180 Ut
1279 5123 1324 5177 si
1356 5119 1594 5175 oblivisci
1627 5130 1743 5183 quae
1782 5112 1903 5185 quis
1946 5109 2121 5179 turpia
2167 5110 2281 5178 egit

702 5228 962 5285 bonorum
988 5228 1098 5284 est,
1130 5215 1215 5275 vel
1243 5213 1507 5269 reminisci
1540 5207 1798 5263 malorum
1818 5245 1833 5271 ,
1860 5201 1961 5257 erit
1988 5200 2127 5255 scire
2155 5215 2277 5268 qua:

704 5321 824 5389 quis
847 5316 1018 5385 turpia
1042 5313 1169 5383 egit,
1196 5308 1477 5365 malorum.
1505 5300 1760 5358 Similiter
1781 5305 1959 5352 autem
1982 5305 2035 5350 et
2057 5292 2109 5349 in
2134 5292 2281 5361 aliis,

786 5408 1035 5476 omnibus
1060 5396 1201 5462 enim
1232 5394 1794 5467 similiter'probaliile.
1839 5388 2084 5460 Amplius
2112 5404 2178 5444 ea
2213 5402 2284 5443 eo

703 5503 845 5573 quod
874 5510 956 5567 est
978 5499 1146 5569 magis
1169 5506 1223 5553 et
1245 5494 1449 5559 minus,
1475 5500 1527 5549 et
1557 5488 1836 5551 similiter;
1867 5485 1913 5540 si
1939 5483 2079 5539 enim
2108 5480 2282 5552 magis

703 5595 918 5664 quidem
948 5605 1134 5649 eorum
1161 5603 1282 5659 quae
1306 5595 1430 5643 sunt
1459 5600 1525 5641 ex
1553 5582 1659 5637 alio
1684 5594 1879 5652 genere
1914 5575 2110 5646 aliquid
2143 5575 2282 5640 tale,

706 5686 916 5751 illorum
948 5694 1124 5739 autem
1154 5681 1283 5736 nihil
1311 5688 1422 5743 est,
1452 5691 1623 5749 neque
1664 5672 1805 5743 quod
1836 5672 2036 5727 dictum
2064 5676 2148 5721 est
2178 5667 2289 5721 erit

708 5775 834 5829 tale.
868 5774 935 5831 Ut
961 5776 1012 5846 si
1037 5774 1204 5845 magis
1243 5770 1456 5840 quidem
1489 5768 1767 5833 disciplina
1809 5762 2052 5832 quoidam
2081 5757 2283 5813 bonum

706 5870 866 5929 quam
900 5862 1178 5929 voluptas.
1218 5860 1361 5920 nulla
1394 5868 1567 5915 autem
1610 5848 1895 5925 disciplina
1923 5850 2152 5915 bonum,
2183 5862 2298 5905 nec.

2397 4720 2789 4778 ostenderimus
2829 4714 2968 4784 quod
3009 4713 3153 4769 nulla
3195 4713 3391 4765 bonum
3412 4749 3425 4772 ,
3456 4707 3539 4761 vel
3564 4705 3704 4775 quod
3730 4702 3979 4774 quadarn

2394 4826 2501 4869 non
2529 4806 3104 4876 bonum,ostendeotes
3122 4804 3324 4859 erimus
3348 4806 3726 4868 utrumque,et
3753 4795 3983 4850 univer-

2390 4905 2585 4961 ‘saliter
2621 4911 2675 4957 et
2706 4898 3116 4971 particulariter,
3148 4893 3289 4964 quod
3319 4902 3402 4947 est
3446 4889 3687 4961 qttmdatn
3730 4887 3983 4955 voluptas

2404 5011 2510 5051 non
2540 4995 2760 5047 bonum.
2800 4991 2934 5045 Cum
2974 4996 3153 5042 autem
3181 4985 3533 5041 determinat:
3559 4979 3721 5035 fuerit
3748 4977 3984 5047 positio,

2390 5085 2683 5154 dupliciter
2708 5083 3014 5137 interimere
3033 5080 3152 5135 erit.
3177 5077 3243 5133 Ut
3265 5078 3315 5131 at
3337 5082 3559 5143 iuuatur
3577 5069 3740 5126 alicui
3766 5067 3987 5138 quidem

2397 5177 2578 5232 inesse
2596 5174 2855 5244 voluptati
2880 5174 3077 5229 bonum
3092 5179 3234 5235 esse,
3252 5165 3413 5222 alicui
3434 5172 3612 5219 autem
3638 5176 3747 5217 non
3771 5161 3984 5216 inesse:

2401 5282 2525 5322 nam
2575 5266 2694 5321 sive
2732 5267 2903 5322 omnis
2941 5261 3255 5318 ostendatu
3305 5257 3552 5327 voluptas
3598 5254 3832 5317 bonum,
3876 5251 3989 5306 sive

2390 5360 2570 5431 nulla,
2597 5362 2977 5427 interemptum
2995 5356 3099 5410 erit
3133 5353 3502 5424 propositum;
3539 5348 3589 5404 si
3618 5354 3799 5401 autem
3828 5356 3987 5399 unam

2394 5454 2575 5508 solam
2619 5452 2945 5518 voluptatem
2986 5445 3227 5518 posuesit
3270 5434 3471 5499 bonum
3519 5453 3674 5505 esse,
3707 5434 3990 5507 triplicita'

2400 5546 2663 5614 contingit
2702 5541 3010 5596 interimere
3041 5555 3057 5593 :
3097 5551 3221 5592 nam
3266 5533 3615 5592 ostendentes
3640 5528 3791 5601 quod
3814 5524 3990 5582 omnis

2394 5649 2486 5701 vel
2521 5646 2658 5701 nulla
2688 5687 2702 5712 ,
2726 5644 2811 5700 vel
2839 5641 2981 5712 quod
3010 5642 3187 5711 plures
3210 5654 3370 5710 quam
3400 5651 3505 5693 una
3535 5636 3761 5701 bonum,
3796 5628 3985 5690 interi-

2398 5739 2615 5804 mentes
2639 5746 2836 5802 erimus
2861 5744 3003 5815 quod
3036 5742 3365 5815 propositum
3391 5750 3492 5797 est.
3519 5739 3577 5793 in
3596 5735 3835 5809 pluribus
3855 5742 3996 5789 vero

2387 5846 2691 5919 positione
2717 5844 3066 5903 determinata
3105 5844 3206 5937 (ut
3246 5840 3388 5935 quod
3432 5837 3717 5909 prudentia
3764 5832 3875 5896 sola
3908 5840 3993 5892 est
