4290 6272
396 389 495 459 uti

1295 386 1682 469 rortconuu
1725 385 2177 477 Anrsrornus
2216 421 2799 492 lNTERPRETA‘l‘IO.

3590 451 3695 507 942

406 518 657 574 tirtutum
671 517 941 589 scientia),
962 524 1382 593 quadrupliciter
1402 536 1485 582 est
1506 529 1833 587 interimere.
1864 535 1995 591 Nam
2016 512 2076 600 Α
2103 537 2227 591 tiam
2259 539 2311 592 in
2339 539 2516 610 aliquo
2546 559 2651 597 non
2684 548 2780 601 sic.
2814 551 3086 620 Amplius,
3120 569 3173 610 ιη
3203 555 3401 625 quibus
3440 563 3698 629 possibile

380 618 614 663 "ISIOIISO
644 610 785 679 quod
828 614 1001 667 omnis
1031 613 1199 669 virtus
1224 618 1442 673 scientia
1463 661 1479 685 ,
1507 622 1591 676 vel
1635 623 1776 691 quod
1809 627 1985 696 nulla,

388 703 480 756 vel
524 704 667 772 quod
714 715 769 759 et
805 706 907 759 alia
951 708 1124 776 aliqua
1158 719 1216 764 ut
1241 710 1482 781 justitia,
1516 717 1597 770 vel
1626 717 1766 786 quod
1798 720 1988 776 eadem

392 796 709 866 prudentia,
754 812 859 852 non
892 801 1110 854 scientia
1132 842 1147 868 ,
1182 802 1560 872 interemptum
1607 810 1708 863 erit
1740 814 1987 883 proposi-

392 899 530 943 tum.
561 889 701 944 Utile
722 896 900 944 autem
925 900 981 946 et
1008 892 1270 960 inspicere
1300 896 1351 949 in
1378 896 1763 968 singularibus,
1787 904 1837 958 in
1863 907 1983 975 qui-

389 980 489 1033 bus
516 982 689 1035 iuesse
711 981 905 1051 aliquid
932 984 1011 1037 vel
1039 985 1381 1049 uon,dictum
1407 996 1509 1053 est,
1527 994 1981 1062 quemadmodum

384 1068 438 1119 iu
470 1071 857 1126 universalibus
886 1073 1328 1141 problematibus.
1361 1080 1607 1150 Amplius
1637 1096 1814 1141 autem
1842 1097 1897 1142 et
1928 1089 1981 1144 in

382 1159 675 1226 generibus
702 1160 1090 1233 inspiciendum
1110 1209 1123 1230 ,
1155 1168 1412 1224 dividenti
1443 1175 1739 1231 secundum
1769 1180 1982 1247 species

382 1258 557 1319 usque
581 1252 647 1306 ad
695 1253 996 1321 individua,
1028 1258 1165 1312 sicut
1200 1262 1345 1329 prius
1384 1263 1585 1320 dictum
1618 1272 1721 1322 est.
1767 1267 1898 1325 Nam
1933 1273 1980 1327 si

380 1342 529 1395 omni
562 1336 816 1412 appareat
846 1347 1057 1415 inesse,
1094 1352 1209 1407 sive
1253 1354 1385 1408 nulli
1432 1359 1596 1412 multa
1653 1360 1978 1429 proferenti,

376 1436 755 1503 postulandum
786 1442 1162 1499 universaliter
1183 1447 1425 1503 confiteri
1444 1492 1458 1515 ,
1486 1458 1578 1506 aut
1606 1454 1746 1509 ferre
1773 1456 1977 1510 instan-

2101 638 2183 681 est
2209 639 2301 682 aut
2346 635 2554 699 specie,
2604 644 2696 688 aut
2745 653 2968 695 numero
3016 643 3379 703 determinare
3406 651 3694 727 accidens,

2100 718 2486 789 inspiciendum
2512 725 2557 779 si
2582 730 2783 784 nullum
2811 733 2999 789 borum
3031 739 3185 794 inest.
3222 740 3286 797 Ut
3316 744 3456 814 quod
3488 734 3698 819 tempus

2098 826 2205 866 non
2237 827 2503 881 movetur,
2534 835 2631 874 nec
2660 832 2743 876 est
2775 838 2976 894 motus,
3012 838 3386 891 aunumeranti
3418 848 3547 907 quot
3572 851 3699 899 sunt

2096 907 2305 972 Species
2339 919 2549 975 motus;
2585 928 2705 967 nam
2749 918 2794 970 si
2841 920 2983 973 nulla
3025 938 3209 979 earum
3248 927 3389 984 inest
3430 934 3692 1003 tempori,

2098 1000 2441 1056 mauilestum
2482 1008 2732 1074 quoniam
2782 1026 2888 1066 non
2938 1024 3203 1083 movetur,
3238 1037 3335 1077 nec
3379 1034 3461 1078 est
3493 1043 3690 1087 motus.

2094 1089 2359 1148 Similiter
2385 1107 2560 1151 autem
2594 1112 2642 1154 et
2676 1104 2815 1171 quod
2844 1108 3021 1162 anima
3053 1127 3155 1165 nou
3187 1123 3268 1167 est
3298 1132 3583 1189 numerus,
3612 1123 3695 1177 di-

2094 1183 2293 1240 videnti
2328 1192 2577 1254 quouiam
2611 1199 2785 1252 omnis
2814 1217 3070 1258 numerus
3114 1215 3207 1260 aut
3244 1210 3413 1278 impar
3444 1225 3533 1266 aut
3565 1230 3690 1285 pur;

2093 1291 2217 1331 nam
2263 1279 2305 1332 si
2334 1281 2510 1335 anima
2560 1302 2733 1356 neque
2777 1290 2951 1359 impar
2980 1310 3153 1365 neque
3182 1314 3297 1367 par,
3343 1302 3689 1362 manifestum

2092 1371 2235 1440 quod
2268 1388 2372 1428 non
2403 1385 2486 1430 est
2516 1395 2805 1452 numerus,
2848 1386 2912 1439 ad
2944 1390 3195 1446 accidens
3239 1393 3400 1463 igitur
3429 1411 3525 1467 per
3567 1398 3690 1457 talia

2091 1472 2145 1516 et
2175 1466 2275 1519 hoc
2311 1470 2469 1521 modo
2496 1478 3001 1540 argumentandum.

380 1620 389 1659 ⁵
542 1716 547 1719 μ
1220 1727 1226 1733 ~
1514 1693 1861 1777 LIBER
1925 1698 2534 1806 QUARTUS.
2866 1658 2869 1659 ί

1870 1843 2199 1857 -ῄῌ

898 1902 1129 1960 CAPUT
1165 1902 1452 1967 PRIMUM.

376 1989 459 2045 οδ
505 2007 610 2063 quo
659 1994 1156 2125 discutienduiri,det
1197 2002 1567 2074 problematttm
1616 2016 1819 2083 generis
1872 2020 1976 2075 loci

378 2104 385 2109 .
1114 2090 1267 2125 eccm.
1758 2114 1781 2125 ι

378 2104 385 2109 .
1076 2090 1267 2129 aedem.
1758 2114 1781 2125 ί

450 2158 579 2214 Post
604 2160 931 2219 haec'autem
958 2165 1028 2220 de
1056 2166 1119 2222 iis
1151 2182 1273 2239 quae
1297 2172 1363 2227 ad
1385 2186 1561 2243 genus
1585 2187 1639 2233 et
1670 2181 1968 2251 proprium,

374 2247 804 2321 inspiciendum;
830 2267 957 2311 sunt
984 2267 1162 2315 autem
1191 2263 1308 2319 haec
1335 2267 1604 2327 elementa
1630 2288 1816 2330 eorum
1850 2292 1970 2348 qum

372 2344 593 2399 suntad
633 2348 914 2416 terminos,
942 2359 994 2406 et
1026 2351 1111 2407 his
1160 2356 1289 2425 ipsis
1337 2374 1460 2417 raro
1506 2370 1971 2430 considerationes

372 2433 512 2491 ﬁunt
539 2436 954 2508 disputantibus.
1010 2446 1067 2503 Si
1099 2460 1229 2519 ergo
1259 2448 1492 2521 ponatur
1532 2475 1700 2529 genus
1742 2465 1969 2535 alicujus

376 2529 746 2601 existentium,
779 2537 1009 2606 primum
1036 2544 1251 2611 quidem
1282 2549 1671 2619 inspiciendum
1697 2548 1765 2612 ad
1786 2563 1970 2615 omnia

338 2692 339 2697 γ
374 2626 499 2687 "quae
542 2636 767 2695 cognata
811 2640 937 2686 sunt
969 2635 1019 2689 ei
1065 2637 1207 2704 quod
1255 2640 1471 2711 dicitur,
1504 2648 1550 2700 si
1599 2648 1666 2703 de
1705 2650 1810 2705 alio
1860 2668 1970 2709 non

374 2712 717 2780 pradicatur,
750 2727 1200 2789 quemadmodum
1247 2739 1330 2787 est
1372 2735 1423 2789 in
1473 2741 1772 2798 accidente.
1826 2743 1893 2800 Ut
1921 2750 1968 2803 si

368 2803 671 2873 voluptatis
720 2809 916 2867 bonum
961 2830 1191 2883 ponatur
1220 2836 1410 2891 genus,
1440 2826 1486 2881 si
1516 2830 1693 2901 aliqua
1723 2835 1968 2906 voluptas

367 2911 484 2951 non
536 2898 757 2957 bonum.
806 2905 937 2961 Nam
968 2909 1013 2962 si
1046 2911 1148 2965 hoc
1192 2916 1532 2974 manifestum
1584 2934 1666 2977 cst
1711 2928 1968 2995 quoniam

368 2992 482 3045 non
509 3006 680 3061 genus
720 2996 917 3053 bonum
948 3003 1255 3073 voluptatis,
1284 3025 1403 3065 nam
1432 3026 1599 3081 genus
1622 3016 1688 3072 de
1714 3020 1964 3077 omnibus

370 3096 493 3151 qua:
528 3094 651 3139 sunt
695 3088 795 3142 sub
834 3091 947 3158 ipso
986 3098 1265 3163 speciebus
1304 3102 1651 3172 praedicatur;
1693 3108 1888 3167 deinde
1918 3118 1963 3167 si

368 3184 481 3229 non
509 3176 562 3230 in
587 3192 654 3232 eo
680 3182 821 3249 quod
839 3184 963 3253 quid
995 3197 1076 3241 est
1102 3191 1440 3262 praedicatur,
1463 3197 1555 3253 sed
1585 3209 1641 3254 ut
1670 3203 1920 3259 accidens
1944 3250 1960 3274 ,

365 3273 825 3340 quemadmodum
856 3280 1056 3345 album,
1090 3285 1156 3339 de
1203 3289 1356 3359 nive,
1388 3290 1455 3347 de
1502 3293 1700 3364 anima,
1725 3313 1752 3351 a
1782 3301 1962 3369 seipso

365 3364 626 3427 uitatum
656 3385 669 3419 :
696 3385 869 3427 neuue
892 3374 1035 3427 enim
1068 3379 1157 3427 nix
1186 3377 1412 3427 idinSlltn
1447 3386 1587 3427 nnmi
1618 3398 1695 3427 ac!
1760 3391 1930 3427 an...“

2039 3293 2041 3314 ν
2072 3273 2089 3281 -
2109 3273 2213 3283 ......
2263 3273 2538 3305 ...μγιιυεη
2570 3273 2613 3293 δι
2645 3273 2713 3296 uo
2743 3273 2919 3312 atttluu
2968 3273 3240 3321 αδδιδιιᾶιᾶ
3289 3273 3498 3327 speetes
3542 3281 3668 3329 νθιέα

2039 3331 2041 3353 ι
2071 3330 2178 3390 est,
2200 3338 2368 3393 genus
2396 3340 2577 3386 autem
2620 3350 2749 3390 non.
2784 3336 2853 3393 Ut
2875 3340 2919 3397 si
2951 3356 3071 3411 eus,
3105 3356 3197 3403 aut
3240 3350 3449 3419 scibile,
3480 3358 3668 3427 apina-

364 3364 626 3433 hgitatum
656 3385 669 3419 :
696 3385 869 3439 neque
892 3374 1035 3429 enim
1068 3379 1157 3431 nix
1186 3377 1412 3449 idipsum
1447 3386 1589 3455 quod
1618 3398 1719 3458 est,
1753 3364 1957 3461 album,

361 3467 698 3528 quapropter
718 3476 823 3518 non
856 3472 938 3519 est
959 3481 1127 3537 genus
1156 3472 1333 3527 album
1368 3477 1504 3530 nivis
1531 3496 1544 3541 ;
1580 3495 1752 3551 neque
1783 3482 1959 3541 anima
1994 3516 2006 3529 -

360 3548 594 3620 idipsum
622 3556 763 3625 quod
804 3566 910 3627 est,
946 3562 1198 3632 agitatum
1219 3607 1233 3630 ,
1264 3583 1384 3622 nam
1434 3574 1626 3627 accidit
1735 3582 1959 3647 mutet-i,

358 3648 816 3711 ‘quemadmodum
873 3664 925 3709 et
964 3657 1181 3712 animali
1232 3658 1545 3727 frequenter
1586 3674 1639 3719 et
1687 3669 1963 3727 ambulare

358 3744 423 3793 «et
448 3740 724 3797 ambulans
764 3758 903 3801 esse.
946 3749 1215 3819 Amplius,
1255 3754 1506 3823 agitatum
1537 3775 1640 3812 non
1679 3762 1804 3831 quid
1855 3775 1955 3833 est,

358 3831 460 3885 bed
492 3832 618 3901 quid
663 3830 862 3893 iaciens
919 3842 997 3894 vel
1032 3843 1234 3909 patiens
1265 3847 1568 3916 signiﬁcare
1608 3852 1854 3924 videtur;
1888 3858 1962 3913 si-

365 3922 565 3978 militer
608 3936 786 3983 autem
814 3938 867 3983 et
893 3934 1093 4000 album,
1129 3952 1231 3991 non
1268 3939 1407 3995 cnim
1452 3944 1580 4014 quid
1610 3958 1693 4001 est
1722 3922 1956 4015 nix,vsed

356 4017 524 4085 ’quale
566 4019 694 4088 quid
725 4030 806 4076 est
851 4022 1078 4092 indicat;
1114 4042 1277 4099 quare
1309 4045 1555 4093 neutrum
1589 4036 1778 4095 horum
1810 4044 1863 4098 in
1889 4061 1955 4100 eo

360 4103 506 4179 quod
531 4113 655 4181 quid
685 4122 765 4169 est
794 4119 1131 4186 praedicatur.
1168 4124 1391 4182 Maxime
1417 4142 1595 4187 autem
1622 4134 1673 4189 iu
1703 4138 1956 4194 acciden-

361 4202 430 4259 tis
485 4205 795 4264 deiiuitione
847 4211 1324 4284 inspiciendum,si
1374 4234 1587 4295 aptatur
1629 4229 1693 4283 ad
1748 4231 1949 4287 dictum

361 4313 549 4368 genus,
582 4312 639 4356 ut
669 4302 735 4359 ad
767 4318 885 4374 quae
930 4324 1070 4364 nunc
1115 4311 1255 4367 dicta
1304 4326 1429 4372 sunt
1457 4337 1474 4376 :
1508 4324 1769 4395 contingit
1802 4325 1950 4380 enim

361 4393 633 4463 'quidpiam
681 4412 897 4454 movere
941 4404 1196 4474 seipsum,
1234 4417 1288 4462 et
1333 4426 1462 4479 non,
1498 4413 1743 4471 similiter
1772 4428 1951 4474 autem

354 4476 417 4540 iet
443 4488 623 4541 album
654 4484 795 4557 esse,
818 4500 871 4547 et
897 4511 1034 4559 non;
1063 4514 1226 4568 quare
1258 4513 1506 4559 neutrum
1536 4508 1619 4561 b0x
1640 4526 1722 4561 um
1757 4526 1949 4578 genus,

362 4582 455 4633 sed
488 4579 756 4650 accidens,
804 4600 868 4640 eo
900 4590 1038 4657 quod
1071 4592 1321 4647 accidens
1349 4596 1598 4668 dicimus,
1629 4605 1769 4670 quod
1814 4620 1950 4659 con-
1984 4617 2263 4699 Dsignari
2311 4622 2483 4678 δοιεηι

362 4672 512 4699 οἴην-ἴα
565 4674 700 4699 ΞΛΛ---
758 4676 929 4699 :-_----
988 4697 997 4699 μ
1020 4682 1049 4699 ιο
1130 4684 1142 4695 ο
1235 4696 1244 4699 -
1475 4688 1485 4699 .
1605 4694 1635 4699 ._
1788 4696 1795 4699 .

356 4658 519 4741 tingit
564 4674 701 4729 idem
756 4676 934 4734 inesse
984 4682 1163 4751 alicui,
1198 4696 1249 4738 ct
1297 4703 1422 4741 non.
1460 4688 1722 4761 Amplius,
1753 4696 1799 4751 si
1842 4713 1946 4751 non

349 4748 414 4822 in
465 4770 650 4825 eadem
681 4772 944 4833 divisione
988 4789 1072 4833 est
1117 4795 1306 4849 genus,
1339 4794 1387 4837 et
1433 4790 1661 4857 species,
1690 4790 1785 4844 sed
1834 4791 1949 4847 haec

358 4860 573 4935 quidem
619 4866 940 4935 substantia,
968 4868 1095 4926 illud
1128 4884 1305 4928 autem
1351 4878 1525 4947 quale.
1553 4892 1641 4934 aut
1689 4881 1789 4937 hoc
1831 4888 1948 4955 qui-

354 4930 479 5007 fdrm
506 4955 572 5010 ad
601 4957 819 5027 aliquid,
856 4930 987 5017 illud
1033 4976 1213 5022 autem
1258 4930 1435 5040 quaie.
1486 4971 1552 5027 Ut
1609 4975 1695 5029 nix
1729 4930 1944 5046 quidem

350 5044 411 5099 'et
441 5061 640 5117 cygnus
672 5050 987 5117 substantia,
1015 5054 1193 5111 album
1235 5072 1413 5115 autem
1465 5079 1571 5117 non
1619 5058 1942 5136 substantia,

358 5138 448 5191 sed
479 5140 668 5208 quale;
704 5158 869 5207 uuare
916 5160 1021 5200 non
1049 5160 1131 5202 est
1176 5167 1349 5221 genus
1376 5156 1555 5210 album
1588 5158 1745 5226 nivis,
1774 5177 1947 5231 neque

345 5214 529 5301 :cygui.
567 5231 797 5289 Rursum
830 5236 1107 5308 disciplina
1134 5214 1348 5313 quidem
1381 5248 1446 5301 ad
1495 5214 1948 5319 aliquid,'bom'tm

346 5311 564 5391 autem,
609 5335 663 5378 et
706 5326 990 5395 pulchrum
1047 5336 1238 5401 quale;
1291 5353 1454 5407 quare
1498 5356 1603 5395 non
1652 5353 1734 5397 est
1778 5360 1949 5415 genus

348 5412 657 5483 pulchrum,
688 5419 772 5471 vel
806 5419 1004 5475 bonum
1038 5423 1354 5497 disciplinae,
1386 5446 1505 5484 nam
1534 5448 1729 5503 genera
1758 5450 1945 5491 eorum

351 5520 472 5575 quae
516 5518 641 5560 sunt
669 5509 733 5562 ad
764 5512 988 5582 aliquid,
1012 5523 1066 5569 et
1099 5515 1211 5586 ipsa
1236 5519 1302 5573 ad
1325 5519 1523 5591 aliquid
1557 5535 1767 5593 oportet
1796 5541 1944 5597 esse,

340 5595 410 5679 :ut
441 5600 493 5652 in
525 5599 725 5668 duplici
757 5619 768 5655 :
795 5605 992 5660 etenim
1044 5610 1324 5679 multiplex
1369 5622 1449 5670 est
1484 5631 1650 5683 genus
1695 5618 1940 5690 όυμιίρὶε,

607 5667 610 5668 ν
1205 5667 1216 5679 .
1436 5667 1443 5670 ν
1484 5667 1647 5683 unm
1699 5667 1940 5690 ηιμ-η,

299 5667 308 5685 ’
336 5670 406 5755 fet
438 5693 610 5763 ipsum
661 5710 846 5752 eorum
874 5714 992 5770 qua:
1018 5711 1143 5757 sunt
1182 5704 1246 5757 ad
1277 5707 1474 5777 aliquid
1504 5721 1603 5765 cSt.
1637 5711 1704 5766 Ut
1732 5713 1947 5770 univer-

340 5764 541 5845 saliter
585 5798 765 5847 autem
809 5789 1049 5862 dicatur,
1084 5798 1136 5854 in
1184 5804 1372 5881 eadem
1416 5801 1681 5860 divisione
1730 5816 1945 5873 oportet

342 5864 521 5951 ‘geuus
544 5896 667 5944 esse
692 5887 914 5959 speciei,
953 5906 1074 5949 nam
1107 5897 1150 5950 si
1185 5878 1389 5966 species
1420 5898 1737 5970 substantia,
1766 5909 1820 5960 et
1847 5917 1941 5977 ge-

1972 6004 2027 6016 ..-

2006 1918 2056 1989 Β
2084 1941 2208 1993 nus,
2239 1938 2290 1983 et
2318 1931 2363 1985 si
2396 1930 2554 2001 quale
2584 1934 2858 2006 quidpiam
2886 1946 3092 2010 species
3116 1956 3217 2013 est,
3242 1964 3296 2017 et
3323 1968 3489 2024 genus
3516 1965 3670 2031 quale

2084 2020 2380 2091 quidpiam,
2415 2036 2474 2078 ut
2514 2025 2556 2079 si
2587 2028 2765 2083 album
2809 2034 2964 2101 quale
3014 2039 3285 2110 quidpiam
3313 2020 3369 2102 et
3396 2020 3564 2111 color.
3594 2020 3683 2115 Si-

2082 2113 2283 2170 militer
2320 2125 2498 2171 autem
2528 2128 2581 2173 et
2625 2120 2677 2177 in
2725 2124 2868 2181 aliis.
2900 2125 3130 2187 Rursum
3161 2136 3203 2189 si
3231 2153 3453 2199 necesse
3491 2144 3675 2221 fuerit,

2082 2207 2169 2260 vel
2215 2206 2259 2260 si
2310 2211 2598 2281 contigerit
2644 2229 2811 2283 genus
2861 2224 3206 2294 participare,
3249 2233 3391 2300 quod
3440 2206 3675 2306 positum

2078 2309 2164 2354 est
2192 2300 2246 2354 in
2277 2317 2496 2372 genere.
2542 2305 2828 2365 Terminus
2862 2323 3038 2371 autem
3070 2320 3184 2389 ejus
3224 2327 3367 2394 quod
3398 2300 3479 2385 est
3504 2337 3674 2407 parti-

2078 2396 2281 2462 cipare,
2313 2405 2397 2450 est
2443 2401 2717 2469 suscipere
2767 2408 3063 2479 participati
3112 2416 3405 2487 rationem;
3447 2402 3676 2485 manife-

2081 2495 2221 2540 stum
2282 2490 2440 2558 igitur
2488 2496 2739 2562 quoniam
2807 2501 3017 2570 species
3074 2508 3289 2577 quidem
3352 2518 3679 2590 participant

2080 2595 2300 2650 genera.
2324 2599 2520 2654 genera
2541 2598 2719 2653 autem
2747 2595 2955 2661 species
2980 2612 3109 2667 non,
3132 2618 3254 2658 nam
3278 2609 3487 2675 species
3513 2615 3679 2670 susci-

2078 2674 2156 2744 pit
2184 2678 2400 2747 generis
2429 2682 2719 2752 rationem,
2740 2702 2910 2757 genus
2940 2699 3118 2748 autem
3148 2700 3347 2768 speciei
3377 2718 3511 2773 non;
3543 2721 3677 2765 con-

2058 2765 2430 2838 siderandum
2454 2773 2615 2843 igitur
2640 2780 2683 2833 si
2715 2781 3021 2853 participat,
3039 2788 3125 2843 vel
3152 2765 3414 2863 contingit
3436 2799 3677 2870 assigna-

2078 2866 2191 2913 tum
2232 2876 2404 2932 genus
2435 2868 2755 2939 participare
2799 2882 3061 2947 speciem,
3091 2890 3150 2937 ut
3180 2885 3223 2939 si
3248 2889 3369 2957 quis
3396 2866 3676 2953 entis'vei

2082 2950 2242 3006 unius
2308 2970 2477 3023 genus
2518 2961 2792 3033 quidpiam
2842 2970 3227 3041 assignaverit;
3265 2950 3481 3036 accidet
3527 2988 3673 3043 enim

2073 3058 2242 3110 genus
2299 3051 2617 3120 participare
2657 3060 2917 3128 speciem,
2966 3079 3091 3121 nam
3136 3068 3205 3131 de
3255 3076 3505 3131 omnibus
3550 3096 3673 3150 qua)

2074 3146 2205 3209 sunt
2248 3153 2347 3193 ens
2397 3153 2451 3196 et
2500 3159 2662 3200 unum
2715 3152 3098 3224 prtedicantur,
3125 3175 3292 3227 quare
3319 3175 3373 3220 et
3403 3169 3541 3225 ratio
3568 3146 3670 3239 co-

2072 3242 2213 3283 rum.
2263 3234 2538 3305 Amplius,
2570 3241 2613 3293 si
2645 3240 2713 3296 de
2743 3244 2919 3312 aliquo
2968 3250 3240 3321 assignata
3289 3261 3498 3327 species
3542 3281 3668 3329 vera

2071 3414 2195 3468 bilis
2222 3432 2393 3485 genus
2421 3437 2665 3489 ponatur.
2699 3445 2821 3484 nam
2848 3432 2917 3488 de
2942 3450 3051 3491 nou
3076 3450 3202 3495 cute
3228 3442 3499 3512 opinabile
3530 3468 3668 3520 pra-

2072 3506 2339 3567 dicabitur
2365 3532 2377 3568 :
2406 3520 2572 3571 multa
2601 3523 2744 3578 enim
2772 3540 2877 3581 non
2906 3532 3047 3589 entia
3094 3537 3388 3605 opinabilis
3433 3506 3579 3615 sunt,
3612 3563 3667 3608 at

2042 3603 2216 3668 quod
2260 3609 2472 3693 ens-vel
2511 3613 2701 3669 scibile
2748 3632 2853 3674 non
2884 3603 3208 3689 pradicatnr
3258 3631 3325 3687 de
3366 3650 3470 3703 non
3515 3603 3663 3709 erile,

2884 3686 2900 3689 _
3302 3686 3315 3687 κ
3366 3686 3469 3703 “““ῗ”
3517 3686 3661 3709 ν-·--ι

2074 3686 2445 3766 manifestum;
2471 3718 2639 3771 quare
2664 3724 2771 3763 non
2795 3722 2878 3765 est
2905 3719 3074 3784 genus
3102 3735 3221 3789 eus,
3248 3740 3421 3798 neque
3450 3732 3661 3802 scibiie,

2072 3786 2388 3859 upinabilis,
2438 3810 2561 3850 nam
2616 3800 2682 3855 de
2719 3804 2913 3871 quibus
2962 3813 3171 3878 species
3208 3786 3664 3891 praedicatum";

2044 3892 2240 3946 .geuus
2283 3895 2497 3952 oportet
2528 3891 2828 3955 praedicari.
2866 3896 3099 3956 Rursum
3128 3905 3172 3957 si
3206 3909 3405 3965 nullam
3448 3919 3662 3984 specie-

2069 3984 2187 4024 rum
2236 3976 2501 4045 contingit
2534 3982 2854 4049 participare
2904 3991 3044 4056 quod
3090 3995 3321 4059 positum
3365 4014 3449 4058 est
3477 3976 3529 4060 in
3571 4022 3661 4075 ge-

2067 4076 2218 4115 nere.
2268 4064 2400 4120 Nam
2431 4070 2761 4135 impossibile
2799 4086 2880 4131 est
2924 4083 3248 4151 participare
3290 4106 3479 4161 genus,
3513 4064 3659 4166 Quod

2065 4153 2266 4210 nullam
2298 4159 2595 4226 specierum
2629 4167 2942 4236 participat,
2986 4175 3091 4230 nisi
3137 4179 3313 4250 aliqua
3359 4191 3658 4251 secundum

2044 4247 2296 4313 primam
2343 4250 2659 4309 divisionem
2694 4261 2995 4326 specierum
3026 4268 3116 4331 sit,
3147 4247 3254 4325 illa}
3280 4285 3457 4333 autem
3486 4294 3658 4350 genus

2066 4340 2241 4394 solum
2283 4344 2634 4414 participant;
2665 4351 2711 4406 si
2764 4352 2922 4422 igitur
2947 4370 3121 4415 motus
3160 4378 3328 4434 genus
3368 4340 3657 4442 voluptatis
3714 4412 3719 4417 α

2065 4443 2314 4499 ponatur,
2349 4441 2799 4500 coiisiderandum
2843 4450 2889 4503 si
2930 4466 3101 4522 neque
3149 4465 3443 4530 corruptio,
3479 4483 3655 4535 neque

2064 4524 2312 4583 alteratio
2363 4531 2623 4601 voluptas,
2659 4553 2829 4607 neque
2883 4544 3021 4598 ullus
3071 4524 3397 4620 reliquorum
3430 4524 3654 4628 iqttias-

2491 4634 2506 4690 )
2536 4637 2803 4695 motuum;
2840 4636 3179 4695 manifestum
3210 4649 3353 4703 enim
3403 4656 3654 4722 quoniam

2036 4710 2264 4765 .nuilam
2295 4717 2592 4783 specierum
2638 4724 2996 4794 participabit,
3045 4748 3211 4802 quare
3244 4710 3432 4812 neque.
3457 4762 3650 4817 genus,

2059 4815 2126 4856 eo
2155 4805 2297 4871 quod
2346 4812 2707 4867 necessarium
2756 4827 2839 4869 est
2869 4824 3011 4889 quod
3042 4842 3211 4894 genus
3255 4837 3555 4906 participat,
3599 4853 3655 4899 et

2059 4894 2361 4960 spetierum
2389 4898 2616 4969 aliquam
2648 4906 2998 4979 participare;
3037 4932 3203 4985 quare
3232 4939 3334 4979 non
3379 4930 3481 4983 erit
3524 4946 3640 5000 spe-

2060 4984 2194 5050 cies,
2226 4997 2425 5055 motus,
2471 4992 2735 5063 v'oluptas,
2788 5015 2962 5070 neque
3008 5007 3425 5085 individuorum,
3481 5039 3653 5091 neque

2044 5093 2245 5134 deorum
2292 5083 2580 5154 quidquam
2611 5105 2729 5157 rpite
2771 5095 2873 5149 sub
2914 5104 3099 5167 specie
3131 5116 3306 5163 motus
3335 5123 3490 5177 sunt;
3527 5132 3648 5171 nam

2058 5178 2115 5222 et
2142 5171 2411 5229 individua
2440 5182 2758 5250 participant
2785 5190 3024 5254 speciem
3052 5202 3103 5247 et
3125 5210 3311 5263 genus,
3346 5211 3400 5256 ut
3430 5171 3643 5273 quidam

2061 5258 2244 5325 homo,
2276 5272 2332 5317 et
2356 5265 2627 5326 hominem
2660 5275 2939 5345 participat
2966 5289 3022 5335 et
3052 5258 3268 5340 animai.
3304 5258 3567 5361 Ampiius,
3602 5304 3647 5354 si

2058 5350 2128 5406 de
2170 5353 2413 5421 pluribus
2459 5359 2652 5417 dicitur
2700 5366 2855 5433 quam
2911 5384 3114 5440 genus,
3159 5380 3299 5446 quod
3348 5350 3646 5457 in'gettere

2060 5443 2292 5515 positum
2332 5458 2434 5505 est.
2468 5451 2535 5509 Ut
2559 5456 2825 5523 opinabile
2877 5478 3034 5531 quam
3063 5443 3187 5533 ens,
3212 5486 3333 5528 nam
3361 5487 3415 5532 et
3443 5443 3560 5545 ens,
3591 5492 3649 5539 et

2031 5552 2162 5591 .nou
2188 5553 2305 5604 eus,
2332 5541 2621 5609 opinabile,
2654 5563 2822 5616 quare
2864 5568 2969 5608 non
3010 5558 3114 5613 erit
3141 5564 3411 5629 Opinabile
3436 5573 3645 5641 species

2055 5630 2224 5696 entis;
2258 5630 2325 5687 de
2353 5634 2593 5700 pluribus
2621 5641 2763 5694 enim
2793 5657 3201 5720 sempergenus
3244 5673 3402 5728 quam
3430 5630 3643 5735 species

2032 5726 2397 5791 'prtcdicatur.
2432 5730 2657 5799 Rursus,
2690 5738 2734 5790 si
2775 5738 2843 5794 de
2889 5747 3183 5812 aequalibus
3227 5726 3393 5823 genus
3433 5726 3487 5815 et
3516 5778 3642 5835 spe-

2032 5818 2166 5885 cies
2194 5818 2462 5877 dicuntur.
2492 5823 2559 5879 Ut
2584 5826 2627 5880 si
2654 5843 2837 5895 eorum
2862 5849 2982 5903 quas
3006 5843 3186 5898 omnia
3216 5818 3641 5925 consequunttur,

2046 5906 2156 5995 .lwc
2204 5912 2419 5979 quidem
2466 5919 2706 5990 species,
2756 5922 2891 5982 illud
2938 5938 3116 5989 autem
3169 5950 3335 6007 setius
