4290 6272
645 397 748 457 943
1706 468 1709 469 ί
1857 383 1993 470 _AN.
2035 378 2242 438 MANL.
2282 376 2433 435 SEV.
2462 375 2695 461 gBOE'gI‘ll
2752 410 2755 413 -
2990 412 2993 413 ν
3809 380 3912 435 9μ

644 506 1094 586 quemadmodum
1127 515 1237 577 .ens
1278 508 1333 555 et
1390 509 1588 563 unum,
1632 512 1791 583 omne
1841 496 1984 552 enim
2032 508 2131 548 ens
2175 490 2379 585 ειΑεί
2415 490 2771 560 ριέεάἰεειιιιιιτ
2799 489 2867 544 de
2895 488 3108 559 specie,
3146 489 3198 544 in
3230 489 3468 576 eo‘quod
3503 489 3631 561 quid
3667 502 3748 547 est
3776 508 3916 563 prae-

604 584 609 591 .
645 578 829 669 unum,
861 580 1039 677 quare~
1072 579 1318 652 neutrum
1363 580 1601 649 neutrius
1643 578 1937 677 genus,'eo
1980 590 2129 667 quod
2160 578 2241 642 de.
2314 583 2687 675 'dicabuntur;
2720 598 2887 665 quare
2915 591 2970 637 et
3000 582 3332 652 assignatum
3372 599 3540 653 genus
3576 585 3628 638 in
3668 601 3734 640 eo
3774 587 3914 654 quod

643 696 933 768 mqualibus
966 678 1239 745 dicuntur.
1303 686 1562 768 Similiter
1600 695 1778 739 autem
1815 692 1876 767 et.
1910 683 1952 736 si
1991 682 2226 767 primum
2314 681 2454 764 ‘quid
2485 690 2562 733 εει
2594 678 3002 759 praedicabitur;
3042 677 3183 747 quod
3222 686 3399 732 autern
3439 694 3545 732 uno
3576 679 3626 732 in
3668 695 3735 734 eo
3773 679 3915 747 quod

648 799 700 845 ct
728 772 1039 855 principium
1074 782 1137 834 ad
1168 796 1229 835 se
1256 779 1479 832 invicem
1527 785 1812 845 ponantur,
1844 787 1964 827 nam
1998 782 2050 824 et
2082 771 2226 839 prin—
2315 770 2465 845 quid
2496 779 2577 824 est
2608 770 2933 839 praedicare,
2967 770 3334 847 omniactiatn
3379 770 3698 845 reliqna'(si
3730 771 3917 838 pra-di-

645 862 840 948 cipiinn
889 866 1150 945 trimum,
1179 886 1233 927 et
1262 864 1501 940 primum
1553 866 1893 947 principium,
1925 878 2087 933 quare
2135 870 2228 915 aut
2322 864 2543 935 cantur)
2578 865 2629 915 in
2662 878 2727 917 eo
2758 862 2898 930 quod
2931 862 3055 931 quid
3085 875 3168 917 εει
3202 864 3657 932 ρτωαίοευηηιην,
3706 879 3801 931 ρει.
3840 866 3917 917 δη,

643 982 867 1038 utraque
909 983 1027 1036 qua:
1070 965 1212 1020 dicta
1258 976 1381 1017 sunt
1431 962 1569 1016 idem
1626 970 1780 1024 sunt,
1812 969 1921 1039 aut
1977 965 2226 1010 neutrum

642 1067 886 1118 neutrius
928 1044 1135 1130 genus.
1181 1057 1510 1112 Elementum
1568 1060 1745 1107 autern
1796 1058 1881 1105 est
1934 1048 1999 1101 ad
2049 1044 2227 1101 omnia

646 1154 971 1225 bnjnsmndi,
1006 1150 1145 1222 quod
1174 1149 1240 1203 de
1273 1148 1508 1218 pluribus
1536 1159 1705 1215 genus
1733 1157 1889 1211 quam
1918 1139 2125 1209 species
2176 1146 2231 1190 et

614 1228 619 1231 ν
647 1246 945 1303 dill‘ercntia
975 1243 1202 1305 dicitur;
1246 1238 1314 1294 de
1347 1236 1685 1306 paucioribus
1716 1233 1856 1287 enim
1888 1230 2047 1285 etiam
2078 1228 2232 1281 dilic-

645 1340 817 1396 rentia
869 1337 921 1390 di
944 1337 1062 1388 itur
1110 1348 1265 1402 quam
1309 1326 1514 1401 genus.
1553 1326 1846 1380 Videndum
1893 1330 2067 1377 autem
2099 1320 2229 1375 etsi

614 1430 874 1499 alicujus
901 1428 954 1481 in
986 1426 1343 1479 dilierentinm
1390 1420 1569 1489 SpeCie
1614 1432 1718 1471 non
1769 1416 1837 1469 sit
1879 1408 2226 1495 genus'qnod

645 1524 848 1578 dictum
875 1527 956 1572 est
996 1530 1187 1586 genus,
1223 1512 1312 1567 vel
1344 1529 1448 1567 non
1479 1510 1733 1564 videnlur.
1772 1504 2109 1561 Construenti
2140 1516 2232 1555 au-

646 1622 755 1669 tem
786 1613 829 1667 si
860 1621 940 1666 est
981 1606 1227 1676 alicujus,
1261 1605 1401 1659 idem
1446 1602 1592 1656 enim
1643 1599 1881 1653 omnium
1924 1592 2234 1649 indill'eren-

647 1708 780 1761 tium
824 1705 1003 1773 specie
1030 1714 1196 1771 genus
1226 1715 1240 1764 ;
1271 1697 1314 1750 si
1347 1696 1505 1765 igitur
1533 1692 1691 1749 unius
1737 1697 2083 1753 monstretur,
2116 1699 2232 1739 ma-

647 1797 899 1852 nifestum
945 1791 1195 1863 quoniam
1247 1787 1505 1849 omnium,
1539 1796 1594 1841 et
1637 1784 1683 1838 si
1719 1782 1875 1836 unius
1905 1796 2030 1844 non,
2063 1776 2237 1832 mani-

646 2053 772 2131 nam
817 2074 1079 2128 linearum
1122 2068 1429 2123 habentium
1470 2063 1789 2119 divisionem
1829 2074 1933 2113 non
1977 2067 2060 2111 est
2095 2053 2236 2126 quod

622 2166 848 2222 dictum
895 2173 979 2220 est
1023 2176 1215 2234 genus,
1240 2174 1360 2213 cum
1393 2156 1499 2211 sint
1546 2151 1912 2208 indiﬁ'ereutes
1941 2146 2234 2204 secundum

648 2257 916 2329 speciem,
966 2252 1329 2309 indiﬂ'erentes
1391 2247 1533 2301 enim
1593 2244 1695 2298 sibi
1756 2240 1984 2296 invicem
2047 2252 2237 2294 secun-

630 2348 774 2406 dum
800 2346 1057 2421 speciem,
1088 2351 1249 2400 rectre
1276 2339 1432 2394 linea:
1460 2349 1670 2392 omnes.
1806 2341 1811 2345 '

1142 2498 1143 2501 η
1272 2438 1502 2495 CAPUT
1539 2436 1603 2491 Il.

1170 2523 1246 2577 De
1271 2536 1453 2593 genere
1478 2518 1577 2572 loci
1606 2514 1720 2569 alii.

626 2638 631 2643 '
722 2615 1185 2677 Considerandum
1218 2612 1477 2666 autemet
1517 2608 1560 2662 si
1612 2603 1755 2675 quod
1786 2601 1928 2658 aliud
1957 2615 2124 2672 genus
2153 2607 2239 2655 est

628 2715 943 2782 ’assignata:
969 2707 1190 2778 speciei,
1221 2702 1362 2774 quod
1411 2714 1585 2769 neque
1628 2697 1867 2753 continet
1913 2694 2238 2763 assignatum

624 2817 841 2876 ‘genus,
872 2813 1046 2871 neque
1072 2798 1173 2853 sub
1216 2794 1308 2849 illo
1351 2799 1454 2848 est.
1504 2788 1572 2845 Ut
1601 2788 1646 2843 si
1675 2787 1795 2859 quis
1820 2786 2042 2857 iustitia:
2068 2784 2242 2839 scien—

630 2884 974 2965 ‘tiamponat
1000 2890 1300 2962 genus,‘est
1324 2885 1466 2940 enim
1494 2881 1661 2936 virtus
1691 2894 1882 2950 genus,
1913 2885 1967 2933 et
1993 2885 2239 2930 neutrum

651 3002 909 3061 generum
938 2984 1200 3054 reliquum
1231 2978 1489 3041 continet,
1519 2988 1684 3045 quare
1716 2986 1822 3026 non
1850 2972 1985 3026 erat
2019 2965 2241 3022 scientia

627 3095 820 3158 'genns
869 3078 1105 3153 iustitiae.
1149 3073 1370 3129 Videtur
1413 3070 1581 3134 enim,
1615 3064 1832 3136 quando
1878 3062 2086 3158 species
2137 3074 2241 3158 una

628 3151 759 3236 'snb
787 3151 995 3232 duobus
1037 3169 1323 3242 generibus
1351 3173 1452 3228 est,
1487 3162 1719 3217 alterum
1746 3158 1815 3211 ab
1856 3155 2028 3209 altero
2072 3151 2243 3242 conti:

2320 954 2638 1027 ductionem
2680 954 3021 1009 sumendum.
3061 954 3115 1008 Si
3155 963 3332 1008 autem
3376 955 3696 1021 simpliciter
3736 956 3911 1008 inesse

2337 1045 2613 1100 dubitetur
2641 1048 2966 1115 assignatum
3004 1060 3209 1116 genus.
3253 1060 3358 1100 non
3400 1046 3595 1099 sufﬁcit
3633 1048 3921 1100 ostendere

2320 1137 2553 1217 ‘aliquol
2585 1138 2919 1207 superiorum
2948 1154 3199 1206 generum
3228 1139 3279 1192 in
3310 1153 3377 1193 eo
3404 1138 3545 1207 quod
3576 1138 3702 1207 quid
3733 1150 3815 1193 est
3852 1138 3923 1194 de

2322 1231 2519 1305 ,sperie
2547 1230 2825 1298 prredicari
2848 1270 2863 1294 ,
2897 1240 2953 1283 ut
2982 1231 3026 1284 si
3056 1230 3429 1284 ambulationis
3458 1245 3624 1299 genus
3652 1231 3919 1298 quispiam

2342 1321 2637 1390 assignavit
2690 1319 2943 1375 lationem
2974 1360 2989 1387 ,
3046 1335 3152 1375 non
3201 1320 3398 1376 sufﬁcit
3443 1323 3725 1377 ostendere
3774 1322 3919 1385 quod

2322 1400 2519 1485 :motus
2567 1424 2652 1470 est
2695 1414 3026 1479 ambulatio,
3069 1414 3135 1468 ad
3174 1416 3561 1470 ostendendum
3606 1416 3747 1483 quod
3790 1416 3923 1470 latin

2337 1518 2420 1562 est
2462 1522 2529 1562 eo
2571 1507 2711 1578 quod
2750 1517 2805 1562 et
2840 1507 2928 1561 alii
2972 1518 3152 1561 motus
3194 1519 3352 1571 sunt,
3395 1508 3490 1561 sed
3530 1508 3923 1565 ostendendum

2337 1596 2480 1667 quod
2512 1598 2716 1652 nullum
2755 1599 3038 1667 participat
3070 1596 3371 1652 ambulatio
3409 1613 3598 1653 eorum
3644 1614 3762 1666 quae
3802 1609 3923 1656 sunt

2339 1688 2633 1743 secundum
2666 1689 2915 1743 eamdem
2945 1688 3264 1743 divisionem
3287 1726 3302 1752 ,
3332 1688 3431 1741 nisi
3476 1688 3767 1753 lationem;
3802 1704 3922 1745 nam

2301 1792 2564 1838 necesse
2614 1793 2696 1838 est
2740 1786 2881 1852 quod
2931 1799 3101 1854 genus
3155 1784 3477 1853 participat,
3522 1795 3577 1839 et
3625 1785 3923 1853 specierum

644 1889 846 1948 Iesmm
903 1857 1157 1957 quoniam
1216 1881 1412 1934 nullius
1449 1896 1462 1932 :
1508 1889 1565 1931 nt
1615 1877 1659 1930 si
1713 1874 1834 1943 quis
1880 1874 1931 1927 in
1976 1868 2237 1926 secabiles
2266 1857 2316 1917 B

648 1997 855 2055 ponens
885 1979 1072 2039 lineas.
1099 1974 1423 2031 indivisibile
1470 1987 1638 2040 genus
1672 1983 1857 2023 earum
1905 1965 2051 2020 dicat
2089 1976 2231 2055 esse,
2278 1968 2281 1973 ’

2342 1874 2572 1944 aliquam
2603 1874 2921 1945 participare
2957 1875 3249 1949 secundum
3291 1876 3516 1943 primam
3561 1876 3923 1946 divisionem;

2342 1970 2385 2024 si
2437 1969 2578 2023 enim
2620 1968 2911 2023 ambulatio
2962 1970 3703 2043 neque‘augmentationem,
3750 1987 3925 2042 neque

2328 2054 2755 2120 diminutionem
2781 2103 2797 2127 ,
2830 2077 3005 2131 neque
3037 2063 3169 2116 alios
3202 2070 3378 2116 motus
3409 2064 3726 2135 participet,
3757 2066 3926 2120 mani-

2334 2152 2539 2233 Ilestum
2585 2153 2837 2222 quoniam
2891 2152 3143 2209 lationem
3194 2155 3569 2224 participabit;
3616 2173 3781 2223 quare
3814 2160 3926 2215 ‘rrit

2344 2258 2513 2313 genus
2544 2242 2669 2296 latio
2708 2243 3108 2297 ambulationis.
3152 2243 3382 2299 Rursum
3405 2286 3421 2311 ,
3467 2245 3536 2300 de
3574 2248 3926 2318 quibus'spc-

2332 2336 2457 2413 cies
2485 2352 2603 2404 qua:
2631 2335 2803 2404 posita
2833 2345 2914 2390 est
2944 2344 3000 2390 ut
3027 2351 3196 2405 genus
3220 2336 3561 2407 prmdicatur,
3588 2340 3927 2396 consideran-

2343 2426 2471 2480 dum
2501 2426 2545 2480 si
2574 2435 2628 2480 et
2656 2426 2987 2495 assignatum
3028 2441 3198 2493 genus
3243 2427 3295 2481 in
3326 2443 3391 2483 eo
3420 2429 3561 2498 quod
3590 2431 3714 2498 quid
3745 2440 3829 2485 est
3856 2433 3927 2487 de

2342 2517 2474 2586 ipsis
2502 2506 2721 2585 eisdem
2746 2518 3071 2587 praedicatur
3100 2520 3167 2574 de
3197 2520 3391 2589 quibus
3420 2531 3474 2576 et
3498 2522 3737 2590 species;
3767 2525 3922 2578 simi-

2294 2638 2297 2639 ν
2345 2608 2465 2664 liter
2478 2622 2653 2665 autem
2681 2612 2807 2687 etsi
2828 2612 3008 2665 omnia
3039 2626 3159 2681 qua:
3186 2628 3346 2680 supra
3372 2627 3539 2682 genus
3562 2623 3707 2677 sunt,
3741 2632 3860 2670 nam
3882 2617 3929 2673 si

2346 2702 2539 2756 alicubi
2571 2703 2811 2757 dissonat
2833 2745 2847 2766 ,
2873 2705 3216 2760 manifestum
3245 2709 3496 2773 quoniam
3522 2724 3625 2763 non
3652 2720 3734 2764 est
3757 2723 3930 2780 genus

2347 2792 2487 2861 quod
2518 2793 2843 2855 assignatum
2871 2802 2988 2863 est;
3019 2795 3062 2849 si
3091 2796 3234 2850 enim
3266 2808 3411 2852 esset
3435 2814 3603 2865 genus
3623 2838 3639 2864 ,
3670 2800 3847 2853 omnia
3877 2807 3931 2855 et

2346 2884 2623 2954 superiora
2654 2886 2795 2941 illius
2815 2927 2831 2951 ,
2859 2896 2914 2941 et
2942 2888 3115 2955 ipsum
3139 2933 3154 2958 ,
3187 2889 3238 2943 in
3267 2904 3332 2943 eo
3359 2890 3501 2960 quod
3529 2890 3655 2962 quid
3686 2901 3768 2948 est
3799 2907 3931 2959 prte-

2336 2975 2657 3059 _dicarentur
2683 2976 2751 3032 de
2806 2977 2873 3032 iis
2917 2978 2985 3034 de
3013 2981 3217 3059 quibus
3250 2992 3304 3036 et
3339 2983 3549 3047 species
3591 2984 3644 3037 in
3686 3000 3754 3039 eo
3794 2984 3932 3055 quod

2347 3067 2475 3137 quid
2513 3079 2595 3122 est
2636 3068 2978 3137 prmdicatur.
3027 3058 3333 3128 Destruenti
3374 3074 3534 3144 igitur
3574 3075 3702 3130 utile
3738 3078 3782 3129 si
3826 3092 3932 3132 non

2349 3160 2672 3228 praedicetur
2700 3176 2868 3231 genus
2895 3162 2948 3216 in
2980 3177 3044 3216 eo
3073 3163 3217 3233 quod
3256 3165 3386 3235 quid
3428 3176 3513 3221 est
3547 3166 3617 3223 de
3656 3168 3847 3237 quibus
3881 3177 3935 3224 et

632 3268 797 3328 rueri.
828 3266 1000 3322 Habet
1027 3240 1205 3316 autem
1224 3248 1623 3313 dubitationem
1666 3251 1718 3304 in
1749 3245 2067 3337 quibusdam
2099 3240 2242 3337 quod

2296 3260 2320 3324 ζ
2352 3253 2563 3322 species
2603 3254 2961 3323 praedicatur;
3002 3258 3263 3312 astruenti
3306 3268 3486 3315 autem
3528 3263 3574 3315 si
3610 3261 3936 3331 praedicetur

630 3354 968 3427 ~bujusmodi
1020 3360 1136 3417 est,
1186 3362 1310 3402 nam
1364 3344 1578 3399 videtur
1638 3336 1957 3410 quibusdam
2024 3333 2249 3403 pruden-

662 3452 737 3504 tia
774 3456 829 3502 et
866 3446 1038 3500 virtus
1082 3450 1135 3495 et
1178 3438 1400 3494 scientia
1448 3442 1592 3499 esse,”
1619 3441 1675 3487 et
1718 3438 1966 3486 neutrum
2016 3441 2182 3497 genus
2221 3440 2253 3478 a

634 3560 641 3589 ε
662 3548 857 3599 neutro
906 3532 1213 3598 contineri;
1263 3544 1370 3584 non
1427 3536 1605 3581 tamen
1654 3524 1721 3578 ab
1770 3521 2017 3575 omnibus
2060 3531 2255 3573 conce-

662 3632 808 3690 ditur
845 3624 1179 3700 prndentiam
1218 3619 1493 3675 scientiam
1533 3628 1674 3670 esse.
1724 3613 1780 3668 Si
1815 3611 1975 3681 igitur
2003 3607 2122 3677 quis
2160 3607 2254 3661 ad-

638 3728 842 3782 .mittat
888 3718 1029 3791 quod
1078 3716 1278 3772 dictum
1305 3705 1411 3767 ‘est
1449 3724 1634 3765 verum
1681 3721 1823 3774 esse,
1864 3713 2101 3759 attamen
2129 3702 2256 3759 sub-

669 3816 915 3875 alterna,
975 3808 1059 3865 vel
1104 3806 1204 3861 sub
1260 3802 1453 3859 eodem
1492 3800 1651 3854 ambo
1692 3798 1808 3853 ﬁeri
1848 3812 1968 3866 qum
2011 3794 2254 3866 ejusdem

669 3916 798 3965 sunt
825 3914 1057 3976 genera,
1092 3893 1455 3954 necessarium
1486 3891 1753 3946 videbitur
1798 3902 1953 3955 esse,
1994 3885 2254 3957 quemad-

638 4028 641 4035 ε
670 3999 890 4058 modum
922 4003 976 4049 et
1004 3994 1058 4048 in
1091 3995 1285 4045 virtute
1314 3997 1369 4042 ει
1409 3986 1461 4040 in
1506 3983 1729 4039 scientia
1772 3979 2003 4036 accidit:
2030 3987 2255 4047 utraque

673 4091 820 4149 enim
844 4087 943 4143 sub
969 4084 1157 4140 eodem
1186 4092 1387 4150 genere
1416 4083 1575 4140 sunt,
1602 4089 1724 4128 nam
1756 4080 2040 4142 utrumque
2068 4083 2253 4125 eorum

677 4183 891 4241 habitus
936 4185 992 4233 et
1021 4170 1305 4244 dispositio
1352 4176 1459 4223 est.
1509 4163 1968 4220 Considerandum
2010 4162 2169 4231 igitur
2208 4159 2256 4214 si

675 4283 925 4333 neutrum
955 4276 1040 4324 est
1068 4267 1122 4319 in
1151 4263 1419 4331 assignato
1437 4271 1655 4328 genere.
1678 4256 1735 4311 Si
1766 4257 1907 4310 enim
1925 4268 2096 4321 neque
2123 4250 2255 4305 sub-

679 4369 885 4423 alterna
915 4368 1038 4415 sunt
1064 4367 1262 4426 genera
1283 4394 1299 4421 ,
1331 4365 1503 4419 neque
1542 4349 1641 4404 sub
1678 4348 1864 4403 eodem
1904 4345 2096 4408 ambo,
2149 4359 2254 4397 non

644 4488 647 4495 η
678 4458 781 4514 erit
809 4451 950 4524 quod
972 4448 1308 4518 assignatum
1338 4452 1421 4496 est
1450 4438 1638 4509 genus.
1675 4437 2134 4493 Considerandum
2163 4450 2255 4489 an-

642 4588 649 4595 .
680 4556 790 4604 tem
821 4534 876 4600 et
900 4554 1070 4613 genus
1098 4535 1350 4605 assignati
1377 4532 1590 4602 generis
1610 4572 1626 4598 ,
1657 4538 1711 4584 et
1741 4530 1820 4583 sic
1846 4543 2062 4597 semper
2092 4542 2257 4595 supe-

2294 3414 2295 3417 η
2358 3345 2413 3399 in
2442 3360 2508 3400 eo
2550 3346 2689 3415 quod
2738 3346 2865 3415 quid
2915 3356 2999 3401 est
3031 3348 3197 3414 utile,
3243 3351 3452 3406 accidet
3491 3352 3631 3408 enim
3670 3368 3840 3420 genus
3881 3360 3937 3409 et

2358 3437 2593 3505 speciem
2639 3437 2706 3491 de
2747 3438 2936 3492 eodem
2970 3440 3021 3493 in
3051 3455 3116 3495 eo
3153 3442 3294 3511 quod
3334 3442 3457 3512 quid
3497 3454 3577 3498 εει
3613 3442 3893 3511 ιιι-παίειτί
3916 3483 3934 3511 ,

2356 3540 2523 3595 quare
2548 3535 2602 3581 et
2634 3527 2775 3583 idem
2803 3530 2904 3585 sub
2929 3529 3137 3587 duobus
3163 3534 3449 3609 generibus
3479 3534 3573 3599 ﬁt,
3603 3545 3941 3605 necesseest

2336 3615 2519 3697 "igitur
2557 3619 2868 3676 subalterna
2905 3637 3281 3699 generaesse.
3321 3624 3379 3680 Si
3419 3625 3579 3696 igitur
3620 3612 3941 3683 Ostendatur

2362 3709 2507 3779 quod
2536 3711 2782 3767 volumus
2813 3729 2982 3782 genus
3010 3725 3251 3771 astruere
3280 3732 3395 3785 non
3428 3731 3551 3773 esse
3586 3717 3687 3771 sub
3722 3719 3939 3787 specie,

2342 3801 2704 3857 'manifestum
2749 3805 3001 3873 quoniam
3055 3794 3261 3876 species
3304 3808 3405 3861 sub
3454 3807 3557 3862 hoc
3594 3808 3729 3874 erit,
3775 3824 3944 3876 quare

2337 3883 2639 3947 ‘ostensum
2693 3895 2800 3949 erit
2844 3897 3098 3965 quoniam
3148 3912 3315 3966 genus
3363 3897 3486 3955 Itoc.
3532 3897 3943 3953 Considerandae

2362 3992 2542 4039 autem
2571 3992 2625 4039 et
2649 3986 2887 4040 rationes
2916 4001 3172 4056 generum
3194 4028 3211 4052 ,
3256 3988 3302 4042 si
3331 3998 3580 4058 aptantur
3609 3989 3673 4043 ad
3704 3989 3944 4059 assigna-

2342 4068 2471 4131 ‘tam
2502 4077 2770 4146 speciem,
2802 4088 2853 4132 et
2890 4078 2957 4132 ad
2995 4080 3366 4150 participantia
3406 4081 3663 4148 speciem.
3704 4080 3941 4137 Necesse

2344 4166 2453 4224 ~est
2480 4171 2622 4225 enim
2670 4186 2923 4241 generum
2967 4173 3201 4229 rationes
3243 4174 3521 4243 praedicari
3562 4173 3628 4227 de
3665 4174 3848 4241 specie
3887 4183 3944 4228 et

2363 4262 2430 4316 de
2468 4263 2532 4317 iis
2568 4279 2688 4333 quae
2719 4266 3039 4334 participant
3066 4268 3340 4335 speciem;
3391 4270 3435 4323 εἰ
3477 4268 3635 4337 igitur
3672 4268 3726 4322 in
3768 4269 3947 4335 aliquo

2348 4346 2639 4419 dissonet,
2686 4355 2979 4411 dilucidum
3023 4361 3272 4428 quoniam
3317 4376 3425 4414 non
3467 4369 3549 4414 est
3587 4374 3756 4429 genus
3798 4358 3940 4429 quod

2346 4438 2687 4517 assignatum
2732 4458 2834 4505 εει.
2890 4450 3128 4516 Rursus,
3178 4452 3225 4507 si
3273 4450 3634 4506 diﬂ’erentiam
3677 4461 3733 4504 ut
3774 4466 3943 4520 genus

2365 4543 2687 4612 assignavit,
2720 4552 2777 4598 ut
2815 4545 2858 4598 si
2901 4544 3205 4598 immortale
3242 4559 3410 4614 genus
3455 4544 3587 4609 Dei,
3628 4558 3748 4596 nam
3786 4542 3946 4594 diffe-

646 4692 647 4695 η
681 4593 794 4694 rius
819 4593 1013 4703 genuus,
1048 4627 1097 4682 si
1124 4593 1302 4680 omnia
1330 4621 1693 4692 praedicantur
1717 4619 1784 4674 de
1809 4620 2020 4689 specie,
2038 4614 2103 4673 ἐι
2128 4619 2175 4671 si
2204 4619 2251 4672 in

2815 4593 2857 4598 __
3242 4593 3406 4614 ψη-
3455 4593 3543 4598 _--
3571 4593 3587 4609 ,

2296 4593 2341 4655 Β
2365 4632 2536 4686 rentia
2562 4630 2659 4687 est
2685 4634 2929 4689 animalis
2971 4633 3307 4699 immortale,
3349 4649 3416 4689 eo
3453 4635 3595 4705 quod
3632 4633 3944 4688 animalium

650 4743 750 4797 ⁸ει)
777 4723 918 4796 quod
949 4718 1075 4791 quid
1100 4726 1184 4772 est
1225 4712 1603 4784 praedicantur.
1647 4710 1777 4766 Nam
1819 4726 1979 4791 omne
2016 4711 2260 4778 superius

648 4874 651 4877 .
682 4831 849 4890 genus
880 4810 1155 4883 praedicari
1186 4813 1399 4876 oportet
1425 4804 1493 4860 de
1531 4805 1711 4873 specie
1750 4803 1804 4858 in
1844 4820 1909 4859 eo
1948 4803 2089 4873 quod
2132 4803 2260 4873 quid

680 4922 803 4974 est;
834 4908 879 4961 si
910 4918 1036 4972 ergo
1063 4898 1256 4954 alicubi
1300 4898 1575 4964 dissonet,
1619 4896 1957 4950 rnatrifestum
2002 4898 2256 4967 quoniam

683 5017 792 5058 non
823 5009 905 5055 est
932 5008 1101 5066 genus
1122 4991 1268 5061 quod
1299 4991 1626 5059 assignatum
1654 4999 1756 5044 est.
1778 4986 2019 5043 Rursum
2040 5030 2054 5053 ,
2085 4992 2128 5043 si
2170 5005 2259 5059 ge-

684 5108 784 5149 nus
808 5087 1089 5160 participat
1114 5081 1347 5152 speciem
1370 5126 1383 5148 ,
1417 5080 1500 5135 vel
1529 5082 1739 5149 ipsum,
1786 5080 1869 5135 vel
1907 5080 2121 5149 aliquod
2164 5096 2256 5135 su-

684 5186 955 5254 periorum
984 5189 1266 5246 generum.
1307 5171 1441 5227 Nam
1468 5172 1686 5241 nullum
1723 5170 2051 5239 superiorum
2091 5174 2255 5239 parti.

680 5278 826 5344 cipat
866 5267 1275 5343 quodinlerins
1321 5273 1423 5320 est.
1465 5265 1765 5319 Destruenti
1810 5263 1969 5333 igitur
2006 5267 2262 5335 quemad-

684 5370 900 5425 modum
954 5364 1153 5420 dictum
1200 5370 1283 5416 εει
1336 5358 1649 5423 utendum,'
1680 5358 1935 5412 astruenti
1984 5367 2164 5416 autem
2216 5362 2263 5418 si

680 5462 1002 5516 conﬁteatur
1040 5456 1258 5526 quidem
1302 5454 1478 5506 inesse
1518 5450 1714 5519 speciei
1757 5451 1898 5522 quod
1937 5453 2137 5509 dictum
2178 5465 2261 5510 est

681 5564 887 5621 genus,
932 5556 987 5600 at
1026 5556 1084 5601 ut
1126 5559 1295 5615 genus
1336 5545 1473 5596 inest
1511 5540 1807 5610 dubitetur,
1847 5543 2042 5600 sufﬁcit
2083 5555 2262 5599 osten-

684 5650 816 5703 dere
856 5644 1053 5714 aliquid
1099 5643 1430 5711 superiorum
1470 5655 1723 5709 generum
1763 5640 1814 5697 in
1854 5655 1920 5697 eo
1957 5644 2098 5712 quod
2139 5641 2264 5710 quid

686 5748 771 5791 est
798 5737 866 5791 de
896 5735 1076 5803 specie
1104 5732 1405 5802 praedicari.
1441 5731 1561 5787 Uno
1591 5734 1734 5788 enim
1773 5734 1823 5786 in
1856 5747 1921 5788 eo
1956 5734 2095 5803 quod
2136 5734 2261 5803 quid

684 5834 769 5878 cst
794 5825 1083 5890 prmdicato
1137 5823 1317 5882 omnia
1344 5830 1399 5881 et
1425 5824 1705 5894 superiora
1733 5823 1904 5885 illius.
1933 5834 1988 5882 et
2011 5825 2262 5884 inferiora

2363 4725 2465 4780 alia
2519 4726 2798 4789 mortalia,
2850 4724 2952 4779 alia
2998 4725 3337 4780 immortalia.
3397 4724 3729 4788 Manifestum
3784 4723 3949 4793 igitur

2349 4810 2616 4886 quoniam
2643 4826 2891 4885 peccant,
2920 4816 3115 4871 nullius
3140 4815 3283 4871 enim
3314 4814 3615 4869 diﬁ‘erentia
3645 4824 3725 4869 est
3752 4828 3948 4883 genus.

2348 4908 2517 4974 'Quod
2558 4920 2737 4964 autem
2779 4908 2879 4964 hoc
2918 4910 3144 4976 verum,
3184 4907 3565 4975 manifestum,
3613 4907 3754 4961 nulla
3798 4908 3947 4960 enim

2354 5000 2665 5057 dilferentia
2694 5003 2956 5073 signiﬁcat
2978 5004 3104 5071 quid
3130 5012 3249 5072 εει,
3277 5002 3372 5057 sed
3399 5001 3752 5072 magis‘quale
3778 4998 3907 5066 quid
3930 5039 3950 5066 ,

2365 5104 2423 5147 ut
2444 5094 2722 5161 gressibilc
2744 5106 2796 5149 ct
2829 5096 2997 5166 bipes.
3018 5093 3081 5149 Et
3110 5096 3154 5150 si
3180 5095 3531 5150 differentiam
3557 5094 3607 5148 in
3630 5107 3824 5163 genere
3850 5106 3951 5160 po-

2347 5178 2474 5239 ‘suit
2506 5194 2754 5255 tanquam
2784 5189 3016 5256 speciem
3042 5226 3057 5251 ,
3087 5195 3145 5240 ut
3193 5185 3452 5255 imparem
3509 5185 3725 5254 quidem
3760 5197 3952 5237 nume-

2350 5270 2482 5330 rum
2516 5275 2851 5346 (differentia
2879 5278 3021 5332 enim
3053 5278 3259 5333 numeri
3294 5276 3486 5343 impar.
3518 5284 3571 5329 et
3598 5290 3703 5330 non
3738 5274 3949 5342 species

2342 5360 2522 5437 ³εει),
2567 5384 2739 5437 neque
2781 5369 2994 5425 videtur
3042 5369 3364 5439 participare
3413 5362 3945 5437 diﬂ'erentia‘genns.

2368 5461 2499 5518 Nam
2528 5477 2688 5517 omne
2725 5463 2867 5532 quod
2908 5464 3194 5533 participat
3222 5477 3426 5533 genus,
3460 5462 3542 5514 vel
3575 5460 3819 5529 species,
3864 5455 3950 5513 vel

2348 5554 2701 5609 individuum
2725 5564 2841 5609 est:
2867 5555 3165 5609 dJl‘erentia
3193 5565 3370 5608 autem
3400 5567 3573 5623 neque
3597 5551 3952 5616 individuum,

2347 5658 2544 5717 ‘tteqtte
2570 5647 2812 5716 species;
2852 5648 3193 5702 manifestum
3225 5646 3383 5716 igitur
3413 5645 3664 5715 quoniam
3697 5660 3801 5698 non
3832 5656 3954 5709 par-

2372 5741 2557 5810 ticipat
2582 5754 2751 5809 genus
2780 5738 3074 5794 diﬁerentia
3097 5778 3113 5803 ,
3143 5754 3311 5808 quare
3339 5752 3517 5807 neque
3547 5738 3716 5803 impar
3742 5731 3953 5801 species

2348 5822 2355 5849 ⁵
2372 5831 2474 5889 erit
2492 5872 2508 5902 ,
2536 5829 2631 5887 sed
2660 5829 2959 5888 ditl‘erentia
2982 5872 3000 5901 ,
3031 5830 3282 5903 quoniam
3313 5844 3421 5888 non
3450 5826 3735 5900 participat
3760 5834 3953 5898 genus.
