4290 6272
591 348 692 405 9η

1829 340 1940 397 AN.
1981 341 2189 400 MANL.
2230 342 2385 407 SEY.
2425 341 2653 400 BOETlI

3790 361 3913 443 υιετ

594 463 641 517 si
676 463 907 518 medium
944 462 993 515 in
1022 460 1169 514 dicto
1196 471 1428 528 genere,
1461 470 1585 509 nam
1617 456 1669 509 in
1701 470 1807 525 quo
1835 457 2071 512 medium
2092 504 2105 527 ,
2135 468 2191 548 et
2219 456 2644 529 Agrammatica
2688 469 2863 517 autem
2900 478 3027 517 non.
3070 466 3153 525 An
3191 464 3301 525 'nec
3342 476 3483 541 quod
3518 480 3664 547 prius
3689 483 3895 548 diu“.

593 570 854 615 extrema.
892 556 1119 609 Rursum
1165 553 1208 606 si
1256 554 1325 606 sit
1365 561 1417 606 et
1459 552 1786 606 contrarium
1833 552 2049 621 quidem
2096 542 2187 624 ge:-

592 653 733 714 neri,
764 646 1210 703 considerandum
1241 652 1419 710 est,et
1450 643 1492 698 si
1524 644 1853 699 contrarium
1888 645 1938 699 in
1967 655 2182 700 contra-

590 743 696 795 rio.
727 740 859 794 Nam
891 739 935 794 si
967 739 1074 805 sit,
1109 738 1448 793 manifestum
1477 736 1618 807 quod
1660 746 1716 792 et
1756 738 2087 809 propositum
2130 737 2184 793 in

588 832 887 903 proposito.

1208 919 1437 978 CAPUT
1476 920 1567 977 Ν.

1112 1014 1190 1069 De
1218 1032 1400 1087 genere
1428 1015 1526 1068 loci
1550 1012 1662 1070 alii.

660 1110 895 1166 Rursum
934 1109 987 1163 in
1032 1108 1246 1162 casibus
1282 1115 1336 1163 et
1378 1105 1699 1174 conjugatis,
1740 1104 1784 1160 si
1825 1106 2071 1163 similiter
2099 1123 2219 1173 se—V

586 1219 845 1276 quuntur,
890 1215 944 1261 et
982 1202 1313 1259 interimenti
1346 1212 1402 1259 et
1431 1202 1787 1257 construenti.
1830 1201 2002 1256 Simul
2041 1204 2183 1259 enim

584 1302 681 1355 uni
710 1311 765 1356 et
794 1300 1045 1356 omnibus
1092 1299 1276 1354 insunt
1305 1297 1391 1351 vel
1422 1312 1529 1351 non
1567 1297 1772 1365 insunt,
1807 1306 1866 1353 ut
1902 1300 1947 1354 si
1980 1297 2185 1368 justitia

582 1394 811 1451 scientia
841 1391 1109 1463 quaedam,
1143 1401 1195 1446 et
1232 1390 1379 1460 juste
1408 1393 1665 1461 scienter,
1691 1401 1745 1448 et
1770 1394 1945 1463 justus
1973 1394 2185 1460 sciens;

582 1487 631 1541 si
673 1494 852 1541 autem
884 1484 1079 1539 horum
1118 1482 1317 1552 aliquid
1358 1498 1463 1536 non
1513 1483 1673 1549 inest,
1718 1500 1817 1541 nec
1857 1485 2185 1556 reliquorum

587 1577 777 1645 ullum.
815 1577 1046 1632 Rursum
1091 1576 1143 1629 in
1181 1576 1246 1629 iis
1274 1590 1393 1643 qua:
1422 1574 1670 1630 similiter
1695 1590 1754 1629 se
1782 1576 1982 1631 habent
2010 1577 2074 1631 ad
2106 1578 2186 1632 in-

584 1673 782 1737 vicem,
826 1678 883 1724 ut
928 1668 1248 1724 delectabile
1278 1667 1527 1721 similiter
1554 1681 1613 1721 se
1650 1668 1715 1720 ad
1748 1668 2101 1737 voluptatem,
2130 1659 2212 1727 et

583 1766 717 1821 utile
736 1764 803 1820 ad
826 1764 1046 1827 bonum,
1073 1771 1360 1828 utrumque
1386 1760 1528 1813 enim
1554 1758 1832 1830 utriusque
1854 1760 2179 1817 effectivum.

2303 558 2387 651 cst
2410 566 2597 605 verum
2622 551 2923 651 videbitur?
2951 571 3072 610 nam
3104 558 3276 615 virtus
3306 562 3478 633 ipsum
3500 573 3641 640 quod
3670 556 3907 651 bonum,

2297 649 2352 694 et
2392 657 2566 712 ipsum
2602 644 2743 712 quod
2788 644 3096 721 honestum,
3137 661 3191 706 et
3229 655 3399 725 virtus
3432 663 3647 730 quidem
3686 670 3750 725 ad
3790 644 3893 729 ali;
3950 710 3955 730 ς

2295 736 2448 832 quid,
2480 736 2680 832 lio—num
2715 755 2842 795 vero
2879 750 2932 795 et
2963 741 3252 803 honestum
3291 766 3397 811 non
3440 727 3507 813 ad
3543 759 3762 832 aliquid,
3796 727 3905 832 sed
3950 727 3954 741 Τ

2296 829 2495 922 qualia.
2532 829 2765 885 Rursum
2809 832 2853 886 si
2894 848 3001 887 non
3044 837 3110 893 ad
3158 840 3301 922 idem
3343 843 3538 903 dicitur
3576 829 3806 922 species,
3837 830 3907 917 ei:

2298 918 2590 975 secundum
2631 935 2710 989 se,
2740 930 2794 976 et
2821 929 3119 985 secundum
3158 918 3347 1001 genus.
3386 937 3453 995 lit
3480 939 3527 995 si
3556 918 3771 1013 duplum
3792 918 3887 1006 idi-

2295 1010 2445 1106 midii
2487 1010 2681 1066 dicitur
2718 1012 2963 1083 duplum,
2994 1027 3047 1071 et
3091 1021 3388 1090 multiplum
3426 1010 3643 1087 dimidii
3672 1049 3891 1106 oportet

2296 1104 2399 1203 dici
2424 1106 2515 1203 ;”si
2547 1116 2722 1161 autem
2758 1123 2881 1175 non,
2923 1126 3028 1165 non
3059 1116 3156 1170 erit
3184 1119 3482 1189 multiplum
3515 1142 3683 1195 genus
3710 1104 3885 1203 dupli.

2295 1197 2633 1294 Amplius,_si
2667 1216 2772 1254 non
2803 1202 2868 1294 ad
2908 1202 3047 1258 idem
3075 1216 3128 1261 et
3153 1212 3442 1270 secundum
3466 1234 3635 1285 genus
3661 1197 3901 1294 dicitur,

2296 1292 2352 1343 et
2382 1289 2676 1344 secundum
2715 1293 2895 1349 omnia
2938 1309 3156 1363 genera.
3194 1300 3325 1359 “Nam
3357 1305 3401 1359 si
3429 1306 3647 1377 duplum
3674 1289 3883 1375 dimidii

2292 1383 2596 1453 multiplum
2628 1394 2731 1449 est,
2765 1395 2819 1440 et
2847 1388 3124 1447 abundans
3167 1393 3370 1452 dimidii
3409 1398 3632 1469 dicetur,
3664 1415 3721 1463 et
3751 1382 3895 1464 sim-l

2293 1476 2504 1546 pliciter
2535 1480 2830 1534 secundum
2861 1485 3041 1538 omnia
3085 1489 3364 1555 superiora
3401 1507 3595 1561 genera
3631 1498 3697 1555 ad
3722 1500 3886 1559 dimi-

2292 1573 2438 1626 dium
2468 1572 2694 1629 dicetur.
2727 1573 3004 1643 instantia,
3031 1578 3168 1647 quod
3202 1595 3307 1637 non
3338 1598 3557 1641 necesse
3583 1598 3667 1647 est
3696 1604 3889 1653 secun-

2290 1663 2418 1717 dum
2468 1678 2557 1732 se,
2611 1674 2664 1719 et
2709 1667 3001 1721 secundum
3050 1684 3222 1739 genus
3272 1674 3339 1729 ad
3391 1674 3529 1733 idem
3574 1678 3711 1745 dici;
3762 1656 3883 1743 nam

2290 1758 2511 1812 scientia
2552 1756 2755 1813 scibilis
2793 1759 3010 1826 dicitur,
3047 1762 3261 1820 habitus
3300 1775 3476 1823 autem
3512 1777 3568 1824 et
3605 1770 3895 1845 dispositio.

581 1857 643 1915 Si
690 1857 850 1926 igitur
892 1857 1138 1923 voluptas
1184 1852 1438 1923 quiddam
1487 1851 1710 1917 bonum,
1759 1860 1812 1915 et
1865 1852 2181 1910 delectabile
2210 1846 2261 1910 Β
2289 1864 2393 1904 non
2426 1849 2652 1915 scibilis,
2682 1850 2778 1907 sed
2808 1853 3020 1911 animae.
3063 1852 3293 1925 Rursum
3334 1857 3379 1911 si
3416 1860 3664 1919 similiter
3688 1864 3883 1924 dicitur

584 1950 839 2019 quiddam
892 1949 1022 2004 utile
1050 1949 1191 2013 erit;
1229 1944 1568 2000 manifestum
1597 1944 1738 1999 enim
1774 1943 2022 2013 quoniam
2057 1945 2179 2002 boui

584 2041 688 2105 erit
716 2040 1042 2107 eﬂectivnm,
1075 2054 1141 2095 eo
1177 2038 1319 2107 quod
1360 2036 1606 2106 voluptas
1654 2035 1876 2091 bonum.
1923 2037 2182 2095 Similiter

580 2144 765 2191 Iutem
803 2143 855 2189 et
894 2134 944 2187 in
988 2129 1430 2201 generationibus
1479 2136 1535 2183 et
1564 2128 2019 2197 corruptionibus,
2052 2142 2107 2183 ut
2134 2131 2180 2185 si

586 2226 852 2283 aediﬁcare
882 2234 964 2280 est
988 2225 1223 2294 operari,
1248 2222 1552 2277 aediﬁcasse
1578 2218 1857 2289 operatum
1884 2236 2025 2290 esse,
2052 2231 2109 2277 ct
2136 2223 2180 2277 si

585 2320 795 2377 discere
831 2327 914 2374 est
954 2317 1248 2383 reminisci,
1282 2325 1334 2371 et
1369 2314 1623 2369 didicisse
1666 2312 2005 2369 recordatum
2036 2330 2178 2381 esse,

585 2420 645 2468 et
661 2411 707 2467 si
726 2410 947 2469 dissolvi
986 2418 1067 2463 est
1098 2406 1392 2475 corrumpi,
1424 2415 1478 2463 et
1506 2405 1824 2460 dissolutum
1854 2421 1975 2462 esse
1998 2421 2182 2461 corru-

586 2515 739 2578 ptum
786 2520 928 2567 esse,
971 2513 1029 2559 et
1072 2502 1353 2559 dissolutio
1394 2502 1667 2570 corruptio
1712 2500 1977 2570 quaedam.
2022 2498 2087 2553 Et
2126 2501 2183 2555 in

588 2598 914 2671 generativis
944 2611 1073 2651 vero
1104 2603 1158 2651 et
1193 2596 1247 2650 in
1274 2594 1619 2663 corruptivis,
1645 2592 1895 2649 similiter
1920 2602 1975 2648 et
2000 2593 2052 2646 in
2082 2608 2184 2661 po-

589 2685 780 2747 teutiis'
814 2697 871 2743 et
913 2687 1134 2753 usibus,
1185 2694 1240 2741 et
1283 2685 1504 2739 omnino
1554 2684 1847 2739 secundum
1891 2684 2183 2754 quamlibet

590 2782 994 2851 similitudinem
1043 2789 1100 2836 et
1153 2779 1479 2835 interimeuti
1522 2785 1577 2833 et
1638 2780 1973 2835 construenti
2017 2779 2185 2847 inspi-

591 2877 864 2943 ciendum,
907 2874 1358 2945 quemadmodum
1407 2873 1463 2928 in
1511 2872 1861 2942 generatione
1901 2882 1956 2930 et
2000 2888 2185 2930 corru-

591 2972 779 3043 ptione
810 2969 1064 3024 diximus.
1100 2966 1231 3021 Nam
1279 2967 1324 3021 si
1367 2967 1729 3031 corruptivum
1780 2964 2181 3029 dissolutivum,

592 3072 649 3119 et
691 3062 963 3131 corrumpi
1014 3059 1252 3123 dissolvi,
1292 3066 1345 3113 et
1387 3057 1431 3112 si
1464 3057 1831 3127 generativum
1870 3067 1955 3111 est
1980 3056 2187 3111 etl’ecti-

592 3169 742 3221 vum,
780 3164 833 3209 et
874 3152 1117 3223 generari
1150 3151 1287 3216 tieri,
1321 3160 1375 3204 et
1411 3149 1689 3219 generatio
1719 3149 1903 3214 tactio,
1936 3148 2186 3204 similiter

2291 1958 2480 2012 genus,
2515 1950 2569 1997 et
2597 1944 2806 2012 species
2841 1945 3140 2007 secundum
3171 1962 3349 2005 casus.
3388 1949 3450 2007 Ut
3495 1954 3540 2007 si
3580 1955 3757 2022 alicui,
3787 1970 3883 2017 aut

2287 2036 2517 2107 alicujus
2569 2046 2660 2091 aut
2706 2036 2945 2107 quolibet
2986 2039 3148 2095 modo
3195 2040 3351 2097 aliter
3388 2042 3585 2101 dicitur
3621 2063 3635 2099 :
3671 2062 3792 2108 nam
3820 2060 3885 2108 ut

2287 2130 2495 2199 species
2546 2138 2602 2187 et
2624 2145 2817 2201 genus,
2846 2132 2995 2189 velut
3025 2132 3080 2189 in
3108 2131 3273 2205 duplo
3318 2146 3372 2192 et
3401 2135 3451 2191 in
3489 2120 3893 2213 superioribus;

2290 2222 2536 2293 alicujus,
2566 2222 2710 2276 enim
2737 2230 2791 2279 et
2818 2221 3040 2293 duplum
3071 2234 3123 2278 et
3150 2226 3482 2295 multiplum;
3514 2229 3762 2289 similiter
3785 2248 3883 2289 au-

2289 2322 2396 2368 tem
2422 2323 2476 2368 et
2505 2313 2558 2368 in
2588 2314 2836 2379 scientia,
2876 2313 3103 2384 alicujus
3140 2316 3284 2371 enim
3321 2326 3374 2377 et
3408 2319 3531 2377 haec
3579 2331 3634 2379 et
3660 2337 3879 2397 genere,

2290 2415 2348 2462 ut
2386 2407 2664 2473 dismsitio
2693 2415 2747 2463 et
2776 2407 3008 2467 habitus.
3054 2407 3314 2469 Instantis
3357 2423 3555 2481 autem,
3594 2417 3733 2487 quod
3776 2420 3878 2473 ali-

2288 2499 2495 2569 quoties
2520 2514 2629 2554 non
2659 2500 2759 2566 sic,
2794 2514 2913 2555 nam
2956 2500 3233 2570 differens,
3264 2514 3319 2559 et
3342 2509 3667 2567 contrarium
3696 2512 3877 2581 alicui,

2287 2591 2556 2646 diversum
2582 2601 2758 2648 autem
2781 2607 2901 2649 cum
2930 2595 3002 2649 sit
3023 2609 3191 2664 genus
3216 2596 3431 2665 borum,
3455 2616 3561 2656 non
3580 2603 3763 2671 alicui,
3784 2606 3882 2665 sed

2289 2685 2357 2743 ab
2382 2684 2581 2753 aliquo,
2613 2685 2884 2743 diversum
2924 2688 3071 2744 enim
3102 2689 3298 2757 dicitur
3322 2692 3390 2747 ab
3417 2692 3612 2765 aliqua.
3649 2695 3880 2757 Rursum

2289 2778 2334 2835 si
2366 2778 2616 2835 similiter
2642 2778 2708 2835 ad
2742 2779 2943 2850 aliquid
2982 2783 3274 2839 secundum
3302 2800 3460 2845 casus
3488 2787 3651 2856 dicta,
3678 2804 3783 2847 non
3808 2792 3883 2853 sis

2290 2871 2491 2927 militer
2535 2880 2939 2928 convertuntur.
2987 2872 3445 2943 Quemadmodum
3507 2878 3560 2939 in
3614 2880 3782 2949 duplo
3828 2890 3883 2945 et

2292 2962 2562 3033 multiple,
2607 2972 2893 3033 utrumque
2935 2965 3077 3023 enim
3128 2963 3315 3021 borum
3364 2967 3607 3037 alicujus,
3646 2979 3703 3029 et
3741 2969 3882 3037 idem

2292 3054 2453 3109 etiam
2484 3054 2773 3109 secundum
2802 3054 3211 3113 conversionem
3236 3054 3452 3123 dicitur,
3484 3056 3708 3127 alicujus
3738 3073 3880 3117 ertm

2292 3154 2349 3201 et
2412 3145 2689 3200 dimidium
2739 3152 2795 3200 et
2832 3144 3261 3215 submultiplum.
3315 3145 3571 3203 Similiter
3609 3156 3785 3205 autem

594 3255 649 3304 et
674 3250 728 3303 in
760 3249 1015 3318 potentiis
1041 3255 1095 3301 et
1120 3246 1327 3313 usibus,
1356 3253 1411 3299 et
1435 3245 1655 3300 omnino
1678 3244 1720 3296 si
1748 3244 1977 3313 potentia
2005 3244 2187 3311 dispo-
2215 3228 2261 3298 C
2294 3240 2345 3297 in
2367 3238 2646 3307 disciplina
2682 3247 2735 3297 et
2765 3236 3035 3307 opinione,
3063 3254 3182 3293 nam
3205 3247 3260 3292 et
3285 3238 3368 3295 lue
3394 3241 3640 3309 alicujus,
3669 3250 3727 3297 et
3758 3257 3874 3297 cou-

594 3340 740 3407 sitio,
777 3348 833 3394 et
876 3353 1034 3408 posse
1058 3338 1288 3406 disponi,
1318 3344 1373 3391 et
1407 3338 1451 3389 si
1491 3336 1717 3406 alicujus
1745 3350 1873 3391 usus
1905 3344 1987 3392 est
2012 3344 2182 3401 actus,

594 3440 652 3487 et
686 3433 761 3484 uti
791 3446 969 3500 agere,
1001 3439 1057 3485 et
1086 3445 1237 3483 usum
1285 3444 1406 3483 esse
1442 3430 1638 3498 egisse.
1679 3426 1736 3482 Si
1765 3437 1945 3482 autem
1974 3427 2043 3482 sit
2077 3429 2185 3495 pri-

593 3520 740 3576 vatio
777 3522 827 3575 id
868 3522 1011 3590 quod
1053 3520 1342 3589 opponitur
1385 3522 1607 3589 speciei,
1648 3521 1856 3574 duobus
1899 3520 2072 3573 modis
2105 3528 2190 3575 est

594 3616 928 3671 interimere.
960 3612 1198 3667 Primum
1236 3614 1451 3681 quidem
1484 3614 1529 3667 si
1564 3613 1836 3680 assignato
1872 3626 2068 3680 genere
2105 3623 2191 3667 est

595 3709 917 3777 oppositum.
960 3710 1068 3761 Aut
1099 3706 1242 3760 enim
1272 3705 1589 3772 simpliciter
1614 3706 1667 3759 in
1701 3704 1849 3759 nullo
1875 3718 2072 3773 genere
2100 3718 2192 3758 eo-

594 3801 717 3855 dem
745 3799 991 3868 privatio,
1023 3806 1113 3851 aut
1145 3810 1249 3851 non
1274 3796 1329 3851 in
1354 3796 1567 3860 ultimo,
1593 3802 1652 3849 ut
1676 3796 1720 3850 si
1744 3794 1892 3849 risus
1922 3796 1977 3849 in
2002 3794 2188 3849 ultimo

593 3906 792 3962 genere
823 3902 927 3959 est,
958 3905 1167 3958 sensus,
1193 3891 1407 3945 caecitas
1433 3905 1539 3945 non
1568 3889 1668 3945 erit
1693 3903 1909 3944 sensus.
1941 3888 2187 3945 Secundo

594 3993 796 4053 autem,
822 3986 868 4040 si
893 3994 945 4039 et
972 3984 1158 4054 generi
1179 3996 1231 4039 et
1260 3983 1457 4053 speciei
1484 3982 1775 4052 opponitur
1805 3984 2054 4050 privatio,
2081 3997 2187 4036 non

594 4087 677 4134 est
704 4089 882 4132 autem
910 4078 1215 4147 Oppositum
1248 4077 1304 4131 in
1336 4076 1607 4146 opposito,
1641 4090 1739 4130 nec
1767 4074 1907 4144 quod
1943 4074 2188 4139 assigna-

598 4186 708 4226 tum
742 4181 824 4228 est
875 4172 927 4226 in
960 4172 1231 4240 assignato
1263 4169 1387 4223 erit.
1422 4168 1753 4222 lnterimenti
1789 4167 1970 4236 igitur,
2003 4183 2190 4237 quem-

594 4267 880 4323 admodum
924 4265 1125 4319 dictum
1168 4269 1270 4327 est,
1312 4261 1592 4316 utendum.
1624 4261 1968 4316 Construenti
2008 4270 2185 4314 autem

594 4376 699 4417 uno
723 4360 906 4427 modo,
939 4373 1060 4413 nam
1092 4358 1137 4409 si
1166 4357 1467 4423 oppositum
1509 4356 1561 4409 in
1598 4355 1869 4424 opposito,
1902 4363 1956 4408 et
1997 4368 2192 4423 propo-

591 4454 753 4509 situm
798 4453 850 4508 in
886 4449 1161 4521 praposito
1196 4448 1318 4511 erit,
1357 4457 1415 4500 ut
1454 4447 1497 4500 si
1540 4448 1754 4500 ca-citas
1802 4445 2190 4500 insensibilitas

593 4543 862 4615 quaedam,
905 4548 961 4597 et
995 4541 1143 4595 visus
1190 4551 1402 4591 sensus.
1448 4537 1676 4590 Rursum
1724 4536 1777 4589 in
1817 4538 2188 4606 negatiouibus

2291 3332 2540 3395 vertitur,
2564 3330 2812 3385 similiter
2833 3338 2890 3386 et
2912 3329 3308 3399 disciplinatum
3340 3342 3395 3387 et
3420 3332 3688 3401 opinabile
3717 3333 3872 3388 alicu-

2289 3424 2406 3493 jus;
2427 3422 2473 3479 si
2503 3422 2667 3493 igitur
2695 3421 2745 3475 in
2764 3420 2953 3490 aliquo
2976 3436 3081 3477 non
3110 3421 3353 3478 similiter
3381 3423 3730 3488 convertitur,
3760 3436 3878 3475 ma-

2293 3512 2544 3571 nifestum
2594 3519 2678 3565 est
2714 3527 2822 3567 non
2863 3527 2982 3567 esse
3019 3526 3187 3583 genus
3214 3510 3439 3566 alterum
3467 3511 3707 3566 alterius.
3738 3510 3879 3569 Rur-

2293 3621 2444 3669 sum,
2484 3605 2528 3658 si
2577 3620 2683 3660 non
2730 3603 2797 3659 ad
2842 3606 3063 3673 aequalia
3106 3609 3342 3675 species,
3372 3616 3425 3659 et
3462 3619 3631 3677 genus
3656 3605 3879 3661 dicitur.

2292 3696 2546 3755 Similiter
2577 3695 2742 3761 enim,
2775 3704 2829 3750 et
2867 3696 3137 3765 aequaliter
3182 3707 3467 3766 utrumque
3504 3695 3716 3752 videtur
3753 3696 3879 3763 dici,

2294 3787 2746 3859 quemadmodum
2795 3787 2849 3841 in
2896 3787 3037 3842 dono
3081 3796 3135 3842 et
3179 3786 3415 3852 datione,
3444 3800 3567 3842 nam
3600 3796 3654 3841 et
3683 3788 3881 3843 donum

2294 3879 2519 3949 alicujus
2549 3878 2707 3933 alicui
2739 3878 2955 3946 dicitur,
2985 3887 3037 3933 et
3064 3878 3210 3933 datio
3238 3878 3461 3947 alicujus
3487 3888 3541 3934 et
3567 3879 3728 3934 alicui
3753 3880 3882 3934 dici-

2297 3983 2419 4039 tur;
2449 3982 2532 4028 est
2571 3982 2746 4028 autem
2787 3972 2933 4027 datio
2972 3987 3140 4041 genus
3169 3971 3313 4037 doni,
3349 3987 3471 4027 nam
3512 3972 3710 4029 donum
3742 3974 3881 4029 datio

2295 4077 2374 4123 est
2416 4065 2760 4122 irreddibilis.
2805 4064 2860 4119 in
2901 4064 3164 4133 aliquibus
3210 4074 3393 4120 autem
3440 4081 3544 4121 non
3585 4066 3782 4125 accidit
3816 4067 3881 4122 ad

2294 4164 2518 4231 aequalia
2558 4163 2686 4227 dici,
2734 4176 2856 4217 nam
2905 4159 3122 4228 duplum
3175 4159 3400 4227 alicujus
3437 4160 3673 4228 duplum,
3714 4161 3875 4215 abun:

2296 4257 2429 4310 dans
2457 4268 2633 4310 autem
2664 4264 2715 4310 et
2747 4256 2917 4319 majus
2946 4254 3172 4319 alicujus
3218 4262 3272 4309 et
3310 4254 3509 4323 aliquo,
3549 4268 3708 4309 omne
3737 4254 3884 4317 enim

2295 4347 2595 4409 abundans,
2618 4354 2670 4399 et
2697 4344 2868 4412 majus
2894 4345 3071 4412 aliquo
3100 4345 3353 4409 abundat,
3384 4356 3435 4399 et
3466 4345 3685 4411 alicujus
3716 4344 3880 4399 abun-

2296 4440 2407 4504 dat,
2440 4455 2602 4507 quare
2642 4453 2744 4491 non
2776 4445 2900 4491 sunt
2930 4452 3120 4504 genera
3151 4452 3268 4505 quo:
3297 4436 3431 4491 dicta
3462 4446 3587 4490 sunt
3616 4436 3780 4505 dupli,
3818 4450 3881 4490 eo

2236 4534 2241 4539 '
2294 4531 2434 4600 quod
2468 4545 2570 4584 non
2598 4529 2663 4581 ad
2704 4528 2927 4599 mqualia
2959 4529 3210 4585 dicuntur
3238 4529 3457 4597 speciei,
3488 4539 3579 4584 aut
3622 4545 3728 4582 non
3761 4532 3882 4585 uui-

594 4634 1041 4689 consideraudum
1090 4647 1120 4685 e
1166 4644 1449 4692 converso,
1483 4629 1935 4697 quemadmodum
1965 4630 2017 4682 in
2050 4630 2189 4683 acci~
2214 4620 2270 4685 D
2295 4624 2575 4678 versalilel‘
2603 4636 2812 4685 verum.
2839 4614 2904 4675 aid
2937 4621 3161 4688 aequalia
3201 4621 3438 4687 εμοοὶειη
3481 4629 3536 4673 ει
3562 4634 3729 4689 genus
3755 4620 3880 4677 diei.
3947 4694 3953 4699 _

592 4728 752 4783 dente
782 4727 1078 4785 dicebatur,
1116 4731 1172 4776 ut
1196 4724 1238 4776 si
1272 4721 1592 4775 delectabile
1622 4721 1763 4789 quod
1796 4721 2017 4786 bontun,
2042 4719 2183 4789 quod

592 4835 701 4894 non
734 4820 933 4873 bunum
962 4832 1067 4870 non
1093 4815 1429 4869 delectabile.
1456 4812 1585 4867 Nam
1615 4812 1659 4868 si
1684 4829 1787 4868 non
1812 4815 1882 4867 ita
1914 4828 1972 4867 se
2003 4813 2180 4881 habet,

591 4900 693 4967 erit
725 4906 932 4975 contra,
968 4924 1071 4962 non
1113 4909 1311 4961 bonum
1363 4906 1699 4960 delectabile.
1744 4906 1811 4960 At
1858 4905 2185 4972 impossibile

591 5006 694 5071 est,
726 5005 769 5059 si
802 5008 1000 5061 boiium
1037 5015 1203 5072 genus
1234 5008 1318 5053 est
1358 5000 1708 5065 dtflCClablllS,
1738 5013 1856 5052 esse
1894 4998 2181 5067 quidquam

591 5112 696 5171 non
743 5096 940 5151 bonum
986 5091 1318 5147 delectabile.
1371 5091 1500 5145 Nam
1550 5092 1616 5143 de
1656 5090 1850 5156 quibus
1882 5103 2045 5156 genus
2077 5093 2182 5146 non

594 5190 938 5258 praedicatur,
962 5200 1061 5240 nec
1087 5186 1389 5254 specierum
1420 5184 1543 5235 ulla.
1580 5181 1641 5234 Et
1669 5178 1998 5235 construcnli
2023 5180 2183 5235 etiam

591 5282 838 5335 similiter
870 5278 1282 5347 ἱηενίοἱρηάιιηὶ.
1317 5278 1445 5329 Nam
1475 5274 1519 5328 si
1550 5290 1651 5327 non
1688 5273 1906 5336 bonum,
1952 5288 2057 5326 non
2092 5275 2188 5329 de-

588 5370 861 5434 lectabile,
915 5368 1233 5424 delectabile
1286 5366 1507 5429 bonum,
1556 5378 1723 5433 quare
1772 5379 1939 5433 genus
1986 5366 2183 5421 bonum

528 5483 538 5493 '
591 5463 943 5521 delectabilis.
993 5461 1052 5517 Si
1098 5468 1277 5515 autem
1316 5459 1385 5513 sit
1416 5457 1482 5511 ad
1512 5456 1709 5526 aliquid
1745 5459 1971 5526 species,
2006 5461 2185 5513 consi-

590 5564 885 5618 derandum
917 5561 961 5617 si
989 5571 1042 5615 et
1072 5574 1237 5630 genus
1266 5557 1330 5611 ad
1355 5556 1572 5626 aliquid.
1619 5555 1746 5608 Nam
1792 5556 1836 5609 si
1881 5556 2085 5623 Species
2114 5554 2178 5608 ad

592 5657 813 5725 aliquid,
840 5668 892 5711 et
924 5670 1118 5726 genus,
1161 5663 1218 5706 ut
1248 5656 1298 5705 in
1329 5650 1524 5719 duplici
1563 5658 1615 5703 ct
1644 5649 1942 5717 multiplici,
1973 5658 2182 5702 utrum-

592 5760 697 5816 que
725 5748 866 5799 enim
899 5748 964 5802 ad
998 5746 1219 5814 aliquid.
1254 5745 1309 5799 Si
1338 5753 1513 5796 autem
1540 5757 1704 5810 genus
1729 5740 1791 5793 ad
1823 5740 2044 5809 aliquid,
2074 5754 2180 5790 non

589 5840 921 5899 necessario.
949 5849 1006 5894 et
1052 5839 1279 5906 species.
1327 5837 1459 5891 Nam
1510 5833 1789 5903 disciplina
1841 5834 1906 5887 ad
1950 5831 2180 5897 aliquid,

2296 4713 2594 4769 Videndum
2621 4723 2798 4767 autem
2831 4723 2884 4768 et
2912 4714 2958 4767 si
2987 4712 3217 4781 oppositi
3244 4721 3326 4767 est
3355 4712 3660 4780 oppositum
3690 4727 3879 4781 genus.

2291 4808 2361 4865 Ut
2383 4811 2426 4863 si
2450 4808 2599 4878 dupli
2621 4807 2946 4874 multiplum,
2968 4818 3026 4861 et
3048 4806 3251 4860 dimidii
3275 4805 3703 4876 submultiplum,
3725 4821 3882 4873 opor-

2290 4910 2367 4955 tet
2406 4901 2549 4955 enim
2596 4900 2901 4969 oppositum
2952 4898 3182 4967 oppositi
3226 4910 3397 4965 genus
3442 4912 3580 4953 esse.
3629 4898 3682 4952 Si
3727 4897 3882 4965 igitur

2292 5004 2455 5061 ponat
2502 4994 2695 5062 aliquis
2740 4992 3017 5048 scientiam
3067 4992 3294 5059 idipsum
3340 4989 3480 5057 quod
3524 4998 3605 5045 est
3642 5004 3881 5053 sensum,

2293 5085 2557 5155 oportebit
2588 5095 2642 5139 et
2669 5086 2855 5138 scibile
2900 5084 2950 5137 id
2999 5082 3141 5149 quod
3180 5089 3267 5137 est
3312 5080 3567 5137 sensibile
3607 5094 3757 5144 esse;
3788 5079 3881 5135 sed

2280 5178 2396 5231 non
2438 5187 2539 5242 est,
2572 5193 2677 5233 non
2709 5177 2851 5230 enim
2894 5192 3055 5231 omne
3094 5174 3283 5229 scibile
3326 5172 3602 5240 sensibile,
3636 5186 3761 5227 nam
3798 5172 3883 5226 in-

2293 5271 2643 5341 tclligibilium
2695 5271 2938 5336 quaedam
2979 5267 3209 5324 scibilia.
3240 5266 3418 5331 Quare
3456 5281 3562 5321 non
3603 5272 3687 5320 est
3715 5278 3882 5332 genus

2289 5363 2541 5417 sensibile
2586 5362 2808 5427 scibilis,
2848 5361 2893 5415 si
2937 5370 3114 5414 autem
3166 5360 3267 5413 hoc
3307 5374 3433 5419 non,
3479 5371 3652 5426 neque
3689 5370 3882 5410 sensus

2289 5457 2552 5512 scientize.
2584 5454 2850 5523 Quoniam
2888 5463 3068 5509 autem
3110 5467 3293 5509 eorum
3327 5466 3445 5519 quae
3472 5450 3537 5505 ad
3570 5449 3767 5518 aliquid
3796 5448 3880 5500 di-

2291 5559 2504 5613 cuntur,
2546 5549 2647 5601 alia
2695 5548 2906 5616 quidem
2954 5562 3025 5602 ex
3068 5546 3386 5601 necessitate
3429 5545 3484 5599 in
3514 5544 3594 5599 eis
3621 5552 3711 5595 aut
3739 5541 3879 5595 circa

2291 5658 2352 5696 ea
2378 5652 2503 5697 sunt
2532 5642 2596 5694 ad
2631 5655 2750 5710 quae
2776 5641 3027 5695 dicuntur
3057 5642 3139 5711 (ut
3169 5640 3469 5709 dispositio,
3496 5647 3547 5692 et
3579 5636 3809 5699 habitus,
3827 5641 3879 5687 et

2291 5736 2742 5790 commensuratio
2774 5752 2787 5787 :
2820 5735 2872 5787 in
2898 5735 3005 5791 alio
3035 5736 3181 5788 enim
3202 5735 3351 5789 nullo
3372 5731 3627 5803 possibile
3654 5740 3739 5784 est
3761 5741 3875 5783 esse

2292 5842 2413 5892 quae
2440 5828 2580 5883 dicta
2612 5837 2758 5890 sunt.
2789 5840 2945 5889 quam
2985 5828 3039 5883 in
3084 5828 3169 5883 eis
3200 5827 3267 5883 ad
3295 5840 3416 5890 qua:
3442 5822 3749 5891 dicuntur),
3778 5818 3876 5881 alia
