4290 6272
408 302 512 363 M9
556 304 557 307 “

1295 292 1691 352 τΟΡΙΟΟΒυΜ
1727 290 2176 359 ARISTOTELIS
2214 295 2795 356 INTERPRETATIO.

3591 309 3745 367 θεον

409 431 585 479 autem
617 433 722 475 non
760 429 985 475 necesse
1006 421 1090 471 est
1111 413 1326 486 quidem
1355 415 1409 469 in
1435 415 1516 470 eis
1545 427 1665 469 esse
1691 411 1757 467 ad
1784 427 1901 482 quae
1925 412 2006 467 di-
2029 414 2088 478 Α
2108 414 2541 481 concupiscibili,
2585 431 2709 471 nam
2750 417 2803 472 in
2853 416 2956 474 hoc
3001 424 3057 474 et
3088 418 3359 492 voluptas,
3388 422 3470 479 ira
3516 434 3695 481 autem
3736 488 3741 491 ,

409 522 627 577 cuntur,
664 509 926 579 contingit
964 516 1144 563 autem
1183 504 1656 578 (quemadmodum
1689 504 1879 561 scilille
1916 513 2001 560 est

415 606 471 660 in
512 604 714 668 anima,
759 601 891 656 nihil
937 600 1080 655 enim
1118 599 1365 665 prohibet
1391 596 1471 652 sui
1499 596 1776 652 scientiam
1803 595 2003 653 habere

412 701 670 763 animam,
702 711 812 751 non
850 694 1211 750 necessarium
1238 700 1440 756 autem,
1470 691 1725 762 possibile
1751 699 1836 749 est
1855 689 2002 749 enim

414 800 472 847 et
498 790 554 846 iu
594 792 701 845 alio
740 803 862 843 esse
902 788 1038 841 hanc
1065 786 1362 855 eamdem),
1389 786 1492 841 alia
1529 801 1656 859 vero
1687 786 2033 857 sitnpliciter,

411 900 519 941 non
549 883 811 951 contingit
836 882 887 936 in
915 881 996 937 eis
1022 894 1142 936 esse
1164 880 1234 935 ad
1262 894 1382 948 quae
1406 879 1655 937 dicuntur
1683 880 1766 951 (ut
1789 889 2004 939 eontra-

412 978 552 1033 rium
592 979 645 1035 in
672 975 971 1041 contrario,
1003 986 1179 1044 neque
1224 974 1505 1030 scientiam
1552 972 1747 1041 scibiii,
1790 973 1892 1030 nisi
1936 973 2008 1029 sit

410 1069 600 1125 scibile
626 1070 825 1131 anima.
854 1069 939 1123 vel
968 1065 1188 1137 homo),
1230 1066 1578 1123 considerare
1608 1067 1764 1134 igitur
1792 1074 2007 1135 oportet

330 1194 339 1211 κ
410 1163 456 1218 si
482 1163 601 1232 quis
626 1163 680 1217 in
706 1176 908 1232 genere
936 1170 1097 1231 ponat
1128 1160 1268 1231 quod
1299 1160 1405 1215 tale
1427 1168 1529 1223 est.
1564 1160 1615 1216 in
1659 1175 1764 1215 non
1790 1159 1901 1217 tali.
1938 1158 2005 1216 lit

408 1256 456 1311 si
479 1257 792 1313 memoriam
824 1254 1237 1310 immansionem
1268 1254 1511 1309 scientiae
1539 1254 1703 1317 dicat.
1734 1269 1857 1311 nam
1888 1267 2009 1309 orn-

410 1350 495 1405 nis
517 1349 805 1403 immansio
828 1349 881 1401 in
910 1355 1112 1411 mente,
1135 1356 1200 1401 et
1216 1348 1361 1401 circa
1392 1346 1542 1411 illud,
1566 1360 1735 1415 quare
1752 1354 1807 1400 et
1830 1345 2005 1400 scien-

412 1440 501 1495 tiae
533 1438 819 1493 immansio
840 1438 895 1492 in
925 1437 1169 1492 scientia.
1199 1435 1451 1491 Memoria
1482 1436 1640 1507 igitur
1669 1435 1721 1490 in
1758 1435 2004 1501 scientia,

411 1543 479 1585 es
504 1527 649 1599 quod
684 1528 972 1583 immansio
996 1528 1237 1583 scientim
1264 1536 1367 1583 est.
1401 1528 1512 1585 Hoc
1546 1536 1726 1582 autem
1751 1541 1858 1582 non
1879 1541 2009 1582 con-

411 1622 588 1693 tingit,
618 1622 880 1677 memoris
907 1622 1052 1677 enim
1077 1623 1253 1676 omnis
1276 1623 1332 1675 in
1356 1622 1559 1701 anima.
1592 1621 1688 1676 Est
1712 1629 1893 1681 autem
1914 1618 2007 1689 qui

2108 506 2162 560 in
2201 505 2456 560 irascibili
2487 523 2501 570 ;
2537 520 2703 576 quare
2747 524 2852 562 non
2876 518 3000 563 sunt
3030 524 3225 580 genera
3256 527 3375 582 qua:
3426 514 3700 584 assignato

2108 606 2253 660 sunt,
2284 610 2351 651 eo
2406 595 2547 666 quod
2604 610 2710 650 non
2752 596 2802 650 in
2835 598 3023 654 eodem
3076 616 3198 656 cum
3242 602 3522 672 speciebus
3578 585 3716 661 natal

2107 702 2232 747 sunt
2263 692 2403 746 ﬁeri.
2433 690 2702 747 Similiter
2744 699 2924 747 autem
2955 703 3011 749 et
3054 695 3098 748 si
3130 696 3364 750 amicitia
3417 697 3471 751 in
3501 672 3718 761 concu-g

2108 783 2362 854 piscibili,
2396 797 2504 839 non
2533 786 2633 838 erit
2657 783 2903 839 voluntas
2925 785 3193 853 quaedam,
3228 788 3403 843 omnis
3434 790 3578 844 enim
3609 768 3731 846 νος-⁵η

2110 877 2289 933 luntas
2312 878 2365 931 in
2392 874 2663 931 rationali.
2698 874 2857 930 Utilis
2895 884 3073 929 autem
3108 877 3191 930 hic
3222 876 3371 934 locus
3394 889 3446 934 et
3467 881 3533 936 ad
3563 854 3739 937 acci-r

2110 971 2269 1034 dens,
2293 978 2348 1027 et
2376 969 2428 1024 id
2474 970 2560 1024 cui
2590 968 2809 1037 accidit,
2843 969 2894 1022 in
2928 968 3118 1023 eodem
3150 970 3295 1025 enim
3342 972 3591 1029 accidens
3642 972 3717 1029 et

2109 1063 2193 1117 cui
2221 1062 2446 1127 accidit;
2479 1075 2647 1129 quare
2698 1060 2801 1114 nisi
2847 1059 2900 1113 in
2941 1058 3133 1115 eodem
3164 1060 3430 1130 videatur,
3475 1066 3703 1119 manife-

2110 1166 2251 1213 stum
2274 1154 2526 1225 quoniam
2552 1169 2660 1225 non
2685 1152 2897 1208 accidit.
2924 1152 3154 1207 Rursum
3186 1153 3231 1207 si
3257 1153 3552 1207 secundum
3578 1156 3705 1223 quid

2111 1248 2320 1318 species
2350 1248 2555 1302 dietum
2604 1262 2773 1315 genus
2804 1246 3110 1317 participat,
3170 1261 3278 1300 non
3308 1247 3453 1301 enim
3496 1232 3721 1303 videtur:

2113 1342 2404 1397 secundum
2431 1338 2557 1411 quid
2586 1340 2893 1409 participari
2918 1356 3106 1409 genus.
3133 1339 3264 1395 Nam
3288 1357 3394 1396 non
3434 1350 3519 1397 est
3542 1334 3726 1437 homo"

2111 1434 2403 1490 secundum
2423 1432 2549 1502 quid
2571 1432 2792 1499 animal,
2829 1447 3003 1502 neque
3030 1435 3377 1503 grammatica
3408 1436 3708 1492 secundum

2112 1528 2238 1597 quid
2275 1527 2577 1595 disciplina.
2615 1527 2872 1581 Similiter
2906 1534 3086 1581 autem
3116 1535 3171 1583 et
3198 1527 3252 1582 in
3281 1527 3419 1582 aliis.
3449 1529 3708 1586 Conside-

2113 1618 2341 1675 randum
2365 1618 2523 1688 igitur
2542 1618 2585 1671 si
2605 1620 2653 1672 in
2676 1616 2944 1689 aliquibus
2966 1620 3263 1674 secundum
3281 1619 3405 1688 quid
3428 1622 3707 1692 participa.

412 1713 590 1770 dictus
625 1722 712 1771 est
760 1714 911 1769 locus
954 1720 1011 1768 et
1046 1712 1298 1768 accidens
1330 1711 1663 1771 communis:
1702 1712 1834 1767 nihil
1862 1713 2019 1777 enim,
2114 1721 2405 1782 turgenus,
2430 1718 2490 1765 ut
2509 1710 2553 1765 si
2579 1710 2937 1781 animalquod
2961 1711 3217 1766 sensibile
3243 1712 3326 1765 vel
3352 1712 3558 1767 visibilc
3577 1700 3723 1769 dici~Y

412 1804 597 1871 refert,
626 1806 901 1860 memoriae
926 1817 1096 1874 genus
1125 1804 1533 1860 immansionem
1564 1803 1764 1871 dicere,
1795 1813 1886 1859 aut
1912 1819 2003 1859 ac—
2031 1804 2081 1867 Ι
2107 1813 2223 1872 tur;
2244 1821 2363 1859 nam
2383 1805 2680 1861 secundum
2703 1804 2830 1874 quid
2849 1804 3105 1859 sensibile
3130 1805 3217 1860 vel
3242 1805 3453 1859 visibile
3480 1788 3723 1873 animal}

410 1894 590 1951 cidere
614 1896 798 1952 dicere
832 1894 908 1950 illi
940 1895 1043 1952 hoc
1076 1914 1088 1949 :
1121 1910 1244 1951 nam
1287 1896 1333 1950 si
1376 1896 1566 1969 quovis
1600 1896 1760 1951 modo
1784 1906 1867 1950 est
1897 1911 2009 1951 me-

410 1988 579 2043 moria
630 1987 918 2051 immassio
960 1987 1225 2053 scientia,
1254 1985 1442 2045 eadem
1488 1986 1758 2056 optabitur
1796 1986 1864 2042 de
1896 1986 2010 2055 ipsa

411 2079 571 2134 ratio.

1044 2187 1274 2243 CAPUT
1316 2187 1379 2242 ν.

893 2277 971 2332 De
998 2294 1055 2332 re
1078 2280 1254 2332 eadem
1281 2279 1381 2333 loci
1408 2279 1518 2333 alii.

481 2390 710 2447 Rursum
759 2392 804 2448 si
862 2392 1099 2448 habitum
1134 2396 1185 2449 in
1219 2404 1340 2449 actu
1372 2394 1569 2465 posuit,
1604 2400 1697 2450 aut
1728 2401 1908 2449 actum
1955 2394 2010 2450 in

414 2481 621 2550 habitu,
652 2499 756 2539 non
789 2492 872 2539 est
923 2500 1094 2555 genus
1124 2484 1265 2557 quod
1312 2485 1416 2540 tale
1444 2494 1545 2540 est.
1578 2484 1647 2541 Ut
1690 2484 1734 2539 si
1764 2499 2006 2552 sensum,

414 2584 618 2630 motum
651 2578 747 2646 per
774 2590 991 2646 corpus,
1025 2591 1147 2630 nam
1180 2590 1372 2630 sensus
1425 2574 1663 2640 habitus,
1698 2587 1876 2631 motus
1906 2590 2006 2629 au-

414 2652 522 2719 tem
550 2675 721 2720 actus.
751 2665 1014 2721 Similiter
1052 2676 1230 2720 autem
1260 2674 1316 2720 et
1344 2664 1389 2720 si
1419 2665 1731 2720 memoriam
1767 2669 2008 2723 habitum

414 2755 847 2811 continentlvum
879 2755 1150 2825 opinionis
1172 2755 1389 2823 dixerit,
1412 2770 1536 2810 nam
1570 2758 1715 2811 nulla
1748 2760 2008 2814 memoria

414 2842 655 2908 habitus,
687 2844 782 2901 sed
811 2846 983 2914 magis
1008 2856 1181 2900 actus.
1213 2845 1448 2902 Peccant
1473 2857 1651 2903 autem
1684 2857 1738 2903 et
1777 2849 1866 2919 qui
1916 2850 2009 2906 ha-

415 2940 587 2995 ]iirum
613 2938 662 2992 in
687 2946 1110 3009 consequentem
1146 2938 1437 3008 potentiam
1466 2941 1752 3009 ordinant,
1780 2950 1836 2997 ut
1858 2958 2009 2998 man-

412 3033 778 3098 suetudinem,
812 3032 1198 3088 continentiam
1252 3034 1368 3100 irre,
1419 3044 1474 3090 et
1505 3035 1898 3104 fortitudinem,
1953 3049 2009 3095 et

412 3127 706 3201 justitiam,
743 3125 995 3182 timorum
1028 3137 1081 3183 et
1132 3128 1401 3183 lucrorum
1434 3130 1845 3201 continentiam,
1882 3149 2004 3189 nam

2113 1896 2408 1952 secundum
2439 1909 2636 1964 corpus
2683 1894 2826 1950 enim
2857 1895 3116 1950 sensibile
3167 1904 3221 1949 et
3247 1894 3477 1960 visibile,
3516 1910 3725 1979 secung

2112 1990 2241 2046 dum
2273 1989 2505 2044 animam
2528 1996 2706 2041 autem
2734 2001 2841 2041 non
2869 2003 2881 2039 :
2913 2001 3078 2055 quare
3108 2002 3214 2041 non
3236 1986 3339 2040 erit
3362 2001 3554 2055 genus,
3584 2001 3725 2049 cor-_

2113 2096 2216 2151 pus
2273 2080 2508 2145 visibile,
2561 2089 2618 2135 et
2658 2079 2941 2146 sensibile,
2987 2079 3251 2134 animalis.
3288 2080 3481 2134 Latent
3525 2060 3725 2144 autem'.

2112 2170 2435 2240 quandoque
2463 2177 2521 2223 et
2547 2176 2716 2223 totum
2738 2169 2790 2222 in
2822 2179 3026 2235 partem
3072 2178 3365 2240 ponentes,
3398 2178 3455 2223 ut
3481 2158 3725 2238 animal,

2113 2273 2312 2328 corpus
2360 2258 2691 2324 animatum;
2751 2258 2899 2312 nullo
2935 2258 3077 2313 enim
3127 2258 3284 2314 modo
3326 2274 3448 2328 pars
3478 2260 3546 2315 de
3591 2269 3705 2315 toto

2114 2350 2467 2418 praedicatur;
2490 2363 2655 2418 quare
2674 2363 2780 2405 non
2802 2351 2905 2427 erit
2923 2364 3095 2421 genus
3121 2365 3318 2422 corpus
3347 2351 3615 2418 animalis,
3638 2367 3727 2417 eo,

2112 2442 2253 2514 quod
2288 2456 2410 2513 pars
2438 2452 2539 2498 est.

2186 2581 2486 2638 Videndum
2519 2591 2696 2636 autem
2730 2581 2775 2636 si
2806 2582 2933 2652 quid
2975 2582 3454 2651 vituperandorum
3483 2589 3577 2638 aut
3625 2584 3711 2640 itte

2110 2676 2428 2745 giendorum
2472 2677 2528 2729 in
2572 2681 2836 2743 potestate
2873 2683 2963 2730 aut
3006 2686 3228 2746 potente
3277 2677 3475 2746 posuit,
3508 2685 3569 2732 ut
3615 2691 3710 2733 so.

2116 2773 2271 2842 phist
2296 2786 2370 2839 m,
2403 2770 2485 2825 vel
2510 2769 2977 2838 calumniatorem,
3016 2770 3099 2826 vel
3129 2768 3301 2825 furem
3330 2784 3453 2825 eum
3477 2771 3569 2840 qui
3593 2784 3709 2840 ρον

2112 2865 2182 2919 sit
2212 2844 2399 2918 aliena
2455 2862 2684 2916 latenter
2731 2862 3052 2931 surripere:
3093 2874 3256 2918 nemo
3305 2863 3449 2917 enim
3506 2863 3704 2931 praedi;

2113 2966 2321 3011 ctorum
2355 2956 2406 3010 in
2437 2971 2503 3010 eo
2532 2954 2674 3025 quod
2710 2955 2899 3022 possit.
2934 2954 3139 3025 aliquid
3188 2955 3377 3009 horum
3412 2953 3532 3009 talis
3566 2953 3706 3009 dici-

2114 3053 2218 3100 tur.
2261 3048 2445 3100 Potest
2468 3046 2611 3099 enim
2644 3054 2697 3107 et
2727 3042 2889 3109 Deus,
2921 3054 2975 3100 et
3004 3044 3298 3111 studiosus,
3330 3059 3489 3115 prava
3510 3056 3703 3114 ageret

2114 3154 2218 3193 non
2241 3148 2364 3192 sunt
2391 3146 2570 3192 autem
2602 3137 2931 3207 liujusmodi,
2966 3152 3088 3191 nam
3115 3142 3308 3192 omnes
3331 3137 3477 3205 pravi
3505 3150 3703 3191 secuna

415 3184 432 3201 ,
692 3184 705 3195 ,
2116 3184 2218 3193 ..νυ
2391 3184 2570 3192 mm..-
2602 3184 2931 3207 --ημ---ηην
3120 3184 3305 3192 «mm
3332 3184 3477 3205 r-—~-
3506 3184 3672 3191 ---—--

415 3220 567 3287 {ortis
620 3232 676 3279 et
722 3232 1034 3279 mansuetus
1093 3224 1501 3295 perturbatione
1550 3241 1749 3281 vacans
1781 3228 2001 3295 dicitur,
2034 3184 2086 3251 Β
2115 3229 2240 3282 dum
2263 3229 2581 3284 electionem
2610 3216 2881 3281 dicuntur.
2904 3226 3170 3295 Amplius,
3197 3238 3386 3281 omnes
3408 3234 3704 3295 potestates

413 3319 699 3379 continens
731 3330 909 3376 autem
943 3321 1031 3391 qni
1065 3320 1432 3391 perturbatur,
1488 3322 1581 3376 sed
1627 3338 1730 3376 non
1763 3321 2004 3390 ducitur;

414 3410 647 3478 fortasse
676 3412 836 3485 igitur
864 3412 983 3469 talis
1010 3412 1245 3482 potentia
1278 3412 1520 3480 Sequitur
1545 3421 1850 3484 utrumque,
1883 3423 1941 3469 ut
1962 3412 2009 3469 si

410 3510 777 3580 perturbetur,
809 3524 918 3565 non
941 3509 1201 3574 ducatur;
1238 3521 1429 3562 verum
1463 3508 1743 3563 continere
1771 3524 1874 3563 non
1907 3510 2010 3565 hoc

408 3609 514 3667 est,
564 3603 707 3658 hunc
737 3600 955 3673 quidem
991 3601 1208 3665 fortem,
1258 3597 1411 3653 illum
1443 3608 1620 3653 autem
1666 3610 2006 3654 mansuetum

408 3708 561 3761 esse,
615 3694 713 3751 sed
756 3694 977 3749 omnino
1024 3691 1329 3761 perturbari
1363 3692 1431 3744 ab
1485 3691 1796 3761 hujusmodi
1850 3693 2005 3748 nihil.

412 3785 715 3855 Aliquoties
750 3795 929 3840 autem
975 3796 1029 3839 et
1058 3784 1201 3853 quod
1232 3785 1500 3857 sequitur,
1542 3785 1731 3852 quovis
1759 3786 1919 3839 modo
1952 3794 2010 3841 ut

414 3889 583 3943 genus
616 3883 860 3944 ponunt:
892 3884 947 3929 ut
976 3875 1245 3928 tristitiam
1287 3874 1404 3941 iras,
1437 3858 1491 3929 et
1518 3875 1825 3943 opinionem
1861 3876 2010 3942 ﬁdi-i,

414 3975 644 4036 utraque
667 3969 807 4021 cnim
831 3967 1081 4037 praedicta
1103 3976 1401 4037 sequuntur
1419 3968 1639 4039 quidem
1658 3969 2011 4038 quodammo-

414 4058 486 4115 do
512 4059 814 4129 assignatas
847 4061 1078 4129 species.
1113 4059 1368 4114 Neutrum
1402 4069 1577 4115 autem
1624 4075 1808 4113 eorum
1841 4076 2010 4131 genus

414 4159 497 4208 est
512 4169 526 4207 :
544 4167 667 4207 nam
685 4151 774 4223 qui
793 4152 1061 4217 irascitur,
1078 4151 1446 4219 contristatur,
1470 4151 1651 4223 priore
1672 4150 1723 4204 in
1745 4164 1810 4205 eo
1834 4151 2010 4205 tristi-

417 4244 485 4299 tia
518 4234 676 4307 iacia,
695 4260 800 4298 non
817 4243 961 4299 enim
988 4244 1063 4298 ira
1088 4244 1344 4311 tristitiae,
1369 4244 1463 4298 sed
1485 4243 1702 4299 tristitia
1734 4244 1828 4298 ira:
1851 4258 2010 4299 causa

414 4346 496 4391 εει
518 4350 535 4400 ;
556 4350 725 4403 quare
759 4336 1074 4405 simpliciter
1099 4337 1175 4392 ira
1206 4352 1312 4393 non
1340 4344 1422 4393 εει
1446 4336 1678 4393 trisﬁtia.
1704 4338 2011 4393 Secundum

415 4435 594 4482 autem
630 4425 763 4491 haec,
788 4442 962 4499 neque
988 4427 1122 4484 ﬁdes
1152 4424 1336 4500 opinio
1362 4444 1377 4484 :
1400 4429 1665 4500 contingit
1691 4430 1834 4483 enim
1865 4444 2008 4484 eam,

2114 3340 2299 3380 eorum
2352 3332 2477 3379 sunt
2504 3339 2627 3395 qua:
2653 3333 2778 3378 sunt
2804 3322 3071 3393 eligenda,
3123 3338 3247 3378 nam
3285 3338 3572 3394 pravorum
3605 3338 3703 3393 pot

2114 3423 2335 3471 teStates
2366 3415 2659 3482 eligenda},
2688 3430 2753 3469 eo
2783 3415 2925 3484 quod
2959 3414 3126 3469 Deum
3155 3424 3210 3470 et
3259 3414 3560 3470 studiosum
3610 3416 3705 3470 hae-

2115 3504 2245 3560 bere
2285 3504 2515 3559 dicimus
2557 3517 2673 3559 eas.
2712 3502 2966 3559 Potentes
2995 3504 3139 3559 enim
3188 3503 3418 3559 dicimus
3457 3518 3552 3560 eos
3584 3520 3707 3562 essu

2113 3611 2275 3666 prava
2307 3612 2496 3667 agere,
2526 3610 2693 3667 quare
2738 3596 2936 3651 nullius
2983 3597 3355 3667 vituperabilis
3381 3600 3486 3654 erit
3525 3614 3700 3668 genus

2115 3698 2376 3758 potestas.
2438 3687 2495 3743 Si
2550 3698 2730 3743 autem
2787 3704 2925 3756 non,
2980 3688 3185 3745 accidet
3231 3690 3709 3760 vituperandorum

2114 3784 2371 3855 quiddam
2402 3783 2709 3853 eligendum
2736 3798 2875 3848 esse,
2911 3799 3031 3838 nam
3059 3783 3164 3839 erit
3193 3784 3437 3853 quaedam
3472 3796 3713 3854 potestas

2116 3877 2512 3947 vituperabilis.
2540 3876 2607 3930 Et
2644 3878 2688 3931 si
2713 3877 2837 3946 quid
2869 3888 3088 3946 propter
3117 3893 3178 3932 se
3200 3880 3595 3937 honorabilium
3621 3882 3715 3944 vel

2115 3971 2449 4040 eligiliilium,
2488 3970 2540 4024 in
2574 3976 2858 4035 potestate.
2891 3970 2979 4024 vel
3034 3979 3275 4038 potente,
3325 3974 3411 4028 vel
3460 3976 3710 4032 enecti",

2115 4062 2312 4132 posuit.
2343 4060 2473 4114 Nam
2506 4060 2681 4114 omnis
2712 4068 2968 4127 potestas,
2997 4068 3051 4114 et
3083 4076 3242 4115 omne
3275 4072 3464 4129 potens
3505 4073 3595 4119 aut
3620 4065 3704 4118 ef-

2116 4151 2388 4216 fectivutn,
2418 4159 2637 4219 propter
2657 4148 2798 4203 aliud
2827 4149 3161 4216 eligendum;
3186 4160 3274 4205 aut
3298 4152 3341 4205 si
3365 4152 3494 4222 quid
3522 4168 3709 4214 eorum

2115 4257 2235 4313 qua:
2257 4250 2382 4297 sunt
2409 4242 2460 4296 in
2492 4240 2700 4296 duobus
2726 4241 3015 4310 generibus
3046 4243 3128 4297 vel
3154 4242 3419 4312 pluribus,
3452 4246 3503 4299 in
3534 4245 3709 4301 altero

2118 4336 2312 4405 posuit.
2341 4333 2595 4401 Qutedam
2625 4332 2770 4387 enim
2796 4347 2901 4386 non
2930 4341 3013 4387 est
3036 4333 3087 4387 in
3119 4349 3224 4389 uno
3253 4349 3449 4405 genere
3487 4350 3711 4405 ponere.

2116 4435 2175 4479 nt
2216 4425 2611 4481 fraudulentum
2665 4432 2759 4479 aut
2810 4424 3251 4479 calumniatorem
3278 4468 3292 4491 ,
3344 4441 3518 4495 neque
3552 4427 3705 4483 enim

416 4514 539 4571 dem
586 4518 892 4587 opinionem
925 4519 1086 4573 etiam
1139 4535 1245 4576 non
1291 4519 1600 4576 credentem
1636 4521 1867 4587 habere;
1902 4536 2007 4578 non
2036 4565 2094 4633 υ
2115 4518 2205 4589 qui
2228 4518 2397 4588 eligit,
2431 4520 2697 4587 impotens
2726 4527 2926 4583 autem,
2960 4532 3135 4586 neque
3163 4518 3255 4589 qui
3284 4527 3485 4587 potest,
3516 4529 3571 4572 at
3597 4534 3710 4576 non

419 4610 730 4633 -..ηιξ-α--.-
782 4620 957 4633 ---ι-....
995 4612 1093 4633 L--
1152 4612 1192 4633 ,ε
1227 4612 1353 4633 ΠΛ--
1389 4622 1523 4633 Δ...ι
1577 4615 1778 4633 -----9--
1813 4615 1976 4633 μηιγο-
2121 4610 2320 4633 -12..-..-
2378 4610 2731 4633 ..-1--...-,2..ι,...
2761 4618 2845 4633 ...Α
2884 4609 3252 4633 Ι--...Ι.-Ι,...ι---
3326 4611 3417 4633 ,ΑΔ
3458 4612 3539 4633 ---ε
3569 4622 3677 4633 --.ΔΑ

413 4610 732 4681 contingere
779 4620 960 4667 autem
994 4612 1116 4679 hoc,
1147 4612 1193 4667 si
1224 4612 1356 4667 ﬁdes
1383 4622 1529 4668 esset
1573 4615 1782 4684 species
1803 4615 2011 4685 opinio-

414 4701 519 4767 nis,
549 4717 657 4767 non
688 4702 833 4758 enim
864 4704 1128 4772 contingit
1155 4704 1294 4759 idem
1326 4705 1560 4773 amplius
1586 4720 1937 4775 permanere,
1965 4707 2009 4762 si

411 4811 479 4853 ex
533 4796 713 4867 specie
759 4798 983 4853 omnino
1014 4807 1373 4867 permutatum
1424 4798 1513 4867 sit,
1557 4800 2007 4868 quemadmodum

414 4904 512 4945 nec
540 4889 682 4946 idem
710 4888 910 4946 animal
935 4892 1255 4963 quandoque
1277 4892 1550 4948 hominem
1574 4906 1717 4960 esse,
1750 4900 1804 4947 et
1829 4909 2005 4962 quan-

414 4982 592 5053 doque
622 4998 751 5040 non.
791 4983 849 5040 Si
892 4985 1012 5056 quis
1057 4994 1237 5041 autem
1266 4984 1411 5041 dicat
1440 5000 1506 5041 ex
1543 4984 1865 5042 necessitate
1893 4986 2009 5056 Opi-

410 5084 631 5130 nantem
665 5075 827 5131 etiam
859 5075 1019 5132 ﬁdem
1054 5076 1277 5146 habere,
1312 5078 1378 5134 de
1421 5077 1714 5149 aequalibus
1744 5078 1927 5147 opinio
1954 5086 2009 5133 et

408 5167 541 5222 ﬁdes
568 5167 800 5237 dicetur,
823 5183 990 5243 quare
1012 5183 1185 5239 neque
1212 5170 1291 5224 sic
1317 5171 1421 5225 erit
1449 5186 1638 5238 genus,
1667 5169 1735 5225 de
1764 5167 2009 5240 pluribus

407 5260 552 5311 cnim
604 5266 819 5327 oportet
847 5257 955 5313 dici
993 5274 1183 5329 genus.
1224 5258 1527 5314 Videndum
1561 5270 1739 5316 autem
1788 5269 1842 5315 et
1871 5261 1915 5314 si
1952 5260 2006 5316 in

407 5347 586 5413 :liquo
614 5362 802 5404 eorum
836 5358 959 5404 nata
990 5349 1097 5407 sint
1148 5358 1373 5419 utraque
1428 5351 1564 5406 ﬁeri.
1598 5351 1655 5405 in
1706 5367 1812 5421 quo
1861 5353 2005 5411 enim

408 5435 617 5502 species
650 5442 707 5488 et
753 5450 941 5504 genus,
1000 5437 1142 5494 utin
1172 5454 1279 5511 quo
1326 5438 1505 5493 album
1552 5447 1607 5495 et
1648 5441 1819 5507 color,
1865 5443 2006 5499 etin

409 5540 515 5593 quo
538 5526 888 5593 grammatica
918 5537 973 5581 ct
999 5527 1305 5598 disciplina.
1339 5528 1395 5584 Si
1430 5530 1587 5600 igitur
1624 5532 2003 5589 verecundiam

415 5618 660 5670 tiumretn
705 5616 863 5684 diuit,
906 5629 998 5674 aut
1043 5621 1174 5674 iram
1209 5622 1503 5690 tristitiam,
1552 5640 1657 5677 non
1713 5626 1905 5680 accidit
1951 5625 2005 5685 in

410 5706 602 5762 eodem
636 5706 874 5778 speciem
913 5720 966 5767 et
1012 5724 1180 5779 genus
1203 5726 1345 5779 esse,
1379 5730 1500 5767 nam
1535 5717 1855 5773 verecundia
1888 5720 2006 5789 qui-

410 5794 534 5855 dem
579 5798 636 5856 in
665 5798 943 5872 rationali,
975 5800 1137 5859 timor
1186 5801 1241 5859 in
1288 5802 1565 5875 irascibili,
1622 5816 1677 5863 at
1706 5807 1921 5867 tristitia
1950 5810 2002 5868 in

2116 4610 2342 4681 eligens,
2374 4610 2731 4665 calumniator
2758 4618 2850 4663 aut
2882 4609 3288 4678 fraudulentus,
3324 4611 3419 4667 sed
3451 4612 3541 4683 qui
3569 4622 3711 4669 utra-

2116 4717 2221 4774 que
2245 4703 2358 4756 haac
2389 4702 2585 4763 habet;
2615 4717 2783 4772 quare
2827 4716 2933 4757 non
2963 4704 3209 4773 ponenda
3241 4714 3370 4759 sunt
3401 4706 3451 4760 in
3482 4721 3590 4761 uno
3620 4721 3712 4776 ge.

2116 4810 2267 4861 nere,
2292 4796 2387 4851 sed
2414 4796 2468 4851 in
2494 4806 2723 4865 utroque
2740 4810 2931 4853 eorum
2962 4812 3081 4869 qum
3103 4798 3243 4854 dicta
3264 4808 3407 4855 sunt.
3440 4800 3713 4871 Amplius,

2113 4890 2398 4960 aliquoties
2430 4906 2462 4948 e
2492 4904 2787 4955 converso,
2817 4906 2988 4962 genus
3011 4892 3225 4962 quidem
3246 4902 3303 4947 ut
3328 4893 3713 4961 differentiam,

2112 4981 2469 5041 diﬁ'ercntiam
2497 4993 2678 5038 autem
2711 4991 2770 5037 ut
2808 4998 2976 5055 genus
3017 4986 3312 5054 assignant,
3344 4993 3403 5039 ut
3430 4995 3710 5053 stuporem

2114 5076 2666 5145 superabundantiam
2692 5075 3100 5139 admirationis,
3134 5084 3191 5131 et
3231 5074 3391 5131 ﬁdem
3423 5076 3712 5133 vchemcn.

2112 5168 2241 5222 tiam
2277 5167 2586 5238 opinionis:
2615 5181 2737 5222 nam
2779 5182 2954 5237 neque
2988 5167 3501 5236 superabundantia,
3536 5184 3714 5237 neque

2088 5258 2467 5323 vehementia,
2484 5274 2672 5327 genus,
2686 5257 2780 5313 sed
2796 5258 3095 5314 dill‘erentia
3112 5274 3125 5290 ο
3143 5259 3355 5314 videtur
3369 5261 3513 5317 enim
3526 5274 3714 5332 stupor

2109 5348 2390 5404 admiratio
2427 5365 2548 5406 esse
2580 5352 3052 5421 superabundans,
3091 5361 3144 5407 et
3178 5353 3310 5409 ﬁdes
3337 5355 3522 5423 opinio
3548 5357 3712 5414 vehe-

2111 5455 2293 5507 mens;
2313 5455 2477 5510 quare
2498 5456 2666 5512 genus
2681 5442 2966 5497 admiratio
2986 5452 3042 5498 et
3064 5445 3355 5514 opinioest,
3377 5451 3712 5505 superabun-

2111 5534 2480 5589 dantiaautem
2515 5543 2569 5589 et
2597 5535 2932 5591 vehementia
2974 5537 3295 5594 dill‘erentia.
3342 5545 3604 5612 Auiplius,
3659 5542 3711 5602 si

2111 5625 2229 5695 quis
2273 5626 2816 5695 superabundantiam
2865 5637 2921 5683 et
2968 5631 3359 5688 vehementiam
3407 5646 3461 5690 ut
3506 5650 3710 5707 genera
3751 5673 3759 5681 -

2111 5719 2366 5787 assignct,
2412 5717 2704 5773 inanimaln
2756 5721 2911 5775 ﬁdem
2959 5722 3151 5779 facient
3182 5736 3235 5779 et
3289 5730 3644 5796 stnpefacient
3679 5747 3696 5782 :

2112 5824 2236 5865 nam
2291 5809 2550 5881 ‘cujusque
2604 5812 2942 5872 vehementia
2992 5824 3047 5873 et
3092 5816 3582 5889 superabundantia
3629 5820 3709 5882 illi
