4290 6272
578 348 675 406 951

1786 320 1915 388 AN.
1942 328 2151 386 MANL.
2192 326 2345 386 SEV.
2389 325 2611 383 BOETII

3763 322 3921 377 952v

579 469 729 526 adest
755 464 1001 535 cnjusest
1022 438 1508 527 superabundantia
1524 457 1576 504 ct
1592 434 2022 504 vehementia.Si
2039 461 2171 516 ergo
2199 434 2373 508 A'ens
2412 449 2467 497 et
2510 453 2672 495 unum
2722 437 2791 494 de
2828 436 3078 493 omnibus
3121 435 3438 505 simpliciter
3476 434 3863 507 praedicantur,

578 574 768 630 stupor
797 547 1286 623 superabundantia
1334 554 1419 599 est
1457 542 1848 607 admirationis,
1879 541 2051 595 aderit
2078 539 2171 594 ad-
2206 542 2219 545 ⁷“

581 648 877 713 mirationi,
908 658 1071 713 quare
1098 639 1385 695 admiratio
1413 636 1731 706 stupefaciet
1757 651 1773 700 ;
1797 632 2050 688 similiter
2080 647 2174 686 au-

581 754 689 800 tem
723 748 776 795 et
806 737 938 791 ﬁdes
966 734 1141 789 aderit
1170 730 1447 801 opinioni,
1503 727 1547 781 si
1590 726 1929 780 vehementia
1959 724 2173 794 quidem

581 832 852 905 opinionis
873 836 975 894 est,
1000 843 1165 900 quare
1190 824 1373 895 opinio
1401 820 1560 875 ﬁdem
1590 820 1767 873 faciet.
1799 804 2064 886 Amplius,
2087 832 2177 871 ac-

583 926 728 983 cidet
772 923 852 977 sic
890 919 1185 989 assignanti
1227 912 1624 971 vehementiam
1675 908 2045 963 vehementem
2096 905 2179 960 di-

583 1032 742 1083 cere,
792 1026 846 1068 et
896 1007 1441 1081 snperabundantiam
1492 1000 2014 1074 snperabundantem
2051 1016 2063 1053 :
2096 1008 2180 1053 est

587 1113 733 1168 enim
764 1109 1009 1178 quaedam
1062 1103 1194 1158 ﬁdes
1219 1100 1543 1161 vehemens;
1585 1096 1633 1149 si
1664 1107 1792 1165 ergo
1842 1092 1977 1147 ﬁdes
2016 1090 2207 1145 vehe-'

585 1202 791 1260 mentia
820 1209 923 1263 est,
948 1194 1285 1250 vehementia
1314 1192 1417 1245 erit
1457 1188 1767 1257 vehemens.
1801 1184 2062 1241 Similiter
2088 1197 2183 1237 att-

588 1304 697 1351 tem
728 1302 782 1347 et
805 1278 990 1359 Stupot‘
1016 1287 1231 1358 quidem
1262 1292 1317 1339 et
1337 1279 1816 1351 superabundans;
1845 1277 1890 1332 si
1917 1292 2044 1347 ergo
2071 1285 2181 1331 stu-

588 1401 691 1459 por
719 1391 803 1438 est
845 1374 1361 1448 superabundantia,
1392 1359 1880 1441 superabundantia
1931 1367 2039 1422 erit
2083 1380 2185 1420 su-

589 1470 988 1547 perabundans.
1018 1466 1239 1521 Videtur
1266 1472 1445 1518 autem
1480 1469 1730 1516 neutrum
1763 1459 1976 1524 horum,
1999 1471 2188 1527 quem-

589 1566 881 1624 admodum
924 1576 1024 1616 nec
1067 1557 1350 1625 disciplina
1392 1554 1813 1623 disciplinatum,
1860 1564 1959 1606 nec
2005 1559 2186 1605 motus

589 1672 819 1718 motum.
874 1653 1204 1723 Quandoque
1255 1659 1432 1704 autem
1483 1656 1725 1717 peccant,
1784 1655 1839 1700 et
1880 1644 2183 1715 passionem

592 1747 648 1809 in
678 1764 877 1821 genere
898 1747 1013 1815 ejus
1034 1744 1175 1814 quod
1208 1756 1424 1811 passum
1449 1749 1533 1795 est
1562 1737 1843 1807 ponentes,
1876 1747 1934 1791 ut
1960 1736 2197 1791 immor-‘

2277 538 2490 604 oportet
2531 543 2707 587 autem
2736 531 2805 587 de
2832 530 3177 602 paucioribus
3207 530 3447 599 speciem
3481 528 3775 599 praedicari.
3806 528 3868 584 Si

2277 638 2455 684 autem
2496 618 2636 696 quod
2661 625 2840 681 omnia
2870 625 3136 694 sequitur,
3163 624 3521 679 diﬁ'erentiam
3558 623 3715 689 dixit,
3750 637 3870 692 per-

2278 712 2525 792 spicuum
2548 716 2801 791 quOniam
2827 719 2895 774 de
2920 717 3217 789 :equalibus
3240 718 3326 772 vel
3349 718 3415 774 de
3444 717 3687 788 pluribus
3715 718 3870 772 diﬁc-

2278 811 2639 882 rentia’qnam
2676 827 2847 881 genus
2872 812 3109 866 dicetur.
3136 810 3271 865 Nam
3302 812 3347 865 si
3368 796 3447 866 let
3490 825 3663 881 genus
3692 809 3871 864 omnia
3904 858 3907 861 .

2279 908 2526 977 sequitur
2566 908 2633 960 de
2676 904 2996 976 mqualibus,
3029 904 3111 972 sin
3153 918 3286 959 vero
3313 919 3419 959 non
3451 905 3630 959 omnia
3658 918 3874 973 sequa-

2282 1008 2370 1053 tur
2392 1013 2586 1069 genus,
2604 994 2678 1053 de
2700 997 2937 1066 pluribus
2958 995 3257 1051 diﬁ‘erentia
3280 996 3491 1053 dicetur
3511 1012 3670 1067 quam
3696 995 3749 1064 ip
3780 1012 3869 1050 nm

2281 1108 2472 1163 genus.
2501 1092 2771 1161 Amplius,
2797 1091 2843 1145 si
2871 1091 2924 1144 in
2953 1090 3190 1158 subjecta
3215 1092 3393 1159 specie
3422 1098 3526 1154 est,
3562 1092 3706 1157 quod
3738 1090 3875 1144 assi-

2281 1196 2503 1257 gnatum
2536 1200 2705 1256 genus
2735 1184 2960 1250 dicitur,
2982 1193 3038 1237 ut
3065 1184 3243 1237 album
3290 1184 3340 1236 in
3364 1183 3514 1251 nive.
3541 1198 3708 1249 quare
3756 1198 3873 1236 ma-

2284 1278 2533 1333 nifestum
2566 1275 2819 1345 quoniam
2861 1289 2965 1328 non
2995 1275 3100 1329 erit
3145 1288 3333 1342 genus,
3361 1273 3428 1328 de
3457 1273 3694 1341 subjecta
3722 1274 3871 1328 enim
3902 1310 3905 1313 -

2284 1368 2466 1439 specie
2511 1367 2684 1421 solum
2716 1380 2885 1435 genus
2914 1365 3127 1420 dicitur.
3175 1364 3636 1420 Considerandum
3688 1374 3871 1418 autem

2285 1460 2444 1516 etiam
2474 1467 2559 1513 est
2608 1458 2653 1512 si
2682 1472 2788 1512 non
2843 1456 3126 1511 univocum
3159 1456 3232 1510 sit
3269 1469 3437 1525 genus
3465 1456 3683 1525 speciei.
3738 1454 3872 1509 Nam

2286 1554 2357 1609 de
2404 1552 2655 1607 omnibus
2704 1550 2990 1621 speciebus
3038 1551 3265 1604 univoce
3315 1563 3483 1618 genus
3530 1546 3874 1618 praedicatur.

2248 1681 2263 1695 .
2286 1646 2552 1716 Amplius,
2585 1643 2798 1716 quando
2833 1638 3098 1698 existente
3123 1652 3181 1698 et
3211 1641 3407 1711 speciei
3450 1650 3506 1695 et
3542 1639 3722 1708 generi
3737 1655 3903 1707 ,cou-;

2288 1742 2476 1807 trario,
2506 1740 2550 1793 si
2579 1737 2720 1809 qnud
2745 1736 2933 1792 melius
2958 1736 3354 1792 contrariorum
3384 1744 3488 1799 eSt,
3521 1733 3573 1787 in
3598 1733 3767 1802 pejori
3787 1745 3880 1803 ge-

595 1844 858 1901 talitatem
892 1842 1054 1892 vitam
1101 1834 1483 1903 sempiternam
1532 1831 1776 1884 dicentes
1818 1842 1959 1896 esse,
2008 1827 2184 1896 passio
2216 1825 2265 1885 B
2289 1850 2418 1891 nere
2448 1833 2620 1904 ροηίι,

593 1930 740 1995 enim
780 1924 902 1987 vita:
949 1940 1003 1985 et
1057 1927 1308 1982 accidens
1355 1922 1728 1979 immortalitas
1779 1919 1988 1974 videtur
2029 1933 2184 1983 esse;

593 2028 739 2103 quod
796 2033 973 2081 autem
1023 2034 1209 2076 verum
1258 2019 1329 2073 sit
1380 2015 1525 2087 quod
1572 2013 1799 2077 dicitur,
1848 2010 2184 2065 manifestum

594 2098 709 2191 ﬁet,
744 2119 790 2176 si
818 2118 937 2189 quis
969 2115 1217 2169 admittat
1242 2112 1474 2181 aliquem
1502 2124 1566 2163 ex
1592 2106 1801 2161 mortali
1836 2106 1949 2159 ﬁeri
1972 2098 2193 2158 immor-

594 2215 780 2270 talem.
813 2208 1003 2264 Nullus
1048 2206 1191 2261 enim
1219 2202 1349 2258 dicit
1384 2202 1543 2254 aliam
1573 2200 1737 2253 vitam
1785 2213 1905 2251 eum
1950 2211 2187 2262 sumere,

594 2307 691 2365 sed
731 2302 979 2359 accidens
1002 2296 1243 2369 aliquod,
1266 2296 1353 2350 vel
1388 2294 1690 2363 passionem
1733 2276 2059 2345 huic-eidem
2090 2289 2192 2343 ad-

596 2397 816 2461 venire;
845 2406 1011 2464 quare
1032 2406 1137 2445 non
1161 2401 1334 2458 genus
1360 2387 1469 2440 vita
1492 2382 1929 2439 immortalitatis.
1958 2381 2191 2436 Rursum

596 2492 646 2549 si
670 2488 975 2559 passionem
1004 2483 1159 2552 cujus
1207 2489 1290 2535 est
1335 2479 1535 2548 passio,
1583 2477 1725 2530 illius
1750 2489 1921 2546 genus
1949 2474 2101 2541 dicit,
2137 2482 2195 2530 ut

599 2578 845 2650 spiritum
893 2588 1073 2627 aerem
1122 2578 1348 2633 motum,
1395 2565 1565 2636 magis
1618 2566 1763 2620 enim
1806 2572 1984 2618 motus
2027 2564 2191 2629 aeris,

601 2672 849 2742 spiritus,
891 2680 1013 2720 nam
1044 2680 1138 2720 aer
1166 2662 1307 2717 idem
1336 2668 1635 2730 permanet,
1669 2668 1723 2713 et
1750 2657 1967 2728 quando
2008 2672 2193 2721 movce

598 2773 710 2832 tur,
739 2772 793 2817 et
820 2757 1035 2831 quando
1063 2766 1202 2821 stat;
1228 2768 1394 2833 quare
1424 2767 1528 2806 non
1558 2759 1642 2806 est
1672 2750 1891 2805 omnino
1913 2765 2006 2805 aer
2035 2735 2194 2819 spiri4

601 2865 693 2913 tus
722 2873 735 2909 :
762 2830 848 2909 est
874 2850 1075 2907 etenim
1107 2863 1161 2904 et
1191 2862 1297 2902 non
1332 2830 1480 2900 moto
1507 2858 1632 2899 aere
1653 2842 1897 2911 spiritus,
1928 2830 2193 2911 siquidem

599 2949 743 3007 idem
776 2961 868 3002 aer
898 2950 1197 3015 permanet,
1219 2941 1306 3011 qui
1327 2937 1544 3009 quidem
1573 2944 1690 2992 erat
1718 2934 1960 3003 Spiritus.
1992 2933 2197 2990 Simili-

600 3050 686 3100 ter
714 3048 893 3094 autem
920 3044 974 3091 et
1004 3036 1056 3089 in
1105 3033 1224 3089 aliis
1267 3028 1591 3101 huiusmodi.
1615 3027 1673 3082 Si
1706 3027 1866 3095 igitur
1904 3036 1958 3080 et
2007 3026 2058 3079 in
2093 3024 2198 3080 hoc

586 3142 817 3206 'Oportet
845 3128 1130 3209 admittere
1167 3125 1449 3197 quodaer
1491 3132 1668 3179 motus
1707 3129 1789 3174 est
1817 3119 2058 3199 spiritus,
2089 3133 2197 3173 non
2234 3120 2237 3127 '

2362 1927 2494 1980 Nam
2534 1924 2739 1980 accidet
2789 1923 3049 1994 reliquum
3089 1920 3144 1975 in
3190 1918 3397 1989 reliquo
3446 1931 3587 1980 esse,
3617 1931 3683 1971 eo
3728 1917 3873 1986 quod

2290 2020 2558 2075 contraria
2580 2019 2632 2072 in
2655 2016 2938 2072 contrariis
2955 2012 3263 2085 generibus,
3286 2024 3450 2079 quare
3470 2008 3613 2079 quud
3642 2008 3903 2067 deterius,

2292 2118 2405 2174 est,
2436 2109 2490 2164 in
2540 2109 2749 2164 meliori
2799 2108 2938 2172 erit;
2970 2114 3026 2160 at
3053 2104 3263 2158 videtur
3310 2101 3568 2163 melioris,
3610 2108 3667 2155 et
3712 2113 3897 2170 genus.

2293 2202 2485 2258 melius
2527 2216 2673 2258 esse.
2716 2201 2781 2255 Et
2826 2200 2872 2253 si
2919 2198 3114 2255 eodem
3160 2193 3413 2249 similiter
3442 2192 3508 2246 ad
3550 2200 3778 2261 utraque
3821 2206 3880 2247 se

2294 2292 2548 2358 habente,
2583 2291 2634 2346 in
2666 2290 2874 2360 pejore,
2906 2296 2963 2343 et
2990 2302 3098 2342 non
3128 2287 3179 2339 in
3211 2283 3437 2338 meliore
3465 2297 3663 2352 genere
3696 2282 3876 2351 ponit,

2294 2395 2354 2443 ut
2394 2386 2627 2439 animam
2662 2386 2833 2451 ipsum
2878 2380 3021 2451 quod
3068 2388 3151 2434 est
3180 2376 3556 2446 agitationem,
3596 2383 3688 2429 aut
3713 2376 3881 2445 agita-

2296 2487 2405 2533 tum
2433 2494 2445 2528 :
2481 2492 2602 2529 nam
2634 2474 2745 2541 pari
2778 2472 2937 2527 modo
2960 2469 3150 2525 eadem
3179 2468 3370 2522 stativa
3398 2475 3453 2521 et
3480 2464 3727 2535 agitativa
3757 2479 3882 2520 esse

2295 2569 2536 2633 videtur;
2567 2550 2733 2637 quare
2763 2566 2806 2619 si
2854 2563 3049 2618 melius
3077 2562 3261 2626 statio,
3294 2560 3347 2615 in
3391 2560 3494 2616 hoc
3535 2566 3749 2629 oportet
3788 2572 3883 2628 ge-

2298 2675 2426 2715 nere
2479 2672 2699 2728 ponere.
2755 2654 3019 2725 Amplius,
3071 2667 3139 2708 ex
3192 2652 3359 2722 magis
3416 2662 3469 2707 et
3527 2652 3725 2707 minus.
3775 2650 3889 2719 De-p

2298 2750 2527 2808 struenti
2558 2749 2774 2826 quidem
2802 2748 2846 2802 si
2886 2759 3055 2817 genus
3086 2743 3311 2813 suscipit
3340 2743 3528 2812 magis,
3560 2735 3767 2810 species
3792 2734 3889 2826 auf

2301 2851 2408 2899 tem
2443 2813 2833 2907 non‘suscipit,
2866 2813 3040 2904 neque
3084 2835 3221 2903 ipsa,
3263 2846 3435 2902 neque
3476 2830 3620 2902 quod
3662 2830 3731 2886 ab
3774 2813 3890 2900 ipsa,

2300 2932 2518 2995 dicitur,
2551 2940 2608 2983 ut
2649 2928 2694 2983 si
2726 2928 2894 2981 virtus
2927 2924 3153 2993 suscipit
3185 2922 3373 2992 magis,
3404 2929 3459 2975 et
3483 2920 3688 2991 jnstitia
3725 2929 3777 2975 et
3801 2914 3887 2990 jué

2300 3032 2438 3088 stus,
2462 3020 2657 3075 dicitur
2687 3019 2829 3074 enim
2855 3016 3030 3087 justus
3058 3013 3226 3083 magis
3255 3013 3390 3067 alter
3423 3012 3614 3065 altero.
3640 3009 3693 3066 Si
3720 3009 3886 3081 igitur

2302 3115 2631 3183 assignatum
2678 3110 2894 3178 quidem
2944 3121 3113 3178 genus
3161 3106 3328 3174 magis
3374 3103 3633 3171 suscipit,
3677 3102 3883 3170 species

603 3193 783 3284 tamen
815 3225 885 3281 de
914 3204 1164 3281 omnibus
1187 3193 1511 3289 'hujusmotll
1552 3224 1637 3271 est
1680 3196 2091 3283 assignandum,
2130 3212 2198 3267 de
2225 3207 2273 3271 C
2304 3218 2482 3262 autem
2516 3220 2623 3259 non
2653 3201 2909 3271 suscipit,
2942 3213 3114 3268 neque
3143 3196 3279 3265 ipsa,
3311 3210 3483 3263 neque
3512 3193 3653 3265 quod
3681 3193 3751 3248 ab
3778 3194 3888 3263 ipsa

602 3324 799 3395 quibus
826 3334 932 3374 non
977 3316 1285 3372 veriﬁcatur
1312 3327 1504 3382 genus,
1551 3310 1644 3365 sed
1678 3308 1745 3363 de
1793 3306 2198 3376 quibuscumque

600 3426 737 3468 rvere
769 3410 1091 3480 prmdicatur
1129 3406 1459 3474 assignatum
1495 3414 1682 3472 genus,
1720 3414 1842 3454 nam
1891 3399 1942 3452 in
1973 3399 2199 3468 quibus.

606 3502 731 3558 dant
763 3510 869 3555 non
900 3499 1109 3552 videtur
1133 3495 1421 3562 veriﬁcari,
1471 3504 1528 3546 ut
1576 3492 1635 3561 in
1662 3491 1773 3544 luto
1819 3502 1870 3545 et
1901 3490 2041 3556 nive,
2075 3505 2197 3543 nam

604 3594 785 3651 nivem
817 3590 1001 3645 dicunt
1028 3602 1147 3642 esse
1183 3599 1374 3654 aquam
1417 3582 1773 3650 coagulatam,
1806 3583 1974 3635 lutum
2022 3588 2197 3635 autem

605 3693 806 3742 terram
856 3679 1071 3733 humido
1110 3685 1458 3745 temperatam
1492 3692 1504 3728 :
1533 3684 1614 3729 est
1664 3682 1842 3728 autem
1894 3687 2065 3742 neque
2109 3672 2198 3725 nix

604 3790 766 3846 aqua,
798 3788 972 3841 neque
1015 3772 1182 3825 lutunt
1216 3778 1382 3835 terra,
1413 3784 1581 3839 quare
1608 3777 1856 3822 neutrum
1902 3782 1990 3819 ass
2011 3779 2203 3836 gnato-

606 3878 728 3923 rum
748 3879 1002 3935 generum
1030 3865 1133 3918 erit
1162 3876 1353 3933 genus.
1384 3863 1609 3931 Oportet
1637 3860 1793 3935 enim
1820 3873 1990 3926 genus
2019 3856 2202 3910 vet-iﬁ-

593 3957 720 4020 icari
759 3970 968 4026 semper
996 3955 1065 4009 de
1107 3953 1355 4008 omnibus
1393 3953 1695 4022 speciebus.
1728 3932 1986 4003 Similiter
2016 3954 2200 4000 autem

608 4071 785 4127 neque
810 4055 993 4109 vinum
1022 4060 1105 4108 est
1125 4069 1260 4123 aqua
1298 4051 1594 4123 putrefacta
1638 4047 1799 4118 (sicut
1846 4043 2199 4112 Empedocles

609 4149 766 4207 dicit:
791 4148 843 4203 In
873 4148 1017 4217 ligno
1046 4146 1248 4217 putruit
1275 4143 1470 4212 unda),
1503 4157 1626 4196 nam
1650 4137 1965 4208 simpliciter
1990 4142 2201 4191 nonest

610 4256 766 4313 aqua.
1232 4284 1235 4289 .

1232 4321 1459 4379 CAPUT
1499 4320 1583 4373 Vl.

1131 4419 1208 4473 De
1236 4431 1415 4488 gmere
1446 4414 1544 4469 ioci
1570 4413 1679 4465 alii.

684 4525 951 4597 Amplius,
981 4520 1027 4575 si
1064 4516 1283 4573 omnino
1314 4511 1457 4581 quod
1494 4510 1822 4579 assignatum
1870 4516 1973 4572 est,
2003 4505 2199 4562 nullius

586 4632 698 4680 'est
736 4636 923 4687 genus.
971 4614 1309 4671 Manifestum
1359 4608 1503 4664 enim
1551 4605 1803 4676 quoniam
1855 4619 2030 4674 neque
2084 4602 2203 4672 ejus

582 4714 754 4785 quod
784 4712 980 4766 dictum
1022 4716 1122 4762 est.
1150 4700 1608 4758 Considerandum
1638 4706 1813 4753 autem
1856 4712 1921 4752 ex
1948 4711 2014 4752 eo
2058 4695 2199 4765 quod

612 4806 744 4861 nihil
775 4818 959 4857 eorum
1002 4796 1179 4853 diﬁ‘ert
1206 4796 1417 4865 specie,
1469 4807 1588 4862 quae
1619 4790 1938 4863 participant
1962 4791 2202 4858 assigna-

613 4907 727 4952 tum
755 4910 943 4965 genus.
975 4892 1042 4947 Ut
1084 4888 1214 4945 nihil
1246 4887 1363 4942 alba
1393 4885 1647 4941 differunt
1685 4884 1883 4953 specie,
1932 4881 2043 4950 ipsa
2073 4894 2102 4933 a
2142 4893 2201 4957 se

616 4991 869 5047 invicem.
893 4985 1081 5041 Omnis
1107 4992 1283 5038 autem
1312 4980 1525 5050 generis
1554 4985 1678 5032 sunt
1716 4976 1924 5043 species
1953 4954 2202 5050 differen-

618 5093 732 5149 tes,
766 5093 932 5151 quare
961 5076 1160 5130 nullius
1184 5073 1287 5141 erit
1314 5071 1493 5126 album
1516 5082 1707 5138 genus.
1726 5066 1957 5119 Rursum
1990 5063 2035 5115 si
2060 5040 2203 5131 quod

578 5202 581 5205 ν
619 5150 800 5227 omnia
833 5168 1075 5238 sequitur
1100 5176 1269 5235 genus
1328 5160 1409 5215 vel
1452 5156 1810 5227 diﬁ'erentiam
1859 5151 2012 5207 dixit.
2046 5150 2203 5205 Plura

619 5261 762 5317 enim
790 5268 1060 5325 suntquae
1101 5253 1279 5307 omnia
1322 5255 1639 5318 sequuntur,
1669 5254 1729 5298 ut
1758 5257 1873 5309 ens,
1918 5251 1973 5319 et
2014 5257 2199 5308 unum,

619 5370 807 5410 eorum
839 5358 964 5407 sunt
999 5362 1119 5416 quas
1148 5343 1326 5400 omnia
1366 5346 1694 5409 sequuntur;
1722 5336 1768 5390 si
1800 5334 1959 5413 igitur
1988 5348 2086 5389 ens
2108 5348 2206 5405 ge-

576 5486 583 5491 .
619 5458 719 5497 nns
764 5440 1259 5509 assignaverimus,-
1288 5430 1631 5487 manifestum
1673 5412 1939 5497 quoniam
1969 5425 2207 5480 omnium

620 5538 726 5594 erit
755 5550 945 5607 genus,
971 5549 1036 5591 eo
1065 5531 1210 5604 quod
1240 5526 1561 5601 praedicatur
1583 5525 1648 5579 de
1670 5523 1767 5579 eis.
1797 5523 1870 5578 De
1893 5522 2038 5577 nullo
2064 5519 2206 5576 enim

623 5644 795 5698 genus
826 5642 984 5698 quam
1015 5627 1083 5681 de
1103 5623 1382 5695 speciebus
1407 5618 1748 5691 przedicatnr,
1782 5629 1947 5686 quare
1968 5623 2023 5669 et
2047 5622 2207 5667 unum

627 5721 833 5783 species
860 5719 963 5773 erit
984 5717 1124 5773 entis
1152 5732 1167 5782 ;
1196 5714 1392 5771 accidit
1411 5728 1539 5783 ergo
1561 5711 1629 5766 de
1654 5709 1902 5766 omnibus
1920 5708 1991 5785 de
2021 5703 2210 5775 quibus

629 5820 801 5877 genus
847 5809 1192 5875 praedicatur,
1245 5818 1298 5865 et
1338 5807 1573 5876 speciem
1613 5801 1915 5874 praedicari,
1961 5814 2031 5858 eo
2073 5798 2213 5874 quod

2303 3300 2520 3365 dicitur,
2550 3311 2655 3350 non
2692 3294 2795 3348 erit
2822 3291 3036 3360 quidem
3074 3289 3401 3358 assignatum
3434 3300 3624 3357 genus.
3655 3286 3888 3341 Rursum

2302 3390 2446 3461 quod
2491 3388 2659 3458 magis
2700 3384 2934 3448 videtur,
2980 3382 3065 3437 vel
3112 3375 3531 3443 similiter,‘non
3572 3384 3651 3431 est
3697 3390 3887 3445 genus,

2298 3479 2648 3553 manifestum
2677 3476 2930 3547 quoniam
2960 3490 3060 3530 nec
3097 3472 3237 3544 quod
3271 3472 3592 3540 assignatum
3631 3475 3734 3523 est.
3766 3467 3890 3524 Uti-

2304 3575 2370 3629 lis
2432 3580 2612 3627 autem
2656 3571 2741 3625 hic
2789 3568 2937 3622 locus
2984 3568 3037 3622 in
3088 3566 3278 3619 talibus
3317 3562 3553 3616 maxime
3596 3558 3649 3613 in
3696 3558 3893 3628 quibus

2303 3666 2457 3737 plura
2489 3663 2735 3718 videntur
2775 3660 2842 3716 de
2872 3659 3051 3729 specie
3090 3658 3142 3711 in
3185 3670 3248 3709 eo
3287 3653 3431 3725 quod
3471 3652 3597 3724 quid
3630 3662 3716 3706 est
3763 3666 3896 3719 pra:-

2296 3754 2516 3819 dicata,
2560 3768 2680 3807 cum
2736 3765 2843 3805 non
2903 3748 3311 3805 delerminatum
3358 3754 3441 3800 est
3485 3758 3662 3811 neque
3712 3756 3895 3813 prom-

2306 3858 2451 3918 ptum
2502 3847 2657 3901 nobis
2698 3853 2780 3898 est
2822 3842 3027 3907 dicere,
3076 3838 3342 3909 quodnam
3380 3850 3566 3891 corum
3608 3848 3794 3903 genus,
3837 3840 3895 3887 ut

2292 3939 2372 3998 'de
2422 3942 2530 4005 ira,
2579 3938 2826 4001 tristitia,
2868 3945 2923 3991 et
2970 3932 3152 4004 opinio
3194 3929 3694 4001 parvipendentite,
3735 3927 3787 3980 in
3830 3938 3897 3980 eo

2290 4020 2445 4109 Aquod
2477 4035 2601 4107 quid
2630 4044 2709 4087 est
2742 4028 3017 4100 przedicari
3050 4026 3299 4081 videntur
3326 4043 3340 4079 :
3376 4023 3723 4079 contristatur
3751 4019 3894 4075 enim

2290 4129 2494 4205 iratus,
2538 4135 2593 4181 et
2638 4124 2887 4195 Opinatur
2934 4117 3267 4188 parvipendi.
3302 4116 3501 4172 Eadem
3530 4121 3712 4189 autem
3755 4126 3890 4166 con-

2303 4217 2559 4274 sideralio
2588 4223 2642 4270 et
2680 4216 2732 4268 in
2774 4212 2957 4281 specie
3000 4209 3067 4264 ad
3108 4209 3251 4263 aliud
3290 4207 3490 4278 aliquid
3535 4200 3891 4273 cumparanti.

2303 4309 2436 4365 Nam
2482 4307 2527 4360 si
2578 4304 2719 4373 quod
2765 4304 2934 4373 magis
2976 4310 3066 4356 aut
3108 4300 3355 4356 similiter
3408 4300 3617 4353 videtur
3671 4310 3791 4351 esse
3842 4295 3898 4352 itt

2304 4402 2574 4471 assignato
2621 4411 2851 4467 genere,
2900 4410 3007 4451 non
3058 4402 3141 4449 est
3202 4396 3254 4447 in
3303 4406 3502 4462 genere
3549 4389 3889 4443 manifestum

2306 4491 2448 4566 quod
2478 4505 2649 4558 neque
2679 4489 2946 4555 assignate
2976 4486 3195 4541 omnino
3222 4484 3431 4550 species
3460 4482 3564 4537 erit
3590 4483 3642 4535 in
3670 4494 3892 4551 genere.

2229 4578 2282 4640 Ι)
2310 4583 2639 4643 lnterimenti
2679 4581 2838 4651 igitur
2866 4573 3319 4649 quemadmodum
3354 4572 3560 4626 dictum
3593 4581 3705 4635 est,
3738 4579 3897 4623 uten-

2311 4678 2461 4732 dum.
2495 4674 2767 4729 Astruenti
2799 4684 2948 4733 vero,
2986 4668 3031 4725 si
3058 4666 3268 4737 quidem
3300 4662 3519 4733 suscipit
3554 4662 3722 4731 magis
3753 4660 3896 4731 quod

2310 4770 2637 4839 assignatum
2683 4772 2767 4819 est
2809 4770 3001 4833 genus,
3032 4767 3085 4813 et
3126 4755 3356 4826 species,
3398 4771 3501 4808 non
3538 4752 3683 4807 utilis
3724 4752 3897 4817 locus,

2288 4860 2440 4919 nihil
2486 4862 2626 4917 enim
2658 4857 2908 4930 prohibet
2947 4849 3737 4921 utrorumquesuscipiendum
3791 4861 3899 4901 non

2286 4946 2429 5011 esse
2474 4955 2701 5009 alterum
2741 4950 2961 5005 alterius
3003 4960 3194 5017 genus,
3225 4958 3346 4998 nam
3390 4944 3587 4997 bonum
3619 4952 3674 4996 et
3712 4940 3897 4995 album

2282 5036 2287 5041 ”
2310 5047 2532 5117 suscipit
2561 5045 2753 5114 magis,
2777 5053 2832 5098 et
2860 5034 3113 5096 neutrum
3140 5036 3387 5091 neutrius
3407 5049 3596 5105 genus.
3626 5031 3898 5087 Generum

2307 5150 2486 5197 autem
2533 5148 2586 5192 et
2630 5137 2926 5207 Specierum
2956 5134 3019 5187 ad
3064 5146 3123 5187 se
3165 5132 3392 5184 invicem
3426 5125 3754 5196 comparatio
3800 5124 3902 5178 uti-

2308 5235 2397 5300 lis,
2429 5242 2488 5287 ut
2516 5232 2560 5286 si
2591 5229 2838 5286 similiter
2868 5218 3076 5289 hoc,et
3106 5223 3206 5277 hoc
3236 5234 3441 5291 genus;
3480 5219 3523 5273 si
3552 5218 3777 5272 alterum
3808 5229 3901 5285 ge-

2310 5343 2433 5394 nus,
2457 5334 2510 5381 et
2548 5324 2797 5379 alterum.
2829 5318 3090 5377 Similiter
3134 5324 3309 5370 autem
3353 5323 3410 5368 et
3436 5311 3482 5366 si
3512 5310 3654 5381 quod
3686 5310 3866 5364 minus
3886 5354 3901 5377 ,

2278 5414 2365 5478 ‘et
2407 5420 2547 5491 quod
2591 5417 2806 5488 magis:
2843 5423 2903 5469 ut
2948 5414 2991 5466 si
3034 5408 3401 5476 continentiae,
3445 5406 3615 5474 magis
3660 5413 3902 5473 potestas

2283 5505 2470 5587 'quam
2500 5511 2664 5567 virtus
2693 5523 2891 5579 genus;
2928 5508 3097 5561 virtus
3129 5496 3305 5557 autem
3332 5514 3524 5570 genus,
3554 5507 3609 5553 et
3640 5507 3898 5568 potestas.

2286 5594 2289 5599 ’
2313 5608 2515 5666 Eadem
2539 5613 2717 5660 autem
2739 5610 2793 5658 et
2816 5602 2881 5655 de
2893 5600 3072 5670 specie
3094 5593 3345 5652 convenit
3360 5591 3496 5656 dici;
3519 5604 3639 5645 nam
3660 5590 3703 5645 si
3717 5588 3901 5645 simili-

2277 5686 2285 5775 ς
2317 5710 2397 5756 ter
2433 5701 2555 5765 hoc,
2581 5706 2635 5753 et
2663 5697 2765 5751 hoc
2796 5693 3054 5764 propositi
3081 5689 3312 5760 species,
3338 5688 3383 5742 si
3409 5685 3639 5741 alterum
3669 5684 3895 5758 species,

2323 5803 2377 5851 et
2407 5792 2693 5869 reliquum,
2725 5796 2777 5844 et
2808 5784 2951 5856 quod
2984 5784 3162 5841 minus
3191 5780 3403 5839 videtur
3432 5778 3641 5852 species
3680 5784 3798 5845 est,
3843 5782 3897 5832 et
