4290 6272
415 398 517 453 955

1323 379 1711 439 ἸΟΡΙΟΟΒΟΜ
1748 376 2194 435 ARISTOTELIS
2231 360 2800 432 turenpnerarto.

3573 374 3673 429 954

410 505 549 577 quod
600 501 788 575 magis.
832 499 1104 567 Amplius,
1156 496 1223 550 ad
1271 491 1719 560 consunendum,
1772 489 1982 559 perspi-
2014 487 2165 559 Atia
2209 487 2449 555 quaedam
2492 495 2595 551 est,
2629 495 2683 541 et
2724 488 2771 541 si
2815 485 3113 553 ambulans,
3144 500 3208 542 eo
3249 485 3392 556 quod
3438 485 3676 541 ambulat

408 595 658 654 ciendum
698 594 744 647 si
788 590 855 646 de
885 590 1079 659 quibus
1117 588 1442 656 assignatum
1473 592 1557 639 est
1598 595 1791 650 genus,
1830 580 1883 633 in
1924 594 1987 634 eo

412 687 551 759 quod
581 683 705 755 quid
733 693 815 738 est
843 682 1186 752 praedicatur,
1213 693 1332 733 cum
1363 692 1466 730 non
1496 675 1566 728 sit
1593 689 1693 727 una
1727 673 1992 742 assignata

330 790 343 803 ‘
412 777 639 845 species,
666 774 757 829 sed
792 772 970 840 plures
998 780 1053 824 et
1096 767 1430 823 differentes.
1474 764 1604 819 Nam
1649 762 1993 817 manifestum

414 865 806 938 quoniamerit
850 877 1034 932 genus.
1078 859 1133 915 Si
1165 868 1340 913 autem
1386 858 1437 911 in
1487 857 1758 926 assignato
1788 854 1997 924 species

413 968 545 1021 est,
564 954 1004 1012 considerandum
1035 961 1087 1005 et
1114 951 1156 1005 si
1189 950 1255 1004 de
1283 950 1406 1003 aliis
1433 948 1712 1014 speciebus
1746 962 1914 1017 genus
1943 948 1996 1002 in

415 1067 481 1106 eo
519 1047 656 1116 quod
704 1045 827 1115 quid
875 1051 959 1098 est
1006 1040 1342 1109 praedicatur.
1387 1038 1519 1093 Nam
1563 1053 1746 1092 rursus
1791 1037 1999 1093 accidet

414 1144 482 1192 ale
521 1137 757 1207 pluribus
798 1145 851 1188 et
897 1132 1269 1187 dillereutibus
1317 1130 1457 1184 idem
1506 1129 1802 1198 praedii-ari.
1846 1128 1994 1196 Quo-

402 1235 558 1293 niam
602 1238 778 1281 autem
831 1226 1040 1280 videtur
1080 1224 1134 1277 in
1178 1222 1490 1293 quihusdam
1521 1231 1576 1276 et
1613 1219 1913 1275 diﬁcrentia
1944 1221 1997 1275 in

416 1339 483 1379 eo
511 1326 649 1392 quod
680 1320 807 1391 quid
851 1328 932 1374 est
972 1322 1041 1373 de
1080 1315 1713 1389 speciebuspraedieari,
1746 1330 1999 1385 separau-

415 1416 542 1469 duiu
574 1425 656 1479 est
693 1426 862 1481 geuus
895 1418 951 1464 et
987 1409 1316 1474 dill‘erentia,
1352 1408 1519 1463 utenti
1565 1408 1631 1462 iis
1659 1422 1778 1476 qua:
1818 1408 2001 1479 dit-euq

402 1517 505 1569 ,tur
548 1506 850 1565 eli-mentis,
882 1506 1125 1573 primum
1158 1503 1372 1572 quidem
1421 1503 1675 1572 quoniam
1720 1516 1890 1572 genus
1929 1502 1997 1558 de

417 1598 659 1668 pluribus
697 1596 892 1650 dicitur
929 1610 1087 1663 quam
1128 1593 1461 1657 dill‘erentia,
1503 1592 1699 1647 deinde
1747 1594 2000 1663 quoniam

419 1690 711 1743 Secundum
743 1687 858 1755 ejus
899 1685 1063 1757 (quod
1098 1685 1221 1754 quid
1252 1683 1359 1753 est)
1382 1678 1383 1681 “
1407 1682 1848 1752 assignatiouem,
1892 1698 2003 1759 mae

414 1779 498 1849 gis
539 1777 784 1832 eunvenit
821 1792 987 1845 genus
1023 1791 1182 1843 quam
1226 1774 1579 1831 differentiam
1625 1775 1824 1831 dicere.
1868 1776 1998 1831 Nam

2097 590 2360 644 movetur,
2392 580 2683 635 ambulitio
2729 591 2905 636 motus
2938 581 3154 651 quidam
3188 591 3297 646 est,
3332 582 3676 655 consideran-

2095 673 2219 730 dum
2264 675 2316 728 in
2358 688 2465 743 quo
2504 688 2703 744 genere
2742 675 2855 729 vult
2901 675 3175 744 quidpiam
3226 685 3539 730 construere
3587 690 3675 730 se-

2095 765 2326 823 cundum
2354 764 2556 839 dictum
2588 764 2826 819 modum.
2861 766 2927 820 Ut
2956 766 3000 819 si
3033 765 3307 821 scientiam
3338 766 3508 835 ipsum
3536 765 3676 836 quod

2095 864 2179 911 est
2208 854 2397 917 fidem,
2424 855 2467 908 si
2501 853 2678 908 sciens
2708 863 2970 921 quatenus
2995 855 3124 919 scit,
3158 855 3297 919 liJit',
3331 856 3673 911 manifestum

2098 946 2240 1022 enim
2289 944 2540 1015 quoniam
2584 944 2805 1000 scientia
2856 945 2986 1001 ﬁdes
3028 945 3269 1015 quadam
3316 932 3446 1016 erit,
3488 948 3674 1002 eodem

2099 1047 2279 1093 autem
2328 1038 2486 1093 modo
2532 1047 2585 1093 ει
2629 1040 2681 1094 in
2726 1039 2847 1093 aliis
2894 1039 3216 1108 huiusmodi.
3251 1040 3514 1109 Amplius,
3546 1056 3677 1110 quo-

2100 1135 2242 1189 niam
2271 1134 2412 1204 quod
2442 1135 2683 1205 sequitur
2720 1133 2919 1204 aliquid
2951 1149 3165 1204 semper
3190 1142 3246 1189 et
3276 1148 3380 1187 non
3410 1135 3679 1188 converti-

2100 1235 2229 1291 tur,
2269 1225 2486 1280 diftictle
2526 1235 2607 1280 est
2649 1240 2903 1294 separare
2940 1223 3084 1294 quod
3136 1238 3240 1278 non
3290 1223 3357 1277 sit
3401 1237 3590 1293 geuus,
3634 1222 3681 1277 si

2100 1315 2204 1373 hoc
2229 1316 2441 1389 quidem
2472 1315 2598 1371 illud
2630 1318 2871 1386 sequitur
2897 1332 3078 1384 omne,
3106 1315 3237 1371 illud
3267 1330 3395 1371 vero
3425 1314 3526 1369 hoc
3572 1328 3676 1369 non

2101 1424 2279 1465 omne.
2311 1408 2381 1464 Ut
2412 1408 2849 1479 tranquillitatem
2886 1410 3060 1480 quies,
3092 1419 3147 1465 et
3178 1422 3456 1463 numerum
3496 1405 3681 1460 divisi.

2101 1499 2237 1566 bile,
2283 1516 2313 1555 e
2361 1515 2622 1555 converso
2671 1511 2848 1557 autem
2897 1516 3034 1565 non;
3092 1515 3213 1555 nam
3260 1498 3526 1554 divisibile
3577 1512 3699 1573 non

2102 1608 2283 1657 omne,
2326 1607 2602 1659 numerus,
2648 1607 2822 1662 neque
2867 1592 3019 1663 quies
3066 1592 3262 1655 omnis,
3302 1588 3679 1658 tranquillitas,

2104 1684 2222 1755 ipso
2250 1684 2461 1753 quidem
2492 1694 2575 1739 est
2619 1684 2872 1739 utendum
2906 1694 2959 1738 ut
2999 1698 3195 1755 genere
3226 1683 3366 1753 quod
3416 1690 3499 1736 est
3540 1696 3681 1737 sem-

2105 1789 2198 1843 per
2225 1789 2581 1842 consequens,
2607 1789 2727 1829 cum
2762 1789 2867 1828 non
2900 1782 3248 1828 convertatur
3276 1773 3531 1834 alterum;
3559 1786 3681 1825 cum

406 1869 506 1939 qui
555 1868 751 1923 animal
795 1867 947 1947 dicit
975 1867 1284 1932 hominem,
1317 1869 1485 1937 magis
1525 1867 1722 1922 iudicat
1757 1868 1882 1937 quid
1916 1855 2077 1951 est
2104 1877 2280 1921 autem
2323 1866 2549 1921 alterum
2592 1882 2650 1922 se
2689 1867 2928 1922 extendit
2958 1882 3062 1923 non
3106 1867 3157 1922 in
3197 1865 3480 1930 omnibus,
3522 1864 3683 1920 obse-

414 1960 579 2016 homo
616 1974 776 2029 quam
820 1959 908 2026 qui
946 1958 1242 2029 gressibile.
1292 1959 1358 2013 Et
1404 1960 1654 2029 quoniam
1696 1959 1995 2015 dill'erentia

413 2050 628 2122 quidem
661 2050 969 2119 qualitatem
1006 2050 1219 2121 generis
1248 2064 1461 2119 semper
1490 2038 1782 2120 signiﬁcat,
1826 2057 1994 2120 genus

414 2151 591 2196 autem
637 2141 969 2205 dili‘erentiae,
1004 2157 1109 2195 non
1141 2159 1153 2193 :
1186 2156 1311 2195 nam
1354 2141 1444 2210 qui
1501 2141 1629 2195 dicit
1681 2142 1993 2211 gressibile,

404 2222 669 2303 'quiddam
713 2232 910 2286 animal
946 2232 1107 2295 dicit;
1144 2232 1234 2300 qui
1279 2246 1407 2285 vero
1445 2231 1643 2308 animal
1686 2231 1846 2301 dicit,
1891 2248 1995 2287 non

403 2316 541 2381 dicit
571 2326 727 2394 quale
772 2324 1021 2395 quiddam
1070 2321 1714 2394 greSsibilezdiﬂ‘ereuta
1760 2324 1919 2393 igitur
1966 2340 1995 2378 a

401 2408 611 2488 genere
639 2418 716 2473 sic
743 2416 1059 2485 separanda.
1094 2416 1357 2483 Quoniam
1385 2425 1560 2469 autem
1589 2414 1801 2469 videtur
1834 2416 2001 2471 musi-

404 2504 566 2576 itum,
596 2523 699 2580 qua
726 2511 987 2565 musicum
1014 2514 1115 2573 est,
1140 2507 1318 2563 sciens
1340 2520 1479 2572 esse,
1512 2515 1565 2561 et
1590 2507 1792 2561 musica
1820 2498 1999 2561 scien-

2104 1958 2399 2029 quendum.
2444 1958 2697 2014 lnstantia
2731 1970 2909 2014 autem
2952 1959 3130 2029 hujus,
3157 1957 3406 2027 quoniam
3451 1970 3556 2010 non
3586 1968 3684 2010 ens

2103 2051 2345 2122 sequitur
2384 2066 2544 2106 omne
2591 2050 2733 2121 quod
2783 2051 2841 2105 fit
2869 2051 3014 2123 (nam
3060 2049 3201 2121 quod
3244 2049 3303 2103 lit
3343 2062 3449 2102 non
3490 2046 3603 2115 est)
3632 2055 3683 2102 et

2104 2159 2212 2199 non
2264 2142 2591 2198 convertitur
2643 2144 2772 2213 (non
2822 2144 2967 2199 enim
3015 2156 3173 2197 omne
3221 2139 3359 2209 quod
3411 2153 3516 2193 non
3566 2136 3695 2203 est,

2106 2235 2186 2307 lii)
2214 2252 2229 2301 ;
2268 2244 2501 2290 attamen
2533 2250 2641 2291 nou
2680 2242 2762 2290 est
2801 2249 2966 2307 genus
2996 2250 3101 2289 non
3148 2248 3243 2289 ens
3273 2232 3389 2302 ejus
3417 2229 3560 2301 quod
3592 2230 3682 2293 tit,

2105 2327 2419 2397 simpliciter
2464 2327 2606 2383 enim
2665 2342 2769 2382 non
2809 2336 2932 2381 sunt
2989 2314 3276 2381 non'entis
3323 2322 3550 2393 species.
3603 2320 3681 2376 De

2106 2419 2528 2491 genereigitur
2581 2418 3027 2491 quemadmodum
3082 2419 3281 2475 dictum
3334 2424 3452 2483 est,
3506 2426 3681 2470 trans-

2101 2511 2357 2565 eundum.

1540 2704 1892 2789 LIBER
1968 2708 2538 2819 QUINTUS.

867 2930 1139 3013 CAPUT
1192 2932 1534 2992 PRIMUM.
2102 2937 2243 3008 quod
2293 2937 2589 2993 secundum
2636 2951 2796 2993 omne
2838 2944 3045 3007 tempus
3084 2936 3419 3015 verilicatur,
3448 2944 3503 2992 et
3543 2942 3691 2992 nun-'

955 3024 1031 3079 De
1058 3026 1223 3081 modis
1250 3029 1471 3099 proprii.
2102 3032 2263 3099 quam
2288 3029 2611 3100 relinquitur
2638 3028 3386 3101 (quemadmodum'animalis
3412 3043 3478 3083 ex
3506 3029 3683 3086 anima

402 3152 406 3161 ι
490 3117 676 3175 Utrum
730 3124 908 3172 autem
978 3118 1254 3187 proprium
1311 3134 1376 3173 an
1436 3134 1542 3175 non
1596 3120 1867 3191 proprium
1917 3127 2001 3175 est
2099 3132 2155 3175 et
2183 3134 2409 3188 corpore
2454 3122 2810 3189 compositum
2840 3119 3339 3189 esse);aliquando
3364 3134 3513 3186 vero,
3541 3121 3680 3191 quod

419 3197 560 3283 quod
592 3207 790 3264 dictum
828 3217 942 3277 est,
976 3223 1068 3276 per
1098 3208 1213 3263 haec
1242 3210 1711 3265 considerandum.
1746 3214 2000 3281 Assigna‘-
2028 3249 2075 3283 η
2104 3212 2396 3267 secundum
2425 3213 2637 3283 aliquod
2671 3223 2878 3282 tempus
2905 3195 3229 3277 verillcatur,
3261 3221 3316 3268 et
3355 3228 3462 3267 non
3492 3228 3558 3267 ex
3591 3202 3681 3269 ne?

419 3307 506 3357 tur
530 3290 708 3354 autem
760 3300 1033 3369 proprium
1068 3311 1155 3353 aut
1203 3314 1297 3370 per
1342 3314 1400 3354 se
1430 3309 1484 3355 et
1521 3315 1755 3369 semper,
1798 3311 1891 3354 aut
1934 3300 1999 3355 ad
2026 3290 2075 3339 ην
2104 3304 2358 3360 cessitate
2404 3318 2618 3373 semper
2658 3305 3022 3372 consequitur,
3065 3313 3122 3359 ut
3158 3303 3385 3373 alicujus
3431 3305 3681 3372 hominis,

417 3392 563 3448 aliud
613 3398 706 3445 aut
744 3390 1051 3465 aliquando.
1106 3390 1208 3445 Per
1246 3406 1309 3446 se
1360 3392 1607 3461 quidem,
1642 3403 1699 3445 ut
1745 3392 1998 3456 hominis,
2104 3396 2379 3452 ambulare
2417 3396 2469 3451 in
2510 3396 2649 3451 foro.
2679 3381 2790 3451 Est
2819 3405 2999 3450 autem
3045 3396 3111 3450 ad
3154 3396 3377 3451 alterum
3411 3398 3682 3465 proprium

392 3481 615 3539 animal
642 3491 976 3537 mansuetum
1002 3488 1222 3547 natura;
1252 3481 1317 3534 ad
1338 3480 1480 3535 aliud
1501 3491 1701 3547 autem,
1726 3491 1784 3535 ut
1810 3481 2003 3536 animae
2103 3472 2398 3557 assignare,
2438 3486 2793 3542 dill‘ereutiam
2845 3486 3047 3554 dicere,
3091 3495 3183 3541 aut
3223 3488 3275 3541 in
3325 3488 3571 3541 omnibus
3627 3497 3682 3542 et

392 3574 486 3630 ’δᾶ
512 3570 726 3645 corpus,
757 3574 1009 3644 quoniam
1043 3573 1132 3628 illa
1163 3573 1381 3644 quidem
1412 3574 1679 3644 imperare
1712 3582 1865 3642 nata,
1901 3575 2004 3629 hoc
2103 3593 2339 3647 semper,
2391 3587 2484 3632 aut
2511 3588 2569 3631 ιιι
2611 3579 2830 3632 multum
2871 3589 2923 3633 et
2971 3578 3025 3632 in
3072 3577 3338 3646 plurimis.
3381 3576 3448 3632 Et
3480 3579 3531 3631 in
3562 3593 3680 3633 om-

420 3678 596 3725 nutem
637 3682 850 3738 parere;
899 3680 1111 3734 semper
1158 3676 1368 3735 autem,
1402 3674 1469 3727 ut
1504 3666 1597 3719 Del
1621 3706 1637 3729 ,
1668 3667 1869 3721 animal
1902 3669 2003 3723 im-

394 3758 677 3824 =mortale;
709 3758 997 3828 aliquando
1028 3741 1175 3820 vero,
1209 3766 1264 3812 ut
1292 3757 1520 3826 alicujus
1552 3758 1784 3812 hominis
1818 3761 2003 3814 ambu-

306 3858 321 3873 '
423 3850 537 3909 lare
572 3851 626 3903 in
671 3849 971 3919 gymnasio.
1002 3834 1139 3903 sinu
1170 3858 1345 3903 autem
1380 3849 1611 3919 proprii,
1660 3849 1800 3919 quod
1833 3850 1898 3905 ad
1929 3851 2007 3903 al-

424 3951 599 3996 terum
651 3939 975 4008 assignatum
1025 3949 1141 4003 est,
1196 3946 1288 3992 aut
1334 3938 1442 3993 duo
1496 3940 1861 4008 problemata,
1911 3951 2006 3996 aut

402 4080 403 4085 η
427 4032 675 4101 quatuor.
701 4029 833 4082 Nam
859 4029 905 4082 si
928 4029 994 4083 de
1022 4028 1123 4083 hoc
1149 4029 1360 4098 quidem
1384 4031 1712 4100 assignatum
1734 4031 2006 4102 quidpiam

396 4120 615 4189 λίπει-ἧι,
649 4120 717 4176 de
745 4120 840 4175 illo
880 4135 1005 4174 vero
1044 4135 1293 4191 negatum
1328 4122 1589 4191 idipsum,
1618 4123 1723 4177 duo
1750 4122 2007 4176 duntaxat

394 4213 755 4286 ,problemata
787 4212 941 4277 ﬁunt,
978 4212 1425 4281 quemadmodum
1466 4214 1696 4269 hominis
1720 4213 1786 4269 ad
1812 4229 2007 4283 equum

426 4307 697 4375 proprium
744 4312 826 4358 est
868 4303 1007 4373 quod
1054 4303 1202 4372 bipes
1246 4312 1348 4358 est.
1376 4304 1505 4359 Nam
1553 4314 1608 4360 et
1651 4304 1792 4374 quod
1845 4305 2007 4361 homo

396 4410 536 4451 ,non
574 4397 727 4465 bipes
773 4405 853 4450 est
902 4396 1363 4465 argumentabitur
1412 4398 1710 4467 quispiam,
1756 4407 1811 4454 et
1860 4399 2005 4470 quod

394 4501 594 4558 .equus
634 4486 825 4557 bipes:
853 4488 1099 4556 utrinque
1139 4496 1314 4541 autem
1360 4496 1669 4542 removetur
1710 4490 2006 4558 proprium.

398 4580 484 4643 jSi
512 4586 691 4633 autem
721 4578 787 4633 de
814 4588 1041 4649 utroque
1062 4587 1349 4648 utrumque
1380 4578 1704 4647 assignatum
1734 4578 1922 4645 fuerit,
1956 4587 2009 4633 et

392 4673 494 4735 -,dc
523 4685 746 4743 utroque
778 4681 1053 4742 negatum,
1085 4681 1315 4743 quatuor
1361 4672 1689 4741 problemata
1733 4681 1920 4737 erunt,
1955 4681 2012 4725 ut

388 4802 405 4820 .
426 4764 657 4819 hominis
688 4764 959 4834 proprium
996 4764 1061 4817 ad
1108 4778 1337 4833 equum,
1368 4764 1508 4833 quod
1541 4764 1629 4818 ille
1675 4765 1890 4834 quidem
1925 4764 2009 4819 bi-

388 4900 405 4909 -
426 4869 541 4925 pes,
575 4854 661 4909 hic
698 4862 873 4909 autem
920 4853 1227 4925 quadrupes
1273 4862 1395 4910 est:
1430 4870 1553 4909 nam
1585 4863 1639 4910 et
1669 4856 1807 4926 quod
1848 4856 2011 4911 homo

392 4964 531 5015 ,non
572 4949 720 5018 bipes
759 4959 875 5014 est,
905 4956 959 5003 et
984 4947 1124 5017 quod
1172 4964 1295 5005 esse
1345 4950 1665 5022 quadrupes»
1699 4958 1852 5003 natus
1894 4959 2008 5015 cst,

390 5092 396 5100 .
427 5042 784 5117 argumentari
810 5052 924 5107 est;
955 5051 1008 5096 et
1039 5042 1181 5113 quod
1224 5058 1394 5114 equus
1426 5044 1597 5113 bipes,
1630 5052 1684 5099 et
1726 5044 1869 5113 quod
1903 5060 2009 5099 non

390 5188 393 5197 ,
427 5132 749 5201 quadrupes,
784 5133 1040 5203 possibile
1086 5143 1168 5189 est
1207 5137 1597 5204 argumentari.
1619 5136 1867 5203 Quolibet
1911 5136 2010 5205 igi-

392 5284 393 5287 η
430 5233 519 5277 tur
546 5224 707 5279 modo
736 5212 979 5286 o’stenso,
1011 5224 1337 5280 interimitur
1369 5225 1510 5296 quod
1540 5227 1869 5295 propositum
1900 5238 2005 5280 εει.

428 5316 522 5370 Εει
548 5325 728 5372 autem
759 5331 854 5386 per
885 5331 945 5371 se
972 5302 1186 5386 quidem
1217 5320 1488 5387 proprium
1509 5360 1523 5383 ,
1556 5318 1699 5387 quod
1733 5319 1797 5371 ad
1831 5317 2011 5371 omnia

425 5406 752 5475 assignatur,
783 5415 838 5461 et
866 5407 934 5461 ab
966 5408 1111 5461 omni
1145 5416 1359 5477 separat
1407 5407 1872 5479 (quemadmodum
1909 5407 2008 5461 lio-

427 5498 597 5574 minis
624 5500 821 5553 animal
871 5501 1097 5555 mortale
1146 5501 1443 5570 disciplina:
1489 5500 1904 5572 susecptivum);
1943 5501 2007 5555 ad

427 5589 571 5643 aliud
603 5597 814 5656 autem,
842 5592 982 5661 quod
1026 5607 1133 5648 non
1166 5595 1232 5649 ab
1261 5594 1438 5660 omni,
1462 5594 1557 5649 sed
1583 5595 1651 5649 ab
1683 5595 1862 5665 aliquo
1888 5606 2004 5651 sta-

428 5688 543 5736 tuto
568 5680 895 5737 determinat
924 5685 1007 5755 (ut
1028 5684 1241 5740 virtutis
1263 5685 1329 5739 ad
1358 5684 1694 5755 disciplinam
1716 5729 1732 5755 ,
1763 5690 2008 5756 quoniam

365 5784 396 5855 ἐ
424 5772 519 5829 illa
548 5772 765 5845 quidem
808 5773 861 5830 in
892 5775 1152 5846 pluribus,
1201 5777 1317 5832 hinc
1345 5777 1397 5832 in
1437 5777 1679 5834 rationali
1710 5780 1847 5845 solo,
1877 5782 2009 5845 etin

335 5937 342 5943 _
388 5928 393 5931 _
427 5866 751 5926 habentibus
791 5869 1056 5929 rationem
1089 5880 1210 5929 nata
1241 5879 1325 5929 est
1368 5871 1541 5943 ﬂeri);
1574 5886 1784 5946 seraper
1812 5882 2009 5944 autem,

2036 4633 2090 4696 D

2104 3660 2267 3726 nibus
2320 3670 2534 3739 quidem
2584 3680 2635 3724 et
2686 3678 2927 3739 semper,
2952 3666 3399 3739 qUema‘dmodum
3456 3668 3685 3724 hominis

2106 3762 2384 3831 proprium
2413 3762 2480 3815 ad
2519 3776 2715 3832 equum
2741 3761 2990 3832 quoniam
3024 3762 3195 3833 bipes,
3227 3776 3347 3829 nam
3381 3760 3541 3815 homo
3572 3762 3687 3832 qui-

2106 3852 2227 3908 dem
2275 3862 2331 3908 et
2372 3854 2569 3916 omnis,
2610 3863 2664 3909 et
2712 3869 2927 3923 semper
2962 3864 3048 3908 est
3078 3854 3258 3922 bipes;
3306 3868 3474 3925 equus
3511 3864 3687 3908 autem

2106 3944 2285 3999 nullus
2316 3954 2397 3998 est
2434 3944 2607 4012 bipes,
2640 3954 2692 3997 et
2724 3960 3015 4013 nunquam.
3051 3945 3119 3998 Ut
3160 3945 3385 3998 Inuitum
3426 3955 3601 4000 autem
3634 3956 3689 4002 ει

2109 4033 2164 4087 iu
2189 4034 2451 4101 plurimis,
2477 4033 2922 4102 quemadmodum
2953 4022 3224 4088 rationalis
3248 4038 3518 4103 proprium
3544 4038 3685 4103 priu~

2111 4122 2291 4191 cipare
2316 4120 2382 4174 ad
2413 4120 2851 4188 coneupiscibile,
2881 4130 2935 4175 et
2966 4120 3254 4186 irascihile,
3287 4138 3354 4177 eo
3384 4123 3524 4193 quod
3558 4124 3684 4177 illud

2110 4212 2322 4285 quidem
2367 4215 2627 4280 imperat,
2687 4212 2800 4266 haec
2847 4220 3021 4267 autem
3072 4222 3292 4282 parent;
3342 4229 3463 4267 nam
3516 4228 3689 4285 neque

2110 4306 2372 4361 rationale
2419 4318 2632 4374 semper
2675 4306 2933 4374 imperat,
2973 4304 3066 4360 sed
3108 4305 3431 4376 quandoque
3467 4306 3539 4361 illi
3591 4307 3689 4361 im-

2098 4407 2352 4470 peratur,
2402 4412 2576 4469 neque
2620 4398 3024 4469 concupiscibili
3078 4408 3133 4454 et
3185 4399 3435 4455 iraseibili
3476 4414 3689 4468 semper

2112 4491 2424 4559 imperatur,
2456 4489 2550 4545 sed
2586 4489 2849 4560 imperant
2874 4490 3212 4562 quandoque,
3244 4505 3367 4547 eum
3400 4490 3559 4546 fuerit
3595 4491 3691 4545 lto-

2112 4581 2271 4635 minis
2313 4584 2487 4635 anima
2538 4582 2821 4652 ﬂagitiosa.
2857 4581 3199 4651 Propriorum
3248 4578 3426 4639 autem
3464 4597 3528 4640 ea
3577 4599 3688 4639 rna-

2118 4676 2269 4729 aime‘
2289 4674 2457 4744 logica
2488 4684 2641 4739 sunt,
2670 4690 2788 4744 quae
2821 4689 2916 4744 per
2943 4689 3002 4729 se
3041 4684 3095 4730 et
3120 4689 3354 4747 semper,
3392 4688 3446 4734 et
3474 4695 3593 4749 qum
3624 4680 3687 4735 ad

2115 4766 2448 4822 aliud.‘Nam
2478 4767 2597 4837 ejus
2628 4767 2768 4838 quod
2800 4767 2867 4822 ad
2900 4768 3046 4823 aliud
3078 4778 3161 4824 est
3200 4774 3505 4840 proprium,
3534 4772 3687 4842 plura

2115 4862 2451 4932 problemata
2487 4871 2645 4928 sunt,
2677 4862 3123 4932 quemadmodum
3165 4863 3398 4918 diximus
3426 4874 3480 4919 et
3519 4866 3687 4935 prius,

2116 4971 2237 5011 nam
2269 4965 2357 5011 aut
2382 4955 2526 5020 duo,
2553 4965 2647 5010 aut
2674 4964 2924 5026 quatuor,
2952 4972 3016 5011 ex
3050 4958 3369 5012 necessitate
3401 4958 3535 5011 ﬁunt
3569 4974 3690 5021 pro.

2096 5048 2365 5103 'blemata.
2390 5047 2576 5104 Plures
2603 5056 2781 5103 autem
2813 5049 3083 5103 orationes
3114 5046 3241 5102 ﬁunt
3272 5048 3337 5101 ad
3378 5049 3513 5114 haec,
3545 5049 3686 5118 quod

2116 5148 2438 5209 autem‘per
2480 5154 2539 5194 se
2578 5149 2661 5195 est
2697 5150 2749 5195 et
2789 5154 3030 5210 semper,
3078 5139 3144 5195 ad
3190 5141 3352 5195 multa
3402 5149 3485 5195 est
3518 5154 3685 5211 argu-

2116 5230 2370 5294 mentari,
2396 5241 2449 5285 et
2482 5231 2548 5285 ad
2583 5232 2731 5300 plura
2782 5240 3019 5302 tempora
3059 5232 3345 5287 observare
3374 5250 3387 5285 :
3421 5235 3560 5301 quod
3594 5248 3689 5302 per

2098 5328 2173 5381 se
2202 5326 2416 5396 quidem
2459 5327 2525 5382 ad
2564 5328 2728 5381 multa
2750 5369 2762 5392 ,
2796 5343 2918 5382 nam
2949 5328 3014 5381 ad
3054 5326 3470 5397 unumquodque
3500 5340 3687 5381 eorum

2114 5433 2231 5488 quae
2270 5424 2529 5488 sunt,‘ut
2582 5429 2706 5489 pote
2751 5420 2837 5474 cui
2876 5428 3086 5489 oportet
3133 5418 3309 5473 inesse
3370 5419 3686 5488 praprium,

2114 5525 2281 5583 quare
2306 5512 2349 5565 si
2384 5527 2489 5567 non
2535 5512 2603 5566 ab
2633 5513 2781 5567 omni
2810 5521 3054 5582 separat,
3088 5526 3191 5566 non
3231 5512 3335 5567 erit
3370 5513 3508 5568 bene
3545 5512 3685 5566 assi-

2113 5610 2328 5672 gnatum
2374 5602 2681 5672 proprium;
2732 5604 2871 5673 quod
2912 5612 3089 5657 autem
3142 5618 3373 5673 semper,
3419 5605 3484 5658 ad
3534 5603 3685 5674 plura

2115 5702 2355 5764 tempora
2390 5702 2470 5747 est
2501 5693 2812 5757 observare,
2845 5701 2917 5751 et,
2939 5692 3058 5747 sive
3103 5707 3207 5748 non
3238 5694 3408 5762 inest,
3439 5694 3552 5751 sive
3579 5710 3687 5750 non

2115 5785 2360 5851 infuerit,
2393 5784 2507 5840 sive
2538 5799 2646 5840 non
2690 5786 2878 5853 inerit,
2915 5799 3021 5857 non
3062 5785 3164 5841 erit
3208 5789 3503 5857 proprium.
3533 5786 3684 5855 Quod

2114 5891 2244 5933 vero
2269 5876 2575 5949 aliquando,
2603 5878 2671 5937 ad
2695 5877 2823 5938 Illud
2855 5877 3017 5951 (quod
3048 5878 3427 5953 nunc'dieitur)
3447 5886 3683 5953 tempus.
