4290 6272
578 384 671 447 935

1806 382 1917 439 AN.
1959 375 2170 437 MANL.
2209 370 2365 432 εεν.
2407 373 2629 432 εοετιι

3767 376 3870 435 οδε

576 498 993 563 consideramus.
1043 498 1159 556 Non
1215 498 1375 571 igitur
1418 507 1547 555 sunt
1589 500 1826 555 rationes
1874 495 1938 551 ad
1986 495 2161 564 ipsum
2192 487 2519 553 Lconliciet
2544 488 2940 560 syllogismum,
2970 488 3040 544 de
3067 502 3134 544 eo
3175 487 3317 560 quod
3348 488 3716 559 multipliciter
3738 489 3874 570 dici.

546 602 769 668 plures.
803 595 1055 665 Logicum
1097 600 1274 647 autem
1319 600 1402 648 est
1443 592 1750 662 problema,
1796 589 1863 646 ad
1900 590 2043 661 quod
2073 602 2164 644 ra-

576 695 750 765 tiones
790 688 956 755 ﬁunt,
988 697 1044 743 et
1073 688 1279 746 crebra:
1310 686 1552 757 quidem,
1583 696 1637 740 et
1677 685 1852 741 bona}.
1893 684 1977 739 Ad
2016 682 2163 739 aliud

575 786 734 857 igitur
779 785 1060 859 proprium
1106 781 1340 849 dictum,
1372 798 1435 837 ex
1478 780 1543 836 iis
1583 794 1702 852 quae
1737 787 1865 836 sunt
1910 779 1979 834 de
2020 778 2164 833 acci-

575 880 733 935 dente
770 875 905 933 locis
952 873 1382 946 inspiciendum,
1423 874 1469 930 si
1517 873 1640 928 huic
1679 871 1895 944 quidem
1932 870 2164 940 accidit,

574 971 649 1026 illi
682 984 811 1027 vero
836 984 968 1025 non.
1006 966 1080 1024 De
1109 967 1175 1023 iis
1204 977 1382 1022 autem
1410 982 1529 1038 quze
1562 978 1799 1036 semper,
1832 971 1886 1019 et
1917 978 2037 1036 quae
2070 976 2173 1033 per

574 1079 652 1134 se,
684 1078 780 1134 per
807 1062 921 1119 haec
946 1059 1417 1119 considerandum.

724 1144 725 1147 ‘
1200 1151 1432 1209 CAPUT
1471 1150 1536 1208 tt.

1141 1245 1220 1300 De
1247 1244 1372 1300 locis
1402 1245 1621 1318 praprii.

645 1342 887 1404 Primum
914 1339 1129 1411 quidem
1155 1353 1222 1393 an
1253 1351 1357 1392 non
1383 1336 1522 1392 bene
1550 1335 1880 1408 assignatum
1925 1329 2006 1389 est
2042 1349 2173 1404 pro-

575 1426 775 1508 prium,
808 1448 875 1489 an
906 1432 1063 1487 bene.
1116 1429 1245 1500 Ejus
1274 1436 1450 1484 autem
1478 1428 1618 1497 quod
1646 1435 1729 1483 est
1756 1441 1859 1482 non
1895 1428 2053 1494 bene,
2086 1434 2179 1480 aut

576 1528 737 1593 bene,
769 1534 852 1581 est
883 1537 1045 1578 unum
1076 1522 1319 1592 quidem,
1352 1521 1396 1576 si
1431 1535 1535 1575 non
1566 1535 1664 1590 per
1694 1520 1927 1582 notiora.
1969 1528 2060 1573 aut
2085 1531 2181 1585 ρειι·

578 1619 787 1677 notiora
826 1616 1063 1689 positum
1109 1623 1192 1670 est
1239 1612 1538 1683 proprium.
1594 1610 1899 1666 Destruentl
1939 1608 2177 1680 quidem,

578 1704 621 1769 si
654 1725 759 1766 non
803 1723 898 1780 per
941 1706 1183 1771 notiora;
1229 1711 1283 1759 at
1318 1702 1676 1769 construcnti,
1713 1701 1759 1757 si
1803 1716 1900 1771 per
1946 1701 2178 1755 notiora.

578 1792 709 1875 Ejus
752 1810 932 1856 autem
978 1796 1121 1869 quod
1168 1810 1275 1853 non
1307 1810 1405 1866 per
1434 1796 1643 1851 notiora
1683 1802 1786 1857 est,
1821 1793 1922 1849 hoc
1966 1792 2181 1863 quidem

2271 592 2374 638 tur.
2405 582 2748 639 Construenti
2777 591 2978 649 autem,
3002 583 3047 637 si
3092 596 3196 638 non
3227 582 3379 653 plura
3408 583 3676 653 signiﬁcat
3699 565 3877 652 neque

2271 679 2545 732 nominum
2591 677 2890 748 quidpiam,
2933 691 3109 745 neque
3156 685 3270 732 tota
3318 678 3513 734 oratio.
3562 677 3682 733 Erit
3726 681 3873 735 enim

2269 771 2564 828 secundum
2594 770 2696 825 hoc
2717 772 2856 825 bene
2877 766 3112 839 pesitutn
3142 770 3442 840 proprium,
3467 779 3527 826 ut
3548 771 3673 842 quia
3690 772 3889 841 neque.
3940 786 3943 791 ‘

2270 874 2469 932 corpus
2496 862 2645 932 plura
2668 861 2955 929 signiﬁcat,
2986 873 3163 930 neque
3192 862 3604 917 mobilissimum
3633 863 3689 917 in
3713 876 3872 930 sure-

2274 956 2469 1011 rlorem
2503 956 2701 1019 locum,
2732 967 2907 1024 neque
2934 962 3103 1008 totum
3133 953 3276 1023 quod
3299 967 3365 1008 ea
3396 954 3479 1007 his
3506 952 3871 1023 compositum

2273 1057 2376 1115 est,
2399 1049 2502 1104 erit
2524 1049 2659 1103 bene
2696 1046 2924 1117 positum
2964 1045 3255 1101 secundum
3282 1045 3381 1099 hoc
3421 1044 3561 1115 ignis
3601 1046 3877 1113 proprium

2275 1160 2473 1214 Corpus
2513 1142 2921 1198 mobilissimum
2958 1140 3012 1196 in
3053 1141 3385 1211 superiorem
3430 1139 3633 1194 locum.
3669 1138 3881 1197 Deinde

2276 1236 2577 1292 destruenti
2598 1234 2813 1306 quidem
2857 1234 2901 1288 si
2932 1233 3297 1303 multipliciter
3330 1232 3526 1287 dicitur
3550 1231 3679 1286 illud
3713 1230 3876 1301 cujus

2281 1331 2554 1400 prOprium
2584 1330 2906 1394 assignatur,
2950 1340 3055 1381 non
3087 1324 3472 1381 delertniuatur
3499 1334 3680 1378 autem
3716 1326 3878 1391 cuius

2280 1432 2466 1478 eorum
2506 1428 2735 1491 ponatur
2764 1420 3063 1491 proprium.
3092 1416 3208 1473 Non
3233 1419 3375 1471 enim
3407 1418 3545 1472 bene
3597 1417 3703 1470 crit
3741 1416 3881 1471 assi-

2281 1523 2504 1586 gnatum
2539 1514 2837 1585 proprium,
2866 1514 2936 1568 ob
2967 1526 3101 1585 quas
3128 1518 3307 1567 autem
3338 1525 3531 1565 causas
3554 1523 3665 1564 non
3691 1509 3881 1564 imma-i

2283 1609 2536 1665 nifestum
2568 1616 2649 1664 est
2686 1622 2745 1663 ει
2783 1607 2849 1663 iis
2875 1621 2995 1677 qua:
3017 1608 3162 1677 prius
3190 1606 3332 1661 dicta
3360 1612 3507 1667 sunt,
3539 1617 3663 1657 nam
3690 1602 3882 1661 eadem

2284 1704 2531 1758 accidere
2573 1700 2935 1756 necessarium
2977 1708 3094 1763 est;
3142 1706 3202 1751 ut
3247 1697 3379 1767 quia‘
3417 1695 3557 1751 scite
3587 1694 3691 1748 hoc
3728 1694 3882 1763 plura

2286 1796 2556 1865 signillcat
2579 1794 2768 1864 (unum
2799 1790 2943 1845 enim
2974 1789 3254 1845 scientiam
3281 1788 3479 1842 habere
3507 1785 3629 1851 hoc,
3652 1785 3883 1841 alterum

579 1890 621 1952 si
646 1893 867 1951 omnino
899 1889 1132 1962 ignotius
1163 1886 1397 1957 positum
1428 1896 1511 1943 est
1562 1886 1834 1957 proprium
1865 1887 2007 1955 quod
2041 1884 2176 1939 assi-

2285 1901 2460 1946 autem
2491 1891 2711 1945 amentia
2740 1889 2814 1943 uti
2837 1888 2959 1956 hoc,
2989 1886 3135 1943 aliud
3166 1901 3294 1942 vero
3330 1886 3603 1942 scientiam
3634 1899 3753 1940 esse
3783 1883 3884 1938 hu-

579 1988 786 2063 gnavit,
811 1988 902 2044 illo
930 1984 1084 2059 cujus
1114 1983 1393 2057 proprium
1423 1982 1577 2038 dixit.
1598 1982 1714 2037 Non
1742 1981 1886 2037 enim
1914 1980 2015 2035 erit
2039 1978 2177 2035 bene

581 2076 813 2153 positum
847 2079 1148 2153 proprium,
1191 2092 1313 2132 nam
1352 2087 1573 2147 propter
1616 2075 1856 2130 notitiam
1901 2073 2178 2145 proprium

581 2173 824 2233 iacimus.
878 2171 1127 2228 llisccndi
1161 2169 1303 2226 enim
1334 2184 1517 2240 causa,
1547 2177 1599 2225 et
1631 2172 1924 2239 proprium,
1957 2177 2012 2224 et
2040 2168 2178 2223 deﬁ-

583 2266 820 2322 nitiones
862 2264 1108 2327 facimus.
1160 2264 1262 2320 Per
1305 2263 1514 2319 notiora
1560 2263 1724 2334 igitur
1767 2263 2176 2331 accipiendum:

586 2359 665 2415 sic
696 2359 838 2414 cnim
871 2359 1041 2429 magis
1070 2356 1171 2412 crit
1212 2355 1543 2412 sufﬁcienter
1581 2369 1926 2425 cognoscere,
1958 2364 2017 2409 ut
2057 2365 2184 2426 puta

585 2450 673 2521 qui
707 2448 855 2519 ponit
904 2448 1043 2519 ignis
1091 2444 1367 2517 proprium
1419 2460 1539 2501 esse
1587 2445 1917 2501 simillimum
1966 2446 2180 2515 animm,

540 2570 545 2574 ·
586 2544 852 2614 ignotiore
874 2556 1031 2611 quam
1066 2541 1203 2611 ignis
1233 2542 1402 2594 utitur
1447 2538 1624 2593 anima
1676 2542 1870 2612 (magis
1900 2540 2043 2595 enim
2075 2541 2185 2594 sci-

564 2626 708 2689 mus
736 2627 862 2701 quid
890 2641 971 2685 est
1002 2629 1138 2699 ignis
1158 2645 1315 2700 quam
1346 2628 1471 2700 quid
1501 2629 1726 2698 anima),
1754 2647 1860 2686 non
1890 2630 2049 2703 igitur
2078 2631 2188 2686 erit

588 2722 728 2779 bene
773 2720 1006 2790 positum
1052 2720 1322 2790 preprium
1375 2721 1531 2789 Ignis,
1578 2720 1915 2779 simillimum
1965 2723 2186 2781 animae.

592 2814 749 2873 Aliud
794 2824 998 2883 autem,
1047 2815 1093 2870 si
1141 2830 1246 2870 non
1296 2816 1475 2869 notius
1522 2824 1603 2870 est
1656 2815 1758 2869 hoc
1806 2815 1932 2871 huic
1989 2817 2185 2871 inesse.

590 2906 814 2981 Oportet
840 2906 984 2963 enim
1008 2922 1118 2963 non
1151 2906 1325 2965 scium
1357 2907 1533 2963 notius
1561 2921 1680 2965 esse
1709 2922 1790 2974 re,
1822 2908 1918 2963 sed
1949 2907 2073 2964 huic
2103 2909 2189 2963 in,

591 3014 734 3067 esse.
760 2999 942 3073 notius
964 3015 1086 3057 esse
1110 3017 1124 3054 :
1154 3014 1275 3056 nam
1302 3001 1392 3071 qui
1420 3015 1527 3056 non
1554 3000 1655 3057 scit
1677 2999 1800 3059 huic
1826 3001 1986 3067 inesx,
2016 3016 2191 3072 neque

592 3096 637 3155 si
658 3093 741 3171 illi
765 3094 864 3150 soli
892 3095 1073 3152 notius
1097 3095 1240 3151 inest
1266 3094 1567 3164 cognoscit.
1598 3093 1779 3162 Quare
1807 3108 1931 3151 cum
1962 3096 2191 3165 quodvis

592 3185 783 3241 horum
826 3184 1107 3253 acciderit,
1130 3184 1420 3242 obscurum
1444 3185 1502 3241 ﬁt
1526 3186 1827 3255 proprium,
1860 3198 1917 3240 ut
1946 3185 2068 3256 quia
2100 3186 2191 3257 qui

2277 1984 2388 2055 jus,
2433 1982 2575 2037 aliud
2618 1993 2796 2037 autem
2838 1981 3065 2036 scientia
3105 1979 3180 2035 uti
3220 1978 3439 2050 hujus),
3490 1993 3594 2033 non
3633 1978 3734 2032 erit
3764 1976 3885 2047 ejus

2283 2074 2422 2147 quod
2447 2084 2531 2132 est
2555 2077 2695 2132 scire
2721 2074 2844 2145 hoc,
2870 2074 3005 2130 bene
3029 2073 3356 2145 assignatum
3384 2071 3661 2143 proprium
3688 2072 3883 2141 ullum,

2286 2184 2390 2224 non
2438 2168 2792 2227 delerminato
2866 2167 3019 2237 cujus
3085 2166 3275 2221 horum
3326 2166 3542 2236 ponitur
3586 2165 3885 2236 proprium.

2286 2248 2629 2317 Construenti
2676 2275 2823 2329 vero,
2873 2258 2919 2314 si
2965 2274 3069 2314 non
3113 2258 3311 2314 dicitur
3359 2258 3731 2329 multipliciter
3783 2258 3886 2314 hoc

2287 2353 2440 2421 cujus
2474 2351 2744 2422 proprium
2790 2351 3029 2421 ponitur,
3064 2349 3157 2405 sed
3197 2357 3282 2404 est
3327 2366 3491 2403 unum
3532 2357 3587 2403 et
3629 2349 3881 2419 simplex.

2290 2441 2409 2497 Erit
2450 2443 2593 2496 enim
2644 2441 2779 2496 bene
2820 2441 3051 2510 positum
3098 2438 3391 2496 secundum
3434 2440 3536 2496 hoc
3582 2440 3885 2512 proprium,

2291 2544 2347 2588 ut
2374 2535 2497 2603 quia
2526 2533 2688 2587 homo
2729 2534 3046 2602 simpliciter
3086 2532 3304 2600 dicitur,
3333 2534 3436 2589 erit
3472 2532 3610 2589 bene
3650 2516 3883 2602 posituri]

2290 2624 2582 2682 secundum
2611 2624 2713 2699 hoc
2739 2624 2970 2680 hominis
2998 2624 3295 2696 prOprium,
3321 2623 3518 2681 animal
3545 2618 3887 2684 mansuetum

2292 2729 2499 2775 natura.
2548 2717 2749 2776 Deinde
2777 2718 3077 2773 destruenti
3106 2719 3344 2788 quidem,
3379 2718 3421 2772 si
3454 2718 3762 2788 frequenter
3800 2719 3888 2775 di-

2290 2823 2437 2866 ctum
2465 2821 2551 2866 est
2581 2811 2720 2866 idem
2755 2812 2807 2865 in
2840 2810 3057 2881 proprio
3089 2810 3255 2882 (ssepe
3284 2810 3427 2865 enim
3476 2812 3643 2865 latent
3679 2810 3782 2865 hoc
3811 2810 3886 2866 fa-

2291 2904 2496 2959 cientes
2521 2912 2574 2958 et
2601 2906 2651 2957 in
2683 2901 2932 2973 propriis,
2950 2902 3399 2974 quemadmodum
3435 2910 3488 2957 et
3515 2902 3569 2957 in
3598 2902 3886 2972 terminis),

2295 3011 2402 3050 non
2433 2994 2536 3050 erit
2563 2994 2699 3049 bene
2727 2996 2957 3064 positum
2999 2993 3141 3067 quod
3170 2993 3273 3049 hoc
3301 2994 3549 3059 sustinet,
3589 2995 3885 3065 proprium.

2291 3088 2594 3147 Conturbat
2618 3088 2762 3145 enim
2789 3089 3121 3155 audientem,
3153 3090 3294 3159 quod
3328 3088 3637 3159 frequenter
3666 3090 3889 3158 dicitur,

2292 3182 2585 3240 obscuram
2626 3180 2787 3253 igitur
2824 3182 3190 3249 necessarium
3229 3191 3312 3239 est
3354 3181 3492 3249 ﬁeri,
3523 3194 3581 3239 et
3616 3191 3812 3254 praeter
3837 3181 3889 3243 id

500 3280 503 3283 ’
590 3277 743 3349 ponit
770 3276 909 3347 ignis
935 3277 1233 3348 proprium,
1269 3277 1322 3333 in
1352 3292 1459 3349 quo
1501 3280 1676 3349 primo
1721 3281 1897 3336 anima
1940 3289 2064 3337 nata
2107 3270 2265 3339 estC
2298 3280 2483 3348 nugari
2534 3276 2804 3333 videntur.
2872 3276 3097 3333 Eveniet
3150 3286 3329 3333 autem
3381 3274 3691 3346 frequenter
3746 3275 3892 3335 idem

593 3381 736 3437 esse,
768 3367 1034 3439 ignotiore
1061 3368 1229 3442 utitur
1259 3384 1417 3439 quam
1456 3369 1526 3433 sit
1558 3371 1717 3441 ignis,
1748 3385 1815 3428 eo
1840 3372 1983 3442 quod
2033 3373 2186 3441 igno-

594 3458 697 3513 tius
724 3468 829 3523 est,
854 3460 980 3513 si'in
1012 3460 1116 3514 hoc
1142 3440 1231 3515 esi
1261 3460 1461 3527 anima,
1493 3470 1550 3517 ct
1576 3440 1620 3516 si
1636 3461 1702 3533 in
1735 3463 1838 3518 hoc
1860 3440 2182 3533 iprimoiest;

592 3563 703 3607 non
745 3548 849 3603 crit
874 3549 1057 3621 itaque
1083 3548 1222 3606 bene
1249 3552 1482 3620 positum
1504 3553 1778 3621 proprium
1808 3554 1969 3624 ignis,
2000 3556 2053 3610 in
2081 3571 2187 3625 quo

593 3638 767 3712 primo
802 3639 983 3695 anima
1031 3647 1153 3694 nata
1197 3648 1281 3697 est
1318 3654 1461 3697 csse.
1511 3641 1854 3701 Construcnti
1897 3656 2099 3713 autem,
2142 3646 2188 3702 si

594 3747 689 3803 per
728 3730 938 3787 notiora
977 3733 1208 3799 positum
1239 3741 1323 3788 est
1361 3734 1657 3803 pr0prium,
1691 3746 1746 3791 et
1775 3737 1819 3792 si
1854 3752 1947 3805 per
1978 3740 2187 3793 notiora

592 3822 887 3887 secundum
918 3812 1203 3893 utrumque
1231 3823 1470 3879 modum.
1517 3826 1633 3881 Erit
1657 3829 1801 3883 enim
1834 3828 1971 3883 bene
1996 3842 2189 3883 secun-

594 3914 717 3972 dum
757 3914 859 3971 hoc
898 3912 1128 3987 positum
1172 3917 1483 3988 proprium,
1534 3934 1657 3974 nam
1699 3921 2184 3976 constructivoruln

594 4009 834 4067 locorum
856 4008 975 4081 ejus
1003 4009 1145 4083 quod
1179 4010 1336 4077 bene,
1365 4011 1457 4067 alii
1511 4010 1727 4082 quidem
1758 4010 2055 4067 secundum
2085 4011 2188 4073 hoc

593 4104 790 4170 ευΙιιιιι,
845 4104 936 4160 alii
988 4115 1173 4163 autem
1238 4103 1563 4175 simpliciter
1614 4106 1989 4162 monstrabunt
2044 4107 2189 4177 quoa

593 4197 761 4264 bene,
798 4206 854 4253 ut
889 4198 1011 4267 quia
1045 4199 1138 4268 qui
1180 4199 1315 4253 dixit
1351 4197 1597 4254 animalis
1628 4199 1925 4267 proprium,
1967 4214 2187 4257 sensum

593 4289 813 4354 habere,
845 4306 942 4360 per
982 4293 1226 4355 notiora,
1275 4301 1332 4347 et
1369 4291 1548 4347 notius
1588 4292 1879 4363 assignavit
1912 4296 2187 4362 preprium

592 4382 884 4440 secundum
930 4392 1215 4452 utrumque
1266 4383 1520 4447 modum;
1573 4398 1741 4452 quare
1788 4384 1895 4439 erit
1923 4384 2061 4443 bene
2099 4400 2189 4441 as—

590 4475 859 4544 signatum
890 4474 1184 4533 secundum
1212 4473 1333 4541 hoc,
1361 4472 1609 4529 animalis
1634 4472 1935 4543 proprium,
1965 4489 2187 4533 sensum

2293 3372 2474 3429 dicere
2500 3369 2715 3433 duobus
2741 3370 2918 3425 modis
2949 3386 2962 3420 :
2998 3384 3105 3427 uno
3132 3368 3354 3439 quidem
3392 3368 3611 3438 quando
3648 3370 3890 3429 nomina~

2291 3466 2430 3521 verit
2459 3464 2768 3535 frequenter
2795 3462 2957 3528 idem,
2990 3472 3048 3518 ut
3083 3461 3131 3519 si
3168 3464 3289 3533 quis
3329 3463 3604 3532 proprium
3649 3461 3892 3533 assiguet

2290 3560 2464 3630 ignis;
2494 3573 2695 3629 corpus
2727 3558 3100 3615 tenuissimum
3139 3569 3446 3626 corporum.
3480 3554 3567 3611 hic
3598 3554 3741 3610 enim
3776 3553 3893 3613 ire-

2290 3659 2519 3721 quenter
2550 3650 2686 3708 dixit
2709 3665 2929 3721 corpus,
2993 3649 3240 3707 Secundo
3267 3655 3471 3713 autem,
3502 3648 3551 3703 si
3577 3649 3702 3717 quis
3732 3661 3890 3713 assu-

2288 3755 2403 3800 mat
2428 3745 2703 3799 orationes
2724 3756 2822 3812 pro
2850 3732 3187 3811 nominibus,
3205 3750 3261 3794 ut
3288 3740 3334 3795 si
3363 3740 3489 3809 quis
3512 3738 3703 3794 reddat
3732 3747 3895 3795 terra

2290 3839 2597 3909 proprium,
2644 3835 3000 3892 substantiam
3039 3851 3159 3906 quin
3199 3834 3431 3889 maxime
3470 3847 3758 3903 corporum
3795 3846 3890 3895 se-

2288 3931 2525 3988 cundum
2555 3938 2800 3986 naturam
2834 3929 3005 3985 fertur
3034 3931 3088 3984 in
3125 3927 3435 3983 inferiorem
3465 3928 3667 3994 locum,
3699 3926 3894 3983 deinde

2288 4036 2529 4084 assumat
2592 4041 2691 4096 pro
2749 4025 3105 4095 corporibus,
3134 4086 3141 4097 ,
3174 4021 3479 4095 hujusmodi
3539 4021 3890 4090 substantias,

2289 4136 2453 4178 unum
2480 4121 2623 4176 enim
2656 4130 2711 4177 et
2735 4120 2877 4177 idem
2903 4128 2985 4176 est
3003 4133 3220 4190 corpus,
3243 4128 3299 4174 et
3319 4118 3623 4188 huiusmodi
3645 4118 3894 4172 substan-

2287 4214 2392 4278 tia;
2425 4214 2530 4269 erit
2556 4224 2689 4282 ergo
2720 4211 2822 4268 hoc
2851 4211 3013 4266 modo
3053 4211 3351 4266 substantia
3389 4210 3696 4278 frequenter
3723 4207 3896 4277 dicta,

2286 4320 2457 4379 quare
2496 4317 2744 4363 neutrum
2782 4308 2889 4363 erit
2932 4307 3068 4362 bene
3117 4306 3349 4376 positum
3402 4304 3699 4375 proprium.
3742 4301 3894 4361 Con-

2288 4403 2517 4457 struenti
2544 4416 2697 4471 vero,
2730 4402 2776 4457 si
2804 4402 2949 4457 nullo
2981 4400 3153 4455 utitur
3188 4400 3501 4470 frequenter
3537 4395 3759 4452 nomine
3801 4404 3898 4450 ee-

2288 4494 2434 4550 dem.
2470 4494 2588 4549 Erit
2613 4494 2755 4549 enim
2784 4494 3079 4550 secundum
3113 4493 3216 4549 hoc
3245 4494 3385 4549 bene
3410 4492 3741 4562 assignatum
3771 4502 3896 4558 pro-

591 4570 812 4626 habere.
848 4569 1048 4627 Deinde
1069 4568 1366 4625 destruetur
1396 4567 1638 4637 quidem.
1662 4567 1708 4623 si
1730 4568 1872 4638 quod
1904 4571 2183 4625 nominum
2216 4652 2253 4659 Δ
2291 4589 2497 4659 prium,
2539 4597 2596 4643 ιη
2630 4588 2752 4659 quia
2782 4587 2872 4659 qui
2905 4588 3048 4644 dixit
3077 4588 3312 4644 hominis
3348 4585 3659 4657 proprium.
3690 4581 3893 4641 animal

592 4680 713 4735 qua:
758 4666 809 4720 in
848 4665 1065 4734 proprio
1094 4674 1219 4722 sunt
1249 4664 1519 4732 assignata
1566 4662 1935 4732 multipliciter
1972 4663 2179 4733 dicitur,

2295 4681 2594 4753 disciplinae
2649 4682 3048 4752 susceptivum,
3101 4695 3205 4734 non
3267 4693 3397 4734 usus
3446 4688 3529 4733 est
3584 4676 3899 4746 frequenter

592 4754 677 4815 νεὶ
705 4756 865 4812 etiam
895 4765 1006 4811 tota
1034 4754 1209 4812 oratio
1238 4754 1388 4825 plura
1418 4754 1705 4826 signiﬁcat.
1762 4756 1876 4812 Non
1905 4757 2049 4813 enim
2088 4759 2194 4814 erit

593 4850 732 4907 bene
769 4849 1000 4919 positum
1038 4848 1336 4919 proprium,
1376 4855 1435 4904 ut
1473 4850 1725 4919 quoniam
1773 4850 1979 4906 sentire
2023 4853 2191 4907 multa

595 4943 896 5015 signiﬁcat,
946 4958 1109 4999 unum
1157 4942 1375 5011 quidem
1427 4957 1648 5001 sensum
1703 4943 1904 5000 habere
1958 4945 2189 5001 alterum

594 5046 773 5094 autem
802 5051 1022 5093 sensum
1053 5036 1167 5101 uti;
1209 5051 1317 5091 non
1345 5035 1450 5092 erit
1476 5037 1721 5092 animalis
1752 5037 2031 5105 proprium
2056 5037 2192 5095 bene

598 5130 828 5200 positum
870 5129 1015 5201 quod
1061 5136 1244 5184 natum
1290 5137 1374 5183 est
1418 5128 1643 5186 sentire.
1701 5128 2038 5197 Quapropter
2080 5145 2190 5185 non

598 5225 852 5281 utendum
891 5234 994 5291 cst,
1029 5236 1203 5294 neque
1229 5223 1465 5289 nomine,
1496 5223 1639 5294 quod
1669 5222 2032 5293 multipliciter
2057 5222 2193 5279 dici-

599 5326 706 5383 tur,
736 5332 911 5387 neque
936 5318 1201 5381 oratione,
1226 5329 1349 5386 qua:
1383 5313 1532 5384 plura
1570 5314 1864 5383 signiﬁcet,
1898 5315 2025 5385 quia
2051 5316 2190 5385 quod

598 5411 965 5481 multipliciter
987 5410 1205 5477 dicitur,
1233 5409 1521 5465 obscurum
1550 5406 1676 5463 facit
1696 5408 1840 5479 quod
1864 5409 2063 5465 dictum
2084 5421 2189 5479 est,

598 5504 878 5561 dubitante
915 5518 981 5559 eo
1009 5504 1102 5574 qui
1131 5502 1294 5559 debet
1326 5501 1724 5572 argumentari,
1758 5501 2030 5571 quodnam
2058 5503 2191 5561 dicit

599 5616 785 5656 eorum
831 5614 954 5671 quos
994 5600 1367 5670 multipliciter
1416 5596 1688 5665 dicuntur,
1738 5614 1862 5656 nam
1911 5602 2189 5671 proprium

600 5694 843 5753 discendi
874 5697 1043 5767 gratia
1083 5698 1405 5768 assignatur.
1476 5695 1721 5765 Amplius
1759 5704 1937 5751 autem
1976 5696 2040 5750 ad
2088 5696 2192 5752 hoc

597 5788 967 5844 "necessarium
987 5795 1072 5844 est
1098 5787 1532 5856 redargutionem
1560 5787 1790 5857 aliquam
1820 5788 1934 5843 ﬁeri
1963 5802 2083 5843 cum
2114 5788 2193 5844 sic

602 5878 879 5945 assignant
913 5878 1189 5948 proprium
1209 5920 1223 5942 .
1256 5879 1472 5948 quando
1509 5879 1564 5932 in
1594 5878 1892 5937 dissidento
1932 5881 2194 5950 quispiam

2297 4774 2487 4830 eodem
2528 4774 2776 4839 nomine,
2805 4774 2907 4829 erit
2935 4774 3123 4843 utique
3165 4769 3461 4826 secundum
3492 4768 3597 4824 hoc
3628 4769 3766 4822 bene
3805 4778 3900 4819 as-

2298 4866 2565 4934 signatum
2609 4864 2842 4920 hominis
2872 4866 3172 4934 proprium.
3207 4862 3415 4917 Deinde
3441 4859 3745 4916 destruenti
3776 4858 3902 4927 qui-

2297 4956 2452 5023 dem,
2506 4956 2555 5012 si
2604 4958 2707 5012 tale
2747 4958 2948 5028 aliquid
2989 4955 3283 5026 assignavit
3326 4956 3380 5008 in
3418 4953 3635 5024 proprio
3678 4966 3901 5019 nomen,

2299 5049 2441 5118 quod
2490 5050 2741 5105 omnibus
2788 5051 2934 5105 insit.
2989 5047 3181 5103 Inutile
3222 5046 3369 5101 enim
3416 5046 3540 5110 erit,
3586 5044 3729 5115 quod
3789 5054 3903 5099 non

2298 5148 2511 5209 separat
2540 5141 2607 5194 ab
2645 5141 2856 5210 aliquo,
2898 5140 3041 5212 quod
3079 5146 3258 5194 autem
3300 5137 3354 5191 in
3399 5136 3632 5207 propriis
3677 5134 3905 5199 dicitur,

2296 5247 2547 5302 separare
2573 5241 2804 5302 oportet,
2834 5231 3283 5303 quemadmodum
3307 5238 3362 5285 et
3384 5244 3507 5301 qum
3534 5230 3590 5285 in
3621 5227 3904 5293 terminis;

2297 5341 2403 5380 non
2442 5325 2602 5395 igitur
2639 5325 2740 5380 erit
2783 5325 2918 5380 bene
2960 5325 3191 5395 positum
3230 5321 3536 5393 proprium,
3569 5328 3629 5375 ut
3658 5320 3779 5389 quia
3816 5319 3906 5385 qui

2299 5422 2475 5492 posuit
2509 5420 2751 5478 scientia:
2782 5420 3056 5491 proprium
3088 5419 3398 5489 Opinionem
3441 5412 3905 5471 indissuasibilem

2298 5531 2329 5570 a
2355 5514 2586 5584 ratione,
2614 5529 2778 5569 unum
2808 5514 3070 5581 existens,
3093 5513 3185 5568 tali
3210 5512 3393 5582 aliquo
3418 5523 3548 5565 usus
3568 5515 3654 5565 est
3683 5507 3905 5578 proprio

2300 5607 2452 5677 (uno,
2493 5605 2735 5677 inquam)
2765 5607 2908 5675 quod
2934 5607 3187 5661 omnibus
3230 5604 3391 5668 ine5t,
3424 5617 3531 5657 non
3578 5600 3682 5655 erit
3721 5598 3903 5667 utique

2300 5696 2438 5752 bene
2470 5699 2700 5768 positum
2724 5699 2967 5754 scientiae
2998 5698 3300 5767 proprium.
3331 5693 3602 5750 Astruenti
3626 5702 3827 5756 autem,
3855 5688 3902 5749 si

2301 5790 2450 5845 nullo
2480 5807 2607 5845 usus
2634 5798 2719 5846 est
2743 5792 3037 5857 communi,
3067 5791 3161 5845 sed
3187 5789 3330 5860 quod
3362 5788 3430 5842 ab
3458 5788 3638 5858 aliquo
3667 5774 3902 5857 sepeli":

2303 5884 2406 5939 erit
2426 5884 2580 5961 bene
2613 5883 2849 5949 positum
2894 5883 3190 5940 secundum
3223 5883 3328 5937 hoc
3358 5880 3661 5951 proprium,
3692 5887 3752 5935 ut
3779 5878 3907 5948 quia
