4290 6272
379 383 480 443 95⁸1

1281 353 1681 414 ΤΟΡΙΟΟΒΠΜ
1714 343 2175 413 ARISTOTELIS
2213 340 2801 409 ΙΝΤΕΒΡΒΕΤΑΤῙΟο

3475 353 3479 359 ”
3575 346 3685 400 958

379 497 471 568 qui
494 493 637 549 dixit
678 485 931 544 animalis
975 480 1251 554 proprium
1297 476 1532 568 animam
1563 470 1784 568 habere,
1832 464 1981 568 nullo

2092 460 2302 513 dicetur
2335 474 2555 525 nomen,
2585 474 2754 529 quare
2798 474 2904 517 non
2946 461 3049 517 erit
3089 461 3229 518 bene
3278 465 3509 532 positum
3554 477 3685 533 pro-

379 560 508 644 usus
535 594 619 643 est
645 578 953 642 communi,
984 574 1089 631 erit
1116 569 1409 628 secundum
1443 566 1543 621 hoc
1575 564 1710 619 bene
1742 560 1977 631 positum

379 671 937 752 propriumanimalis,
960 668 1196 722 animam
1224 663 1439 717 habere.
1462 655 1662 713 Deinde
1683 650 1982 752 destruenti

380 748 621 847 quidem,
649 773 695 825 si
724 768 875 838 plura
906 761 1120 833 propria
1150 759 1388 828 assignat
1435 751 1853 847 eiusdempnon
1884 748 1981 802 de-

380 842 674 926 terminans
703 860 846 931 quod
880 859 1031 927 plura
1064 853 1238 922 ponit.
1267 849 1381 903 Non
1416 846 1560 904 enim
1581 843 1687 900 erit
1716 842 1854 897 bene
1884 853 1983 910 po-

381 963 541 1017 sitam
584 953 886 1026 proprium;
920 961 1043 1005 nam
1073 938 1526 1014 quemadmodum
1568 952 1668 993 nec
1706 936 1760 989 in
1795 934 1980 997 termi-

383 1055 466 1108 nis
502 1055 714 1118 oportet
763 1051 965 1112 praeter
1005 1052 1124 1092 eam
1171 1035 1313 1105 (qua
1356 1031 1556 1086 indicat
1596 1026 1979 1094 substantiam)

379 1143 677 1201 orationem
732 1134 1026 1204 adiungere
1075 1126 1349 1198 quidpiam
1394 1121 1724 1194 plusculum,
1771 1118 1850 1172 sic
1877 1132 1979 1172 nec

378 1235 434 1291 in
476 1230 707 1302 propriis
759 1232 1114 1297 praeteream
1146 1221 1289 1291 (qum
1340 1216 1465 1270 facit
1516 1213 1804 1283 proprium.
1834 1209 1977 1302 quod

379 1301 580 1381 dictum
629 1320 734 1389 est)
796 1315 1095 1371 orationem
1154 1309 1442 1379 quidquam
1499 1301 1973 1373 coassiguandum.

378 1418 569 1476 Inutile
598 1416 742 1471 eltim
777 1412 837 1464 iit
871 1404 1160 1477 ejusmodi,
1190 1413 1247 1456 ut
1277 1402 1397 1470 quia
1426 1400 1515 1469 qui
1538 1397 1674 1459 dixit
1704 1397 1976 1465 proprium
2004 1444 2007 1445 ν

379 1514 540 1583 ignis,
579 1506 953 1564 tenuissimum
994 1508 1051 1555 et
1097 1495 1453 1559 levissimum,
1487 1493 1635 1561 plura
1685 1489 1979 1559 assignavit

379 1606 600 1675 prepria
658 1600 972 1670 (utrumque
1024 1590 1167 1649 enim
1214 1588 1283 1642 de
1310 1586 1428 1641 solo
1482 1584 1604 1655 igne
1660 1596 1844 1636 verum
1895 1589 1977 1635 est

382 1695 609 1765 dicere),
642 1707 746 1746 non
777 1689 879 1744 erit
906 1687 1044 1745 bene
1074 1684 1307 1753 positum
1350 1678 1620 1748 proprium
1665 1675 1824 1744 ignis,
1855 1686 1977 1765 ρον-ξ

381 1796 483 1860 pus
508 1783 915 1843 subtilissimum
970 1784 1025 1833 et
1055 1773 1408 1830 levissimum.
1465 1767 1739 1824 Astruenti
1769 1780 1897 1819 vero
1926 1764 1973 1817 si

2088 554 2285 624 prium.
2320 554 2566 622 Amplius
2594 562 2776 611 autem
2803 556 2872 611 ad
2902 556 3053 623 haec,
3086 573 3257 628 neque
3281 559 3497 629 quando
3534 564 3687 631 quise-

2087 659 2245 714 quam
2283 645 2644 715 assignaverit
2671 648 2968 715 proprium,
3000 650 3104 704 erit
3132 652 3475 707 manifestum
3506 653 3549 706 si
3592 653 3685 707 in-

2086 744 2192 802 est,
2214 736 2482 807 siquidem
2513 736 2622 792 tale
2644 746 2748 806 est,
2779 749 2838 794 ut
2857 741 2998 809 quod
3026 742 3200 809 ipsum
3230 743 3533 812 relinquere
3562 758 3688 814 pos-

2084 828 2183 894 sit;
2200 844 2304 885 non
2328 828 2490 899 igitur
2516 829 2619 884 erit
2649 831 2855 885 clarum
2887 846 3009 888 esse
3033 833 3329 903 proprium,
3363 843 3421 889 ut
3443 836 3569 905 quia
3592 837 3689 907 qui

2086 920 2267 988 posuit
2314 919 2564 975 animalis
2614 921 2889 989 proprium
2942 924 3147 977 moveri
3192 925 3551 996 quandoque,
3596 926 3686 982 vel

2084 1024 2232 1073 stare
2263 1019 2387 1084 tale,
2417 1018 2778 1088 assignaverit
2802 1020 3078 1089 proprium
3106 1023 3248 1091 quod
3280 1020 3339 1076 ﬁt
3362 1025 3687 1095 quandoque

2084 1126 2194 1167 non
2236 1113 2546 1183 proprium,
2584 1125 2923 1184 nequaquam
2965 1114 3068 1168 erit
3109 1116 3247 1170 bene
3287 1118 3519 1186 positum
3562 1135 3685 1186 pro-

2076 1194 2285 1274 prium.
2314 1204 2594 1259 Astruenti
2641 1220 2792 1271 vero,
2825 1207 2869 1260 si
2895 1207 3035 1276 quod
3074 1221 3140 1263 ex
3184 1210 3508 1265 necessitate
3542 1207 3684 1265 sem-

2087 1311 2185 1366 per
2216 1304 2321 1363 est,
2354 1298 2627 1365 proprium
2668 1298 3046 1369 assignaverit.
3080 1298 3195 1353 Erit
3233 1300 3376 1355 enim
3416 1300 3554 1355 bene
3590 1314 3685 1365 po-

2084 1387 2246 1442 situm
2289 1389 2585 1443 secundum
2623 1390 2724 1443 hoc
2771 1392 3070 1459 proprium,
3119 1399 3179 1446 ut
3225 1392 3349 1462 quia
3381 1393 3472 1462 qui
3506 1395 3695 1464 posult‘

2082 1479 2297 1534 virtutis
2330 1480 2604 1549 proprium
2652 1481 2794 1551 quod
2842 1481 3129 1538 habentem
3182 1484 3305 1540 facit
3350 1486 3695 1557 studiosum,

2083 1575 2224 1644 quod
2253 1589 2470 1641 semper
2496 1576 2760 1645 sequitur,
2791 1576 3066 1646 proprium
3091 1578 3417 1648 assignavit;
3446 1572 3549 1634 erit
3576 1581 3680 1634 uti-

2083 1681 2190 1735 que
2232 1668 2525 1721 secundum
2585 1667 2689 1722 hoc
2736 1666 2873 1722 bene
2921 1669 3253 1738 assignatum
3301 1671 3515 1726 virtutis
3556 1688 3679 1742 pro-

2085 1759 2280 1825 prium.
2316 1759 2516 1814 Deinde
2547 1758 2846 1815 destruenti
2874 1759 3113 1830 quidem,
3148 1764 3190 1816 si
3220 1763 3360 1832 quod
3391 1778 3532 1819 nunc
3565 1778 3693 1834 pro."

382 1836 967 1952 nonvpidraﬁejusdem
999 1869 1215 1941 prepria
1266 1865 1578 1935 assignavit,
1634 1860 1728 1915 sed
1781 1873 1966 1912 unum.
2005 1836 2056 1897 Β
2082 1854 2261 1923 prium
2289 1860 2373 1907 est
2411 1853 2712 1923 assignans,
2761 1866 2867 1907 non
2914 1853 3355 1909 determinaverit
3397 1857 3539 1926 quod
3568 1871 3675 1911 non

380 1979 498 2039 Erit
526 1974 672 2032 enim
705 1968 999 2027 secundum
1026 1966 1128 2018 hoc
1156 1963 1294 2016 bene
1323 1958 1551 2028 positum
1588 1953 1884 2025 proprium,
1913 1960 1974 2004 ut

381 2074 503 2143 quia
553 2067 645 2139 qui
694 2064 829 2120 dixit
876 2059 1079 2116 humidi
1129 2054 1427 2126 proprium,
1485 2062 1682 2143 corpus
1725 2045 1867 2143 quod
1917 2046 1972 2097 in

381 2139 597 2220 omnem
640 2159 861 2228 ﬁguram
886 2150 1130 2217 ducitur,
1163 2160 1328 2201 unum
1359 2141 1651 2212 assignavit
1675 2139 1970 2209 proprium,

380 2266 446 2312 et
468 2268 573 2310 non
624 2252 797 2321 plura,
830 2246 935 2301 erit
963 2240 1265 2297 secundum
1302 2236 1405 2290 hoc
1445 2236 1582 2289 bene
1617 2232 1847 2301 positum
1876 2230 1975 2283 liu-

381 2347 512 2407 midi
545 2342 840 2415 proprium.
874 2334 1076 2391 Deinde
1100 2329 1398 2387 destruenti
1427 2326 1664 2396 quidem,
1696 2323 1739 2377 sl
1782 2322 1973 2376 eodem

381 2453 511 2497 ustis
535 2436 795 2503 estcuius
824 2428 1100 2501 proprium
1131 2425 1441 2495 assignavit,
1495 2430 1586 2475 aut
1636 2431 1823 2472 eurum
1854 2430 1975 2486 quas

381 2538 510 2588 sunt
534 2528 682 2583 illius
724 2525 925 2593 aliquo;
959 2520 1073 2575 Non
1104 2518 1247 2574 enim
1286 2514 1387 2570 erit
1421 2514 1557 2566 bene
1587 2510 1819 2580 positum
1854 2520 1977 2575 pro-

382 2622 581 2693 prium,
630 2631 754 2673 nam
808 2612 1053 2670 discendi
1100 2609 1268 2681 gratia
1318 2605 1623 2675 assignatur
1670 2600 1973 2672 proprium,

383 2712 526 2769 idem
560 2719 742 2765 autem
772 2707 949 2762 eidem
990 2701 1240 2758 similiter
1269 2700 1507 2769 ignotum
1558 2703 1640 2750 est
1661 2735 1677 2761 ,
1710 2694 1761 2747 id
1792 2702 1974 2747 autem

384 2802 529 2873 quod
572 2799 773 2870 aliquid
819 2810 1009 2853 eorum
1036 2802 1122 2849 est
1150 2805 1271 2862 quae
1312 2798 1437 2844 sunt
1485 2787 1623 2855 ejus,
1669 2774 1973 2855 posterius;

384 2908 495 2952 non
526 2894 690 2965 igitur
732 2901 815 2947 est
846 2889 1044 2952 notius,
1073 2898 1241 2956 quare
1271 2899 1376 2938 non
1406 2883 1464 2937 tit
1489 2889 1546 2935 ut
1577 2894 1672 2950 per
1699 2879 1802 2933 hoc
1830 2878 1976 2949 quis-
2012 2894 2015 2899 λ

288 2982 297 2989 ’
384 3002 546 3058 quam
588 2990 758 3055 magis
801 2981 1076 3053 quidpiam
1123 2979 1316 3041 discat,
1345 2986 1403 3031 ut
1428 2975 1549 3044 quia
1581 2974 1671 3044 qui
1701 2972 1835 3027 dixit
1860 2972 1976 3026 ani-

383 3082 547 3137 malis
568 3079 868 3151 proprium,
891 3073 1243 3130 substantiam
1271 3070 1423 3139 cujus
1448 3068 1653 3138 species
1676 3075 1759 3122 est
1787 3066 1973 3130 homo,

387 3174 568 3243 aliquo
597 3184 727 3226 usus
767 3177 846 3223 est
896 3180 1080 3222 eorum
1129 3178 1247 3235 quae
1276 3171 1398 3217 sunt
1426 3159 1698 3227 animalis,
1732 3173 1838 3213 non
1869 3159 1974 3213 erit

2080 1946 2355 2013 proprium
2384 1945 2648 2013 assignat.
2686 1943 2802 2000 Non
2827 1945 2970 1999 enim
2999 1946 3105 2000 erit
3125 1945 3262 2001 bene
3293 1947 3527 2016 positum
3559 1963 3679 2016 pro-

2080 2035 2283 2102 prium.
2326 2036 2559 2103 primum
2592 2036 2809 2105 quidem
2842 2037 2965 2105 quia
2995 2036 3135 2104 quod
3170 2040 3365 2106 praeter
3390 2038 3695 2094 consuetu-~

2079 2125 2262 2181 dinem
2289 2126 2347 2179 ῆι
2369 2141 2554 2194 omne,
2586 2141 2801 2195 semper
2832 2127 3281 2184 delerminatione
3330 2130 3553 2199 indiget,
3586 2145 3676 2186 so-

2080 2217 2195 2272 lent
2222 2228 2401 2274 autem
2433 2229 2489 2273 ut
2519 2218 2807 2289 plurimum
2836 2235 3047 2287 omnes,
3080 2220 3220 2291 quod
3252 2236 3467 2292 semper
3492 2222 3671 2291 sequi-

2079 2318 2169 2365 tur
2192 2313 2467 2381 pr0prium
2488 2311 2802 2383 assignare;
2835 2314 3073 2371 secundo
3100 2323 3300 2379 autem,
3326 2317 3449 2385 quia
3483 2314 3673 2378 imma-

2080 2402 2338 2458 nil'estum
2364 2411 2449 2458 est
2472 2403 2600 2472 quia
2632 2417 2738 2457 non
2778 2404 3237 2469 determinaverit,
3280 2404 3327 2459 si
3354 2405 3495 2475 quod
3527 2420 3670 2467 nunc

2080 2504 2164 2552 est
2189 2495 2466 2565 proprium
2511 2496 2744 2552 voluerit
2766 2511 2985 2568 ponere.
3031 2497 3147 2553 Non
3189 2498 3349 2568 igitur
3378 2497 3554 2555 danda
3591 2507 3678 2555 est

2079 2589 2469 2658 obiurgationis
2495 2591 2733 2656 occasio,
2769 2599 2820 2644 ut
2852 2591 2973 2660 quia
2999 2594 3087 2661 qui
3112 2592 3290 2661 posuit
3310 2590 3538 2661 alicujus
3567 2580 3700 2661 ho-r

2080 2682 2244 2739 minis
2291 2684 2568 2752 proprium
2614 2684 2806 2739 sedere
2846 2690 2967 2738 cum
3017 2685 3201 2755 aliquo
3256 2684 3494 2749 homine,
3524 2682 3669 2758 quod

2079 2788 2223 2829 nunc
2258 2777 2534 2845 proprium
2564 2786 2647 2833 est
2677 2778 2883 2845 posuit,
2914 2792 3020 2832 non
3056 2777 3192 2832 bene
3225 2778 3500 2847 proprium
3541 2777 3693 2832 assiv

2078 2865 2282 2935 gnabit,
2316 2866 2363 2921 si
2394 2882 2501 2921 non
2534 2868 2902 2925 determinans
2931 2868 3128 2923 dixerit
3167 2869 3309 2938 quod
3344 2884 3503 2923 nunc.
3532 2866 3674 2923 Con-

2078 2955 2309 3011 struenti
2341 2967 2543 3024 autem,
2565 2958 2609 3012 si
2636 2970 2779 3015 nunc
2809 2958 3084 3027 proprium
3112 2958 3389 3027 assignans
3412 2958 3672 3013 determi-

2078 3055 2259 3111 nando
2289 3057 2502 3122 posuit,
2533 3055 2675 3124 quod
2720 3068 2865 3110 nunc
2916 3056 3193 3126 proprium
3243 3054 3501 3122 posuerit.
3555 3044 3676 3109 Brit

2081 3156 2223 3209 enim
2252 3154 2390 3209 bene
2421 3155 2652 3224 positum
2684 3153 2982 3210 secundum
3007 3157 3108 3210 hoc
3132 3154 3431 3223 preprium,
3458 3158 3520 3207 ut
3547 3152 3676 3223 quia

387 3219 528 3321 berie
544 3262 777 3335 positum
810 3252 1464 3329 proprium.Conslruenli
1491 3263 1695 3316 autem,
1720 3250 1764 3305 si
1796 3219 2051 3320 nequec
2081 3254 2174 3325 qui
2223 3253 2358 3308 dixit
2418 3251 2698 3324 cuiusdam
2771 3253 3005 3310 hominis
3052 3254 3324 3323 proprium
3396 3253 3677 3310 ambulare

387 3355 601 3419 eodem,
630 3367 806 3423 neque
835 3363 1021 3405 eorum
1070 3362 1190 3418 quae
1231 3350 1357 3399 sunt
1387 3344 1555 3414 ipsius
1582 3345 1763 3413 aliquo
1789 3343 1975 3397 utitur.

388 3446 505 3504 Erit
534 3446 678 3501 enim
708 3446 843 3499 bene
871 3440 1167 3497 secundum
1199 3438 1303 3493 hoc
1334 3439 1567 3506 positum
1596 3434 1894 3504 proprium,
1921 3441 1981 3487 ut

387 3540 507 3612 quia
536 3540 625 3610 qui
658 3537 835 3609 posuit
865 3532 1111 3590 animalis
1150 3530 1429 3601 proprium
1462 3542 1532 3584 ex
1566 3528 1742 3581 anima
1774 3531 1828 3580 et
1854 3540 1979 3581 uor-

388 3649 520 3706 pore
550 3632 904 3702 compositum
933 3642 1076 3693 esse,
1102 3616 1277 3693 neque
1296 3639 1486 3680 eorum
1509 3638 1630 3693 quae.
1656 3629 1781 3676 sunt
1812 3622 1979 3691 ipsius

389 3729 569 3798 aliquo
592 3741 720 3783 usus
746 3735 867 3782 est:
900 3722 1004 3778 erit
1044 3721 1227 3792 utique
1262 3720 1400 3774 bene
1428 3716 1725 3772 secundum
1761 3717 1862 3769 hoc
1893 3729 1980 3769 as-

389 3824 658 3892 signatum
687 3818 932 3872 animalis
962 3815 1257 3884 proprium.
1287 3812 1490 3866 Eodem
1524 3819 1702 3865 autem
1737 3809 1898 3862 modo
1926 3816 1981 3862 et

391 3913 446 3969 in
472 3912 592 3967 aliis
620 3908 1068 3964 considerandum
1099 3914 1183 3961 est
1207 3919 1451 3973 quaenam
1500 3918 1606 3956 non
1634 3902 1833 3957 facimit
1890 3910 1983 3955 aut

392 4002 593 4058 faciunt
620 4000 818 4054 notius.
846 3994 1149 4052 Destruenti
1172 3995 1408 4064 quidem,
1433 3994 1477 4049 si
1509 3995 1687 4063 aliquo
1718 4008 1846 4047 usus
1874 4004 1976 4056 est,

393 4102 487 4151 aut
507 4092 775 4164 opposito,
823 4099 914 4145 aut
955 4089 1173 4144 omnino
1222 4087 1382 4143 simul
1435 4097 1645 4151 natura,
1680 4096 1772 4141 aut
1802 4092 1982 4154 poste-

391 4190 538 4246 riore
565 4187 769 4259 aliquo.
803 4186 917 4240 Non
951 4183 1093 4239 cnim
1132 4183 1235 4237 erit
1260 4181 1397 4237 bene
1424 4182 1652 4251 positum
1681 4180 1980 4250 proprium,

392 4294 515 4335 nam
549 4278 853 4347 oppesitum
883 4275 1040 4330 simul
1069 4284 1279 4336 natura,
1310 4276 1451 4344 quod
1483 4282 1663 4327 autem
1694 4271 1853 4326 simul
1888 4285 1982 4324 na-

393 4381 616 4438 tura,et
662 4350 950 4441 posterius,
1001 4381 1104 4421 non
1148 4366 1314 4421 eflicit
1359 4366 1558 4429 n0tius,
1612 4373 1671 4418 ut
1717 4363 1841 4434 quia
1891 4362 1981 4430 qui

392 4465 532 4523 dixit
558 4464 686 4520 boni
720 4461 990 4533 propriqu
1031 4461 1170 4531 quod
1214 4460 1357 4514 malo
1401 4459 1634 4512 maxime
1663 4457 1973 4527 opponitur,

392 4558 644 4627 opposito
678 4563 761 4610 est
795 4568 922 4611 usus
947 4554 1097 4619 boni,
1127 4567 1232 4607 non
1260 4552 1363 4605 erit
1405 4549 1649 4619 profecto
1674 4549 1813 4602 bene
1842 4547 1978 4602 assi-

390 4659 611 4725 gnatum
657 4648 783 4705 boni
816 4644 1489 4725 proprium.»Construcnti
1519 4652 1723 4707 autem,
1750 4642 1798 4695 si
1831 4642 1980 4696 nullo

393 4760 525 4801 usus
549 4753 631 4800 est
670 4757 843 4813 neque
882 4742 1163 4811 opposito,
1209 4752 1384 4808 neque
1422 4738 1643 4791 omnino
1683 4735 1844 4790 simul
1884 4748 1980 4790 na-

392 4848 546 4902 tura,
582 4850 755 4905 neque
807 4833 1124 4903 posteriore.
1180 4831 1295 4886 Erit
1347 4830 1490 4884 enim
1536 4828 1829 4885 secundum
1879 4828 1980 4884 hoc

394 4931 534 4987 bene
559 4930 884 4999 assignatum
927 4928 1226 4997 proprium,
1256 4934 1312 4980 ut
1343 4925 1464 4995 quia
1496 4924 1585 4994 qui
1612 4925 1790 4993 posuit
1811 4922 1978 4978 disci-

398 5025 553 5095 plinae
577 5038 724 5093 propr
742 5023 868 5086 ium,
893 5022 1201 5089 Opinionem
1229 5020 1462 5073 maxime
1486 5016 1771 5073 facientem
1797 5017 1978 5082 fidem,

393 5117 543 5173 nullo
570 5128 699 5169 usus
732 5124 815 5167 est
842 5127 1017 5182 neque
1050 5112 1320 5181 opposito,
1355 5126 1527 5180 neque
1557 5112 1783 5166 omnino
1813 5111 1977 5165 simul

393 5219 601 5274 natura,
634 5221 809 5278 neque
841 5206 1160 5277 posteriore,
1208 5205 1310 5259 erit
1361 5203 1655 5259 secundum
1705 5205 1807 5259 hoc
1846 5204 1982 5258 bene

392 5308 621 5378 positum
692 5304 990 5372 disciplima
1055 5301 1351 5373 proprium.
1416 5301 1623 5355 Deinde
1678 5299 1979 5356 destruenti

390 5401 629 5469 quidem.
660 5398 706 5452 si
743 5413 849 5452 non
877 5396 1019 5466 quod
1048 5409 1261 5464 semper
1301 5394 1544 5463 sequitur
1578 5395 1852 5464 preprium
1890 5408 1979 5448 as-

392 5490 648 5559 signavit,
697 5488 793 5542 sed
824 5489 875 5544 id
905 5489 1045 5560 quod
1093 5487 1150 5543 lit
1178 5488 1496 5559 quandoque
1544 5504 1650 5542 non
1684 5488 1976 5557 preprium.

392 5583 510 5640 Non
542 5581 683 5636 eiiim
718 5583 822 5634 erit
865 5582 1003 5636 bene
1050 5582 1448 5651 pronuntiatum
1493 5583 1765 5651 proprium
1791 5623 1807 5649 ,
1858 5596 1980 5638 nam

395 5689 575 5746 neque
620 5675 670 5728 in
702 5687 811 5745 quo
859 5674 1313 5741 deprehendimus
1340 5677 1521 5732 inesse
1551 5678 1751 5745 ipsum,
1784 5676 1851 5731 de
1880 5680 1981 5733 hoc

393 5779 450 5827 et
482 5783 677 5825 nomen
719 5784 787 5822 ex
831 5769 1156 5822 necessitate
1203 5772 1533 5840 verilicatur,
1579 5786 1753 5841 neque
1797 5771 1849 5826 in
1877 5786 1982 5843 quo

279 5922 293 5939 ,
396 5859 825 5935 deprehenditur
861 5872 969 5915 non
990 5849 1196 5928 inesse,
1222 5860 1416 5919 de‘hoc
1438 5878 1505 5920 ex
1528 5864 1849 5923 necessitate
1874 5882 1981 5925 non

2085 3363 2228 3403 nunc
2258 3348 2477 3415 alicubi,
2512 3347 2845 3416 distinguens
2878 3349 3059 3417 posuit
3086 3347 3211 3415 hoc,
3240 3346 3514 3403 bene-erit
3538 3342 3695 3417 βοαί-⁷

2083 3448 2196 3494 tum
2219 3440 2513 3510 proprium.
2551 3437 2752 3495 Deinde
2781 3439 3080 3496 destruenti
3108 3439 3347 3511 quidem,
3373 3439 3419 3495 si
3451 3439 3560 3495 tale
3588 3452 3681 3494 as-

2083 3531 2319 3600 signavit
2362 3530 2659 3601 proprium,
2694 3529 2837 3600 quod
2870 3530 3211 3586 manilestum
3262 3545 3367 3585 non
3413 3516 3497 3585 est
3524 3529 3681 3586 aliter

2085 3622 2265 3679 inesse
2288 3638 2448 3692 quam
2476 3637 2659 3679 sensu.
2692 3622 2808 3678 Non
2834 3623 2978 3678 enim
3004 3625 3107 3679 erit
3135 3623 3270 3679 bene
3297 3616 3529 3695 positum
3555 3638 3679 3693 pro-

2086 3716 2287 3784 prium,
2336 3729 2459 3770 nam
2490 3728 2652 3770 omne
2695 3714 2953 3771 sensibile
3004 3722 3156 3771 extra
3208 3729 3428 3771 sensum
3479 3712 3693 3771 factum‘

2086 3805 2505 3861 immauil'estum
2557 3812 2661 3870 est,
2716 3807 2890 3862 latens
2932 3809 3075 3863 enim
3108 3807 3261 3863 estsi
3294 3808 3469 3863 adhuc
3513 3807 3677 3873 inest,

2086 3913 2154 3954 eo
2180 3899 2320 3968 quod
2350 3914 2510 3955 sensu
2539 3900 2713 3954 solum
2738 3900 3099 3970 cognoscitur.
3138 3899 3252 3955 Erit
3281 3909 3462 3955 autem
3490 3916 3675 3958 verum

2088 3989 2189 4044 hoc
2232 3992 2284 4045 in
2332 3990 2399 4045 iis
2452 4005 2570 4060 qua:
2626 4004 2731 4045 non
2779 4006 2845 4045 cx
2897 3991 3216 4046 necessitate
3246 4008 3460 4064 semper
3487 4009 3678 4049 conse—

2087 4091 2343 4152 quuntur,
2378 4091 2435 4137 ut
2462 4084 2583 4153 quia
2625 4083 2714 4154 qui
2747 4083 2924 4153 posuit
2962 4084 3094 4140 solis
3124 4088 3404 4155 proprium
3426 4128 3441 4153 ,
3470 4088 3676 4141 astrum

2086 4176 2233 4245 quod
2256 4177 2427 4231 fertur
2450 4190 2615 4246 super
2645 4186 2840 4234 terram
2874 4178 3298 4247 lucidisSimum,
3327 4181 3418 4237 tali
3445 4198 3575 4239 usus
3596 4189 3679 4237 est

2088 4275 2141 4330 in
2172 4276 2387 4346 proprio
2417 4278 2603 4348 (super
2631 4286 2854 4344 terram,
2902 4278 3141 4351 inquam,
3167 4280 3319 4352 ferri)
3344 4284 3485 4356 quod
3516 4299 3680 4339 sensu

2086 4377 2455 4446 cognoscitur,
2496 4393 2602 4433 non
2632 4380 2813 4451 utique
2853 4379 2957 4436 erit
2996 4380 3131 4438 bene
3174 4380 3309 4441 solis
3348 4384 3677 4453 assignatum

2087 4480 2395 4549 proprium;
2432 4481 2849 4537 immanil‘estum
2881 4482 3025 4537 enim
3057 4482 3159 4538 erit
3191 4497 3309 4536 cum
3339 4480 3545 4538 occidet
3569 4481 3689 4553 sol,

2086 4572 2134 4626 si
2156 4572 2330 4627 adhuc
2358 4573 2559 4629 feratur
2584 4590 2747 4645 super
2778 4584 2993 4640 terram,
3021 4588 3088 4629 eo
3117 4573 3258 4642 quod
3285 4586 3384 4629 nos
3425 4580 3551 4629 tunc
3580 4573 3676 4630 de-

2088 4666 2356 4720 seruimus
2394 4681 2632 4720 sensum.
2663 4665 3010 4720 Construenti
3043 4681 3191 4734 vero,
3230 4667 3273 4719 si
3307 4665 3410 4719 tale
3432 4664 3683 4735 assignas

2089 4757 2165 4811 vit
2209 4757 2505 4826 pr0prium,
2561 4757 2699 4827 quod
2732 4772 2837 4811 non
2869 4772 3033 4812 sensu
3076 4767 3159 4811 est
3191 4755 3549 4820 manifestum,
3583 4763 3674 4811 aut

2088 4861 2211 4901 cum
2240 4848 2311 4902 sit
2338 4848 2614 4915 sensibile,
2662 4863 2726 4901 ex
2759 4846 3079 4903 necessitate
3111 4847 3289 4901 inesse
3332 4844 3674 4901 manifestum

2088 4948 2190 4995 est.
2216 4939 2334 4995 Erit
2355 4944 2497 4996 enim
2520 4940 2813 4997 secundum
2841 4940 2942 4995 hoc
2964 4942 3099 4995 bene
3123 4939 3351 5010 positum
3377 4939 3673 5011 proprium,

2089 5042 2147 5113 ut
2174 5034 2293 5107 quia
2317 5034 2408 5105 qui
2436 5033 2929 5107 posuitsuperﬁciei
2952 5034 3247 5105 proprium,
3274 5032 3415 5104 quod
3445 5030 3675 5100 primum

2088 5129 2391 5182 coloratum
2424 5138 2537 5194 est,
2568 5126 2809 5183 sensibili
2840 5127 3052 5199 quidem
3085 5126 3267 5195 aliquo
3296 5139 3424 5183 usus
3450 5131 3533 5181 est
3562 5122 3675 5193 (co-

2091 5217 2319 5275 loratum
2344 5234 2485 5289 esse,
2513 5219 2773 5287 inquam),
2797 5220 2883 5274 tali
2913 5215 3128 5288 quidem
3158 5216 3300 5287 quod
3329 5215 3676 5281 manifestum

2089 5306 2173 5366 est
2196 5311 2373 5368 inesse
2404 5327 2651 5381 semper:
2683 5315 2785 5367 erit
2812 5310 3108 5370 secundum
3139 5310 3238 5365 hoc
3273 5311 3410 5373 bene
3428 5311 3677 5383 assigna-

2091 5413 2203 5460 tum
2226 5404 2527 5473 superﬁciei
2553 5406 2863 5475 proprium.‘
2884 5400 3085 5457 Deinde
3108 5400 3406 5459 destruenti
3434 5403 3672 5475 quidem,

2085 5496 2131 5549 si
2163 5493 2451 5573 terminum
2494 5504 2550 5549 ut
2588 5494 2863 5565 proprium
2904 5493 3217 5563 assignavit.
3251 5491 3367 5550 Non
3398 5495 3541 5551 enim
3573 5494 3677 5551 erit

2086 5586 2226 5643 bene
2252 5586 2484 5657 positum
2525 5586 2833 5656 proprium,
2880 5599 3001 5640 nam
3034 5601 3143 5641 non
3181 5596 3395 5658 oportet
3439 5587 3676 5643 indicare

2086 5681 2225 5754 quod
2255 5680 2377 5753 quid
2411 5689 2496 5737 est
2519 5695 2639 5735 esse
2668 5679 2961 5751 proprium,
2988 5689 3044 5735 ut
3075 5680 3196 5752 quia
3223 5682 3313 5750 qui
3343 5680 3479 5736 dixit
3501 5680 3675 5736 homi-

2088 5779 2170 5832 nis
2199 5774 2474 5845 proprium
2519 5773 2717 5827 animal
2745 5772 3025 5842 gressibile
3070 5774 3241 5841 bipes,
3271 5773 3409 5845 quod
3438 5772 3564 5844 quid
3589 5782 3671 5832 est

2086 5884 2207 5926 esse
2224 5868 2532 5939 significans
2553 5870 2844 5941 assignavit
2861 5867 3096 5926 hominis
3119 5867 3417 5940 proprium,
3435 5884 3544 5927 non
3566 5868 3673 5927 uti-
