4248 6272
560 362 657 419 939

1762 359 1870 415 ΑΝ.
1913 357 2117 414 MANL.
2160 352 2314 445 ssv.
2356 353 2576 415 suum

3715 357 3818 415 960

561 492 661 545 que
677 477 779 532 erit
797 476 896 530 hoc
916 475 1148 529 hominis
1165 474 1440 543 proprium
1469 474 1605 529 bene
1628 464 2135 543 assignatumJZon?
2159 473 2217 534 Α
2239 470 2287 527 si
2316 470 2385 526 de
2414 485 2519 541 quo
2572 480 2768 525 nomen
2815 478 2869 525 et
2914 469 3087 525 oratio
3140 469 3486 539 praedicatur.
3540 470 3657 527 Erit
3674 474 3818 530 enim

561 571 786 627 struenti
817 578 1015 632 autem,
1044 568 1089 622 si
1133 568 1274 638 quod
1305 569 1602 623 conversim
1634 568 1849 637 quidem
1880 566 2136 636 praedica-

563 672 650 715 tur
677 660 961 727 assignavit
1008 658 1305 727 proprium,
1356 672 1462 711 non
1510 665 1686 711 autem
1718 656 1857 726 quod
1902 654 2026 725 quid
2054 663 2138 709 est

562 766 683 808 esse
726 749 989 804 indicans.
1028 748 1142 801 Erit
1170 747 1311 801 enim
1358 748 1651 801 secundum
1689 747 1788 801 hoc
1834 746 1969 801 bene
2004 745 2139 799 assi-

561 853 775 913 gnatum
807 842 1113 910 proprium,
1148 849 1203 894 ut
1243 839 1366 910 quia
1409 842 1496 909 qui
1537 841 1711 909 posuit
1744 839 1975 893 hominis
2016 853 2135 908 pro-

562 934 736 1002 prium
767 930 964 985 animal
1010 940 1344 985 mansuetum
1397 941 1619 995 natura,
1662 931 1802 1000 quod
1836 928 2137 984 conversim

562 1022 775 1093 quidem
822 1021 1161 1090 przedicatur,
1201 1020 1488 1090 assignavit
1535 1022 1831 1091 proprium,
1864 1036 1969 1075 non
1998 1018 2169 1089 quod

563 1112 694 1182 quid
757 1120 839 1167 est
894 1112 1108 1180 quidem
1167 1110 1448 1176 indicans;
1508 1112 1609 1165 erit
1680 1111 1971 1166 secundum
2012 1108 2167 1181 'hoc.

570 1202 708 1260 bene
759 1203 1084 1272 assignatum
1142 1203 1413 1272 proprium
1470 1203 1722 1257 hominis.
1785 1202 1987 1257 Deinde
2042 1201 2170 1256 der

566 1297 793 1351 struenti
826 1296 1061 1365 quidem,
1085 1296 1130 1350 si
1159 1312 1263 1349 non
1294 1296 1563 1365 quidpiam
1589 1297 1640 1351 in
1664 1297 1788 1366 quid
1813 1305 1892 1350 est
1918 1310 2167 1366 ponens,

566 1389 854 1457 assignavit
882 1389 1176 1457 proprium.
1197 1388 1420 1456 Oportet
1447 1391 1589 1441 enim
1619 1388 1671 1441 in
1693 1388 1941 1455 propriis,
1962 1401 2148 1455 qucm-
2172 1414 2175 1417 ν

567 1478 853 1532 admodum
909 1478 960 1531 in
1015 1476 1277 1544 terminis,
1340 1476 1567 1546 primum
1621 1476 1882 1546 assignari
1941 1489 2175 1545 genus,

571 1566 765 1624 deinde
812 1569 889 1623 sic
936 1567 1046 1636 jam
1096 1567 1295 1623 addere
1343 1568 1546 1638 reliqua
1585 1579 1638 1623 et
1666 1582 1937 1637 separare.
1971 1567 2179 1633 Quare.

566 1658 708 1727 quod
745 1674 851 1712 non
884 1657 987 1712 hoc
1014 1659 1173 1713 modo
1210 1659 1439 1728 positum
1472 1669 1555 1713 est
1585 1660 1879 1727 proprium,
1912 1673 2016 1711 non
2044 1658 2148 1711 erit

568 1747 705 1801 bene
757 1748 1108 1817 assignatum,
1160 1756 1219 1801 ut
1267 1749 1387 1817 quia
1437 1748 1527 1817 qui
1576 1748 1711 1801 dixit
1751 1748 1999 1802 animalis
2026 1762 2148 1817 pro-

2239 563 2513 634 proprium
2573 561 2716 631 quod
2770 561 3007 631 positum
3065 569 3149 615 est
3208 576 3332 616 esse
3391 562 3712 632 preprium,
3766 572 3825 621 ut

2240 653 2361 724 quia
2409 653 2479 708 de
2535 668 2642 722 quo
2686 652 2918 708 animam
2980 652 3182 709 habere
3231 654 3542 709 veriticatur
3586 654 3820 724 animal,

2240 753 2296 797 et
2336 744 2403 799 de
2442 758 2559 814 quo,
2594 743 2791 797 animal
2845 744 3079 798 animam
3135 743 3374 811 habere,
3435 744 3539 799 erit
3583 744 3819 801 animam

2208 866 2211 868 »
2242 835 2440 890 habere
2454 834 2696 889 animalis
2714 836 3008 905 proprium.
3036 833 3239 889 Deinde
3258 834 3558 891 destruenii
3579 837 3821 907 quidem,

2243 929 2288 984 si
2325 926 2627 997 subjectum
2662 928 2933 999 pr0prium
2961 928 3255 997 assignavit
3278 927 3398 997 ejus
3425 929 3568 999 quod
3616 930 3670 985 in
3701 930 3826 986 sub-

2241 1022 2386 1092 jecto
2411 1036 2533 1077 esse
2562 1020 2776 1077 dicitur.
2800 1019 2914 1076 Non
2945 1020 3087 1074 enim
3115 1018 3221 1074 erit
3263 1021 3535 1089 proprium
3566 1022 3708 1092 quod
3733 1039 3826 1092 po.

2246 1116 2407 1171 situm
2457 1124 2540 1169 est
2585 1128 2706 1170 esse
2733 1115 3030 1183 pr0prium,
3081 1121 3140 1167 ut
3185 1112 3307 1183 quia
3355 1114 3445 1184 qui
3490 1115 3666 1184 posuit
3698 1130 3825 1185 pro-

2247 1209 2421 1277 prium
2450 1206 2784 1261 subtilissimi
2815 1205 3077 1272 corporis,
3100 1270 3101 1273 η
3124 1203 3319 1274 ignem.
3355 1204 3653 1275 subjectum
3683 1207 3821 1262 assi-

2249 1298 2439 1369 gnavit
2462 1296 2736 1368 praedicati
2777 1297 3071 1365 proprium,
3115 1310 3220 1350 non
3264 1296 3367 1351 erit
3408 1297 3542 1366 ignis
3582 1299 3824 1367 corporis

2252 1389 2589 1446 subtilissimi
2618 1390 2912 1458 preprium.
2955 1388 3183 1457 Propter
3221 1386 3323 1443 hoc
3358 1398 3533 1443 autem
3577 1404 3682 1443 non
3725 1391 3830 1445 crit

2252 1480 2575 1549 subjectum,
2624 1482 2740 1546 ejus
2787 1478 2927 1547 quod
2976 1477 3033 1533 in
3078 1477 3320 1547 subjecto
3338 1493 3461 1534 esse
3481 1478 3675 1532 dicitur
3707 1494 3831 1547 pro-

2252 1574 2449 1644 prium,
2502 1585 2568 1625 eo
2597 1570 2739 1639 quod
2764 1570 2903 1624 idem
2955 1580 3098 1624 esset
3125 1568 3357 1638 plurium
3386 1579 3442 1624 et
3466 1568 3830 1626 differentium

3846 1234 3879 1261 r-

2255 1664 2435 1733 specie
2460 1664 2755 1733 proprium,
2782 1677 2902 1715 nam
2934 1660 3107 1716 eidem
3138 1660 3289 1730 plura
3333 1660 3578 1731 quaedam
3631 1661 3829 1719 discre-
3877 1710 3881 1719 .

2254 1756 2437 1827 pantia
2478 1756 2659 1824 specie
2703 1756 2906 1820 insunt,
2951 1754 3020 1809 de
3060 1753 3179 1808 solo
3225 1753 3365 1807 dicta
3393 1794 3409 1819 ,
3455 1768 3679 1824 quorum
3727 1756 3831 1811 erit

568 1838 743 1908 prium
772 1839 1001 1893 animam
1035 1840 1269 1907 habere,
1304 1857 1410 1895 non
1443 1840 1928 1911 posuitquidquam
1953 1840 2005 1895 in
2038 1858 2145 1910 quo
2175 1858 2223 1920 Β
2254 1848 2494 1904 omnium
2528 1846 2803 1917 proprium
2832 1845 2975 1916 quod
3002 1844 3300 1913 subjectum
3324 1854 3430 1910 est,
3453 1844 3497 1899 si
3525 1847 3643 1915 quis
3687 1844 3831 1901 hunc

568 1943 661 1987 aut
682 1933 733 1987 in
757 1934 881 2003 quid
903 1935 1218 1999 estanimal,
1236 1950 1340 1989 non
1366 1936 1469 1991 erit
1490 1938 1631 1997 bene
1650 1937 1876 2005 positum
1899 1938 2148 1991 animalis
2184 2006 2187 2009 Α

570 2030 867 2098 proprium.
891 2029 1235 2087 Construenti
1266 2046 1414 2096 vero,
1434 2033 1479 2085 si
1505 2032 1623 2100 quis
1640 2032 1909 2101 quidpiam
1931 2033 2068 2101 quod
2095 2033 2148 2087 in

508 2161 513 2166 .
570 2120 692 2191 quid
724 2132 801 2175 est
834 2137 1036 2191 ponens
1066 2124 1183 2193 ejus
1210 2125 1361 2193 cujus
1399 2126 1672 2194 proprium
1714 2126 2024 2193 assignavit,
2053 2141 2145 2181 re-
2186 2150 2191 2159 »

571 2210 715 2281 liqua
736 2213 999 2283 adjungit.
1046 2215 1161 2269 Erit
1202 2216 1343 2271 enim
1372 2217 1663 2271 secundum
1708 2216 1809 2271 hoc
1854 2218 1989 2272 bene
2017 2218 2148 2273 assi-

572 2314 788 2375 gnatum
823 2307 1129 2375 proprium,
1161 2317 1217 2362 ut
1256 2312 1378 2379 quia
1411 2311 1499 2377 qui
1542 2309 1719 2377 posuit
1762 2310 1991 2365 hominis
2023 2325 2151 2380 pro-

573 2396 746 2464 prium
773 2398 966 2451 animal
999 2398 1293 2467 disciplina:
1316 2401 1681 2468 susceptibtle,
1711 2401 1984 2469 quidpiam
2006 2401 2150 2466 quod

576 2484 631 2539 in
662 2485 789 2554 quid
821 2496 903 2540 est
921 2502 1149 2555 ponens,
1180 2490 1471 2559 assignavit
1499 2490 1810 2560 proprium:
1836 2492 1937 2546 erit
1962 2507 2153 2548 secun-
2188 2522 2191 2525 -

573 2572 699 2628 dum
732 2574 834 2628 hoc
868 2574 1003 2630 bene
1054 2578 1285 2663 positum
1339 2580 1611 2657 proprium
1655 2580 1909 2636 hominis.
1963 2580 2152 2637 Utrum
2190 2616 2195 2625 ε

576 2664 737 2735 igitur
762 2667 898 2721 bene
936 2682 1004 2722 an
1049 2660 1160 2723 non
1202 2660 1341 2725 bene
1385 2672 1687 2742 assignetur
1731 2677 2023 2744 preprium,
2060 2690 2157 2745 per

580 2756 697 2813 haec
721 2758 1136 2829 inspiciendum.

1192 2872 1415 2930 CAPUT
1452 2874 1538 2930 Ill.

1082 2962 1161 3018 De
1189 2966 1400 3035 proprio
1428 2966 1527 3020 loci
1553 2966 1670 3021 alii.

608 3112 611 3117 ,
656 3051 839 3107 Utrum
880 3066 1009 3109 vero
1040 3056 1312 3124 proprium
1365 3065 1448 3111 est
1497 3057 1715 3112 omnino
1765 3058 1908 3128 quod
1958 3058 2159 3114 dictum

578 3150 680 3210 est,
711 3158 777 3198 an
809 3158 914 3198 non
959 3145 1255 3215 pr0prium,
1282 3162 1348 3201 ex
1388 3147 1472 3202 his
1512 3148 1983 3203 considerandum.
2026 3148 2159 3203 Nam

583 3336 697 3383 tum
726 3338 829 3395 est,
864 3330 965 3385 loci
1017 3333 1175 3386 iidem
1208 3341 1363 3387 erunt
1405 3333 1471 3386 iis
1500 3334 1589 3403 qui
1636 3334 1913 3403 proprium
1942 3335 2163 3389 omnino

584 3418 825 3484 faciunt;
862 3422 912 3474 in
946 3422 1051 3476 illis
1082 3424 1240 3492 igitur
1287 3423 1555 3478 dicentur.
1610 3425 1845 3480 Primum
1897 3443 2025 3495 ergo
2070 3426 2166 3482 de-

584 3511 810 3564 struenti
837 3512 1051 3579 quidem
1082 3513 1474 3581 inspiciendum
1504 3516 1571 3567 ad
1605 3519 2025 3587 unumquodque
2071 3532 2166 3572 eo-

587 3617 706 3659 rum
739 3602 893 3672 cujus
923 3604 1198 3673 proprium
1248 3607 1557 3675 assignavit.
1616 3606 1683 3665 Ut
1722 3610 1767 3663 si
1823 3612 1951 3665 nulli
2008 3612 2164 3678 inest,

591 3703 686 3750 aut
721 3695 765 3749 si
798 3711 903 3750 non
935 3697 1001 3751 de
1032 3694 1133 3752 hoc
1158 3698 1370 3766 quidem
1396 3700 1733 3767 verillcatur,
1764 3711 1851 3754 aut
1878 3702 1925 3756 si
1952 3718 2056 3757 non
2084 3712 2168 3758 est

588 3786 862 3856 proprium
891 3787 1148 3857 cujusque
1169 3803 1352 3843 eorum
1375 3790 1666 3845 secundum
1699 3791 1828 3847 illud
1860 3794 2016 3861 cujus
2043 3809 2164 3862 pro~
2194 3846 2195 3849 η

589 3878 763 3947 prium
792 3878 1102 3948 assignavit.
1127 3878 1244 3934 Non
1267 3882 1408 3935 enim
1442 3883 1544 3936 erit
1573 3884 1868 3953 proprium,
1898 3886 2038 3953 quod
2074 3901 2167 3955 po-

590 3968 749 4023 situm
780 3978 864 4023 est
894 3984 1012 4024 esse
1044 3959 1313 4040 proprium
1333 4010 1351 4038 ,
1391 3982 1449 4026 ut
1496 3974 1619 4043 quia
1648 3974 1717 4029 de
1745 3987 2016 4045 geometra
2060 3992 2167 4033 non

591 4060 898 4115 veriilcatur
921 4062 1348 4133 indeceptibilem
1382 4080 1503 4120 esse
1531 4067 1599 4120 ab
1624 4052 1868 4123 oratione
1900 4070 2043 4139 (nam
2077 4070 2197 4125 de—j

590 4153 785 4223 cipitur
832 4170 1103 4225 geomeler
1156 4174 1275 4213 cum
1329 4160 2028 4231 pseudographiamiacit),
2065 4179 2170 4218 non

592 4246 695 4301 erit
726 4246 827 4302 hoc
858 4249 1077 4302 scientis
1112 4251 1407 4319 proprium,
1451 4267 1557 4305 non
1589 4251 1766 4321 decipi
1794 4252 1863 4306 ab
1903 4252 2166 4307 oratione.

591 4337 933 4394 Construenti
962 4349 1138 4395 autem
1181 4342 1227 4395 si
1266 4345 1333 4397 de
1364 4332 1512 4396 omni
1543 4344 1867 4408 veriﬁcatnr,
1901 4354 1955 4398 et
1982 4360 2084 4413 qua
2105 4344 2173 4399 de
2200 4404 2201 4415 χ

596 4429 699 4486 hoc
727 4432 1051 4487 verilicatur.
1087 4431 1203 4485 Erit
1228 4434 1368 4486 enim
1402 4434 1672 4502 pr0prium
1694 4476 1707 4499 ,
1758 4434 1900 4504 quod
1945 4435 2171 4504 pusitum

594 4534 678 4581 est
709 4540 827 4580 esse
857 4525 1151 4596 pr0prium,
1185 4532 1244 4578 ut
1273 4524 1394 4593 quia
1421 4525 1616 4579 animal
1654 4525 1951 4594 disciplinae
1992 4530 2199 4580 susce-‘

602 4619 805 4686 ptivum
837 4616 906 4670 de
934 4618 1076 4670 omni
1129 4616 1344 4670 homine
1390 4618 1714 4683 veriticatur,
1759 4628 1811 4672 et
1855 4635 1955 4688 qua
1991 4618 2170 4687 homo,
2198 4598 2253 4661 D

600 4711 704 4766 erit
732 4708 961 4763 hominis
1004 4710 1291 4778 praprium‘
1322 4710 1521 4763 animal
1566 4710 1861 4779 disciplina:
1904 4704 2202 4781 suscepti?

601 4818 745 4857 vum.
771 4804 866 4857 Est
890 4811 1067 4857 autem
1102 4804 1249 4857 locus
1292 4804 1375 4857 hic
1405 4804 1696 4859 destruenti
1725 4804 1962 4874 quidem,
1993 4804 2036 4859 si
2068 4820 2173 4858 non

597 4894 666 4948 de
688 4910 793 4964 quo
824 4908 1016 4948 nomen
1050 4904 1104 4949 et
1134 4894 1307 4948 oratio
1331 4895 1655 4961 veriticatur,
1688 4905 1743 4950 et
1770 4900 1813 4950 si
1843 4912 1947 4950 non
1983 4897 2049 4950 de
2072 4882 2203 4966 quo,

599 4988 771 5039 oratio
804 4995 860 5039 et
904 5001 1098 5041 nomen
1140 4986 1467 5040 verilicatur.
1500 4988 1842 5042 ConStrneoti
1884 4998 2084 5053 autem,
2131 4989 2178 5041 si

600 5077 667 5131 de
688 5092 794 5147 quo
821 5066 1014 5132 nomen
1042 5087 1095 5132 et
1115 5079 1309 5144 oratio,
1339 5086 1393 5132 et
1421 5078 1465 5132 si
1494 5078 1560 5134 de
1581 5094 1687 5147 quo
1709 5079 1880 5133 oratio
1902 5087 1955 5132 et
1977 5070 2203 5132 nomenV

601 5172 943 5239 praedicatur.
995 5168 1205 5225 Deinde
1246 5170 1541 5227 destruenti
1571 5171 1813 5243 quidem,
1866 5172 1910 5224 si
1954 5187 2058 5225 non
2109 5172 2175 5227 de

600 5277 707 5331 quo
733 5263 906 5318 oratio
932 5270 986 5317 et
1013 5278 1205 5317 nomen
1233 5263 1564 5329 veriﬁcatur,
1615 5272 1669 5317 et
1712 5265 1754 5317 si
1804 5279 1907 5319 non
1957 5263 2025 5319 de
2068 5281 2175 5336 quo

603 5369 797 5411 nomen
826 5366 880 5411 ct
900 5356 1070 5411 oratio
1090 5354 1414 5410 verillcatur.
1436 5355 1553 5423 Non
1576 5356 1717 5409 enim
1754 5356 1854 5410 erit
1882 5357 2171 5426 proprium,
2200 5342 2205 5355 ³

604 5451 743 5524 quod
771 5454 1000 5522 positum
1024 5460 1105 5507 est
1131 5465 1250 5506 esse
1273 5448 1570 5521 proprium,
1598 5458 1655 5502 ut
1684 5450 1803 5519 quia
1835 5450 2028 5504 animal
2062 5451 2181 5520 qni-

605 5548 727 5603 dem
782 5547 1075 5617 disciplina:
1127 5544 1488 5614 susceptivum
1546 5541 1852 5599 veriﬁcatur
1906 5543 1972 5597 de
2027 5543 2178 5607 Deo;

609 5637 772 5693 homo
801 5649 975 5693 autem
1011 5654 1113 5692 non
1157 5640 1498 5708 prmdicatur,
1526 5653 1632 5693 non
1672 5638 1773 5693 erit
1802 5636 2033 5692 hominis
2063 5632 2205 5704 pro;

621 5732 821 5802 prium,
855 5738 1050 5791 animal
1092 5736 1385 5805 disciplina:
1416 5738 1795 5806 susceptivum.
1843 5722 2213 5789 Construenti

618 5830 815 5892 autem,
852 5829 896 5880 si
943 5827 1012 5883 de
1039 5842 1145 5897 quo
1182 5829 1359 5886 oratio
1402 5839 1458 5885 et
1508 5844 1699 5887 nomen
1750 5828 2091 5903 prrcdicatur,
2132 5834 2186 5885 et

2251 1942 2305 1996 in
2338 1941 2553 1996 modum
2578 1951 2736 2010 ponat
2768 1940 3061 2009 pr0pritnn.
3085 1936 3430 1994 Construenti
3458 1952 3603 2004 vero,
3620 1938 3663 1993 si
3684 1939 3827 2007 quod

2253 2034 2303 2087 in
2332 2033 2574 2103 subjecro
2603 2042 2705 2093 est,
2753 2033 3047 2101 assignavit
3092 2032 3365 2101 proprium
3421 2032 3666 2101 subjecti.
3719 2034 3832 2088 Erit

2251 2125 2393 2179 enim
2422 2124 2694 2193 pr0prium
2724 2123 2868 2193 quod
2898 2125 3130 2192 positum
3153 2133 3237 2178 est
3258 2139 3363 2178 non
3384 2138 3505 2179 esse
3534 2128 3831 2194 proprium,
3881 2174 3886 2185 .

2254 2216 2516 2286 siquidem
2564 2214 2630 2269 de
2674 2216 2792 2269 solo
2835 2216 3157 2285 praedicatur
3194 2218 3275 2285 (ut
3309 2216 3512 2272 dictum
3559 2217 3666 2289 est)
3710 2232 3832 2288 pro-

2255 2311 2451 2379 prium,
2500 2318 2555 2362 ut
2604 2310 2726 2378 quia
2774 2310 2864 2379 qui
2917 2311 3053 2364 dixit
3107 2322 3266 2366 terrae
3317 2313 3587 2379 praprium
3616 2327 3832 2389 corpus

2254 2401 2859 2477 gravissimumspecie,
2910 2404 3141 2475 subjecti
3186 2406 3477 2474 assignavit
3530 2406 3829 2475 proprium,

2256 2494 2399 2564 quod
2429 2495 2496 2548 de
2524 2494 2634 2548 sola
2676 2493 2873 2548 dicitur
2906 2510 2984 2561 re,
3008 2506 3062 2550 et
3090 2504 3147 2549 ut
3187 2496 3456 2565 proprium
3489 2497 3831 2566 praedicatur,

2259 2584 2363 2639 erit
2389 2594 2546 2639 terra-
2572 2584 2843 2654 proprium
2873 2596 3019 2640 recte
3041 2585 3289 2654 positum.
3320 2586 3521 2641 Deinde
3540 2587 3835 2661 destruenti

2260 2674 2494 2743 quidem,
2527 2678 2572 2728 si
2594 2674 2885 2730 secundum
2909 2676 3369 2745 participationem
3392 2678 3685 2746 assignavit
3712 2692 3835 2748 pro-

2188 2794 2191 2797 π
2261 2769 2460 2840 prium.
2495 2768 2610 2822 Non
2646 2766 2787 2823 enim
2828 2771 2930 2822 erit
2974 2770 3272 2838 proprium,
3316 2767 3459 2837 quod
3502 2769 3728 2837 positum
3756 2776 3838 2824 est

2260 2875 2383 2917 esse
2414 2862 2707 2931 proprium,
2737 2876 2857 2916 nam
2891 2861 3031 2931 quod
3061 2861 3352 2917 secundum
3382 2861 3838 2931 participationem

2263 2952 2425 3017 inest,
2468 2953 2534 3007 ad
2565 2954 2703 3023 quod
2749 2952 2873 3023 quid
2924 2964 3006 3007 est
3035 2968 3155 3008 esse
3195 2954 3483 3019 conducit;
3514 2954 3616 3008 erit
3663 2964 3836 3008 autem

2265 3045 2570 3116 hujusmodi
2592 3045 2893 3101 dill‘ereniia
2924 3046 3168 3115 quaedam
3190 3045 3260 3101 de
3284 3046 3458 3116 aliqua
3475 3045 3651 3114 specie
3672 3045 3835 3111 dicta,

2265 3146 2328 3191 ut
2363 3138 2486 3205 quia
2509 3138 2598 3206 qui
2626 3137 2763 3191 dixit
2790 3136 3024 3190 hominis
3053 3136 3329 3205 proprium
3360 3134 3640 3205 gressibile
3671 3136 3838 3203 bipes,
3886 3198 3889 3201 _

581 3236 899 3307 simpliciter
938 3248 1313 3294 construentes
1347 3241 1621 3310 proprium
1651 3241 1792 3310 quod
1835 3242 1971 3297 bene
2016 3243 2160 3311 posi-
2189 3230 2236 3293 C
2270 3229 2565 3282 secundum
2581 3226 3047 3297 Ρθτιίείρθιίοηθιη
3078 3226 3370 3295 iis-iiii“vn
3415 3225 3707 3294 Proprium.
3738 3238 3841 3279 ιιοη

2267 3328 2371 3379 erit
2396 3324 2581 3391 utique
2608 3320 2881 3391 proprium
2913 3319 3145 3374 hominis
3182 3319 3465 3390 gressibile
3507 3318 3675 3387 bipes.
3703 3318 3841 3372 Con-

2266 3415 2497 3471 struenti
2538 3422 2739 3479 autem,
2778 3414 2822 3468 si
2872 3427 2978 3467 non
3043 3413 3339 3467 secundum
3381 3409 3839 3481 participationem

2268 3509 2562 3578 assignavit
2594 3510 2889 3577 proprium,
2931 3522 3030 3561 nec
3075 3505 3214 3577 quod
3237 3506 3361 3575 quid
3412 3514 3498 3559 est
3534 3517 3651 3557 esse
3704 3501 3841 3557 indi-

2267 3615 2416 3665 cans,
2460 3598 2759 3654 conversim
2798 3598 3085 3669 praedicata
3134 3605 3210 3652 re.
3249 3596 3360 3651 Erit
3398 3597 3539 3651 enim
3570 3597 3845 3665 proprium

2268 3692 2410 3764 quod
2440 3678 2672 3762 positum
2702 3700 2787 3746 est
2812 3705 2935 3746 esse
2965 3690 3259 3761 proprium,
3308 3696 3367 3742 ut
3405 3689 3525 3757 quia
3555 3686 3651 3757 qui
3672 3688 3847 3757 posuit

2271 3787 2520 3841 animalis
2562 3788 2832 3857 proprium
2864 3786 3004 3856 quod
3054 3794 3234 3840 natum
3281 3792 3364 3839 est
3408 3784 3633 3849 sentire,
3673 3796 3847 3850 neque
3890 3850 3893 3851 ν

2271 3878 2568 3934 secundum
2598 3878 3065 3947 participationem
3095 3875 3385 3947 assignavit
3412 3874 3709 3944 preprium,
3753 3888 3848 3928 ne~

2273 3982 2377 4038 que
2398 3967 2540 4037 quod
2582 3969 2708 4037 quid
2750 3982 2889 4043 esse
2916 3967 3179 4033 indicans,
3226 3965 3529 4021 conversim
3574 3980 3631 4019 re
3669 3964 3849 4031 praedi-

2271 4073 2413 4128 cata,
2442 4062 2545 4118 erit
2588 4060 2769 4131 utique
2812 4062 2954 4131 quod
2995 4060 3197 4115 sentire
3247 4067 3429 4113 natum
3458 4068 3562 4125 est,
3600 4056 3850 4109 animalis

2274 4157 2567 4227 proprium.
2608 4153 2808 4208 Deinde
2832 4153 3129 4207 destrueuti
3171 4152 3410 4221 quidem,
3450 4149 3618 4221 sinon
3644 4148 3850 4201 contin-

2274 4247 2348 4315 git
2377 4245 2535 4299 simul
2591 4245 2767 4299 inesse
2824 4243 3122 4313 praprium,
3154 4242 3247 4297 sed
3305 4241 3387 4295 vel
3434 4238 3714 4309 posterius,
3760 4236 3847 4291 vel

2276 4340 2588 4409 priusquam
2612 4338 2844 4405 idipsum
2876 4351 3090 4391 nomen.
3124 4334 3242 4389 Non
3272 4334 3417 4388 enim
3444 4334 3546 4388 erit
3580 4332 3848 4400 proprium

2275 4432 2418 4503 quod
2452 4432 2681 4501 positum
2713 4442 2795 4485 est
2842 4444 2960 4485 esse
2989 4430 3286 4499 proprium,
3315 4435 3405 4481 aut
3443 4440 3733 4494 nunquam,
3760 4429 3852 4476 aut

2278 4540 2382 4579 non
2415 4538 2647 4591 semper,
2676 4534 2731 4576 ut
2766 4523 3015 4591 quoniam
3062 4522 3319 4590 contingit
3345 4519 3499 4572 alicui
3526 4519 3671 4587 prius
3716 4514 3851 4579 fore,

2278 4628 2331 4672 et
2383 4618 2647 4686 posterius
2678 4616 2948 4669 ambulare
2978 4630 3071 4685 per
3102 4614 3271 4669 l'orum
3301 4627 3458 4682 quam
3490 4612 3630 4681 quod
3672 4609 3852 4675 homo,

2279 4711 2521 4779 nouerit
2548 4710 2821 4765 ambulare
2852 4724 2949 4778 per
2972 4708 3144 4762 furum
3171 4706 3405 4760 hominis
3439 4706 3735 4773 proprium,
3756 4694 3856 4756 aut

2280 4819 2545 4874 nunquam
2566 4812 2655 4857 aut
2683 4817 2789 4857 non
2806 4815 3035 4871 semper.
3058 4798 3399 4854 Construenti
3420 4807 3621 4863 autem,
3640 4796 3683 4849 si
3698 4794 3855 4850 simul

2279 4914 2343 4953 ex
2369 4896 2685 4953 necessitate
2739 4910 2949 4965 semper
2980 4896 3139 4958 inest,
3186 4907 3304 4946 cum
3352 4904 3524 4960 neque
3574 4888 3852 4948 terminus,

2282 5005 2455 5061 neque
2483 4989 2781 5044 diil‘ercntia
2822 4990 2908 5044 sit.
2943 4986 3221 5042 Eritenim
3252 4982 3546 5054 proprium,
3588 4981 3729 5051 quod
3763 4994 3855 5048 po«

2280 5083 2441 5138 situm
2468 5090 2553 5137 est
2580 5082 2799 5136 forsitan
2832 5098 2935 5136 non
2966 5095 3085 5135 esse
3109 5079 3403 5149 proprium,
3437 5085 3495 5128 ut
3517 5076 3637 5143 quia
3665 5072 3858 5127 animal

2281 5176 2576 5245 disciplinae
2605 5177 2984 5244 susceptivum,
3014 5172 3174 5227 simul
3205 5187 3267 5225 ex
3299 5168 3618 5223 necessitate
3649 5181 3863 5231 semper

2282 5278 2388 5333 est,
2421 5275 2475 5320 et
2504 5265 2555 5320 id
2586 5265 2726 5336 quod
2756 5275 2839 5319 est
2868 5266 3046 5329 homo,
3079 5278 3201 5318 cum
3235 5274 3407 5330 neque
3440 5258 3739 5312 dilferentia
3771 5255 3860 5315 sit,

2284 5374 2383 5416 nec
2414 5359 2672 5415 terminus
2700 5359 2803 5412 erit
2831 5357 3025 5411 animal
3048 5354 3344 5433 disciplina:
3373 5352 3731 5433 susceptivum
3765 5348 3863 5400 ho-
3906 5416 3909 5419 Α

2286 5436 2455 5506 minis
2475 5451 2769 5522 proprium.
2814 5448 3018 5505 Deinde
3052 5430 3360 5503 destruenti
3403 5430 3644 5515 quidem,
3686 5441 3728 5494 si
3774 5452 3865 5492 eo-

2286 5544 2525 5599 rumdem
2572 5559 2675 5614 qua
2716 5544 2903 5599 eadem
2952 5536 3099 5606 sunt,
3137 5555 3241 5595 non
3282 5548 3367 5594 est
3393 5538 3530 5591 idem
3560 5534 3857 5604 proprium.

2287 5636 2401 5691 Non
2428 5637 2570 5690 enim
2602 5637 2703 5691 erit
2732 5636 3025 5706 proprium,
3054 5634 3193 5704 quod
3218 5631 3451 5704 positum
3474 5636 3555 5683 est
3581 5640 3702 5682 esse
3734 5639 3860 5695 pro-

2288 5730 2483 5800 prium,
2517 5738 2573 5784 ut
2601 5730 2719 5799 quia
2752 5742 2856 5783 non
2886 5735 2967 5782 est
2995 5725 3266 5797 proprium
3290 5717 3670 5793 prosequendi,
3701 5728 3863 5787 appa-

2288 5839 2408 5887 rere
2434 5822 2745 5885 nuibusdam
2787 5822 3009 5890 bonum,
3040 5833 3213 5893 neque
3242 5814 3471 5889 eligendi
3497 5813 3656 5873 luerit
3677 5809 3861 5885 ntiqua

3893 5896 3933 5961 \
