4248 6272
426 411 519 470 061

1314 397 1697 487 TOPICORUM
1737 393 2189 457 ARISTOTELIS
2231 390 2806 449 INTERPRETATIG.

3596 389 3701 449 96!

354 580 357 583 γ
406 498 699 598 proprium
741 534 1003 601 apparere
1021 516 1339 592 quibusdam
1392 519 1627 581 bonum;
1676 515 1817 570 idem
1870 513 2013 568 enim
2042 511 2258 601 Aesse,
2287 516 2343 561 ut
2363 507 2485 577 quia
2511 508 2602 601 qui
2626 506 2765 587 dixit
2790 504 3021 561 hominis
3050 503 3337 583 proprium,
3369 504 3546 576 bipes,
3590 506 3705 560 vult

425 629 510 675 est
539 616 971 689 prosequendum
994 620 1049 670 et
1069 607 1777 682 eligendum.Construenti,
1807 606 1853 662 si
1872 606 2015 674 ejus-

427 714 549 764 dem
581 720 845 780 quatenus
876 706 1017 761 idem
1047 702 1343 775 proprium.
1392 700 1510 755 Erit
1564 699 1705 754 enim
1743 696 2013 767 pr0prium

427 802 570 871 quod
617 800 846 870 positum
898 808 979 853 est
1026 812 1132 851 non
1175 809 1296 851 esse
1342 793 1634 863 proprium,
1681 800 1738 845 ut
1764 790 2014 861 quoniam

431 892 683 955 hominis,
715 907 815 961 qua
840 890 1001 945 homo
1021 888 1216 942 dicitur
1240 884 1515 956 proprium
1544 882 1865 952 tripartitam
1896 880 2017 935 ani-

399 970 570 1058 ;mam
606 989 824 1051 habere,
855 994 910 1040 et
946 983 1224 1053 terrigena:
1277 988 1539 1049 quatenus
1592 976 1855 1047 terrigena
1902 984 2009 1041 est,

428 1081 530 1135 erit
581 1078 852 1147 proprium
913 1074 1235 1144 tripartitam
1286 1071 1516 1125 animam
1581 1068 1799 1123 habere.
1857 1064 2017 1121 Utilis

426 1181 602 1224 autem
638 1170 787 1223 locus
820 1168 903 1222 hic
932 1178 988 1223 et
1034 1165 1087 1221 in
1119 1164 1418 1225 accidente,
1449 1175 1571 1215 nam
1605 1158 1792 1212 iisdem
1842 1156 1895 1208 in
1952 1168 2018 1207 eo

398 1238 567 1331 ‘quod
599 1261 787 1316 eadem
819 1269 943 1315 sunt
973 1258 1163 1313 eadem
1211 1264 1425 1325 oportet
1466 1254 1646 1308 inesse
1669 1249 1750 1305 vel
1779 1263 1884 1302 non
1936 1246 2018 1301 in,

401 1339 567 1410 'esse.
597 1355 801 1411 Deinde
827 1354 1122 1409 destrucnti
1151 1350 1393 1421 quidem,
1426 1349 1473 1402 si
1512 1361 1696 1401 eorum
1739 1359 1857 1413 qua:
1895 1350 2017 1395 sunt

406 1436 613 1501 eadem
646 1447 846 1515 specie,
866 1462 969 1501 non
1004 1445 1142 1500 idem
1173 1440 1589 1511 semperspecie
1620 1438 1890 1508 proprium
1906 1444 2006 1490 est.

427 1534 608 1606 Neque
634 1538 775 1591 enini
806 1537 920 1605 ejus
948 1536 1092 1606 quod
1126 1534 1328 1588 dictum
1372 1532 1476 1586 erit
1527 1530 1826 1599 proprium,
1877 1524 2018 1595 quod

398 1612 657 1697 'pnsitum
678 1637 760 1682 est
788 1641 908 1682 esse
946 1625 1244 1696 proprium,
1289 1632 1345 1678 ut
1374 1622 1500 1692 quia
1531 1620 1671 1675 idem
1722 1628 1802 1673 est
1839 1618 2018 1686 Specie

406 1712 590 1771 homo
620 1727 675 1773 et
705 1734 896 1787 equus,
917 1732 1020 1771 non
1035 1731 1253 1786 semper
1274 1725 1453 1769 autem
1481 1710 1602 1781 equi
1631 1719 1711 1764 est
1741 1707 2016 1777 proprium

402 1819 578 1891 ‘stare
605 1823 633 1863 a
664 1825 745 1876 se,
775 1825 875 1864 nec
922 1808 1157 1863 hominis
1209 1805 1310 1861 erit
1341 1803 1614 1874 proprium
1644 1800 1849 1855 moveri
1878 1815 1906 1853 a
1934 1814 2013 1853 se.

2114 599 2338 677 quidem
2399 600 2540 669 quod
2610 586 2797 655 natura
2854 601 2996 655 inest
3054 601 3326 671 assignare
3374 618 3389 654 :
3439 600 3707 669 signiticat

2110 701 2300 761 autem
2334 691 2641 756 locutione,
2682 691 2824 762 quod
2865 706 3077 763 semper
3112 695 3272 760 ineSt,
3308 680 3433 749 non
3464 694 3569 748 erit
3601 694 3702 747 hn-

2110 783 2278 855 _minis
2305 786 2577 854 proprium
2616 783 2797 853 bipes,
2856 800 2960 838 non
3013 784 3157 839 enim
3205 785 3381 839 omnis
3420 783 3580 838 homo
3623 793 3707 839 est

2118 877 2254 931 duos
2286 877 2445 945 pedes
2476 876 2700 931 habens.
2731 877 3073 931 Construenti
3100 886 3296 942 autem,
3327 877 3372 931 si
3419 878 3524 931 vult
3548 878 3688 945 quod

2106 980 2311 1043 'uatura
2336 971 2477 1025 inest
2524 972 2799 1039 pr0prium
2845 970 3151 1038 assignare,
3200 981 3253 1025 et
3298 973 3561 1026 locutione
3605 973 3706 1027 huc

2121 1062 2283 1117 modo
2312 1063 2579 1132 signiﬁcat
2606 1078 2621 1117 :
2645 1077 2749 1116 non
2783 1064 2929 1116 enim
2960 1062 3259 1117 movebitur
3281 1066 3571 1118 secundum
3606 1066 3706 1119 huc

2107 1140 2419 1227 proprium,
2454 1167 2511 1211 ut
2538 1156 2662 1227 quia
2696 1157 2786 1226 qui
2819 1156 3051 1210 hominis
3090 1157 3362 1226 pr0prium
3396 1158 3705 1225 assignavit,

2121 1248 2319 1301 animal
2350 1247 2652 1318 disciplina:
2694 1250 3080 1319 susceptivum,
3116 1258 3171 1303 et
3228 1248 3357 1313 vult,
3389 1258 3440 1301 ct
3478 1249 3709 1302 dictione

2116 1328 2387 1409 isiguilieat
2410 1340 2551 1409 quod
2583 1350 2768 1395 natura
2799 1340 2938 1395 inest
2969 1341 3278 1417 prOprium,
3312 1355 3416 1395 non
3470 1340 3709 1399 movebi-

2124 1440 2231 1495 tur,
2265 1432 2559 1485 secundum
2594 1431 2691 1487 hoc
2713 1431 2855 1502 quod
2888 1448 2993 1486 non
3024 1432 3091 1486 sit
3123 1432 3397 1501 proprium
3455 1430 3705 1498 hominis,

2116 1508 2320 1574 animal
2347 1521 2643 1591 disciplina:
2668 1525 3053 1593 susceptivum.
3082 1524 3344 1592 Amplius,
3374 1539 3707 1593 quaecunque

2124 1611 2376 1667 dicuntur
2405 1623 2461 1667 ut
2484 1616 2778 1668 secundum
2807 1614 2951 1669 aliud
2979 1615 3190 1684 aliquod
3228 1617 3477 1682 primum,
3534 1625 3626 1670 aut
3652 1624 3709 1672 ut

2122 1703 2355 1771 primum
2388 1704 2584 1773 ip5um,
2618 1705 2767 1759 lahor
2794 1708 3167 1774 cstassignare
3192 1705 3374 1759 talium
3409 1706 3706 1775 proprium.

2123 1794 2253 1848 Nam
2292 1796 2336 1849 si
2360 1795 2477 1864 ejus
2520 1796 2661 1864 quod
2708 1806 2791 1852 est
2838 1796 3129 1852 secundum
3160 1797 3302 1851 aliud
3334 1797 3554 1871 aliquid
3587 1813 3709 1867 pro-

425 1901 566 1958 Idem
590 1902 734 1958 enim
765 1912 846 1957 est
890 1901 1073 1970 specie
1102 1901 1332 1966 moveri,
1359 1906 1413 1952 et
1440 1906 1585 1950 stare
1634 1909 1665 1948 a
1705 1909 1784 1961 se,
1819 1901 2011 1961 quate-
2041 1888 2088 1951 Β
2118 1887 2295 1969 prium
2328 1887 2639 1971 assignavit,
2666 1897 2720 1943 ct
2746 1888 2814 1943 de
2846 1889 3017 1958 primo
3042 1889 3418 1955 veriiicabitur,
3453 1890 3497 1943 si
3525 1899 3702 1946 autem

425 2002 580 2049 tenus
630 1988 855 2063 utrique,
896 2007 1082 2047 eorum
1132 1999 1189 2045 ut
1242 1988 1441 2043 animal
1485 1994 1588 2052 est,
1620 1984 1833 2063 accidit.
1871 1980 2011 2037 Con-

400 2076 652 2141 'Btruenti
680 2100 826 2148 vero,
859 2083 901 2139 si
925 2096 1110 2138 eorum
1140 2068 1259 2151 quae
1284 2088 1410 2135 sunt
1429 2078 1617 2134 eadem
1640 2075 1839 2147 specie,
1870 2074 2010 2128 idem

398 2168 646 2243 semper
699 2176 875 2246 specie
924 2177 992 2229 sit
1032 2174 1326 2243 prOprium.
1388 2172 1501 2226 Erit
1544 2170 1685 2227 enim
1742 2168 2012 2238 proprium

428 2268 567 2337 quod
612 2271 838 2337 positum
882 2277 966 2324 est
990 2283 1095 2322 non
1127 2282 1247 2322 esse
1278 2266 1576 2336 proprium,
1607 2273 1663 2318 ut
1689 2262 1811 2333 quia
1845 2261 2013 2316 homi-

428 2362 513 2415 nis
551 2370 661 2416 est
684 2362 956 2430 proprium
992 2376 1113 2415 esse
1144 2358 1427 2429 grcssibile
1464 2357 1646 2427 bipes,
1678 2364 1733 2410 et
1770 2354 1884 2408 avis
1911 2353 2015 2407 erit

396 2520 399 2525 Α
426 2456 700 2523 proprium
732 2467 851 2507 esse
883 2452 1107 2506 volatile
1132 2449 1304 2521 bipes,
1337 2461 1620 2518 utrumque
1650 2446 1792 2501 enim
1824 2445 2012 2499 horum

427 2554 506 2600 est
532 2542 670 2599 idem
696 2552 957 2614 quatenus
1007 2544 1093 2597 illa
1145 2543 1363 2613 quidem
1414 2542 1514 2595 sub
1548 2540 1735 2596 eadem
1774 2548 1899 2593 sunt
1926 2553 2015 2608 ge-

430 2650 557 2691 nere
580 2637 816 2706 species,
848 2652 969 2692 cum
1001 2637 1109 2691 siut
1147 2637 1246 2691 s‘ub
1296 2635 1537 2702 animali,
1572 2640 1688 2689 tunc
1735 2641 1914 2687 autem
1960 2640 2017 2686 ut

430 2726 639 2795 generis
665 2726 983 2783 diﬂerentiae
1010 2727 1280 2780 animalis.
1317 2727 1415 2781 llic
1439 2735 1616 2780 autem
1661 2726 1809 2778 locus
1852 2724 2017 2778 falsus

400 2810 401 2815 “
433 2828 539 2883 est,
570 2820 783 2889 quando
805 2821 1033 2875 alterum
1063 2821 1277 2891 quidem
1300 2836 1488 2875 eorum
1513 2835 1630 2889 qua:
1651 2820 1902 2873 dicuntur
1926 2817 2015 2872 uni

433 2906 590 2962 alicui
618 2908 719 2963 soli
748 2907 888 2963 inest
917 2911 1140 2978 spccici,
1164 2912 1389 2965 alterum
1419 2927 1546 2965 vero
1577 2910 1719 2965 inest
1749 2910 2013 2979 pluribus,

432 2999 879 3069 quemadmodum
904 3001 1183 3070 gressibile
1205 3003 1523 3072 quadrupes.

505 3090 766 3159 Quoniam
815 3102 991 3157 autem
1045 3094 1184 3148 idem
1241 3103 1296 3148 et
1338 3095 1609 3149 diversum
1657 3093 2018 3171 multipliciter

402 3182 651 3253 Adicitur,
712 3185 863 3241 labor
892 3196 976 3241 cst
1004 3187 1295 3257 s0pliistiee
1344 3189 1640 3243 assumenti
1692 3188 1847 3242 unius
1887 3187 2020 3241 assi-

2117 1978 2275 2047 primi
2308 1980 2564 2047 posuerit,
2613 1988 2667 2033 et
2710 1980 2779 2034 de
2809 1994 2874 2035 eo
2922 1980 3062 2049 quod
3109 1991 3192 2035 est
3235 1981 3528 2036 secundum
3559 1981 3705 2036 aliud

2118 2072 2517 2141 prtedicabitur,
2544 2081 2600 2126 ut
2620 2072 2664 2126 si
2690 2074 2807 2142 quis
2830 2075 3066 2143 assignet
3096 2075 3397 2144 superliciei
3433 2077 3705 2144 proprium

2116 2166 2411 2221 coloratum
2443 2181 2584 2231 esse,
2616 2177 2669 2221 et
2695 2166 2762 2221 de
2792 2182 3020 2237 corpore
3064 2168 3369 2221 veriticatur
3406 2168 3703 2223 coloratum

2123 2274 2266 2327 esse,
2299 2261 2344 2313 si
2375 2269 2553 2315 autem
2582 2261 2845 2330 corporis,
2874 2268 2928 2314 et
2957 2260 3025 2315 de
3069 2261 3356 2331 superﬁcie
3392 2259 3706 2332 praedicabi-

2118 2362 2228 2419 tur,
2263 2369 2428 2424 quare
2473 2369 2579 2408 non
2617 2354 2684 2408 de
2713 2370 2819 2425 quo
2854 2355 3026 2408 oratio
3068 2364 3123 2409 et
3164 2356 3354 2409 nomen
3404 2354 3704 2409 verilieabi-

2119 2455 2225 2499 tur.
2252 2445 2457 2500 Accidit
2480 2454 2659 2501 autem
2689 2446 2744 2500 in
2777 2447 3091 2517 quibusdam
3122 2448 3353 2518 propriis
3382 2449 3699 2518 plerumque

2120 2538 2233 2592 ﬁeri
2263 2537 2481 2605 aliquod
2512 2549 2812 2608 peccatum,
2850 2550 3067 2609 propter
3099 2539 3200 2594 hoc
3226 2542 3366 2609 quod
3398 2556 3502 2593 non
3526 2542 3704 2594 deter-

2120 2631 2353 2686 minetur
2391 2632 2661 2701 quomodo
2696 2642 2749 2687 et
2775 2650 3000 2703 quorum
3036 2633 3185 2703 ponit
3226 2633 3347 2702 quis
3385 2635 3654 2704 prOpriuui
3687 2649 3704 2699 ;

2119 2738 2311 2778 omnes
2342 2725 2486 2777 enim
2511 2733 2774 2779 conantur
2805 2726 3080 2791 assignare
3113 2726 3409 2795 proprium,
3437 2734 3528 2779 aut
3559 2722 3701 2795 quod

2120 2824 2309 2869 natura
2345 2816 2508 2881 inest,
2541 2825 2599 2870 ut
2628 2804 2860 2870 hominis
2882 2817 3051 2884 bipes,
3094 2828 3184 2871 aut
3213 2817 3355 2887 quod
3380 2831 3516 2871 nunc
3546 2817 3705 2883 inest,

2106 2917 2179 2978 ‘ut
2212 2907 2447 2963 hominis
2476 2908 2705 2977 alicujus
2735 2919 2965 2979 quatuor
2992 2892 3189 2978 digitos
3207 2894 3547 2974 habere,aut
3582 2924 3706 2979 spe-

2120 3001 2223 3066 cie,
2251 3009 2307 3053 ut
2328 3001 2463 3070 ignis
2489 2999 2917 3069 subtilissimum,
2953 3011 3043 3055 aut
3063 3000 3395 3070 simpliciter,
3424 3008 3479 3054 ut
3504 3001 3706 3055 anima-

2120 3092 2186 3146 lis
2218 3092 2425 3155 vivere,
2449 3100 2542 3146 aut
2565 3093 2859 3147 secundum
2912 3091 3080 3156 aliud,
3133 3102 3188 3146 ut
3218 3093 3406 3147 animm
3435 3093 3704 3161 prudens,

2121 3192 2215 3237 aut
2242 3193 2302 3239 ut
2343 3185 2597 3254 primum,
2646 3185 3092 3255 quemadmodum
3126 3185 3401 3239 rationalis
3450 3186 3707 3254 prudens,

402 3276 405 3277 ⁷
434 3289 622 3344 gnare,
654 3286 707 3331 et
738 3275 906 3332 solius
932 3278 1156 3347 alicujus
1183 3282 1479 3348 proprium,
1526 3295 1647 3334 nam
1693 3279 1835 3348 quod
1882 3282 2017 3335 iiust
2042 3269 2091 3334 C
2124 3286 2216 3330 aut
2243 3276 2294 3330 in
2326 3292 2391 3331 eo
2417 3277 2557 3346 quod
2586 3275 2765 3341 habet,
2802 3286 2858 3330 ut
2895 3262 3111 3331 scientis
3141 3276 3537 3332 indis~uasibile
3564 3292 3593 3331 a
3618 3292 3707 3331 ra-

434 3366 589 3420 alicui
612 3368 694 3422 cui
725 3369 918 3424 accidit
946 3370 1165 3441 aliquid,
1204 3381 1257 3426 et
1286 3371 1551 3427 accidenti
1598 3373 1755 3427 inerit
1802 3383 2018 3442 sumpto

398 3472 552 3535 Icum
600 3475 664 3516 eo
710 3464 793 3517 cui
842 3464 1052 3531 accidit,
1089 3465 1314 3535 utquod
1368 3465 1507 3521 inest
1538 3465 1763 3531 homini,
1795 3475 1848 3521 et
1895 3468 2018 3522 albo

398 3551 637 3608 ‘bomini
686 3555 866 3621 inerit,
896 3556 941 3611 si
989 3556 1151 3611 fuerit
1188 3557 1341 3611 albus
1391 3560 1571 3621 homo,
1613 3568 1667 3614 et
1705 3558 1847 3629 quod
1896 3558 2019 3613 albo

436 3645 641 3700 homini
673 3649 832 3713 inest,
865 3648 1023 3703 inerit
1044 3658 1101 3703 et
1124 3649 1349 3704 homini.
1380 3648 1805 3704 Calumnialitur
1839 3663 2016 3706 autem

433 3737 625 3806 aliquis
647 3740 809 3793 multa
839 3742 1175 3809 propriorum
1203 3741 1343 3811 quod
1365 3741 1667 3812 subjectum
1693 3742 1743 3798 id
1769 3743 1911 3798 aliud
1938 3753 2020 3798 est

434 3831 574 3900 quod
597 3834 890 3888 secundum
911 3849 969 3889 se
1001 3833 1148 3901 facit,
1182 3812 1324 3889 aiiud
1363 3846 1544 3892 autem
1568 3852 1687 3891 cum
1720 3820 2015 3903 accidente,

437 3932 497 3975 ut
517 3922 660 3976 aliud
682 3923 896 3992 quidem
924 3924 1196 3981 hominem
1224 3941 1345 3981 esse
1394 3926 1556 3994 dicet,
1613 3912 1757 3984 aliud
1783 3944 1910 3985 vero
1941 3930 2019 3983 al-

438 4014 564 4068 bum
591 4013 884 4071 hominem.
920 4018 1163 4087 Amplius
1190 4028 1367 4074 autem
1396 4020 1668 4076 diversum
1698 4024 1897 4079 faciens
1926 4023 2019 4077 ha-

438 4104 628 4172 bitum,
657 4108 870 4178 etquod
897 4110 1189 4165 secundum
1221 4111 1459 4168 habitum
1492 4114 1847 4182 dicitur,nam
1876 4116 2017 4187 quod

435 4188 638 4255 liabitui
665 4202 827 4269 inest,
868 4212 924 4258 et
952 4204 1000 4259 ei
1031 4206 1170 4275 quod
1201 4208 1493 4263 secundum
1540 4207 1783 4263 habitum
1826 4208 2020 4263 dicitur

394 4288 395 4291 “
434 4294 626 4361 inerit,
673 4306 728 4350 et
772 4297 911 4366 quod
941 4298 988 4353 ei
1021 4299 1160 4367 quod
1191 4302 1485 4356 secundum
1543 4302 1780 4357 habitum
1826 4301 2019 4357 dicitur

394 4380 399 4386 ’
434 4385 590 4448 inest,
622 4396 674 4440 et
706 4385 903 4442 habitui
926 4388 1103 4456 inerit,
1137 4403 1194 4444 ut
1223 4394 1476 4459 quoniam
1505 4394 1682 4448 sciens
1719 4392 2018 4450 secundum

434 4476 707 4531 scientiam
726 4478 918 4535 dicitur
939 4482 1099 4547 allici,
1122 4498 1226 4537 non
1252 4484 1411 4539 inerit
1441 4485 1685 4539 scientiae
1717 4485 2015 4555 proprium,

394 4564 399 4569 ’
434 4567 828 4626 indissuasibile
858 4587 889 4625 a
933 4575 1159 4640 ratione,
1196 4590 1318 4629 nam
1364 4586 1419 4629 et
1465 4574 1643 4630 sciens
1696 4575 2017 4631 indissuasi-

2106 3369 2266 3441 tione
2317 3368 2472 3438 (nihil
2509 3352 2650 3423 enim
2690 3367 2834 3422 aliud
2866 3385 3023 3439 quam
3054 3368 3301 3423 habendo
3352 3368 3548 3439 aliquid
3604 3368 3707 3424 erit

2104 3455 2521 3538 _indissuaSibile
2571 3478 2601 3516 a
2654 3462 2909 3531 ratione),
2949 3462 3118 3516 autin
3162 3476 3229 3516 eo
3257 3462 3398 3541 quod
3428 3461 3706 3531 habeatur,

2109 3565 2182 3631 ~ut
2213 3556 2455 3610 scientiae
2484 3554 2889 3610 indissuasihile
2921 3569 2949 3607 a
2983 3555 3209 3620 ratione,
3243 3564 3334 3608 aut
3375 3555 3428 3609 in
3475 3570 3540 3610 eo
3565 3554 3709 3626 quod

2124 3648 2500 3717 participritur,
2536 3659 2591 3701 ut
2618 3647 2865 3702 animalis
2887 3647 3090 3702 sentite
3117 3646 3302 3719 (sentit
3328 3646 3470 3703 enim
3496 3646 3707 3702 etaliud

2102 3742 2246 3823 quid
2280 3752 2336 3795 ut
2365 3742 2544 3805 homo,
2578 3740 2670 3795 sed
2707 3740 3031 3810 participans
3055 3739 3163 3808 jam
3210 3738 3332 3806 hoc,
3363 3737 3574 3807 sentit),
3617 3744 3710 3793 aut

2122 3834 2175 3887 in
2197 3849 2262 3889 eo
2291 3835 2430 3903 quod
2485 3834 2787 3902 participat,
2822 3847 2876 3888 ut
2923 3834 3153 3901 alicujus
3203 3833 3451 3889 animalis
3504 3834 3707 3887 vivere.

2092 3928 2221 3998 -_Qui
2251 3945 2353 3982 non
2381 3928 2529 3981 addit
2552 3928 2734 3994 igitur,
2769 3937 2955 3979 natura
2981 3934 3187 3993 peccat,
3219 3941 3284 3981 eo
3328 3926 3469 3995 quod
3502 3926 3711 3981 contiu-

2120 4019 2359 4089 gitquod
2392 4028 2593 4071 natura:
2625 4017 2783 4078 inest,
2827 4032 2930 4071 non
2961 4018 3135 4071 inesse
3164 4016 3237 4071 illi
3277 4021 3360 4073 eui
3395 4030 3579 4073 natura
3624 4021 3711 4073 in-

2122 4120 2226 4175 est,
2257 4119 2313 4163 ut
2340 4109 2542 4162 homini
2571 4107 2707 4160 duos
2740 4107 2903 4173 pedes
2952 4106 3171 4173 habere,
3202 4125 3288 4177 qm
3320 4124 3445 4163 vero
3478 4125 3581 4163 non
3614 4111 3679 4165 de

2125 4202 2394 4268 terminat,
2418 4201 2673 4271 quoniam
2698 4199 2839 4269 quod
2870 4200 3006 4253 inest
3036 4200 3270 4268 assignat
3307 4200 3446 4269 quod
3472 4217 3577 4255 non
3607 4203 3711 4257 erit
3780 4236 3787 4241 -

2104 4277 2228 4346 itale
2259 4292 2416 4362 quale
2436 4306 2573 4346 nunc
2597 4290 2733 4345 ineat
2761 4289 2835 4355 id,
2879 4306 2975 4344 ceu
3024 4300 3251 4360 quatuor
3292 4290 3486 4360 digitos
3516 4291 3712 4348 habere

2100 4370 2416 4467 rhominem,
2446 4398 2549 4437 non
2579 4382 2820 4467 indicans
2848 4376 3059 4453 quoque
3089 4382 3228 4454 quod
3261 4394 3315 4438 ut
3343 4386 3593 4453 primum,
3618 4394 3712 4439 aut
3752 4386 3755 4391 ’

2126 4488 2193 4555 ut
2212 4478 2503 4532 secundum
2536 4479 2681 4533 aliud
2704 4460 2885 4549 punit,
2918 4480 3057 4549 quod
3083 4496 3187 4533 non
3213 4479 3279 4534 de
3320 4496 3423 4549 qun
3454 4470 3628 4534 urutio
3659 4490 3710 4535 et

2125 4587 2318 4627 nomen
2351 4572 2729 4638 verilicabitur,
2758 4583 2813 4625 ut
2855 4572 3154 4626 coloratum
3188 4585 3305 4625 che
3331 4571 3445 4626 sive
3474 4572 3705 4640 superli-

396 4656 397 4659 “
432 4656 555 4713 bilis
581 4658 683 4713 erit
731 4674 760 4714 a
801 4662 1025 4717 ratione.
1080 4663 1426 4719 Construenti
1483 4674 1663 4720 autem
1723 4666 2014 4721 dicendum
2044 4658 2247 4731 Drciei,
2283 4664 2397 4719 sive
2429 4664 2676 4733 corporis
2703 4664 3062 4733 assignaverit
3094 4665 3400 4733 proprium,
3433 4682 3537 4717 non
3568 4681 3706 4743 μττηέ

394 4747 403 4760 '
432 4750 681 4820 quoniam
711 4766 814 4806 non
840 4763 922 4807 est
947 4754 1215 4808 diversum
1243 4756 1565 4823 simpliciter
1594 4755 1647 4809 id
1674 4755 1760 4809 cui
1796 4756 2012 4823 accidit,

398 4856 402 4860 ‘
432 4851 485 4896 et
512 4842 761 4897 accidens
783 4859 902 4898 cum
931 4860 995 4899 eo
1025 4846 1109 4900 cui
1160 4844 1354 4900 accidit
1409 4855 1702 4915 sumptum,
1734 4847 1829 4901 sed
1872 4846 2013 4901 aliud

431 4934 646 4999 dicitur,
675 4949 743 4990 eo
783 4936 924 5005 quod
972 4938 1247 4991 diversum
1276 4938 1342 4992 sit
1369 4937 1520 5008 ipsis,
1551 4953 1705 5005 esse;
1740 4954 1844 4993 non
1870 4940 2014 4993 enim

392 5020 393 5023 “
432 5025 573 5081 idem
599 5035 682 5082 est
704 5027 908 5083 homini
937 5044 1075 5095 esse,
1098 5029 1240 5100 quod
1278 5032 1347 5086 sit
1376 5032 1557 5096 homo,
1579 5042 1631 5087 et
1662 5032 1783 5087 albo
1808 5034 2014 5087 homini

432 5132 566 5182 esse,
598 5119 743 5188 quod
772 5121 843 5175 sit
868 5121 1021 5175 albus
1048 5121 1228 5177 homo.
1270 5124 1533 5179 l’razterea
1570 5108 2017 5182 :iutern‘conside-

429 5210 653 5265 randum
674 5222 759 5267 est
787 5212 853 5267 ad
880 5228 1040 5269 casus
1066 5214 1290 5283 dicenti,
1318 5217 1458 5288 quod
1494 5233 1667 5288 neque
1714 5221 1895 5274 sciens
1937 5227 2021 5274 est

429 5304 825 5361 iudissuasibile
852 5322 881 5361 a
912 5308 1144 5375 ratione,
1169 5309 1261 5365 sed
1294 5310 1705 5367 indissuasibilis
1728 5328 1755 5366 a
1787 5313 2015 5377 ratione,

428 5409 601 5464 neque
631 5397 851 5453 scientia
884 5399 1301 5468 indissuasibile,
1320 5402 1413 5458 sed
1442 5403 1850 5469 indissuasibilis
1871 5420 1899 5457 a
1931 5420 2017 5459 ra-

392 5480 399 5559 "
432 5486 595 5569 tione,
621 5505 746 5545 nam
776 5492 824 5546 ei
858 5493 951 5562 qui
980 5495 1199 5550 omnino
1221 5496 1400 5557 instat.
1448 5499 1665 5552 omnino
1712 5508 1793 5552 est
1821 5498 2016 5553 adver-

392 5662 395 5663 7
430 5578 678 5638 sandum.
724 5581 929 5642 Deinde
958 5587 1256 5644 destrucnti
1298 5588 1535 5659 quidem,
1565 5590 1611 5645 si
1657 5589 1797 5659 quod
1826 5602 2015 5645 natura

430 5666 572 5723 inest
600 5672 783 5729 volens
839 5679 1137 5749 assignare,
1170 5680 1272 5735 hoc
1321 5681 1482 5736 modo
1525 5681 1677 5751 ponit
1720 5682 2017 5738 secundum

430 5758 779 5834 locutionem,
812 5779 869 5825 ut
900 5773 1045 5841 quod
1065 5786 1279 5843 semper
1309 5773 1449 5830 inest
1478 5773 1760 5844 signiticet.
1796 5773 2015 5829 Videbi-

429 5861 519 5911 tur
539 5856 683 5916 cnim
718 5863 928 5922 moveri
952 5879 1112 5931 posse
1138 5866 1280 5935 quod
1330 5866 1560 5937 positum
1614 5877 1697 5928 e-t
1740 5869 2015 5937 Proprium

2122 4755 2308 4810 dicens
2336 4756 2497 4810 etiam
2529 4756 2669 4823 quod
2708 4764 2801 4809 aut
2825 4756 2875 4809 in
2906 4771 2971 4810 eo
3009 4754 3270 4831 quodest
3305 4756 3503 4812 habere
3532 4767 3623 4809 aut
3654 4757 3705 4810 in

2104 4863 2189 4929 _eo
2219 4848 2359 4917 quod
2406 4849 2589 4903 haberi
2624 4848 2897 4917 proprium
2930 4849 3243 4919 assignavit.
3272 4848 3394 4903 Ideo
3444 4867 3547 4903 non
3608 4848 3713 4903 erit

2123 4939 2395 5009 proprium
2422 4940 2563 5010 quod
2592 4939 2922 5008 assignatum
2945 4948 3051 5005 est,
3085 4956 3204 4994 nam
3260 4940 3419 4993 inerit
3448 4940 3513 5008 (si
3561 4940 3612 4993 in
3645 4956 3709 4992 eo

2102 5014 2265 5103 Tquod
2324 5032 2550 5087 habetur
2604 5032 2897 5102 assignavit
2943 5031 3242 5100 proprium)
3267 5032 3426 5086 etiam
3467 5031 3709 5090 habenti,

2096 5126 2175 5203 ἐἰ
2237 5134 2412 5181 autem
2479 5124 2713 5191 habenti,
2750 5135 2801 5179 et
2844 5124 2890 5178 ei
2934 5123 3083 5203 quod,
3124 5106 3493 5190 habeturput
3547 5124 3713 5176 imlis-

2100 5202 2387 5289 :suasibile
2425 5236 2455 5274 a
2502 5220 2711 5276 ratione
2738 5206 2765 5287 ,
2798 5220 3037 5274 scientiae
3076 5202 3172 5275 [\el
3213 5220 3433 5274 scientis
3480 5235 3708 5289 posuum

2100 5302 2103 5305 ⁴
2129 5313 2426 5382 proprium,
2453 5328 2557 5367 non
2583 5311 3001 5387 prmsignilicans
3024 5312 3181 5366 etiam
3209 5310 3260 5363 in
3288 5325 3354 5387 eu
3380 5312 3519 5380 quoii
3543 5310 3709 5377 parti-

2103 5398 2269 5472 'cipat
2301 5406 2380 5471 vel
2410 5384 2775 5474 participator,
2804 5420 2871 5458 eo
2893 5404 3033 5473 quod
3061 5414 3114 5457 et
3147 5404 3196 5456 in
3226 5384 3349 5457 aliis
3386 5403 3706 5472 quibusdam

2107 5484 2283 5550 iiuerit
2310 5497 2599 5565 pr0prium.
2630 5495 2683 5550 Si
2708 5494 2847 5549 enim
2868 5496 2919 5547 in
2937 5509 3001 5547 eo
3024 5492 3237 5560 quidem
3259 5494 3396 5563 quod
3422 5486 3709 5563 participii;

2126 5596 2211 5639 tur
2240 5584 2569 5653 assignavit,
2604 5583 3040 5651 participantibus
3085 5584 3271 5648 inerit,
3331 5584 3375 5640 si
3406 5600 3529 5639 vero
3555 5587 3604 5638 in
3642 5601 3709 5638 eo

2123 5678 2265 5749 quod
2302 5676 2605 5746 participat,
2638 5677 2700 5729 iis
2726 5691 2844 5744 qua:
2870 5674 3277 5746 participantur,
3311 5689 3360 5731 ut
3399 5681 3441 5733 si
3481 5679 3706 5748 alicujus

2121 5770 2370 5824 animalis
2422 5769 2658 5838 posuerit
2704 5770 2887 5823 vivere
2938 5769 3210 5837 [imprium
3240 5808 3255 5835 ,
3292 5754 3432 5848 .non‘
3460 5752 3704 5826 dividens

2104 5863 2281 5945 getiam
2330 5863 2507 5932 specie
2530 5862 2671 5931 quod
2709 5861 2797 5918 uni
2825 5860 3108 5920 soliinerit
3148 5848 3334 5920 eorum
3363 5879 3482 5934 qua:
3520 5865 3618 5918 sub
3638 5875 3703 5917 eo
