  <div class='ocr_page' id='page_1' title='image "/cluster/home/n/w/nwhite01/storage/ocr_20150623/64/hvd.32044073505265/487.png"; bbox 0 0 2124 3136; ppageno 0'>
   <div class='ocr_carea' id='block_1_1' title="bbox 274 151 330 190">
    <p class='ocr_par' dir='ltr' id='par_1_1' title="bbox 274 151 330 190">
     <span class='ocr_line' id='line_1_1' title="bbox 274 151 330 190; baseline -0.018 -10"><span class='ocrx_word' id='word_1_1' title='bbox 274 151 330 190; x_wconf 75' lang='lat'><strong>963</strong></span> 
     </span>
    </p>
   </div>
   <div class='ocr_carea' id='block_1_2' title="bbox 877 151 1312 186">
    <p class='ocr_par' dir='ltr' id='par_1_2' title="bbox 877 151 1312 186">
     <span class='ocr_line' id='line_1_2' title="bbox 877 151 1312 186; baseline 0.009 -6"><span class='ocrx_word' id='word_1_2' title='bbox 877 184 879 186; x_wconf 28' lang='grc' dir='ltr'><strong><em>τ</em></strong></span> <span class='ocrx_word' id='word_1_3' title='bbox 901 151 956 181; x_wconf 82' lang='lat' dir='ltr'><strong>AN.</strong></span> <span class='ocrx_word' id='word_1_4' title='bbox 978 153 1083 181; x_wconf 83' lang='lat' dir='ltr'><strong>MANL.</strong></span> <span class='ocrx_word' id='word_1_5' title='bbox 1103 152 1177 181; x_wconf 66' lang='grc' dir='ltr'>επεν.</span> <span class='ocrx_word' id='word_1_6' title='bbox 1200 154 1312 184; x_wconf 85' lang='grc' dir='ltr'><strong>ΒΟΕΤΙΙ</strong></span> 
     </span>
    </p>
   </div>
   <div class='ocr_carea' id='block_1_3' title="bbox 1875 162 1929 191">
    <p class='ocr_par' dir='ltr' id='par_1_3' title="bbox 1875 162 1929 191">
     <span class='ocr_line' id='line_1_3' title="bbox 1875 162 1929 191; baseline 0 0"><span class='ocrx_word' id='word_1_7' title='bbox 1875 162 1929 191; x_wconf 72' lang='grc'><strong>964</strong></span> 
     </span>
    </p>
   </div>
   <div class='ocr_carea' id='block_1_4' title="bbox 275 206 1927 257">
    <p class='ocr_par' dir='ltr' id='par_1_4' title="bbox 275 206 1927 257">
     <span class='ocr_line' id='line_1_4' title="bbox 275 206 1927 257; baseline 0.007 -19"><span class='ocrx_word' id='word_1_8' title='bbox 275 217 350 248; x_wconf 78' lang='lat' dir='ltr'><strong>sunt,</strong></span> <span class='ocrx_word' id='word_1_9' title='bbox 365 211 442 248; x_wconf 87' lang='lat' dir='ltr'><strong>cujus</strong></span> <span class='ocrx_word' id='word_1_10' title='bbox 452 211 589 246; x_wconf 88' lang='lat' dir='ltr'><strong>proprium</strong></span> <span class='ocrx_word' id='word_1_11' title='bbox 607 210 692 244; x_wconf 79' lang='lat' dir='ltr'><strong>ponit,</strong></span> <span class='ocrx_word' id='word_1_12' title='bbox 705 206 767 237; x_wconf 81' lang='lat' dir='ltr'><strong>nam</strong></span> <span class='ocrx_word' id='word_1_13' title='bbox 786 209 856 246; x_wconf 90' lang='lat' dir='ltr'><strong>quod</strong></span> <span class='ocrx_word' id='word_1_14' title='bbox 868 214 909 237; x_wconf 77' lang='lat' dir='ltr'><strong>est</strong></span> <span class='ocrx_word' id='word_1_15' title='bbox 924 211 1071 238; x_wconf 84' lang='lat' dir='ltr'><strong>secundum</strong></span> <span class='ocrx_word' id='word_1_16' title='bbox 1086 208 1112 241; x_wconf 78' lang='grc' dir='ltr'><strong>Δ</strong></span> <span class='ocrx_word' id='word_1_17' title='bbox 1127 212 1269 241; x_wconf 88' lang='lat' dir='ltr'><strong>universus</strong></span> <span class='ocrx_word' id='word_1_18' title='bbox 1281 221 1328 242; x_wconf 81' lang='lat' dir='ltr'><strong>aer</strong></span> <span class='ocrx_word' id='word_1_19' title='bbox 1341 212 1534 250; x_wconf 84' lang='lat' dir='ltr'><strong>respirabilis),</strong></span> <span class='ocrx_word' id='word_1_20' title='bbox 1544 223 1598 244; x_wconf 92' lang='lat' dir='ltr'><strong>non</strong></span> <span class='ocrx_word' id='word_1_21' title='bbox 1610 216 1764 254; x_wconf 84' lang='lat' dir='ltr'><strong>eritutique</strong></span> <span class='ocrx_word' id='word_1_22' title='bbox 1779 221 1849 248; x_wconf 85' lang='lat' dir='ltr'><strong>aeris</strong></span> <span class='ocrx_word' id='word_1_23' title='bbox 1864 230 1927 257; x_wconf 91' lang='lat' dir='ltr'><strong>pro-</strong></span> 
     </span>
    </p>
   </div>
   <div class='ocr_carea' id='block_1_5' title="bbox 275 256 1072 294">
    <p class='ocr_par' dir='ltr' id='par_1_5' title="bbox 275 256 1072 294">
     <span class='ocr_line' id='line_1_5' title="bbox 275 256 1072 294; baseline -0.001 -8"><span class='ocrx_word' id='word_1_24' title='bbox 275 258 558 294; x_wconf 73' lang='lat' dir='ltr'><strong>superabundantiam,</strong></span> <span class='ocrx_word' id='word_1_25' title='bbox 582 257 628 284; x_wconf 90' lang='lat' dir='ltr'><strong>uni</strong></span> <span class='ocrx_word' id='word_1_26' title='bbox 646 256 695 284; x_wconf 91' lang='lat' dir='ltr'><strong>soli</strong></span> <span class='ocrx_word' id='word_1_27' title='bbox 722 256 793 284; x_wconf 87' lang='lat' dir='ltr'><strong>inest</strong></span> <span class='ocrx_word' id='word_1_28' title='bbox 808 278 815 290; x_wconf 97' lang='lat'><strong>,</strong></span> <span class='ocrx_word' id='word_1_29' title='bbox 837 262 866 284; x_wconf 93' lang='lat' dir='ltr'><strong>ut</strong></span> <span class='ocrx_word' id='word_1_30' title='bbox 882 256 950 292; x_wconf 77' lang='lat' dir='ltr'><strong>ignis</strong></span> <span class='ocrx_word' id='word_1_31' title='bbox 967 257 1072 285; x_wconf 76' lang='lat' dir='ltr'><strong>levissi-</strong></span> 
     </span>
    </p>
   </div>
   <div class='ocr_carea' id='block_1_6' title="bbox 274 303 1072 339">
    <p class='ocr_par' dir='ltr' id='par_1_6' title="bbox 274 303 1072 339">
     <span class='ocr_line' id='line_1_6' title="bbox 274 303 1072 339; baseline -0.003 -5"><span class='ocrx_word' id='word_1_32' title='bbox 274 307 359 334; x_wconf 81' lang='lat' dir='ltr'><strong>inum.</strong></span> <span class='ocrx_word' id='word_1_33' title='bbox 382 304 530 339; x_wconf 84' lang='lat' dir='ltr'><strong>Aliquoties</strong></span> <span class='ocrx_word' id='word_1_34' title='bbox 559 306 648 331; x_wconf 82' lang='lat' dir='ltr'><strong>autem</strong></span> <span class='ocrx_word' id='word_1_35' title='bbox 674 306 701 330; x_wconf 86' lang='lat' dir='ltr'><strong>et</strong></span> <span class='ocrx_word' id='word_1_36' title='bbox 725 304 818 338; x_wconf 80' lang='lat' dir='ltr'><strong>Specie</strong></span> <span class='ocrx_word' id='word_1_37' title='bbox 841 303 944 332; x_wconf 89' lang='lat' dir='ltr'><strong>addetts</strong></span> <span class='ocrx_word' id='word_1_38' title='bbox 969 308 1072 339; x_wconf 78' lang='lat' dir='ltr'><strong>peccat.</strong></span> 
     </span>
    </p>
   </div>
   <div class='ocr_carea' id='block_1_7' title="bbox 274 344 1072 387">
    <p class='ocr_par' dir='ltr' id='par_1_7' title="bbox 274 344 1072 387">
     <span class='ocr_line' id='line_1_7' title="bbox 274 344 1072 387; baseline -0.003 -7"><span class='ocrx_word' id='word_1_39' title='bbox 274 348 339 381; x_wconf 82' lang='lat' dir='ltr'><strong>Nam</strong></span> <span class='ocrx_word' id='word_1_40' title='bbox 355 351 490 387; x_wconf 78' lang='lat' dir='ltr'><strong>oportebit</strong></span> <span class='ocrx_word' id='word_1_41' title='bbox 505 358 584 378; x_wconf 88' lang='lat' dir='ltr'><strong>unam</strong></span> <span class='ocrx_word' id='word_1_42' title='bbox 606 350 726 385; x_wconf 85' lang='lat' dir='ltr'><strong>speciem</strong></span> <span class='ocrx_word' id='word_1_43' title='bbox 751 357 813 378; x_wconf 90' lang='lat' dir='ltr'><strong>esse</strong></span> <span class='ocrx_word' id='word_1_44' title='bbox 836 357 929 378; x_wconf 87' lang='lat' dir='ltr'><strong>eorum</strong></span> <span class='ocrx_word' id='word_1_45' title='bbox 954 359 1014 386; x_wconf 78' lang='lat' dir='ltr'><strong>qua:</strong></span> <span class='ocrx_word' id='word_1_46' title='bbox 1028 344 1072 378; x_wconf 83' lang='lat' dir='ltr'><strong>dl-</strong></span> 
     </span>
    </p>
   </div>
   <div class='ocr_carea' id='block_1_8' title="bbox 272 396 1072 434">
    <p class='ocr_par' dir='ltr' id='par_1_8' title="bbox 272 396 1072 434">
     <span class='ocr_line' id='line_1_8' title="bbox 272 396 1072 434; baseline -0.003 -8"><span class='ocrx_word' id='word_1_47' title='bbox 272 404 381 432; x_wconf 83' lang='lat' dir='ltr'><strong>ountur,</strong></span> <span class='ocrx_word' id='word_1_48' title='bbox 397 398 504 434; x_wconf 83' lang='lat' dir='ltr'><strong>quando</strong></span> <span class='ocrx_word' id='word_1_49' title='bbox 519 398 610 433; x_wconf 83' lang='lat' dir='ltr'><strong>specie</strong></span> <span class='ocrx_word' id='word_1_50' title='bbox 625 396 760 425; x_wconf 81' lang='lat' dir='ltr'><strong>addiderit</strong></span> <span class='ocrx_word' id='word_1_51' title='bbox 779 405 786 424; x_wconf 92' lang='lat'><strong>:</strong></span> <span class='ocrx_word' id='word_1_52' title='bbox 803 398 854 425; x_wconf 92' lang='lat' dir='ltr'><strong>hoc</strong></span> <span class='ocrx_word' id='word_1_53' title='bbox 868 401 959 425; x_wconf 91' lang='lat' dir='ltr'><strong>autem</strong></span> <span class='ocrx_word' id='word_1_54' title='bbox 973 398 998 425; x_wconf 92' lang='lat' dir='ltr'><strong>in</strong></span> <span class='ocrx_word' id='word_1_55' title='bbox 1012 398 1072 433; x_wconf 92' lang='lat' dir='ltr'><strong>qui-</strong></span> 
     </span>
    </p>
   </div>
   <div class='ocr_carea' id='block_1_9' title="bbox 272 444 1073 480">
    <p class='ocr_par' dir='ltr' id='par_1_9' title="bbox 272 444 1073 480">
     <span class='ocr_line' id='line_1_9' title="bbox 272 444 1073 480; baseline -0.002 -7"><span class='ocrx_word' id='word_1_56' title='bbox 272 445 383 473; x_wconf 82' lang='lat' dir='ltr'><strong>busdam</strong></span> <span class='ocrx_word' id='word_1_57' title='bbox 406 453 458 473; x_wconf 85' lang='lat' dir='ltr'><strong>non</strong></span> <span class='ocrx_word' id='word_1_58' title='bbox 471 444 583 477; x_wconf 87' lang='lat' dir='ltr'><strong>accidit,</strong></span> <span class='ocrx_word' id='word_1_59' title='bbox 609 449 639 471; x_wconf 91' lang='lat' dir='ltr'><strong>ut</strong></span> <span class='ocrx_word' id='word_1_60' title='bbox 652 451 702 471; x_wconf 91' lang='lat' dir='ltr'><strong>nec</strong></span> <span class='ocrx_word' id='word_1_61' title='bbox 724 444 750 471; x_wconf 92' lang='lat' dir='ltr'><strong>in</strong></span> <span class='ocrx_word' id='word_1_62' title='bbox 766 444 845 480; x_wconf 74' lang='lat' dir='ltr'><strong>igne,</strong></span> <span class='ocrx_word' id='word_1_63' title='bbox 877 450 930 471; x_wconf 90' lang='lat' dir='ltr'><strong>non</strong></span> <span class='ocrx_word' id='word_1_64' title='bbox 946 445 1017 471; x_wconf 91' lang='lat' dir='ltr'><strong>enim</strong></span> <span class='ocrx_word' id='word_1_65' title='bbox 1032 450 1073 472; x_wconf 86' lang='lat' dir='ltr'><strong>est</strong></span> 
     </span>
    </p>
   </div>
   <div class='ocr_carea' id='block_1_10' title="bbox 274 490 1074 528">
    <p class='ocr_par' dir='ltr' id='par_1_10' title="bbox 274 490 1074 528">
     <span class='ocr_line' id='line_1_10' title="bbox 274 490 1074 528; baseline -0.003 -8"><span class='ocrx_word' id='word_1_66' title='bbox 274 501 324 528; x_wconf 85' lang='lat' dir='ltr'><strong>una</strong></span> <span class='ocrx_word' id='word_1_67' title='bbox 339 492 443 527; x_wconf 77' lang='lat' dir='ltr'><strong>Species</strong></span> <span class='ocrx_word' id='word_1_68' title='bbox 467 492 534 528; x_wconf 75' lang='lat' dir='ltr'><strong>ignis</strong></span> <span class='ocrx_word' id='word_1_69' title='bbox 546 513 553 525; x_wconf 83' lang='lat'><strong>,</strong></span> <span class='ocrx_word' id='word_1_70' title='bbox 577 499 637 519; x_wconf 90' lang='lat' dir='ltr'><strong>nam</strong></span> <span class='ocrx_word' id='word_1_71' title='bbox 648 491 787 519; x_wconf 86' lang='lat' dir='ltr'><strong>diversum</strong></span> <span class='ocrx_word' id='word_1_72' title='bbox 802 494 845 518; x_wconf 87' lang='lat' dir='ltr'><strong>est</strong></span> <span class='ocrx_word' id='word_1_73' title='bbox 859 490 942 518; x_wconf 84' lang='lat' dir='ltr'><strong>carbo</strong></span> <span class='ocrx_word' id='word_1_74' title='bbox 958 495 986 518; x_wconf 89' lang='lat' dir='ltr'><strong>et</strong></span> <span class='ocrx_word' id='word_1_75' title='bbox 998 491 1074 518; x_wconf 82' lang='lat' dir='ltr'><strong>tiam-</strong></span> 
     </span>
    </p>
   </div>
   <div class='ocr_carea' id='block_1_11' title="bbox 274 526 1073 574">
    <p class='ocr_par' dir='ltr' id='par_1_11' title="bbox 274 526 1073 574">
     <span class='ocr_line' id='line_1_11' title="bbox 274 526 1073 574; baseline -0.003 -8"><span class='ocrx_word' id='word_1_76' title='bbox 274 526 329 571; x_wconf 82' lang='lat' dir='ltr'><strong>ina,</strong></span> <span class='ocrx_word' id='word_1_77' title='bbox 356 526 383 567; x_wconf 83' lang='lat' dir='ltr'><strong>et</strong></span> <span class='ocrx_word' id='word_1_78' title='bbox 407 539 452 566; x_wconf 82' lang='lat' dir='ltr'><strong>lux</strong></span> <span class='ocrx_word' id='word_1_79' title='bbox 479 526 589 574; x_wconf 77' lang='lat' dir='ltr'><strong>specie,</strong></span> <span class='ocrx_word' id='word_1_80' title='bbox 609 545 671 565; x_wconf 89' lang='lat' dir='ltr'><strong>cum</strong></span> <span class='ocrx_word' id='word_1_81' title='bbox 687 537 898 573; x_wconf 87' lang='lat' dir='ltr'><strong>unumquodque</strong></span> <span class='ocrx_word' id='word_1_82' title='bbox 920 535 1015 564; x_wconf 90' lang='lat' dir='ltr'><strong>horum</strong></span> <span class='ocrx_word' id='word_1_83' title='bbox 1038 537 1073 564; x_wconf 93' lang='lat' dir='ltr'><strong>sit</strong></span> 
     </span>
    </p>
   </div>
   <div class='ocr_carea' id='block_1_12' title="bbox 273 583 1073 624">
    <p class='ocr_par' dir='ltr' id='par_1_12' title="bbox 273 583 1073 624">
     <span class='ocr_line' id='line_1_12' title="bbox 273 583 1073 624; baseline -0.005 -9"><span class='ocrx_word' id='word_1_84' title='bbox 273 584 360 624; x_wconf 82' lang='lat' dir='ltr'><strong>ignis;</strong></span> <span class='ocrx_word' id='word_1_85' title='bbox 376 591 485 622; x_wconf 76' lang='lat' dir='ltr'><strong>propter</strong></span> <span class='ocrx_word' id='word_1_86' title='bbox 496 587 547 614; x_wconf 90' lang='lat' dir='ltr'><strong>hoc</strong></span> <span class='ocrx_word' id='word_1_87' title='bbox 560 591 649 613; x_wconf 81' lang='lat' dir='ltr'><strong>autem</strong></span> <span class='ocrx_word' id='word_1_88' title='bbox 666 591 718 612; x_wconf 93' lang='lat' dir='ltr'><strong>non</strong></span> <span class='ocrx_word' id='word_1_89' title='bbox 733 587 852 619; x_wconf 76' lang='lat' dir='ltr'><strong>oportet,</strong></span> <span class='ocrx_word' id='word_1_90' title='bbox 864 583 971 619; x_wconf 82' lang='lat' dir='ltr'><strong>quando</strong></span> <span class='ocrx_word' id='word_1_91' title='bbox 982 584 1073 619; x_wconf 86' lang='lat' dir='ltr'><strong>specie</strong></span> 
     </span>
    </p>
   </div>
   <div class='ocr_carea' id='block_1_13' title="bbox 274 629 1070 668">
    <p class='ocr_par' dir='ltr' id='par_1_13' title="bbox 274 629 1070 668">
     <span class='ocr_line' id='line_1_13' title="bbox 274 629 1070 668; baseline -0.008 -6"><span class='ocrx_word' id='word_1_92' title='bbox 274 634 395 668; x_wconf 78' lang='lat' dir='ltr'><strong>additur,</strong></span> <span class='ocrx_word' id='word_1_93' title='bbox 421 634 555 661; x_wconf 85' lang='lat' dir='ltr'><strong>diversam</strong></span> <span class='ocrx_word' id='word_1_94' title='bbox 573 639 633 660; x_wconf 87' lang='lat' dir='ltr'><strong>esse</strong></span> <span class='ocrx_word' id='word_1_95' title='bbox 648 631 767 666; x_wconf 82' lang='lat' dir='ltr'><strong>speciem</strong></span> <span class='ocrx_word' id='word_1_96' title='bbox 783 631 843 666; x_wconf 86' lang='lat' dir='ltr'><strong>ejus</strong></span> <span class='ocrx_word' id='word_1_97' title='bbox 869 630 940 666; x_wconf 90' lang='lat' dir='ltr'><strong>quod</strong></span> <span class='ocrx_word' id='word_1_98' title='bbox 964 629 1070 663; x_wconf 86' lang='lat' dir='ltr'><strong>dicitur,</strong></span> 
     </span>
    </p>
   </div>
   <div class='ocr_carea' id='block_1_14' title="bbox 273 670 1074 716">
    <p class='ocr_par' dir='ltr' id='par_1_14' title="bbox 273 670 1074 716">
     <span class='ocr_line' id='line_1_14' title="bbox 273 670 1074 716; baseline -0.007 -8"><span class='ocrx_word' id='word_1_99' title='bbox 273 670 399 716; x_wconf 82' lang='lat' dir='ltr'><strong>quoniam</strong></span> <span class='ocrx_word' id='word_1_100' title='bbox 416 679 456 706; x_wconf 73' lang='lat' dir='ltr'><strong>his</strong></span> <span class='ocrx_word' id='word_1_101' title='bbox 467 678 574 714; x_wconf 85' lang='lat' dir='ltr'><strong>quidem</strong></span> <span class='ocrx_word' id='word_1_102' title='bbox 598 677 683 712; x_wconf 82' lang='lat' dir='ltr'><strong>magis</strong></span> <span class='ocrx_word' id='word_1_103' title='bbox 694 698 701 711; x_wconf 85' lang='lat'><strong>,</strong></span> <span class='ocrx_word' id='word_1_104' title='bbox 720 676 772 704; x_wconf 87' lang='lat' dir='ltr'><strong>illis</strong></span> <span class='ocrx_word' id='word_1_105' title='bbox 788 680 876 704; x_wconf 86' lang='lat' dir='ltr'><strong>autem</strong></span> <span class='ocrx_word' id='word_1_106' title='bbox 888 676 977 703; x_wconf 87' lang='lat' dir='ltr'><strong>minus</strong></span> <span class='ocrx_word' id='word_1_107' title='bbox 993 675 1074 703; x_wconf 88' lang='lat' dir='ltr'><strong>inerit</strong></span> 
     </span>
    </p>
   </div>
   <div class='ocr_carea' id='block_1_15' title="bbox 274 722 1070 763">
    <p class='ocr_par' dir='ltr' id='par_1_15' title="bbox 274 722 1070 763">
     <span class='ocr_line' id='line_1_15' title="bbox 274 722 1070 763; baseline -0.006 -9"><span class='ocrx_word' id='word_1_108' title='bbox 274 726 344 763; x_wconf 87' lang='lat' dir='ltr'><strong>quod</strong></span> <span class='ocrx_word' id='word_1_109' title='bbox 358 726 457 753; x_wconf 92' lang='lat' dir='ltr'><strong>dictum</strong></span> <span class='ocrx_word' id='word_1_110' title='bbox 469 727 512 752; x_wconf 89' lang='lat' dir='ltr'><strong>est</strong></span> <span class='ocrx_word' id='word_1_111' title='bbox 522 724 670 760; x_wconf 88' lang='lat' dir='ltr'><strong>proprium,</strong></span> <span class='ocrx_word' id='word_1_112' title='bbox 684 728 712 750; x_wconf 92' lang='lat' dir='ltr'><strong>ut</strong></span> <span class='ocrx_word' id='word_1_113' title='bbox 736 723 762 750; x_wconf 91' lang='lat' dir='ltr'><strong>in</strong></span> <span class='ocrx_word' id='word_1_114' title='bbox 780 723 840 758; x_wconf 73' lang='lat' dir='ltr'><strong>igne</strong></span> <span class='ocrx_word' id='word_1_115' title='bbox 856 722 1070 754; x_wconf 83' lang='lat' dir='ltr'><strong>subtilissimum,</strong></span> 
     </span>
    </p>
   </div>
   <div class='ocr_carea' id='block_1_16' title="bbox 273 767 1072 803">
    <p class='ocr_par' dir='ltr' id='par_1_16' title="bbox 273 767 1072 803">
     <span class='ocr_line' id='line_1_16' title="bbox 273 767 1072 803; baseline -0.008 -4"><span class='ocrx_word' id='word_1_116' title='bbox 273 771 398 803; x_wconf 77' lang='lat' dir='ltr'><strong>subtilior</strong></span> <span class='ocrx_word' id='word_1_117' title='bbox 414 769 484 798; x_wconf 90' lang='lat' dir='ltr'><strong>enitn</strong></span> <span class='ocrx_word' id='word_1_118' title='bbox 501 775 541 797; x_wconf 88' lang='lat' dir='ltr'><strong>est</strong></span> <span class='ocrx_word' id='word_1_119' title='bbox 559 769 604 796; x_wconf 82' lang='lat' dir='ltr'><strong>lux</strong></span> <span class='ocrx_word' id='word_1_120' title='bbox 626 767 742 796; x_wconf 76' lang='lat' dir='ltr'><strong>carbone</strong></span> <span class='ocrx_word' id='word_1_121' title='bbox 764 772 792 795; x_wconf 91' lang='lat' dir='ltr'><strong>et</strong></span> <span class='ocrx_word' id='word_1_122' title='bbox 810 767 930 795; x_wconf 80' lang='lat' dir='ltr'><strong>ﬂamma.</strong></span> <span class='ocrx_word' id='word_1_123' title='bbox 950 767 1005 794; x_wconf 89' lang='lat' dir='ltr'><strong>Hoc</strong></span> <span class='ocrx_word' id='word_1_124' title='bbox 1025 774 1072 794; x_wconf 90' lang='lat' dir='ltr'><strong>au-</strong></span> 
     </span>
    </p>
   </div>
   <div class='ocr_carea' id='block_1_17' title="bbox 273 812 1072 852">
    <p class='ocr_par' dir='ltr' id='par_1_17' title="bbox 273 812 1072 852">
     <span class='ocr_line' id='line_1_17' title="bbox 273 812 1072 852; baseline -0.009 -6"><span class='ocrx_word' id='word_1_125' title='bbox 273 822 328 846; x_wconf 81' lang='lat' dir='ltr'><strong>tem</strong></span> <span class='ocrx_word' id='word_1_126' title='bbox 343 812 396 844; x_wconf 86' lang='lat' dir='ltr'><strong>non</strong></span> <span class='ocrx_word' id='word_1_127' title='bbox 419 820 527 852; x_wconf 88' lang='lat' dir='ltr'><strong>oportet</strong></span> <span class='ocrx_word' id='word_1_128' title='bbox 553 813 610 842; x_wconf 89' lang='lat' dir='ltr'><strong>lieri</strong></span> <span class='ocrx_word' id='word_1_129' title='bbox 625 813 732 849; x_wconf 84' lang='lat' dir='ltr'><strong>quando</strong></span> <span class='ocrx_word' id='word_1_130' title='bbox 748 820 814 847; x_wconf 87' lang='lat' dir='ltr'><strong>non,</strong></span> <span class='ocrx_word' id='word_1_131' title='bbox 833 817 860 840; x_wconf 85' lang='lat' dir='ltr'><strong>et</strong></span> <span class='ocrx_word' id='word_1_132' title='bbox 873 818 971 841; x_wconf 88' lang='lat' dir='ltr'><strong>nomen</strong></span> <span class='ocrx_word' id='word_1_133' title='bbox 987 813 1072 848; x_wconf 77' lang='lat' dir='ltr'><strong>magis</strong></span> 
     </span>
    </p>
   </div>
   <div class='ocr_carea' id='block_1_18' title="bbox 271 858 1071 903">
    <p class='ocr_par' dir='ltr' id='par_1_18' title="bbox 271 858 1071 903">
     <span class='ocr_line' id='line_1_18' title="bbox 271 858 1071 903; baseline -0.008 -12"><span class='ocrx_word' id='word_1_134' title='bbox 271 859 434 903; x_wconf 75' lang='lat' dir='ltr'><strong>praedicatur</strong></span> <span class='ocrx_word' id='word_1_135' title='bbox 452 862 485 889; x_wconf 92' lang='lat' dir='ltr'><strong>de</strong></span> <span class='ocrx_word' id='word_1_136' title='bbox 497 869 550 896; x_wconf 89' lang='lat' dir='ltr'><strong>quo</strong></span> <span class='ocrx_word' id='word_1_137' title='bbox 560 860 646 888; x_wconf 84' lang='lat' dir='ltr'><strong>oratio</strong></span> <span class='ocrx_word' id='word_1_138' title='bbox 659 860 744 894; x_wconf 79' lang='lat' dir='ltr'><strong>magis</strong></span> <span class='ocrx_word' id='word_1_139' title='bbox 759 859 922 887; x_wconf 80' lang='lat' dir='ltr'><strong>veriticatur.</strong></span> <span class='ocrx_word' id='word_1_140' title='bbox 937 858 965 887; x_wconf 90' lang='lat' dir='ltr'><strong>Si</strong></span> <span class='ocrx_word' id='word_1_141' title='bbox 980 863 1071 903; x_wconf 75' lang='lat' dir='ltr'><strong>autem</strong></span> 
     </span>
    </p>
   </div>
   <div class='ocr_carea' id='block_1_19' title="bbox 1124 258 1931 296">
    <p class='ocr_par' dir='ltr' id='par_1_19' title="bbox 1124 258 1931 296">
     <span class='ocr_line' id='line_1_19' title="bbox 1124 258 1931 296; baseline 0.014 -11"><span class='ocrx_word' id='word_1_142' title='bbox 1124 258 1212 292; x_wconf 83' lang='lat' dir='ltr'><strong>prium</strong></span> <span class='ocrx_word' id='word_1_143' title='bbox 1234 259 1403 294; x_wconf 84' lang='lat' dir='ltr'><strong>respirabile.</strong></span> <span class='ocrx_word' id='word_1_144' title='bbox 1433 262 1573 288; x_wconf 86' lang='lat' dir='ltr'><strong>Astruenti</strong></span> <span class='ocrx_word' id='word_1_145' title='bbox 1601 266 1704 296; x_wconf 69' lang='lat' dir='ltr'><strong>autem,</strong></span> <span class='ocrx_word' id='word_1_146' title='bbox 1734 261 1757 292; x_wconf 76' lang='lat' dir='ltr'><strong>si</strong></span> <span class='ocrx_word' id='word_1_147' title='bbox 1775 266 1931 296; x_wconf 82' lang='lat' dir='ltr'><strong>veriﬂcatnr</strong></span> 
     </span>
    </p>
   </div>
   <div class='ocr_carea' id='block_1_20' title="bbox 1125 304 1928 348">
    <p class='ocr_par' dir='ltr' id='par_1_20' title="bbox 1125 304 1928 348">
     <span class='ocr_line' id='line_1_20' title="bbox 1125 304 1928 348; baseline 0.011 -15"><span class='ocrx_word' id='word_1_148' title='bbox 1125 304 1159 333; x_wconf 90' lang='lat' dir='ltr'><strong>de</strong></span> <span class='ocrx_word' id='word_1_149' title='bbox 1173 313 1333 341; x_wconf 87' lang='lat' dir='ltr'><strong>unaquaque</strong></span> <span class='ocrx_word' id='word_1_150' title='bbox 1348 304 1476 334; x_wconf 85' lang='lat' dir='ltr'><strong>similium</strong></span> <span class='ocrx_word' id='word_1_151' title='bbox 1498 308 1615 348; x_wconf 83' lang='lat' dir='ltr'><strong>partium</strong></span> <span class='ocrx_word' id='word_1_152' title='bbox 1639 310 1709 344; x_wconf 82' lang='lat' dir='ltr'><strong>quod</strong></span> <span class='ocrx_word' id='word_1_153' title='bbox 1724 316 1767 338; x_wconf 71' lang='grc' dir='ltr'><strong>εει</strong></span> <span class='ocrx_word' id='word_1_154' title='bbox 1791 314 1928 348; x_wconf 81' lang='lat' dir='ltr'><strong>preprium</strong></span> 
     </span>
    </p>
   </div>
   <div class='ocr_carea' id='block_1_21' title="bbox 1125 344 1928 395">
    <p class='ocr_par' dir='ltr' id='par_1_21' title="bbox 1125 344 1928 395">
     <span class='ocr_line' id='line_1_21' title="bbox 1125 344 1928 395; baseline 0.011 -16"><span class='ocrx_word' id='word_1_155' title='bbox 1125 359 1218 380; x_wconf 86' lang='lat' dir='ltr'><strong>earum</strong></span> <span class='ocrx_word' id='word_1_156' title='bbox 1240 353 1387 380; x_wconf 88' lang='lat' dir='ltr'><strong>secundum</strong></span> <span class='ocrx_word' id='word_1_157' title='bbox 1406 344 1509 381; x_wconf 47' lang='lat' dir='ltr'><strong>totum:</strong></span> <span class='ocrx_word' id='word_1_158' title='bbox 1528 354 1585 381; x_wconf 83' lang='lat' dir='ltr'><strong>Erit</strong></span> <span class='ocrx_word' id='word_1_159' title='bbox 1599 355 1672 383; x_wconf 88' lang='lat' dir='ltr'><strong>enim</strong></span> <span class='ocrx_word' id='word_1_160' title='bbox 1689 344 1847 392; x_wconf 40' lang='lat' dir='ltr'><strong>propritim;</strong></span> <span class='ocrx_word' id='word_1_161' title='bbox 1856 361 1928 395; x_wconf 91' lang='lat' dir='ltr'><strong>quod</strong></span> 
     </span>
    </p>
   </div>
   <div class='ocr_carea' id='block_1_22' title="bbox 1126 399 1926 438">
    <p class='ocr_par' dir='ltr' id='par_1_22' title="bbox 1126 399 1926 438">
     <span class='ocr_line' id='line_1_22' title="bbox 1126 399 1926 438; baseline 0.013 -14"><span class='ocrx_word' id='word_1_162' title='bbox 1126 399 1241 433; x_wconf 84' lang='lat' dir='ltr'><strong>positum</strong></span> <span class='ocrx_word' id='word_1_163' title='bbox 1257 402 1299 426; x_wconf 87' lang='lat' dir='ltr'><strong>est</strong></span> <span class='ocrx_word' id='word_1_164' title='bbox 1315 407 1368 426; x_wconf 88' lang='lat' dir='ltr'><strong>non</strong></span> <span class='ocrx_word' id='word_1_165' title='bbox 1392 407 1453 428; x_wconf 84' lang='lat' dir='ltr'><strong>esse</strong></span> <span class='ocrx_word' id='word_1_166' title='bbox 1469 402 1618 436; x_wconf 86' lang='lat' dir='ltr'><strong>proprium,</strong></span> <span class='ocrx_word' id='word_1_167' title='bbox 1643 408 1671 430; x_wconf 89' lang='lat' dir='ltr'><strong>ut</strong></span> <span class='ocrx_word' id='word_1_168' title='bbox 1696 404 1756 438; x_wconf 86' lang='lat' dir='ltr'><strong>quia</strong></span> <span class='ocrx_word' id='word_1_169' title='bbox 1772 406 1926 434; x_wconf 86' lang='lat' dir='ltr'><strong>verillcatur</strong></span> 
     </span>
    </p>
   </div>
   <div class='ocr_carea' id='block_1_23' title="bbox 1124 443 1928 485">
    <p class='ocr_par' dir='ltr' id='par_1_23' title="bbox 1124 443 1928 485">
     <span class='ocr_line' id='line_1_23' title="bbox 1124 443 1928 485; baseline 0.011 -13"><span class='ocrx_word' id='word_1_170' title='bbox 1124 443 1159 472; x_wconf 87' lang='lat' dir='ltr'><strong>de</strong></span> <span class='ocrx_word' id='word_1_171' title='bbox 1167 445 1239 472; x_wconf 92' lang='lat' dir='ltr'><strong>omni</strong></span> <span class='ocrx_word' id='word_1_172' title='bbox 1255 449 1324 472; x_wconf 81' lang='lat' dir='ltr'><strong>terra</strong></span> <span class='ocrx_word' id='word_1_173' title='bbox 1341 445 1468 474; x_wconf 89' lang='lat' dir='ltr'><strong>deorsum</strong></span> <span class='ocrx_word' id='word_1_174' title='bbox 1482 447 1545 474; x_wconf 78' lang='lat' dir='ltr'><strong>ferri</strong></span> <span class='ocrx_word' id='word_1_175' title='bbox 1561 448 1708 476; x_wconf 86' lang='lat' dir='ltr'><strong>secundum</strong></span> <span class='ocrx_word' id='word_1_176' title='bbox 1724 454 1847 480; x_wconf 85' lang='lat' dir='ltr'><strong>naturam</strong></span> <span class='ocrx_word' id='word_1_177' title='bbox 1864 461 1872 485; x_wconf 87' lang='lat'><strong>;</strong></span> <span class='ocrx_word' id='word_1_178' title='bbox 1888 457 1928 481; x_wconf 88' lang='lat' dir='ltr'><strong>est</strong></span> 
     </span>
    </p>
   </div>
   <div class='ocr_carea' id='block_1_24' title="bbox 1124 489 1929 529">
    <p class='ocr_par' dir='ltr' id='par_1_24' title="bbox 1124 489 1929 529">
     <span class='ocr_line' id='line_1_24' title="bbox 1124 489 1929 529; baseline 0.014 -13"><span class='ocrx_word' id='word_1_179' title='bbox 1124 494 1214 517; x_wconf 81' lang='lat' dir='ltr'><strong>autem</strong></span> <span class='ocrx_word' id='word_1_180' title='bbox 1231 493 1258 518; x_wconf 85' lang='lat' dir='ltr'><strong>et</strong></span> <span class='ocrx_word' id='word_1_181' title='bbox 1276 489 1326 518; x_wconf 89' lang='lat' dir='ltr'><strong>hoc</strong></span> <span class='ocrx_word' id='word_1_182' title='bbox 1349 493 1487 527; x_wconf 88' lang='lat' dir='ltr'><strong>propriutn</strong></span> <span class='ocrx_word' id='word_1_183' title='bbox 1503 492 1618 529; x_wconf 83' lang='lat' dir='ltr'><strong>alicujus</strong></span> <span class='ocrx_word' id='word_1_184' title='bbox 1632 496 1711 523; x_wconf 63' lang='lat' dir='ltr'><strong>terra:</strong></span> <span class='ocrx_word' id='word_1_185' title='bbox 1724 499 1873 526; x_wconf 88' lang='lat' dir='ltr'><strong>secttndum</strong></span> <span class='ocrx_word' id='word_1_186' title='bbox 1890 506 1929 528; x_wconf 93' lang='lat' dir='ltr'><strong>to-</strong></span> 
     </span>
    </p>
   </div>
   <div class='ocr_carea' id='block_1_25' title="bbox 1125 539 1928 577">
    <p class='ocr_par' dir='ltr' id='par_1_25' title="bbox 1125 539 1928 577">
     <span class='ocr_line' id='line_1_25' title="bbox 1125 539 1928 577; baseline 0.015 -14"><span class='ocrx_word' id='word_1_187' title='bbox 1125 541 1198 570; x_wconf 83' lang='lat' dir='ltr'><strong>tum;</strong></span> <span class='ocrx_word' id='word_1_188' title='bbox 1214 544 1275 564; x_wconf 90' lang='lat' dir='ltr'><strong>nam</strong></span> <span class='ocrx_word' id='word_1_189' title='bbox 1296 539 1444 566; x_wconf 85' lang='lat' dir='ltr'><strong>secundum</strong></span> <span class='ocrx_word' id='word_1_190' title='bbox 1460 544 1568 573; x_wconf 84' lang='lat' dir='ltr'><strong>terram,</strong></span> <span class='ocrx_word' id='word_1_191' title='bbox 1590 546 1618 569; x_wconf 87' lang='lat' dir='ltr'><strong>et</strong></span> <span class='ocrx_word' id='word_1_192' title='bbox 1633 541 1660 570; x_wconf 85' lang='lat' dir='ltr'><strong>id</strong></span> <span class='ocrx_word' id='word_1_193' title='bbox 1676 544 1747 577; x_wconf 89' lang='lat' dir='ltr'><strong>quod</strong></span> <span class='ocrx_word' id='word_1_194' title='bbox 1767 550 1809 572; x_wconf 88' lang='lat' dir='ltr'><strong>est</strong></span> <span class='ocrx_word' id='word_1_195' title='bbox 1826 549 1928 575; x_wconf 90' lang='lat' dir='ltr'><strong>terram</strong></span> 
     </span>
    </p>
   </div>
   <div class='ocr_carea' id='block_1_26' title="bbox 1125 582 1928 620">
    <p class='ocr_par' dir='ltr' id='par_1_26' title="bbox 1125 582 1928 620">
     <span class='ocr_line' id='line_1_26' title="bbox 1125 582 1928 620; baseline 0.012 -11"><span class='ocrx_word' id='word_1_196' title='bbox 1125 589 1198 616; x_wconf 80' lang='lat' dir='ltr'><strong>esse,</strong></span> <span class='ocrx_word' id='word_1_197' title='bbox 1217 582 1269 610; x_wconf 91' lang='lat' dir='ltr'><strong>erit</strong></span> <span class='ocrx_word' id='word_1_198' title='bbox 1286 587 1364 611; x_wconf 69' lang='lat' dir='ltr'><strong>terra:</strong></span> <span class='ocrx_word' id='word_1_199' title='bbox 1380 585 1515 619; x_wconf 88' lang='lat' dir='ltr'><strong>proprium</strong></span> <span class='ocrx_word' id='word_1_200' title='bbox 1537 586 1663 614; x_wconf 85' lang='lat' dir='ltr'><strong>deorsum</strong></span> <span class='ocrx_word' id='word_1_201' title='bbox 1686 588 1750 616; x_wconf 77' lang='lat' dir='ltr'><strong>ferri</strong></span> <span class='ocrx_word' id='word_1_202' title='bbox 1774 592 1928 620; x_wconf 88' lang='lat' dir='ltr'><strong>secundum</strong></span> 
     </span>
    </p>
   </div>
   <div class='ocr_carea' id='block_1_27' title="bbox 1127 624 1923 672">
    <p class='ocr_par' dir='ltr' id='par_1_27' title="bbox 1127 624 1923 672">
     <span class='ocr_line' id='line_1_27' title="bbox 1127 624 1923 672; baseline 0.013 -17"><span class='ocrx_word' id='word_1_203' title='bbox 1127 634 1260 656; x_wconf 85' lang='lat' dir='ltr'><strong>naturam.</strong></span> <span class='ocrx_word' id='word_1_204' title='bbox 1283 624 1387 658; x_wconf 76' lang='lat' dir='ltr'><strong>Deinde</strong></span> <span class='ocrx_word' id='word_1_205' title='bbox 1413 637 1445 659; x_wconf 78' lang='lat' dir='ltr'><strong>ex</strong></span> <span class='ocrx_word' id='word_1_206' title='bbox 1468 632 1598 666; x_wconf 88' lang='lat' dir='ltr'><strong>oppositis</strong></span> <span class='ocrx_word' id='word_1_207' title='bbox 1618 634 1845 664; x_wconf 85' lang='lat' dir='ltr'><strong>considerandum</strong></span> <span class='ocrx_word' id='word_1_208' title='bbox 1867 637 1923 672; x_wconf 83' lang='lat' dir='ltr'><strong>est,</strong></span> 
     </span>
    </p>
   </div>
   <div class='ocr_carea' id='block_1_28' title="bbox 1125 676 1923 720">
    <p class='ocr_par' dir='ltr' id='par_1_28' title="bbox 1125 676 1923 720">
     <span class='ocr_line' id='line_1_28' title="bbox 1125 676 1923 720; baseline 0.013 -17"><span class='ocrx_word' id='word_1_209' title='bbox 1125 676 1242 711; x_wconf 91' lang='lat' dir='ltr'><strong>primum</strong></span> <span class='ocrx_word' id='word_1_210' title='bbox 1271 677 1378 711; x_wconf 85' lang='lat' dir='ltr'><strong>quidem</strong></span> <span class='ocrx_word' id='word_1_211' title='bbox 1400 686 1435 706; x_wconf 86' lang='lat' dir='ltr'><strong>ex</strong></span> <span class='ocrx_word' id='word_1_212' title='bbox 1458 681 1611 713; x_wconf 81' lang='lat' dir='ltr'><strong>contrariis.</strong></span> <span class='ocrx_word' id='word_1_213' title='bbox 1632 681 1779 711; x_wconf 86' lang='lat' dir='ltr'><strong>destruenti</strong></span> <span class='ocrx_word' id='word_1_214' title='bbox 1800 680 1923 720; x_wconf 74' lang='lat' dir='ltr'><strong>quidem,</strong></span> 
     </span>
    </p>
   </div>
   <div class='ocr_carea' id='block_1_29' title="bbox 1125 722 1921 762">
    <p class='ocr_par' dir='ltr' id='par_1_29' title="bbox 1125 722 1921 762">
     <span class='ocr_line' id='line_1_29' title="bbox 1125 722 1921 762; baseline 0.013 -13"><span class='ocrx_word' id='word_1_215' title='bbox 1125 722 1148 750; x_wconf 90' lang='lat' dir='ltr'><strong>si</strong></span> <span class='ocrx_word' id='word_1_216' title='bbox 1163 723 1290 750; x_wconf 86' lang='lat' dir='ltr'><strong>contrarii</strong></span> <span class='ocrx_word' id='word_1_217' title='bbox 1300 731 1352 751; x_wconf 90' lang='lat' dir='ltr'><strong>non</strong></span> <span class='ocrx_word' id='word_1_218' title='bbox 1367 728 1409 752; x_wconf 88' lang='lat' dir='ltr'><strong>est</strong></span> <span class='ocrx_word' id='word_1_219' title='bbox 1424 726 1600 755; x_wconf 87' lang='lat' dir='ltr'><strong>contrarium.</strong></span> <span class='ocrx_word' id='word_1_220' title='bbox 1616 726 1708 762; x_wconf 85' lang='lat' dir='ltr'><strong>Neque</strong></span> <span class='ocrx_word' id='word_1_221' title='bbox 1720 729 1792 757; x_wconf 88' lang='lat' dir='ltr'><strong>enim</strong></span> <span class='ocrx_word' id='word_1_222' title='bbox 1807 734 1921 759; x_wconf 89' lang='lat' dir='ltr'><strong>contra-</strong></span> 
     </span>
    </p>
   </div>
   <div class='ocr_carea' id='block_1_30' title="bbox 1126 769 1927 808">
    <p class='ocr_par' dir='ltr' id='par_1_30' title="bbox 1126 769 1927 808">
     <span class='ocr_line' id='line_1_30' title="bbox 1126 769 1927 808; baseline 0.011 -12"><span class='ocrx_word' id='word_1_223' title='bbox 1126 769 1158 796; x_wconf 87' lang='lat' dir='ltr'><strong>rii</strong></span> <span class='ocrx_word' id='word_1_224' title='bbox 1172 770 1223 796; x_wconf 91' lang='lat' dir='ltr'><strong>erit</strong></span> <span class='ocrx_word' id='word_1_225' title='bbox 1234 770 1398 797; x_wconf 87' lang='lat' dir='ltr'><strong>contrarium</strong></span> <span class='ocrx_word' id='word_1_226' title='bbox 1416 771 1565 806; x_wconf 87' lang='lat' dir='ltr'><strong>proprium,</strong></span> <span class='ocrx_word' id='word_1_227' title='bbox 1582 777 1611 800; x_wconf 93' lang='lat' dir='ltr'><strong>ut</strong></span> <span class='ocrx_word' id='word_1_228' title='bbox 1628 773 1690 808; x_wconf 86' lang='lat' dir='ltr'><strong>quia</strong></span> <span class='ocrx_word' id='word_1_229' title='bbox 1705 776 1874 804; x_wconf 87' lang='lat' dir='ltr'><strong>contrarium</strong></span> <span class='ocrx_word' id='word_1_230' title='bbox 1886 782 1927 805; x_wconf 77' lang='lat' dir='ltr'><strong>est</strong></span> 
     </span>
    </p>
   </div>
   <div class='ocr_carea' id='block_1_31' title="bbox 1124 813 1924 857">
    <p class='ocr_par' dir='ltr' id='par_1_31' title="bbox 1124 813 1924 857">
     <span class='ocr_line' id='line_1_31' title="bbox 1124 813 1924 857; baseline 0.014 -17"><span class='ocrx_word' id='word_1_231' title='bbox 1124 813 1236 849; x_wconf 68' lang='lat' dir='ltr'><strong>justitire</strong></span> <span class='ocrx_word' id='word_1_232' title='bbox 1251 815 1358 850; x_wconf 88' lang='lat' dir='ltr'><strong>quidem</strong></span> <span class='ocrx_word' id='word_1_233' title='bbox 1378 815 1519 852; x_wconf 84' lang='lat' dir='ltr'><strong>lnjustitia,</strong></span> <span class='ocrx_word' id='word_1_234' title='bbox 1541 819 1644 852; x_wconf 83' lang='lat' dir='ltr'><strong>optimo</strong></span> <span class='ocrx_word' id='word_1_235' title='bbox 1658 824 1749 848; x_wconf 90' lang='lat' dir='ltr'><strong>autem</strong></span> <span class='ocrx_word' id='word_1_236' title='bbox 1767 823 1924 857; x_wconf 85' lang='lat' dir='ltr'><strong>pessimum,</strong></span> 
     </span>
    </p>
   </div>
   <div class='ocr_carea' id='block_1_32' title="bbox 1126 862 1928 900">
    <p class='ocr_par' dir='ltr' id='par_1_32' title="bbox 1126 862 1928 900">
     <span class='ocr_line' id='line_1_32' title="bbox 1126 862 1928 900; baseline 0.014 -13"><span class='ocrx_word' id='word_1_237' title='bbox 1126 867 1179 888; x_wconf 93' lang='lat' dir='ltr'><strong>non</strong></span> <span class='ocrx_word' id='word_1_238' title='bbox 1194 865 1238 888; x_wconf 88' lang='lat' dir='ltr'><strong>est</strong></span> <span class='ocrx_word' id='word_1_239' title='bbox 1252 866 1342 890; x_wconf 90' lang='lat' dir='ltr'><strong>autem</strong></span> <span class='ocrx_word' id='word_1_240' title='bbox 1362 862 1474 898; x_wconf 64' lang='lat' dir='ltr'><strong>iustitiae</strong></span> <span class='ocrx_word' id='word_1_241' title='bbox 1489 866 1627 899; x_wconf 87' lang='lat' dir='ltr'><strong>proprium</strong></span> <span class='ocrx_word' id='word_1_242' title='bbox 1643 866 1785 900; x_wconf 90' lang='lat' dir='ltr'><strong>optimum,</strong></span> <span class='ocrx_word' id='word_1_243' title='bbox 1808 877 1862 897; x_wconf 91' lang='lat' dir='ltr'><strong>non</strong></span> <span class='ocrx_word' id='word_1_244' title='bbox 1878 870 1928 898; x_wconf 90' lang='lat' dir='ltr'><strong>erit</strong></span> 
     </span>
    </p>
   </div>
   <div class='ocr_carea' id='block_1_33' title="bbox 274 899 1926 945">
    <p class='ocr_par' dir='ltr' id='par_1_33' title="bbox 274 899 1926 945">
     <span class='ocr_line' id='line_1_33' title="bbox 274 899 1926 945; baseline 0.001 -3"><span class='ocrx_word' id='word_1_245' title='bbox 274 899 327 937; x_wconf 63' lang='lat' dir='ltr'><strong>ito&quot;</strong></span> <span class='ocrx_word' id='word_1_246' title='bbox 339 915 411 942; x_wconf 74' lang='grc' dir='ltr'><strong>,11οη</strong></span> <span class='ocrx_word' id='word_1_247' title='bbox 422 907 474 935; x_wconf 74' lang='grc' dir='ltr'><strong>Θΐῖι</strong></span> <span class='ocrx_word' id='word_1_248' title='bbox 484 907 518 934; x_wconf 72' lang='lat' dir='ltr'><strong>de</strong></span> <span class='ocrx_word' id='word_1_249' title='bbox 532 914 585 941; x_wconf 75' lang='lat' dir='ltr'><strong>quo</strong></span> <span class='ocrx_word' id='word_1_250' title='bbox 598 906 683 933; x_wconf 65' lang='grc' dir='ltr'><strong>(³1⁸³(ῖο</strong></span> <span class='ocrx_word' id='word_1_251' title='bbox 695 905 778 939; x_wconf 65' lang='lat' dir='ltr'><strong>magis</strong></span> <span class='ocrx_word' id='word_1_252' title='bbox 791 925 798 937; x_wconf 72' lang='grc' dir='ltr'><strong>ν</strong></span> <span class='ocrx_word' id='word_1_253' title='bbox 823 909 850 932; x_wconf 70' lang='grc' dir='ltr'><strong>ει</strong></span> <span class='ocrx_word' id='word_1_254' title='bbox 862 911 959 931; x_wconf 75' lang='lat' dir='ltr'><strong>nomen</strong></span> <span class='ocrx_word' id='word_1_255' title='bbox 971 899 1068 938; x_wconf 63' lang='lat' dir='ltr'><strong>maliis-</strong></span> <span class='ocrx_word' id='word_1_256' title='bbox 1084 904 1110 936; x_wconf 80' lang='grc' dir='ltr'>Β</span> <span class='ocrx_word' id='word_1_257' title='bbox 1123 900 1262 942; x_wconf 68' lang='lat' dir='ltr'><strong>injustitite</strong></span> <span class='ocrx_word' id='word_1_258' title='bbox 1291 909 1428 944; x_wconf 86' lang='lat' dir='ltr'><strong>proprium</strong></span> <span class='ocrx_word' id='word_1_259' title='bbox 1459 911 1616 945; x_wconf 88' lang='lat' dir='ltr'><strong>pessimum.</strong></span> <span class='ocrx_word' id='word_1_260' title='bbox 1641 909 1815 942; x_wconf 86' lang='lat' dir='ltr'><strong>Construeuti</strong></span> <span class='ocrx_word' id='word_1_261' title='bbox 1835 919 1926 945; x_wconf 86' lang='lat' dir='ltr'><strong>autem</strong></span> 
     </span>
    </p>
   </div>
   <div class='ocr_carea' id='block_1_34' title="bbox 273 950 1069 992">
    <p class='ocr_par' dir='ltr' id='par_1_34' title="bbox 273 950 1069 992">
     <span class='ocr_line' id='line_1_34' title="bbox 273 950 1069 992; baseline -0.009 -8"><span class='ocrx_word' id='word_1_262' title='bbox 273 957 395 992; x_wconf 82' lang='lat' dir='ltr'><strong>Amplius</strong></span> <span class='ocrx_word' id='word_1_263' title='bbox 409 959 497 982; x_wconf 87' lang='lat' dir='ltr'><strong>autem</strong></span> <span class='ocrx_word' id='word_1_264' title='bbox 522 953 555 981; x_wconf 91' lang='lat' dir='ltr'><strong>ad</strong></span> <span class='ocrx_word' id='word_1_265' title='bbox 569 953 627 980; x_wconf 57' lang='lat' dir='ltr'><strong>haec</strong></span> <span class='ocrx_word' id='word_1_266' title='bbox 648 952 718 979; x_wconf 86' lang='lat' dir='ltr'><strong>idem</strong></span> <span class='ocrx_word' id='word_1_267' title='bbox 734 959 794 979; x_wconf 83' lang='lat' dir='ltr'><strong>esse</strong></span> <span class='ocrx_word' id='word_1_268' title='bbox 817 951 916 978; x_wconf 88' lang='lat' dir='ltr'><strong>accidit</strong></span> <span class='ocrx_word' id='word_1_269' title='bbox 930 950 1069 985; x_wconf 86' lang='lat' dir='ltr'><strong>proprium</strong></span> 
     </span>
    </p>
   </div>
   <div class='ocr_carea' id='block_1_35' title="bbox 273 996 1070 1039">
    <p class='ocr_par' dir='ltr' id='par_1_35' title="bbox 273 996 1070 1039">
     <span class='ocr_line' id='line_1_35' title="bbox 273 996 1070 1039; baseline -0.011 -8"><span class='ocrx_word' id='word_1_270' title='bbox 273 1004 332 1039; x_wconf 88' lang='lat' dir='ltr'><strong>ejus</strong></span> <span class='ocrx_word' id='word_1_271' title='bbox 345 1001 414 1038; x_wconf 87' lang='lat' dir='ltr'><strong>quod</strong></span> <span class='ocrx_word' id='word_1_272' title='bbox 429 999 597 1035; x_wconf 84' lang='lat' dir='ltr'><strong>simpliciter,</strong></span> <span class='ocrx_word' id='word_1_273' title='bbox 609 1003 636 1026; x_wconf 93' lang='lat' dir='ltr'><strong>et</strong></span> <span class='ocrx_word' id='word_1_274' title='bbox 645 999 703 1033; x_wconf 83' lang='lat' dir='ltr'><strong>ejus</strong></span> <span class='ocrx_word' id='word_1_275' title='bbox 714 998 785 1033; x_wconf 91' lang='lat' dir='ltr'><strong>quod</strong></span> <span class='ocrx_word' id='word_1_276' title='bbox 799 998 914 1024; x_wconf 79' lang='lat' dir='ltr'><strong>maxime</strong></span> <span class='ocrx_word' id='word_1_277' title='bbox 929 996 954 1023; x_wconf 88' lang='lat' dir='ltr'><strong>iu</strong></span> <span class='ocrx_word' id='word_1_278' title='bbox 966 996 1070 1031; x_wconf 90' lang='lat' dir='ltr'><strong>simpli-</strong></span> 
     </span>
    </p>
   </div>
   <div class='ocr_carea' id='block_1_36' title="bbox 272 1044 1069 1082">
    <p class='ocr_par' dir='ltr' id='par_1_36' title="bbox 272 1044 1069 1082">
     <span class='ocr_line' id='line_1_36' title="bbox 272 1044 1069 1082; baseline -0.01 -5"><span class='ocrx_word' id='word_1_279' title='bbox 272 1049 338 1077; x_wconf 91' lang='lat' dir='ltr'><strong>citer</strong></span> <span class='ocrx_word' id='word_1_280' title='bbox 352 1048 413 1082; x_wconf 87' lang='lat' dir='ltr'><strong>tali,</strong></span> <span class='ocrx_word' id='word_1_281' title='bbox 444 1051 472 1074; x_wconf 87' lang='lat' dir='ltr'><strong>ut</strong></span> <span class='ocrx_word' id='word_1_282' title='bbox 490 1047 516 1074; x_wconf 94' lang='lat' dir='ltr'><strong>in</strong></span> <span class='ocrx_word' id='word_1_283' title='bbox 540 1053 599 1082; x_wconf 73' lang='lat' dir='ltr'><strong>igne</strong></span> <span class='ocrx_word' id='word_1_284' title='bbox 614 1053 644 1073; x_wconf 88' lang='lat' dir='ltr'><strong>se</strong></span> <span class='ocrx_word' id='word_1_285' title='bbox 657 1045 736 1072; x_wconf 83' lang='lat' dir='ltr'><strong>habet</strong></span> <span class='ocrx_word' id='word_1_286' title='bbox 757 1044 961 1072; x_wconf 90' lang='lat' dir='ltr'><strong>subtilissimum</strong></span> <span class='ocrx_word' id='word_1_287' title='bbox 975 1064 982 1076; x_wconf 96' lang='lat'><strong>,</strong></span> <span class='ocrx_word' id='word_1_288' title='bbox 1007 1050 1069 1070; x_wconf 91' lang='lat' dir='ltr'><strong>nam</strong></span> 
     </span>
    </p>
   </div>
   <div class='ocr_carea' id='block_1_37' title="bbox 272 1089 1069 1129">
    <p class='ocr_par' dir='ltr' id='par_1_37' title="bbox 272 1089 1069 1129">
     <span class='ocr_line' id='line_1_37' title="bbox 272 1089 1069 1129; baseline -0.009 -7"><span class='ocrx_word' id='word_1_289' title='bbox 272 1100 299 1123; x_wconf 87' lang='lat' dir='ltr'><strong>et</strong></span> <span class='ocrx_word' id='word_1_290' title='bbox 313 1093 470 1129; x_wconf 84' lang='lat' dir='ltr'><strong>simpliciter</strong></span> <span class='ocrx_word' id='word_1_291' title='bbox 490 1096 517 1120; x_wconf 91' lang='lat' dir='ltr'><strong>et</strong></span> <span class='ocrx_word' id='word_1_292' title='bbox 547 1091 616 1126; x_wconf 74' lang='lat' dir='ltr'><strong>ignis</strong></span> <span class='ocrx_word' id='word_1_293' title='bbox 637 1094 664 1118; x_wconf 87' lang='lat' dir='ltr'><strong>et</strong></span> <span class='ocrx_word' id='word_1_294' title='bbox 684 1090 749 1117; x_wconf 85' lang='lat' dir='ltr'><strong>lucis</strong></span> <span class='ocrx_word' id='word_1_295' title='bbox 764 1090 814 1117; x_wconf 87' lang='lat' dir='ltr'><strong>erit</strong></span> <span class='ocrx_word' id='word_1_296' title='bbox 828 1089 879 1116; x_wconf 86' lang='lat' dir='ltr'><strong>hoc</strong></span> <span class='ocrx_word' id='word_1_297' title='bbox 900 1089 987 1124; x_wconf 93' lang='lat' dir='ltr'><strong>ipsum</strong></span> <span class='ocrx_word' id='word_1_298' title='bbox 1003 1095 1069 1124; x_wconf 89' lang='lat' dir='ltr'><strong>pro-</strong></span> 
     </span>
    </p>
   </div>
   <div class='ocr_carea' id='block_1_38' title="bbox 271 1130 1069 1181">
    <p class='ocr_par' dir='ltr' id='par_1_38' title="bbox 271 1130 1069 1181">
     <span class='ocr_line' id='line_1_38' title="bbox 271 1130 1069 1181; baseline -0.008 -13"><span class='ocrx_word' id='word_1_299' title='bbox 271 1130 371 1181; x_wconf 69' lang='lat' dir='ltr'><strong>prium,</strong></span> <span class='ocrx_word' id='word_1_300' title='bbox 384 1138 559 1166; x_wconf 87' lang='lat' dir='ltr'><strong>subtilissima</strong></span> <span class='ocrx_word' id='word_1_301' title='bbox 570 1136 643 1164; x_wconf 88' lang='lat' dir='ltr'><strong>enim</strong></span> <span class='ocrx_word' id='word_1_302' title='bbox 652 1141 692 1164; x_wconf 90' lang='lat' dir='ltr'><strong>est</strong></span> <span class='ocrx_word' id='word_1_303' title='bbox 705 1136 765 1167; x_wconf 73' lang='lat' dir='ltr'><strong>lux;</strong></span> <span class='ocrx_word' id='word_1_304' title='bbox 781 1142 843 1163; x_wconf 89' lang='lat' dir='ltr'><strong>cum</strong></span> <span class='ocrx_word' id='word_1_305' title='bbox 852 1134 933 1170; x_wconf 80' lang='lat' dir='ltr'><strong>igitur</strong></span> <span class='ocrx_word' id='word_1_306' title='bbox 948 1132 1016 1162; x_wconf 83' lang='lat' dir='ltr'><strong>alius</strong></span> <span class='ocrx_word' id='word_1_307' title='bbox 1029 1134 1069 1163; x_wconf 87' lang='lat' dir='ltr'><strong>sic</strong></span> 
     </span>
    </p>
   </div>
   <div class='ocr_carea' id='block_1_39' title="bbox 271 1181 1069 1227">
    <p class='ocr_par' dir='ltr' id='par_1_39' title="bbox 271 1181 1069 1227">
     <span class='ocr_line' id='line_1_39' title="bbox 271 1181 1069 1227; baseline -0.008 -13"><span class='ocrx_word' id='word_1_308' title='bbox 271 1186 389 1222; x_wconf 76' lang='lat' dir='ltr'><strong>aSsignat</strong></span> <span class='ocrx_word' id='word_1_309' title='bbox 403 1185 551 1220; x_wconf 87' lang='lat' dir='ltr'><strong>proprium,</strong></span> <span class='ocrx_word' id='word_1_310' title='bbox 576 1181 833 1227; x_wconf 77' lang='lat' dir='ltr'><strong>argumentandum.</strong></span> <span class='ocrx_word' id='word_1_311' title='bbox 845 1181 896 1209; x_wconf 88' lang='lat' dir='ltr'><strong>sibi</strong></span> <span class='ocrx_word' id='word_1_312' title='bbox 910 1186 999 1209; x_wconf 86' lang='lat' dir='ltr'><strong>autem</strong></span> <span class='ocrx_word' id='word_1_313' title='bbox 1015 1187 1069 1209; x_wconf 91' lang='lat' dir='ltr'><strong>non</strong></span> 
     </span>
    </p>
   </div>
   <div class='ocr_carea' id='block_1_40' title="bbox 274 1227 1068 1263">
    <p class='ocr_par' dir='ltr' id='par_1_40' title="bbox 274 1227 1068 1263">
     <span class='ocr_line' id='line_1_40' title="bbox 274 1227 1068 1263; baseline -0.005 -4"><span class='ocrx_word' id='word_1_314' title='bbox 274 1231 361 1260; x_wconf 86' lang='lat' dir='ltr'><strong>danda</strong></span> <span class='ocrx_word' id='word_1_315' title='bbox 377 1231 433 1258; x_wconf 76' lang='lat' dir='ltr'><strong>hanc</strong></span> <span class='ocrx_word' id='word_1_316' title='bbox 448 1230 585 1262; x_wconf 85' lang='lat' dir='ltr'><strong>instantia,</strong></span> <span class='ocrx_word' id='word_1_317' title='bbox 600 1228 646 1257; x_wconf 91' lang='lat' dir='ltr'><strong>scd</strong></span> <span class='ocrx_word' id='word_1_318' title='bbox 662 1229 752 1256; x_wconf 83' lang='lat' dir='ltr'><strong>statim</strong></span> <span class='ocrx_word' id='word_1_319' title='bbox 768 1233 829 1256; x_wconf 86' lang='lat' dir='ltr'><strong>cum</strong></span> <span class='ocrx_word' id='word_1_320' title='bbox 842 1227 917 1262; x_wconf 90' lang='lat' dir='ltr'><strong>ponit</strong></span> <span class='ocrx_word' id='word_1_321' title='bbox 929 1228 1068 1263; x_wconf 85' lang='lat' dir='ltr'><strong>proprium</strong></span> 
     </span>
    </p>
   </div>
   <div class='ocr_carea' id='block_1_41' title="bbox 271 1270 959 1313">
    <p class='ocr_par' dir='ltr' id='par_1_41' title="bbox 271 1270 959 1313">
     <span class='ocr_line' id='line_1_41' title="bbox 271 1270 959 1313; baseline -0.009 -7"><span class='ocrx_word' id='word_1_322' title='bbox 271 1270 506 1313; x_wconf 74' lang='lat' dir='ltr'><strong>determinandum</strong></span> <span class='ocrx_word' id='word_1_323' title='bbox 521 1279 563 1303; x_wconf 90' lang='lat' dir='ltr'><strong>est</strong></span> <span class='ocrx_word' id='word_1_324' title='bbox 576 1274 711 1310; x_wconf 92' lang='lat' dir='ltr'><strong>quomodo</strong></span> <span class='ocrx_word' id='word_1_325' title='bbox 724 1273 800 1309; x_wconf 86' lang='lat' dir='ltr'><strong>ponit</strong></span> <span class='ocrx_word' id='word_1_326' title='bbox 811 1273 959 1309; x_wconf 88' lang='lat' dir='ltr'><strong>proprium.</strong></span> 
     </span>
    </p>
   </div>
   <div class='ocr_carea' id='block_1_42' title="bbox 272 1323 763 1357">
    <p class='ocr_par' dir='ltr' id='par_1_42' title="bbox 272 1323 763 1357">
     <span class='ocr_line' id='line_1_42' title="bbox 272 1323 763 1357; baseline -0.008 2"><span class='ocrx_word' id='word_1_327' title='bbox 272 1323 278 1326; x_wconf 84' lang='grc'><em>”</em></span> <span class='ocrx_word' id='word_1_328' title='bbox 584 1329 763 1357; x_wconf 84' lang='lat' dir='ltr'><strong>CAPUTlV.</strong></span> 
     </span>
    </p>
   </div>
   <div class='ocr_carea' id='block_1_43' title="bbox 514 1368 822 1407">
    <p class='ocr_par' dir='ltr' id='par_1_43' title="bbox 514 1368 822 1407">
     <span class='ocr_line' id='line_1_43' title="bbox 514 1368 822 1407; baseline -0.006 -9"><span class='ocrx_word' id='word_1_329' title='bbox 514 1370 554 1398; x_wconf 79' lang='lat' dir='ltr'><strong>De</strong></span> <span class='ocrx_word' id='word_1_330' title='bbox 571 1371 676 1407; x_wconf 81' lang='lat' dir='ltr'><strong>proprio</strong></span> <span class='ocrx_word' id='word_1_331' title='bbox 697 1369 746 1397; x_wconf 86' lang='lat' dir='ltr'><strong>loci</strong></span> <span class='ocrx_word' id='word_1_332' title='bbox 765 1368 822 1396; x_wconf 77' lang='lat' dir='ltr'><strong>alii.</strong></span> 
     </span>
    </p>
   </div>
   <div class='ocr_carea' id='block_1_44' title="bbox 273 1413 1070 1451">
    <p class='ocr_par' dir='ltr' id='par_1_44' title="bbox 273 1413 1070 1451">
     <span class='ocr_line' id='line_1_44' title="bbox 273 1413 1070 1451; baseline -0.009 -4"><span class='ocrx_word' id='word_1_333' title='bbox 273 1413 277 1416; x_wconf 69' lang='grc'><strong>’</strong></span> <span class='ocrx_word' id='word_1_334' title='bbox 305 1416 406 1447; x_wconf 83' lang='lat' dir='ltr'><strong>Deinde</strong></span> <span class='ocrx_word' id='word_1_335' title='bbox 431 1415 579 1445; x_wconf 86' lang='lat' dir='ltr'><strong>destruenti</strong></span> <span class='ocrx_word' id='word_1_336' title='bbox 603 1414 722 1451; x_wconf 89' lang='lat' dir='ltr'><strong>quidem,</strong></span> <span class='ocrx_word' id='word_1_337' title='bbox 740 1414 761 1441; x_wconf 90' lang='lat' dir='ltr'><strong>si</strong></span> <span class='ocrx_word' id='word_1_338' title='bbox 778 1414 849 1442; x_wconf 91' lang='lat' dir='ltr'><strong>idem</strong></span> <span class='ocrx_word' id='word_1_339' title='bbox 870 1413 992 1449; x_wconf 83' lang='lat' dir='ltr'><strong>ejusdem</strong></span> <span class='ocrx_word' id='word_1_340' title='bbox 1008 1420 1070 1449; x_wconf 88' lang='lat' dir='ltr'><strong>pro-</strong></span> 
     </span>
    </p>
   </div>
   <div class='ocr_carea' id='block_1_45' title="bbox 268 1453 1071 1506">
    <p class='ocr_par' dir='ltr' id='par_1_45' title="bbox 268 1453 1071 1506">
     <span class='ocr_line' id='line_1_45' title="bbox 268 1453 1071 1506; baseline -0.009 -12"><span class='ocrx_word' id='word_1_341' title='bbox 268 1453 355 1506; x_wconf 64' lang='lat' dir='ltr'><strong>prium</strong></span> <span class='ocrx_word' id='word_1_342' title='bbox 370 1463 466 1499; x_wconf 85' lang='lat' dir='ltr'><strong>posuit.</strong></span> <span class='ocrx_word' id='word_1_343' title='bbox 488 1461 545 1490; x_wconf 89' lang='lat' dir='ltr'><strong>Non</strong></span> <span class='ocrx_word' id='word_1_344' title='bbox 560 1461 631 1490; x_wconf 90' lang='lat' dir='ltr'><strong>enim</strong></span> <span class='ocrx_word' id='word_1_345' title='bbox 655 1461 707 1488; x_wconf 90' lang='lat' dir='ltr'><strong>erit</strong></span> <span class='ocrx_word' id='word_1_346' title='bbox 733 1460 882 1506; x_wconf 89' lang='lat' dir='ltr'><strong>proprium,</strong></span> <span class='ocrx_word' id='word_1_347' title='bbox 904 1460 975 1495; x_wconf 88' lang='lat' dir='ltr'><strong>quod</strong></span> <span class='ocrx_word' id='word_1_348' title='bbox 998 1459 1071 1495; x_wconf 86' lang='lat' dir='ltr'><strong>posi-</strong></span> 
     </span>
    </p>
   </div>
   <div class='ocr_carea' id='block_1_46' title="bbox 269 1505 1069 1544">
    <p class='ocr_par' dir='ltr' id='par_1_46' title="bbox 269 1505 1069 1544">
     <span class='ocr_line' id='line_1_46' title="bbox 269 1505 1069 1544; baseline -0.008 -5"><span class='ocrx_word' id='word_1_349' title='bbox 269 1515 324 1539; x_wconf 89' lang='lat' dir='ltr'><strong>tum</strong></span> <span class='ocrx_word' id='word_1_350' title='bbox 338 1514 451 1538; x_wconf 85' lang='lat' dir='ltr'><strong>estesse</strong></span> <span class='ocrx_word' id='word_1_351' title='bbox 466 1508 614 1544; x_wconf 75' lang='lat' dir='ltr'><strong>proprium,</strong></span> <span class='ocrx_word' id='word_1_352' title='bbox 632 1515 691 1534; x_wconf 89' lang='lat' dir='ltr'><strong>nam</strong></span> <span class='ocrx_word' id='word_1_353' title='bbox 708 1506 778 1534; x_wconf 88' lang='lat' dir='ltr'><strong>idem</strong></span> <span class='ocrx_word' id='word_1_354' title='bbox 798 1505 886 1534; x_wconf 87' lang='lat' dir='ltr'><strong>eidem</strong></span> <span class='ocrx_word' id='word_1_355' title='bbox 897 1510 988 1539; x_wconf 68' lang='lat' dir='ltr'><strong>Omne,</strong></span> <span class='ocrx_word' id='word_1_356' title='bbox 1004 1506 1069 1541; x_wconf 88' lang='lat' dir='ltr'><strong>quid</strong></span> 
     </span>
    </p>
   </div>
   <div class='ocr_carea' id='block_1_47' title="bbox 267 1552 1069 1590">
    <p class='ocr_par' dir='ltr' id='par_1_47' title="bbox 267 1552 1069 1590">
     <span class='ocr_line' id='line_1_47' title="bbox 267 1552 1069 1590; baseline -0.007 -5"><span class='ocrx_word' id='word_1_357' title='bbox 267 1552 378 1585; x_wconf 71' lang='lat' dir='ltr'><strong>estesse</strong></span> <span class='ocrx_word' id='word_1_358' title='bbox 401 1554 519 1588; x_wconf 84' lang='lat' dir='ltr'><strong>indicat;</strong></span> <span class='ocrx_word' id='word_1_359' title='bbox 534 1553 605 1590; x_wconf 87' lang='lat' dir='ltr'><strong>quod</strong></span> <span class='ocrx_word' id='word_1_360' title='bbox 620 1556 710 1581; x_wconf 86' lang='lat' dir='ltr'><strong>autem</strong></span> <span class='ocrx_word' id='word_1_361' title='bbox 726 1560 788 1581; x_wconf 88' lang='lat' dir='ltr'><strong>esse</strong></span> <span class='ocrx_word' id='word_1_362' title='bbox 811 1553 923 1586; x_wconf 89' lang='lat' dir='ltr'><strong>indicat,</strong></span> <span class='ocrx_word' id='word_1_363' title='bbox 938 1561 991 1580; x_wconf 94' lang='lat' dir='ltr'><strong>non</strong></span> <span class='ocrx_word' id='word_1_364' title='bbox 1004 1561 1069 1588; x_wconf 87' lang='lat' dir='ltr'><strong>pro-</strong></span> 
     </span>
    </p>
   </div>
   <div class='ocr_carea' id='block_1_48' title="bbox 1127 953 1927 992">
    <p class='ocr_par' dir='ltr' id='par_1_48' title="bbox 1127 953 1927 992">
     <span class='ocr_line' id='line_1_48' title="bbox 1127 953 1927 992; baseline 0.011 -12"><span class='ocrx_word' id='word_1_365' title='bbox 1127 953 1149 980; x_wconf 89' lang='lat' dir='ltr'><strong>si</strong></span> <span class='ocrx_word' id='word_1_366' title='bbox 1172 954 1301 981; x_wconf 85' lang='lat' dir='ltr'><strong>e0ntt&#39;aril</strong></span> <span class='ocrx_word' id='word_1_367' title='bbox 1325 956 1491 983; x_wconf 88' lang='lat' dir='ltr'><strong>contrarium</strong></span> <span class='ocrx_word' id='word_1_368' title='bbox 1518 957 1653 992; x_wconf 88' lang='lat' dir='ltr'><strong>proprium</strong></span> <span class='ocrx_word' id='word_1_369' title='bbox 1679 963 1730 992; x_wconf 74' lang='lat' dir='ltr'><strong>est,</strong></span> <span class='ocrx_word' id='word_1_370' title='bbox 1748 964 1774 987; x_wconf 88' lang='lat' dir='ltr'><strong>et</strong></span> <span class='ocrx_word' id='word_1_371' title='bbox 1796 962 1927 989; x_wconf 80' lang='lat' dir='ltr'><strong>contrarii</strong></span> 
     </span>
    </p>
   </div>
   <div class='ocr_carea' id='block_1_49' title="bbox 1123 1001 1926 1040">
    <p class='ocr_par' dir='ltr' id='par_1_49' title="bbox 1123 1001 1926 1040">
     <span class='ocr_line' id='line_1_49' title="bbox 1123 1001 1926 1040; baseline 0.012 -14"><span class='ocrx_word' id='word_1_372' title='bbox 1123 1001 1287 1026; x_wconf 83' lang='lat' dir='ltr'><strong>Contrarium</strong></span> <span class='ocrx_word' id='word_1_373' title='bbox 1313 1001 1450 1035; x_wconf 80' lang='lat' dir='ltr'><strong>proprium</strong></span> <span class='ocrx_word' id='word_1_374' title='bbox 1479 1002 1539 1029; x_wconf 83' lang='lat' dir='ltr'><strong>erit.</strong></span> <span class='ocrx_word' id='word_1_375' title='bbox 1556 1002 1591 1030; x_wconf 87' lang='lat' dir='ltr'><strong>Ut</strong></span> <span class='ocrx_word' id='word_1_376' title='bbox 1605 1004 1666 1040; x_wconf 84' lang='lat' dir='ltr'><strong>quia</strong></span> <span class='ocrx_word' id='word_1_377' title='bbox 1694 1007 1860 1035; x_wconf 85' lang='lat' dir='ltr'><strong>contrarium</strong></span> <span class='ocrx_word' id='word_1_378' title='bbox 1883 1013 1926 1036; x_wconf 87' lang='lat' dir='ltr'><strong>est</strong></span> 
     </span>
    </p>
   </div>
   <div class='ocr_carea' id='block_1_50' title="bbox 1123 1043 1926 1087">
    <p class='ocr_par' dir='ltr' id='par_1_50' title="bbox 1123 1043 1926 1087">
     <span class='ocr_line' id='line_1_50' title="bbox 1123 1043 1926 1087; baseline 0.012 -16"><span class='ocrx_word' id='word_1_379' title='bbox 1123 1043 1195 1072; x_wconf 83' lang='lat' dir='ltr'><strong>bono</strong></span> <span class='ocrx_word' id='word_1_380' title='bbox 1210 1043 1318 1079; x_wconf 82' lang='lat' dir='ltr'><strong>quidem</strong></span> <span class='ocrx_word' id='word_1_381' title='bbox 1334 1045 1443 1079; x_wconf 87' lang='lat' dir='ltr'><strong>malum,</strong></span> <span class='ocrx_word' id='word_1_382' title='bbox 1461 1047 1586 1082; x_wconf 80' lang='lat' dir='ltr'><strong>eligendo</strong></span> <span class='ocrx_word' id='word_1_383' title='bbox 1600 1051 1689 1077; x_wconf 87' lang='lat' dir='ltr'><strong>autem</strong></span> <span class='ocrx_word' id='word_1_384' title='bbox 1701 1050 1869 1087; x_wconf 80' lang='lat' dir='ltr'><strong>fugiendum,</strong></span> <span class='ocrx_word' id='word_1_385' title='bbox 1885 1059 1926 1081; x_wconf 82' lang='lat' dir='ltr'><strong>est</strong></span> 
     </span>
    </p>
   </div>
   <div class='ocr_carea' id='block_1_51' title="bbox 1123 1090 1923 1133">
    <p class='ocr_par' dir='ltr' id='par_1_51' title="bbox 1123 1090 1923 1133">
     <span class='ocr_line' id='line_1_51' title="bbox 1123 1090 1923 1133; baseline 0.014 -17"><span class='ocrx_word' id='word_1_386' title='bbox 1123 1094 1212 1117; x_wconf 89' lang='lat' dir='ltr'><strong>autem</strong></span> <span class='ocrx_word' id='word_1_387' title='bbox 1228 1090 1290 1118; x_wconf 88' lang='lat' dir='ltr'><strong>boni</strong></span> <span class='ocrx_word' id='word_1_388' title='bbox 1307 1093 1442 1126; x_wconf 81' lang='lat' dir='ltr'><strong>proprium</strong></span> <span class='ocrx_word' id='word_1_389' title='bbox 1459 1094 1622 1129; x_wconf 76' lang='lat' dir='ltr'><strong>eligendum,</strong></span> <span class='ocrx_word' id='word_1_390' title='bbox 1640 1097 1691 1123; x_wconf 85' lang='lat' dir='ltr'><strong>erit</strong></span> <span class='ocrx_word' id='word_1_391' title='bbox 1706 1097 1769 1125; x_wconf 87' lang='lat' dir='ltr'><strong>mali</strong></span> <span class='ocrx_word' id='word_1_392' title='bbox 1784 1100 1923 1133; x_wconf 88' lang='lat' dir='ltr'><strong>proprium</strong></span> 
     </span>
    </p>
   </div>
   <div class='ocr_carea' id='block_1_52' title="bbox 1124 1134 1925 1181">
    <p class='ocr_par' dir='ltr' id='par_1_52' title="bbox 1124 1134 1925 1181">
     <span class='ocr_line' id='line_1_52' title="bbox 1124 1134 1925 1181; baseline 0.015 -19"><span class='ocrx_word' id='word_1_393' title='bbox 1124 1134 1290 1171; x_wconf 75' lang='lat' dir='ltr'><strong>fugiendum.</strong></span> <span class='ocrx_word' id='word_1_394' title='bbox 1314 1136 1468 1166; x_wconf 82' lang='lat' dir='ltr'><strong>Secundum</strong></span> <span class='ocrx_word' id='word_1_395' title='bbox 1485 1145 1585 1174; x_wconf 88' lang='lat' dir='ltr'><strong>autem,</strong></span> <span class='ocrx_word' id='word_1_396' title='bbox 1602 1149 1634 1169; x_wconf 84' lang='lat' dir='ltr'><strong>ex</strong></span> <span class='ocrx_word' id='word_1_397' title='bbox 1652 1142 1684 1169; x_wconf 88' lang='lat' dir='ltr'><strong>iis</strong></span> <span class='ocrx_word' id='word_1_398' title='bbox 1699 1151 1758 1177; x_wconf 73' lang='lat' dir='ltr'><strong>qui:</strong></span> <span class='ocrx_word' id='word_1_399' title='bbox 1774 1145 1807 1172; x_wconf 83' lang='lat' dir='ltr'><strong>ad</strong></span> <span class='ocrx_word' id='word_1_400' title='bbox 1823 1142 1925 1181; x_wconf 71' lang='lat' dir='ltr'><strong>aliquid</strong></span> 
     </span>
    </p>
   </div>
   <div class='ocr_carea' id='block_1_53' title="bbox 1123 1182 1922 1226">
    <p class='ocr_par' dir='ltr' id='par_1_53' title="bbox 1123 1182 1922 1226">
     <span class='ocr_line' id='line_1_53' title="bbox 1123 1182 1922 1226; baseline 0.014 -18"><span class='ocrx_word' id='word_1_401' title='bbox 1123 1187 1195 1212; x_wconf 84' lang='lat' dir='ltr'><strong>sunt.</strong></span> <span class='ocrx_word' id='word_1_402' title='bbox 1211 1182 1362 1211; x_wconf 85' lang='lat' dir='ltr'><strong>destruenti</strong></span> <span class='ocrx_word' id='word_1_403' title='bbox 1384 1184 1500 1219; x_wconf 83' lang='lat' dir='ltr'><strong>quidem,</strong></span> <span class='ocrx_word' id='word_1_404' title='bbox 1519 1186 1543 1213; x_wconf 88' lang='lat' dir='ltr'><strong>si</strong></span> <span class='ocrx_word' id='word_1_405' title='bbox 1558 1186 1609 1214; x_wconf 85' lang='lat' dir='ltr'><strong>hoc</strong></span> <span class='ocrx_word' id='word_1_406' title='bbox 1621 1188 1692 1223; x_wconf 89' lang='lat' dir='ltr'><strong>quod</strong></span> <span class='ocrx_word' id='word_1_407' title='bbox 1708 1187 1741 1216; x_wconf 89' lang='lat' dir='ltr'><strong>ad</strong></span> <span class='ocrx_word' id='word_1_408' title='bbox 1757 1189 1855 1225; x_wconf 76' lang='lat' dir='ltr'><strong>aliquid</strong></span> <span class='ocrx_word' id='word_1_409' title='bbox 1870 1196 1922 1226; x_wconf 81' lang='lat' dir='ltr'><strong>est,</strong></span> 
     </span>
    </p>
   </div>
   <div class='ocr_carea' id='block_1_54' title="bbox 1122 1228 1924 1272">
    <p class='ocr_par' dir='ltr' id='par_1_54' title="bbox 1122 1228 1924 1272">
     <span class='ocr_line' id='line_1_54' title="bbox 1122 1228 1924 1272; baseline 0.015 -18"><span class='ocrx_word' id='word_1_410' title='bbox 1122 1228 1180 1262; x_wconf 89' lang='lat' dir='ltr'><strong>ejus</strong></span> <span class='ocrx_word' id='word_1_411' title='bbox 1196 1228 1267 1263; x_wconf 86' lang='lat' dir='ltr'><strong>quod</strong></span> <span class='ocrx_word' id='word_1_412' title='bbox 1282 1235 1324 1256; x_wconf 87' lang='lat' dir='ltr'><strong>est</strong></span> <span class='ocrx_word' id='word_1_413' title='bbox 1346 1230 1380 1257; x_wconf 55' lang='lat' dir='ltr'><strong>all</strong></span> <span class='ocrx_word' id='word_1_414' title='bbox 1402 1231 1502 1266; x_wconf 89' lang='lat' dir='ltr'><strong>aliquid</strong></span> <span class='ocrx_word' id='word_1_415' title='bbox 1520 1239 1631 1261; x_wconf 84' lang='lat' dir='ltr'><strong>nonest</strong></span> <span class='ocrx_word' id='word_1_416' title='bbox 1661 1236 1808 1270; x_wconf 84' lang='lat' dir='ltr'><strong>propriuu.</strong></span> <span class='ocrx_word' id='word_1_417' title='bbox 1833 1237 1924 1272; x_wconf 81' lang='lat' dir='ltr'><strong>Neque</strong></span> 
     </span>
    </p>
   </div>
   <div class='ocr_carea' id='block_1_55' title="bbox 1122 1274 1925 1319">
    <p class='ocr_par' dir='ltr' id='par_1_55' title="bbox 1122 1274 1925 1319">
     <span class='ocr_line' id='line_1_55' title="bbox 1122 1274 1925 1319; baseline 0.015 -18"><span class='ocrx_word' id='word_1_418' title='bbox 1122 1274 1194 1302; x_wconf 90' lang='lat' dir='ltr'><strong>enim</strong></span> <span class='ocrx_word' id='word_1_419' title='bbox 1213 1275 1263 1303; x_wconf 92' lang='lat' dir='ltr'><strong>hoc</strong></span> <span class='ocrx_word' id='word_1_420' title='bbox 1278 1277 1349 1311; x_wconf 92' lang='lat' dir='ltr'><strong>quod</strong></span> <span class='ocrx_word' id='word_1_421' title='bbox 1372 1278 1405 1305; x_wconf 90' lang='lat' dir='ltr'><strong>ad</strong></span> <span class='ocrx_word' id='word_1_422' title='bbox 1421 1278 1522 1314; x_wconf 86' lang='lat' dir='ltr'><strong>aliquid</strong></span> <span class='ocrx_word' id='word_1_423' title='bbox 1541 1284 1592 1315; x_wconf 87' lang='lat' dir='ltr'><strong>est,</strong></span> <span class='ocrx_word' id='word_1_424' title='bbox 1606 1281 1664 1315; x_wconf 87' lang='lat' dir='ltr'><strong>ejus</strong></span> <span class='ocrx_word' id='word_1_425' title='bbox 1685 1282 1755 1318; x_wconf 87' lang='lat' dir='ltr'><strong>quod</strong></span> <span class='ocrx_word' id='word_1_426' title='bbox 1776 1283 1809 1311; x_wconf 88' lang='lat' dir='ltr'><strong>ad</strong></span> <span class='ocrx_word' id='word_1_427' title='bbox 1823 1283 1925 1319; x_wconf 80' lang='lat' dir='ltr'><strong>aliquid</strong></span> 
     </span>
    </p>
   </div>
   <div class='ocr_carea' id='block_1_56' title="bbox 1122 1323 1925 1366">
    <p class='ocr_par' dir='ltr' id='par_1_56' title="bbox 1122 1323 1925 1366">
     <span class='ocr_line' id='line_1_56' title="bbox 1122 1323 1925 1366; baseline 0.015 -18"><span class='ocrx_word' id='word_1_428' title='bbox 1122 1326 1166 1349; x_wconf 82' lang='lat' dir='ltr'><strong>est</strong></span> <span class='ocrx_word' id='word_1_429' title='bbox 1189 1323 1240 1349; x_wconf 92' lang='lat' dir='ltr'><strong>erit</strong></span> <span class='ocrx_word' id='word_1_430' title='bbox 1263 1324 1412 1357; x_wconf 87' lang='lat' dir='ltr'><strong>proprium,</strong></span> <span class='ocrx_word' id='word_1_431' title='bbox 1442 1330 1472 1354; x_wconf 89' lang='lat' dir='ltr'><strong>ut</strong></span> <span class='ocrx_word' id='word_1_432' title='bbox 1492 1326 1553 1361; x_wconf 86' lang='lat' dir='ltr'><strong>quia</strong></span> <span class='ocrx_word' id='word_1_433' title='bbox 1568 1327 1667 1356; x_wconf 86' lang='lat' dir='ltr'><strong>dicitur</strong></span> <span class='ocrx_word' id='word_1_434' title='bbox 1681 1325 1790 1364; x_wconf 83' lang='lat' dir='ltr'><strong>duplum</strong></span> <span class='ocrx_word' id='word_1_435' title='bbox 1815 1331 1925 1366; x_wconf 75' lang='lat' dir='ltr'><strong>Quidetn</strong></span> 
     </span>
    </p>
   </div>
   <div class='ocr_carea' id='block_1_57' title="bbox 1126 1366 1925 1409">
    <p class='ocr_par' dir='ltr' id='par_1_57' title="bbox 1126 1366 1925 1409">
     <span class='ocr_line' id='line_1_57' title="bbox 1126 1366 1925 1409; baseline 0.015 -16"><span class='ocrx_word' id='word_1_436' title='bbox 1126 1368 1159 1393; x_wconf 87' lang='lat' dir='ltr'><strong>ad</strong></span> <span class='ocrx_word' id='word_1_437' title='bbox 1172 1366 1323 1401; x_wconf 89' lang='lat' dir='ltr'><strong>dimidium,</strong></span> <span class='ocrx_word' id='word_1_438' title='bbox 1338 1376 1468 1404; x_wconf 83' lang='lat' dir='ltr'><strong>superans</strong></span> <span class='ocrx_word' id='word_1_439' title='bbox 1481 1376 1572 1399; x_wconf 90' lang='lat' dir='ltr'><strong>autem</strong></span> <span class='ocrx_word' id='word_1_440' title='bbox 1588 1373 1622 1400; x_wconf 86' lang='lat' dir='ltr'><strong>ad</strong></span> <span class='ocrx_word' id='word_1_441' title='bbox 1635 1379 1800 1409; x_wconf 85' lang='lat' dir='ltr'><strong>superatum,</strong></span> <span class='ocrx_word' id='word_1_442' title='bbox 1818 1384 1871 1404; x_wconf 94' lang='lat' dir='ltr'><strong>non</strong></span> <span class='ocrx_word' id='word_1_443' title='bbox 1883 1381 1925 1405; x_wconf 81' lang='lat' dir='ltr'><strong>est</strong></span> 
     </span>
    </p>
   </div>
   <div class='ocr_carea' id='block_1_58' title="bbox 1122 1414 1924 1454">
    <p class='ocr_par' dir='ltr' id='par_1_58' title="bbox 1122 1414 1924 1454">
     <span class='ocr_line' id='line_1_58' title="bbox 1122 1414 1924 1454; baseline 0.015 -14"><span class='ocrx_word' id='word_1_444' title='bbox 1122 1419 1211 1441; x_wconf 87' lang='lat' dir='ltr'><strong>autem</strong></span> <span class='ocrx_word' id='word_1_445' title='bbox 1237 1414 1311 1449; x_wconf 88' lang='lat' dir='ltr'><strong>dupli</strong></span> <span class='ocrx_word' id='word_1_446' title='bbox 1333 1417 1469 1451; x_wconf 89' lang='lat' dir='ltr'><strong>proprium</strong></span> <span class='ocrx_word' id='word_1_447' title='bbox 1498 1425 1639 1454; x_wconf 83' lang='lat' dir='ltr'><strong>superans,</strong></span> <span class='ocrx_word' id='word_1_448' title='bbox 1664 1428 1717 1448; x_wconf 82' lang='lat' dir='ltr'><strong>non</strong></span> <span class='ocrx_word' id='word_1_449' title='bbox 1743 1422 1795 1450; x_wconf 90' lang='lat' dir='ltr'><strong>erit</strong></span> <span class='ocrx_word' id='word_1_450' title='bbox 1818 1422 1924 1452; x_wconf 85' lang='lat' dir='ltr'><strong>dimidii</strong></span> 
     </span>
    </p>
   </div>
   <div class='ocr_carea' id='block_1_59' title="bbox 1124 1461 1924 1505">
    <p class='ocr_par' dir='ltr' id='par_1_59' title="bbox 1124 1461 1924 1505">
     <span class='ocr_line' id='line_1_59' title="bbox 1124 1461 1924 1505; baseline 0.015 -18"><span class='ocrx_word' id='word_1_451' title='bbox 1124 1461 1262 1495; x_wconf 87' lang='lat' dir='ltr'><strong>proprium</strong></span> <span class='ocrx_word' id='word_1_452' title='bbox 1279 1467 1444 1496; x_wconf 89' lang='lat' dir='ltr'><strong>superattnn.</strong></span> <span class='ocrx_word' id='word_1_453' title='bbox 1457 1463 1628 1493; x_wconf 83' lang='lat' dir='ltr'><strong>Construeuti</strong></span> <span class='ocrx_word' id='word_1_454' title='bbox 1640 1470 1740 1500; x_wconf 86' lang='lat' dir='ltr'><strong>autem,</strong></span> <span class='ocrx_word' id='word_1_455' title='bbox 1755 1468 1777 1495; x_wconf 89' lang='lat' dir='ltr'><strong>si</strong></span> <span class='ocrx_word' id='word_1_456' title='bbox 1786 1470 1844 1504; x_wconf 70' lang='lat' dir='ltr'><strong>ejus</strong></span> <span class='ocrx_word' id='word_1_457' title='bbox 1854 1470 1924 1505; x_wconf 78' lang='lat' dir='ltr'><strong>quod</strong></span> 
     </span>
    </p>
   </div>
   <div class='ocr_carea' id='block_1_60' title="bbox 1122 1507 1924 1551">
    <p class='ocr_par' dir='ltr' id='par_1_60' title="bbox 1122 1507 1924 1551">
     <span class='ocr_line' id='line_1_60' title="bbox 1122 1507 1924 1551; baseline 0.016 -19"><span class='ocrx_word' id='word_1_458' title='bbox 1122 1511 1164 1533; x_wconf 89' lang='lat' dir='ltr'><strong>est</strong></span> <span class='ocrx_word' id='word_1_459' title='bbox 1176 1507 1209 1533; x_wconf 89' lang='lat' dir='ltr'><strong>ad</strong></span> <span class='ocrx_word' id='word_1_460' title='bbox 1224 1508 1333 1541; x_wconf 86' lang='lat' dir='ltr'><strong>aliquid,</strong></span> <span class='ocrx_word' id='word_1_461' title='bbox 1351 1508 1401 1536; x_wconf 92' lang='lat' dir='ltr'><strong>hoc</strong></span> <span class='ocrx_word' id='word_1_462' title='bbox 1413 1509 1484 1543; x_wconf 90' lang='lat' dir='ltr'><strong>quod</strong></span> <span class='ocrx_word' id='word_1_463' title='bbox 1499 1511 1533 1538; x_wconf 83' lang='lat' dir='ltr'><strong>ad</strong></span> <span class='ocrx_word' id='word_1_464' title='bbox 1553 1512 1654 1546; x_wconf 86' lang='lat' dir='ltr'><strong>aliquiJ</strong></span> <span class='ocrx_word' id='word_1_465' title='bbox 1671 1519 1713 1541; x_wconf 84' lang='lat' dir='ltr'><strong>est</strong></span> <span class='ocrx_word' id='word_1_466' title='bbox 1727 1515 1875 1551; x_wconf 78' lang='lat' dir='ltr'><strong>proprium,</strong></span> <span class='ocrx_word' id='word_1_467' title='bbox 1898 1520 1924 1545; x_wconf 84' lang='lat' dir='ltr'><strong>et</strong></span> 
     </span>
    </p>
   </div>
   <div class='ocr_carea' id='block_1_61' title="bbox 1123 1551 1924 1598">
    <p class='ocr_par' dir='ltr' id='par_1_61' title="bbox 1123 1551 1924 1598">
     <span class='ocr_line' id='line_1_61' title="bbox 1123 1551 1924 1598; baseline 0.015 -20"><span class='ocrx_word' id='word_1_468' title='bbox 1123 1551 1181 1585; x_wconf 84' lang='lat' dir='ltr'><strong>ejus</strong></span> <span class='ocrx_word' id='word_1_469' title='bbox 1196 1552 1266 1586; x_wconf 87' lang='lat' dir='ltr'><strong>quod</strong></span> <span class='ocrx_word' id='word_1_470' title='bbox 1279 1559 1320 1581; x_wconf 87' lang='lat' dir='ltr'><strong>est</strong></span> <span class='ocrx_word' id='word_1_471' title='bbox 1335 1554 1447 1588; x_wconf 87' lang='lat' dir='ltr'><strong>aliquid,</strong></span> <span class='ocrx_word' id='word_1_472' title='bbox 1460 1555 1486 1582; x_wconf 86' lang='lat' dir='ltr'><strong>id</strong></span> <span class='ocrx_word' id='word_1_473' title='bbox 1501 1556 1572 1590; x_wconf 83' lang='lat' dir='ltr'><strong>quod</strong></span> <span class='ocrx_word' id='word_1_474' title='bbox 1584 1556 1669 1585; x_wconf 82' lang='lat' dir='ltr'><strong>estad</strong></span> <span class='ocrx_word' id='word_1_475' title='bbox 1682 1559 1781 1596; x_wconf 86' lang='lat' dir='ltr'><strong>aliquid</strong></span> <span class='ocrx_word' id='word_1_476' title='bbox 1800 1561 1851 1589; x_wconf 81' lang='lat' dir='ltr'><strong>erit</strong></span> <span class='ocrx_word' id='word_1_477' title='bbox 1863 1570 1924 1598; x_wconf 53' lang='lat' dir='ltr'><strong>pro.</strong></span> 
     </span>
    </p>
   </div>
   <div class='ocr_carea' id='block_1_62' title="bbox 268 1598 1925 1643">
    <p class='ocr_par' dir='ltr' id='par_1_62' title="bbox 268 1598 1925 1643">
     <span class='ocr_line' id='line_1_62' title="bbox 268 1598 1925 1643; baseline 0.007 -17"><span class='ocrx_word' id='word_1_478' title='bbox 268 1599 365 1643; x_wconf 57' lang='lat' dir='ltr'><strong>tsi-ium,</strong></span> <span class='ocrx_word' id='word_1_479' title='bbox 381 1601 428 1630; x_wconf 87' lang='lat' dir='ltr'><strong>sed</strong></span> <span class='ocrx_word' id='word_1_480' title='bbox 446 1601 572 1630; x_wconf 69' lang='lat' dir='ltr'><strong>terminus</strong></span> <span class='ocrx_word' id='word_1_481' title='bbox 587 1603 639 1634; x_wconf 81' lang='lat' dir='ltr'><strong>est,</strong></span> <span class='ocrx_word' id='word_1_482' title='bbox 660 1605 688 1628; x_wconf 88' lang='lat' dir='ltr'><strong>ut</strong></span> <span class='ocrx_word' id='word_1_483' title='bbox 714 1600 777 1635; x_wconf 88' lang='lat' dir='ltr'><strong>quia</strong></span> <span class='ocrx_word' id='word_1_484' title='bbox 802 1600 847 1635; x_wconf 92' lang='lat' dir='ltr'><strong>qui</strong></span> <span class='ocrx_word' id='word_1_485' title='bbox 864 1599 931 1627; x_wconf 80' lang='lat' dir='ltr'><strong>dixit</strong></span> <span class='ocrx_word' id='word_1_486' title='bbox 959 1599 1069 1626; x_wconf 86' lang='lat' dir='ltr'><strong>honesti</strong></span> <span class='ocrx_word' id='word_1_487' title='bbox 1086 1598 1116 1631; x_wconf 41' lang='lat' dir='ltr'><strong>C&#39;</strong></span> <span class='ocrx_word' id='word_1_488' title='bbox 1126 1600 1223 1634; x_wconf 81' lang='lat' dir='ltr'><strong>prium.</strong></span> <span class='ocrx_word' id='word_1_489' title='bbox 1235 1601 1337 1635; x_wconf 78' lang='lat' dir='ltr'><strong>thuia</strong></span> <span class='ocrx_word' id='word_1_490' title='bbox 1350 1602 1447 1630; x_wconf 89' lang='lat' dir='ltr'><strong>dicitur</strong></span> <span class='ocrx_word' id='word_1_491' title='bbox 1458 1603 1567 1638; x_wconf 91' lang='lat' dir='ltr'><strong>duplum</strong></span> <span class='ocrx_word' id='word_1_492' title='bbox 1581 1605 1688 1640; x_wconf 87' lang='lat' dir='ltr'><strong>quidem</strong></span> <span class='ocrx_word' id='word_1_493' title='bbox 1700 1606 1733 1634; x_wconf 83' lang='lat' dir='ltr'><strong>ad</strong></span> <span class='ocrx_word' id='word_1_494' title='bbox 1744 1601 1883 1637; x_wconf 84' lang='lat' dir='ltr'><strong>dimidium</strong></span> <span class='ocrx_word' id='word_1_495' title='bbox 1898 1609 1925 1638; x_wconf 81' lang='lat' dir='ltr'><strong>id</strong></span> 
     </span>
    </p>
   </div>
   <div class='ocr_carea' id='block_1_63' title="bbox 267 1644 1071 1684">
    <p class='ocr_par' dir='ltr' id='par_1_63' title="bbox 267 1644 1071 1684">
     <span class='ocr_line' id='line_1_63' title="bbox 267 1644 1071 1684; baseline -0.006 -7"><span class='ocrx_word' id='word_1_496' title='bbox 267 1648 403 1684; x_wconf 81' lang='lat' dir='ltr'><strong>proprium</strong></span> <span class='ocrx_word' id='word_1_497' title='bbox 418 1647 516 1676; x_wconf 84' lang='lat' dir='ltr'><strong>decens</strong></span> <span class='ocrx_word' id='word_1_498' title='bbox 530 1654 600 1679; x_wconf 85' lang='lat' dir='ltr'><strong>esse,</strong></span> <span class='ocrx_word' id='word_1_499' title='bbox 622 1646 691 1674; x_wconf 91' lang='lat' dir='ltr'><strong>idem</strong></span> <span class='ocrx_word' id='word_1_500' title='bbox 703 1644 825 1681; x_wconf 87' lang='lat' dir='ltr'><strong>ejusdem</strong></span> <span class='ocrx_word' id='word_1_501' title='bbox 841 1645 978 1680; x_wconf 89' lang='lat' dir='ltr'><strong>proprium</strong></span> <span class='ocrx_word' id='word_1_502' title='bbox 1001 1646 1071 1673; x_wconf 90' lang='lat' dir='ltr'><strong>assi-</strong></span> 
     </span>
    </p>
   </div>
   <div class='ocr_carea' id='block_1_64' title="bbox 268 1691 1068 1731">
    <p class='ocr_par' dir='ltr' id='par_1_64' title="bbox 268 1691 1068 1731">
     <span class='ocr_line' id='line_1_64' title="bbox 268 1691 1068 1731; baseline -0.005 -9"><span class='ocrx_word' id='word_1_503' title='bbox 268 1696 357 1731; x_wconf 78' lang='lat' dir='ltr'><strong>gnavit</strong></span> <span class='ocrx_word' id='word_1_504' title='bbox 372 1694 453 1730; x_wconf 86' lang='lat' dir='ltr'><strong>(idem</strong></span> <span class='ocrx_word' id='word_1_505' title='bbox 469 1694 542 1721; x_wconf 89' lang='lat' dir='ltr'><strong>enim</strong></span> <span class='ocrx_word' id='word_1_506' title='bbox 555 1698 595 1720; x_wconf 89' lang='lat' dir='ltr'><strong>est</strong></span> <span class='ocrx_word' id='word_1_507' title='bbox 612 1692 757 1720; x_wconf 88' lang='lat' dir='ltr'><strong>honestum</strong></span> <span class='ocrx_word' id='word_1_508' title='bbox 773 1696 801 1720; x_wconf 88' lang='lat' dir='ltr'><strong>et</strong></span> <span class='ocrx_word' id='word_1_509' title='bbox 811 1691 932 1727; x_wconf 86' lang='lat' dir='ltr'><strong>decens),</strong></span> <span class='ocrx_word' id='word_1_510' title='bbox 949 1698 1001 1718; x_wconf 86' lang='lat' dir='ltr'><strong>non</strong></span> <span class='ocrx_word' id='word_1_511' title='bbox 1015 1692 1068 1718; x_wconf 85' lang='lat' dir='ltr'><strong>uti-</strong></span> 
     </span>
    </p>
   </div>
   <div class='ocr_carea' id='block_1_65' title="bbox 268 1738 1070 1779">
    <p class='ocr_par' dir='ltr' id='par_1_65' title="bbox 268 1738 1070 1779">
     <span class='ocr_line' id='line_1_65' title="bbox 268 1738 1070 1779; baseline -0.005 -10"><span class='ocrx_word' id='word_1_512' title='bbox 268 1738 319 1779; x_wconf 64' lang='lat' dir='ltr'><strong>que</strong></span> <span class='ocrx_word' id='word_1_513' title='bbox 343 1743 395 1769; x_wconf 87' lang='lat' dir='ltr'><strong>erit</strong></span> <span class='ocrx_word' id='word_1_514' title='bbox 418 1739 517 1768; x_wconf 86' lang='lat' dir='ltr'><strong>decens</strong></span> <span class='ocrx_word' id='word_1_515' title='bbox 538 1740 643 1767; x_wconf 89' lang='lat' dir='ltr'><strong>honesti</strong></span> <span class='ocrx_word' id='word_1_516' title='bbox 670 1740 817 1775; x_wconf 90' lang='lat' dir='ltr'><strong>proprium.</strong></span> <span class='ocrx_word' id='word_1_517' title='bbox 835 1739 1007 1766; x_wconf 89' lang='lat' dir='ltr'><strong>Construeuti</strong></span> <span class='ocrx_word' id='word_1_518' title='bbox 1021 1746 1070 1765; x_wconf 87' lang='lat' dir='ltr'><strong>au-</strong></span> 
     </span>
    </p>
   </div>
   <div class='ocr_carea' id='block_1_66' title="bbox 268 1785 1068 1821">
    <p class='ocr_par' dir='ltr' id='par_1_66' title="bbox 268 1785 1068 1821">
     <span class='ocr_line' id='line_1_66' title="bbox 268 1785 1068 1821; baseline -0.006 -5"><span class='ocrx_word' id='word_1_519' title='bbox 268 1786 333 1821; x_wconf 83' lang='lat' dir='ltr'><strong>tem,</strong></span> <span class='ocrx_word' id='word_1_520' title='bbox 350 1787 372 1814; x_wconf 91' lang='lat' dir='ltr'><strong>si</strong></span> <span class='ocrx_word' id='word_1_521' title='bbox 387 1794 438 1814; x_wconf 91' lang='lat' dir='ltr'><strong>non</strong></span> <span class='ocrx_word' id='word_1_522' title='bbox 451 1785 571 1820; x_wconf 81' lang='lat' dir='ltr'><strong>ejusdem</strong></span> <span class='ocrx_word' id='word_1_523' title='bbox 589 1785 726 1820; x_wconf 92' lang='lat' dir='ltr'><strong>proprium</strong></span> <span class='ocrx_word' id='word_1_524' title='bbox 750 1785 909 1819; x_wconf 73' lang='lat' dir='ltr'><strong>assignavit,</strong></span> <span class='ocrx_word' id='word_1_525' title='bbox 925 1793 985 1812; x_wconf 90' lang='lat' dir='ltr'><strong>cum</strong></span> <span class='ocrx_word' id='word_1_526' title='bbox 1001 1791 1068 1812; x_wconf 90' lang='lat' dir='ltr'><strong>con-</strong></span> 
     </span>
    </p>
   </div>
   <div class='ocr_carea' id='block_1_67' title="bbox 269 1830 1070 1868">
    <p class='ocr_par' dir='ltr' id='par_1_67' title="bbox 269 1830 1070 1868">
     <span class='ocr_line' id='line_1_67' title="bbox 269 1830 1070 1868; baseline -0.006 -6"><span class='ocrx_word' id='word_1_527' title='bbox 269 1830 366 1863; x_wconf 63' lang='lat' dir='ltr'><strong>sersim</strong></span> <span class='ocrx_word' id='word_1_528' title='bbox 379 1832 551 1868; x_wconf 55' lang='lat' dir='ltr'><strong>praedicatum</strong></span> <span class='ocrx_word' id='word_1_529' title='bbox 578 1831 676 1866; x_wconf 85' lang='lat' dir='ltr'><strong>posuit.</strong></span> <span class='ocrx_word' id='word_1_530' title='bbox 693 1830 760 1857; x_wconf 84' lang='lat' dir='ltr'><strong>Nam</strong></span> <span class='ocrx_word' id='word_1_531' title='bbox 784 1831 983 1865; x_wconf 85' lang='lat' dir='ltr'><strong>critproprium</strong></span> <span class='ocrx_word' id='word_1_532' title='bbox 997 1830 1070 1866; x_wconf 89' lang='lat' dir='ltr'><strong>quod</strong></span> 
     </span>
    </p>
   </div>
   <div class='ocr_carea' id='block_1_68' title="bbox 267 1875 1070 1914">
    <p class='ocr_par' dir='ltr' id='par_1_68' title="bbox 267 1875 1070 1914">
     <span class='ocr_line' id='line_1_68' title="bbox 267 1875 1070 1914; baseline -0.002 -8"><span class='ocrx_word' id='word_1_533' title='bbox 267 1875 384 1914; x_wconf 78' lang='lat' dir='ltr'><strong>positum</strong></span> <span class='ocrx_word' id='word_1_534' title='bbox 408 1883 448 1906; x_wconf 85' lang='lat' dir='ltr'><strong>est</strong></span> <span class='ocrx_word' id='word_1_535' title='bbox 470 1885 522 1905; x_wconf 91' lang='lat' dir='ltr'><strong>non</strong></span> <span class='ocrx_word' id='word_1_536' title='bbox 548 1884 607 1905; x_wconf 80' lang='lat' dir='ltr'><strong>esse</strong></span> <span class='ocrx_word' id='word_1_537' title='bbox 624 1877 772 1912; x_wconf 88' lang='lat' dir='ltr'><strong>proprium,</strong></span> <span class='ocrx_word' id='word_1_538' title='bbox 787 1881 817 1904; x_wconf 90' lang='lat' dir='ltr'><strong>ut</strong></span> <span class='ocrx_word' id='word_1_539' title='bbox 841 1877 903 1912; x_wconf 88' lang='lat' dir='ltr'><strong>quia</strong></span> <span class='ocrx_word' id='word_1_540' title='bbox 917 1876 963 1913; x_wconf 88' lang='lat' dir='ltr'><strong>qui</strong></span> <span class='ocrx_word' id='word_1_541' title='bbox 979 1877 1070 1911; x_wconf 90' lang='lat' dir='ltr'><strong>posuit</strong></span> 
     </span>
    </p>
   </div>
   <div class='ocr_carea' id='block_1_69' title="bbox 267 1920 1067 1960">
    <p class='ocr_par' dir='ltr' id='par_1_69' title="bbox 267 1920 1067 1960">
     <span class='ocr_line' id='line_1_69' title="bbox 267 1920 1067 1960; baseline -0.006 -6"><span class='ocrx_word' id='word_1_542' title='bbox 267 1920 391 1954; x_wconf 75' lang='lat' dir='ltr'><strong>animalis</strong></span> <span class='ocrx_word' id='word_1_543' title='bbox 405 1924 540 1960; x_wconf 88' lang='lat' dir='ltr'><strong>proprium</strong></span> <span class='ocrx_word' id='word_1_544' title='bbox 553 1923 578 1950; x_wconf 91' lang='lat' dir='ltr'><strong>id</strong></span> <span class='ocrx_word' id='word_1_545' title='bbox 594 1923 664 1959; x_wconf 89' lang='lat' dir='ltr'><strong>quod</strong></span> <span class='ocrx_word' id='word_1_546' title='bbox 685 1923 835 1951; x_wconf 88' lang='lat' dir='ltr'><strong>substantia</strong></span> <span class='ocrx_word' id='word_1_547' title='bbox 861 1924 989 1954; x_wconf 88' lang='lat' dir='ltr'><strong>animata,</strong></span> <span class='ocrx_word' id='word_1_548' title='bbox 1014 1930 1067 1949; x_wconf 93' lang='lat' dir='ltr'><strong>non</strong></span> 
     </span>
    </p>
   </div>
   <div class='ocr_carea' id='block_1_70' title="bbox 266 1963 1070 2011">
    <p class='ocr_par' dir='ltr' id='par_1_70' title="bbox 266 1963 1070 2011">
     <span class='ocr_line' id='line_1_70' title="bbox 266 1963 1070 2011; baseline -0.005 -12"><span class='ocrx_word' id='word_1_549' title='bbox 266 1963 340 2011; x_wconf 63' lang='lat' dir='ltr'><strong>idem</strong></span> <span class='ocrx_word' id='word_1_550' title='bbox 362 1971 470 2006; x_wconf 89' lang='lat' dir='ltr'><strong>quidem</strong></span> <span class='ocrx_word' id='word_1_551' title='bbox 486 1969 606 2006; x_wconf 83' lang='lat' dir='ltr'><strong>ejusdem</strong></span> <span class='ocrx_word' id='word_1_552' title='bbox 627 1970 765 2004; x_wconf 80' lang='lat' dir='ltr'><strong>proprium</strong></span> <span class='ocrx_word' id='word_1_553' title='bbox 785 1970 882 2004; x_wconf 85' lang='lat' dir='ltr'><strong>posuit,</strong></span> <span class='ocrx_word' id='word_1_554' title='bbox 908 1973 935 1995; x_wconf 89' lang='lat' dir='ltr'><strong>et</strong></span> <span class='ocrx_word' id='word_1_555' title='bbox 955 1974 1070 1995; x_wconf 86' lang='lat' dir='ltr'><strong>conver-</strong></span> 
     </span>
    </p>
   </div>
   <div class='ocr_carea' id='block_1_71' title="bbox 266 2009 1068 2052">
    <p class='ocr_par' dir='ltr' id='par_1_71' title="bbox 266 2009 1068 2052">
     <span class='ocr_line' id='line_1_71' title="bbox 266 2009 1068 2052; baseline -0.004 -8"><span class='ocrx_word' id='word_1_556' title='bbox 266 2009 320 2045; x_wconf 61' lang='lat' dir='ltr'><strong>iim</strong></span> <span class='ocrx_word' id='word_1_557' title='bbox 349 2016 521 2052; x_wconf 60' lang='lat' dir='ltr'><strong>praidicatum</strong></span> <span class='ocrx_word' id='word_1_558' title='bbox 541 2016 699 2051; x_wconf 74' lang='lat' dir='ltr'><strong>assignavit,</strong></span> <span class='ocrx_word' id='word_1_559' title='bbox 716 2016 767 2043; x_wconf 86' lang='lat' dir='ltr'><strong>erit</strong></span> <span class='ocrx_word' id='word_1_560' title='bbox 791 2014 915 2042; x_wconf 82' lang='lat' dir='ltr'><strong>animalis</strong></span> <span class='ocrx_word' id='word_1_561' title='bbox 931 2015 1068 2049; x_wconf 85' lang='lat' dir='ltr'><strong>prOprium</strong></span> 
     </span>
    </p>
   </div>
   <div class='ocr_carea' id='block_1_72' title="bbox 267 2061 1068 2098">
    <p class='ocr_par' dir='ltr' id='par_1_72' title="bbox 267 2061 1068 2098">
     <span class='ocr_line' id='line_1_72' title="bbox 267 2061 1068 2098; baseline -0.005 -6"><span class='ocrx_word' id='word_1_562' title='bbox 267 2063 414 2092; x_wconf 69' lang='lat' dir='ltr'><strong>substantia</strong></span> <span class='ocrx_word' id='word_1_563' title='bbox 430 2063 556 2090; x_wconf 89' lang='lat' dir='ltr'><strong>animata.</strong></span> <span class='ocrx_word' id='word_1_564' title='bbox 573 2062 674 2090; x_wconf 89' lang='lat' dir='ltr'><strong>Deinde</strong></span> <span class='ocrx_word' id='word_1_565' title='bbox 687 2061 766 2090; x_wconf 83' lang='lat' dir='ltr'><strong>etiam</strong></span> <span class='ocrx_word' id='word_1_566' title='bbox 783 2062 808 2088; x_wconf 87' lang='lat' dir='ltr'><strong>iu</strong></span> <span class='ocrx_word' id='word_1_567' title='bbox 824 2062 856 2089; x_wconf 91' lang='lat' dir='ltr'><strong>iis</strong></span> <span class='ocrx_word' id='word_1_568' title='bbox 867 2069 928 2098; x_wconf 73' lang='lat' dir='ltr'><strong>qua:</strong></span> <span class='ocrx_word' id='word_1_569' title='bbox 939 2062 1068 2089; x_wconf 85' lang='lat' dir='ltr'><strong>similium</strong></span> 
     </span>
    </p>
   </div>
   <div class='ocr_carea' id='block_1_73' title="bbox 225 2103 1068 2145">
    <p class='ocr_par' dir='ltr' id='par_1_73' title="bbox 225 2103 1068 2145">
     <span class='ocr_line' id='line_1_73' title="bbox 225 2103 1068 2145; baseline -0.002 -10"><span class='ocrx_word' id='word_1_570' title='bbox 225 2103 229 2107; x_wconf 66' lang='grc'>’</span> <span class='ocrx_word' id='word_1_571' title='bbox 265 2109 384 2145; x_wconf 84' lang='lat' dir='ltr'><strong>partium</strong></span> <span class='ocrx_word' id='word_1_572' title='bbox 402 2113 463 2135; x_wconf 90' lang='lat' dir='ltr'><strong>sunt</strong></span> <span class='ocrx_word' id='word_1_573' title='bbox 478 2107 703 2135; x_wconf 85' lang='lat' dir='ltr'><strong>considerandum</strong></span> <span class='ocrx_word' id='word_1_574' title='bbox 716 2112 768 2139; x_wconf 84' lang='lat' dir='ltr'><strong>est,</strong></span> <span class='ocrx_word' id='word_1_575' title='bbox 782 2105 931 2134; x_wconf 88' lang='lat' dir='ltr'><strong>destruenti</strong></span> <span class='ocrx_word' id='word_1_576' title='bbox 946 2106 1068 2141; x_wconf 78' lang='lat' dir='ltr'><strong>quidem,</strong></span> 
     </span>
    </p>
   </div>
   <div class='ocr_carea' id='block_1_74' title="bbox 241 2151 1069 2189">
    <p class='ocr_par' dir='ltr' id='par_1_74' title="bbox 241 2151 1069 2189">
     <span class='ocr_line' id='line_1_74' title="bbox 241 2151 1069 2189; baseline -0.005 -7"><span class='ocrx_word' id='word_1_577' title='bbox 241 2179 243 2182; x_wconf 96' lang='lat'><strong>.</strong></span> <span class='ocrx_word' id='word_1_578' title='bbox 267 2155 290 2186; x_wconf 78' lang='lat' dir='ltr'><strong>si</strong></span> <span class='ocrx_word' id='word_1_579' title='bbox 306 2157 375 2189; x_wconf 85' lang='lat' dir='ltr'><strong>quod</strong></span> <span class='ocrx_word' id='word_1_580' title='bbox 393 2154 474 2181; x_wconf 90' lang='lat' dir='ltr'><strong>totius</strong></span> <span class='ocrx_word' id='word_1_581' title='bbox 488 2157 529 2180; x_wconf 90' lang='lat' dir='ltr'><strong>est</strong></span> <span class='ocrx_word' id='word_1_582' title='bbox 540 2153 687 2187; x_wconf 88' lang='lat' dir='ltr'><strong>proprium,</strong></span> <span class='ocrx_word' id='word_1_583' title='bbox 704 2160 756 2179; x_wconf 92' lang='lat' dir='ltr'><strong>non</strong></span> <span class='ocrx_word' id='word_1_584' title='bbox 768 2151 921 2178; x_wconf 83' lang='lat' dir='ltr'><strong>verilicatur</strong></span> <span class='ocrx_word' id='word_1_585' title='bbox 934 2151 966 2178; x_wconf 90' lang='lat' dir='ltr'><strong>de</strong></span> <span class='ocrx_word' id='word_1_586' title='bbox 981 2156 1069 2185; x_wconf 83' lang='lat' dir='ltr'><strong>parte,</strong></span> 
     </span>
    </p>
   </div>
   <div class='ocr_carea' id='block_1_75' title="bbox 266 2197 1070 2236">
    <p class='ocr_par' dir='ltr' id='par_1_75' title="bbox 266 2197 1070 2236">
     <span class='ocr_line' id='line_1_75' title="bbox 266 2197 1070 2236; baseline -0.004 -8"><span class='ocrx_word' id='word_1_587' title='bbox 266 2201 393 2236; x_wconf 88' lang='lat' dir='ltr'><strong>autquod</strong></span> <span class='ocrx_word' id='word_1_588' title='bbox 409 2200 501 2235; x_wconf 86' lang='lat' dir='ltr'><strong>partis,</strong></span> <span class='ocrx_word' id='word_1_589' title='bbox 519 2206 571 2226; x_wconf 91' lang='lat' dir='ltr'><strong>non</strong></span> <span class='ocrx_word' id='word_1_590' title='bbox 590 2198 688 2226; x_wconf 82' lang='lat' dir='ltr'><strong>dicitur</strong></span> <span class='ocrx_word' id='word_1_591' title='bbox 704 2198 738 2225; x_wconf 90' lang='lat' dir='ltr'><strong>de</strong></span> <span class='ocrx_word' id='word_1_592' title='bbox 761 2201 828 2225; x_wconf 88' lang='lat' dir='ltr'><strong>toto.</strong></span> <span class='ocrx_word' id='word_1_593' title='bbox 852 2197 909 2224; x_wconf 91' lang='lat' dir='ltr'><strong>Non</strong></span> <span class='ocrx_word' id='word_1_594' title='bbox 931 2197 1001 2224; x_wconf 88' lang='lat' dir='ltr'><strong>enim</strong></span> <span class='ocrx_word' id='word_1_595' title='bbox 1018 2198 1070 2225; x_wconf 88' lang='lat' dir='ltr'><strong>erit</strong></span> 
     </span>
    </p>
   </div>
   <div class='ocr_carea' id='block_1_76' title="bbox 267 2242 1070 2282">
    <p class='ocr_par' dir='ltr' id='par_1_76' title="bbox 267 2242 1070 2282">
     <span class='ocr_line' id='line_1_76' title="bbox 267 2242 1070 2282; baseline -0.005 -8"><span class='ocrx_word' id='word_1_596' title='bbox 267 2247 416 2282; x_wconf 88' lang='lat' dir='ltr'><strong>proprium,</strong></span> <span class='ocrx_word' id='word_1_597' title='bbox 431 2245 502 2282; x_wconf 89' lang='lat' dir='ltr'><strong>quod</strong></span> <span class='ocrx_word' id='word_1_598' title='bbox 525 2245 640 2280; x_wconf 90' lang='lat' dir='ltr'><strong>positum</strong></span> <span class='ocrx_word' id='word_1_599' title='bbox 657 2248 698 2271; x_wconf 80' lang='lat' dir='ltr'><strong>est</strong></span> <span class='ocrx_word' id='word_1_600' title='bbox 722 2249 783 2271; x_wconf 81' lang='lat' dir='ltr'><strong>esse.</strong></span> <span class='ocrx_word' id='word_1_601' title='bbox 799 2242 948 2278; x_wconf 84' lang='lat' dir='ltr'><strong>proprium,</strong></span> <span class='ocrx_word' id='word_1_602' title='bbox 971 2243 1070 2270; x_wconf 88' lang='lat' dir='ltr'><strong>accidit</strong></span> 
     </span>
    </p>
   </div>
   <div class='ocr_carea' id='block_1_77' title="bbox 1125 1651 1926 1693">
    <p class='ocr_par' dir='ltr' id='par_1_77' title="bbox 1125 1651 1926 1693">
     <span class='ocr_line' id='line_1_77' title="bbox 1125 1651 1926 1693; baseline 0.011 -15"><span class='ocrx_word' id='word_1_603' title='bbox 1125 1658 1185 1679; x_wconf 72' lang='lat' dir='ltr'><strong>esst:</strong></span> <span class='ocrx_word' id='word_1_604' title='bbox 1193 1651 1264 1687; x_wconf 88' lang='lat' dir='ltr'><strong>quod</strong></span> <span class='ocrx_word' id='word_1_605' title='bbox 1275 1652 1328 1680; x_wconf 92' lang='lat' dir='ltr'><strong>duo</strong></span> <span class='ocrx_word' id='word_1_606' title='bbox 1342 1652 1375 1680; x_wconf 86' lang='lat' dir='ltr'><strong>ad</strong></span> <span class='ocrx_word' id='word_1_607' title='bbox 1391 1661 1484 1684; x_wconf 89' lang='lat' dir='ltr'><strong>unum,</strong></span> <span class='ocrx_word' id='word_1_608' title='bbox 1498 1658 1540 1681; x_wconf 91' lang='lat' dir='ltr'><strong>est</strong></span> <span class='ocrx_word' id='word_1_609' title='bbox 1550 1660 1638 1683; x_wconf 88' lang='lat' dir='ltr'><strong>autem</strong></span> <span class='ocrx_word' id='word_1_610' title='bbox 1652 1656 1724 1692; x_wconf 85' lang='lat' dir='ltr'><strong>dtile</strong></span> <span class='ocrx_word' id='word_1_611' title='bbox 1736 1658 1884 1693; x_wconf 87' lang='lat' dir='ltr'><strong>proprium,</strong></span> <span class='ocrx_word' id='word_1_612' title='bbox 1896 1663 1926 1688; x_wconf 71' lang='lat' dir='ltr'><strong>ut</strong></span> 
     </span>
    </p>
   </div>
   <div class='ocr_carea' id='block_1_78' title="bbox 1125 1696 1925 1735">
    <p class='ocr_par' dir='ltr' id='par_1_78' title="bbox 1125 1696 1925 1735">
     <span class='ocr_line' id='line_1_78' title="bbox 1125 1696 1925 1735; baseline 0.011 -13"><span class='ocrx_word' id='word_1_613' title='bbox 1125 1696 1178 1723; x_wconf 89' lang='lat' dir='ltr'><strong>duo</strong></span> <span class='ocrx_word' id='word_1_614' title='bbox 1198 1697 1230 1723; x_wconf 91' lang='lat' dir='ltr'><strong>ad</strong></span> <span class='ocrx_word' id='word_1_615' title='bbox 1252 1705 1344 1730; x_wconf 88' lang='lat' dir='ltr'><strong>unum,</strong></span> <span class='ocrx_word' id='word_1_616' title='bbox 1369 1698 1420 1724; x_wconf 85' lang='lat' dir='ltr'><strong>erit</strong></span> <span class='ocrx_word' id='word_1_617' title='bbox 1440 1696 1544 1726; x_wconf 77' lang='lat' dir='ltr'><strong>dimidii</strong></span> <span class='ocrx_word' id='word_1_618' title='bbox 1564 1701 1711 1735; x_wconf 87' lang='lat' dir='ltr'><strong>proprium,</strong></span> <span class='ocrx_word' id='word_1_619' title='bbox 1728 1706 1757 1729; x_wconf 86' lang='lat' dir='ltr'><strong>ut</strong></span> <span class='ocrx_word' id='word_1_620' title='bbox 1781 1710 1861 1729; x_wconf 83' lang='lat' dir='ltr'><strong>unum</strong></span> <span class='ocrx_word' id='word_1_621' title='bbox 1886 1703 1925 1732; x_wconf 74' lang='grc' dir='ltr'><strong>ιίξ</strong></span> 
     </span>
    </p>
   </div>
   <div class='ocr_carea' id='block_1_79' title="bbox 1125 1742 1925 1783">
    <p class='ocr_par' dir='ltr' id='par_1_79' title="bbox 1125 1742 1925 1783">
     <span class='ocr_line' id='line_1_79' title="bbox 1125 1742 1925 1783; baseline 0.011 -16"><span class='ocrx_word' id='word_1_622' title='bbox 1125 1742 1187 1769; x_wconf 92' lang='lat' dir='ltr'><strong>duo.</strong></span> <span class='ocrx_word' id='word_1_623' title='bbox 1204 1742 1322 1769; x_wconf 83' lang='lat' dir='ltr'><strong>Tertium</strong></span> <span class='ocrx_word' id='word_1_624' title='bbox 1339 1748 1427 1771; x_wconf 88' lang='lat' dir='ltr'><strong>autem</strong></span> <span class='ocrx_word' id='word_1_625' title='bbox 1441 1744 1587 1772; x_wconf 79' lang='lat' dir='ltr'><strong>destruenti</strong></span> <span class='ocrx_word' id='word_1_626' title='bbox 1599 1747 1715 1782; x_wconf 82' lang='lat' dir='ltr'><strong>quidem,</strong></span> <span class='ocrx_word' id='word_1_627' title='bbox 1731 1747 1754 1775; x_wconf 88' lang='lat' dir='ltr'><strong>si</strong></span> <span class='ocrx_word' id='word_1_628' title='bbox 1766 1748 1885 1783; x_wconf 77' lang='lat' dir='ltr'><strong>habitus,</strong></span> <span class='ocrx_word' id='word_1_629' title='bbox 1896 1749 1925 1777; x_wconf 84' lang='lat' dir='ltr'><strong>id</strong></span> 
     </span>
    </p>
   </div>
   <div class='ocr_carea' id='block_1_80' title="bbox 1124 1788 1926 1830">
    <p class='ocr_par' dir='ltr' id='par_1_80' title="bbox 1124 1788 1926 1830">
     <span class='ocr_line' id='line_1_80' title="bbox 1124 1788 1926 1830; baseline 0.012 -16"><span class='ocrx_word' id='word_1_630' title='bbox 1124 1788 1196 1822; x_wconf 85' lang='lat' dir='ltr'><strong>quod</strong></span> <span class='ocrx_word' id='word_1_631' title='bbox 1206 1790 1353 1816; x_wconf 88' lang='lat' dir='ltr'><strong>secundum</strong></span> <span class='ocrx_word' id='word_1_632' title='bbox 1366 1789 1483 1818; x_wconf 88' lang='lat' dir='ltr'><strong>habitum</strong></span> <span class='ocrx_word' id='word_1_633' title='bbox 1497 1791 1592 1819; x_wconf 87' lang='lat' dir='ltr'><strong>dicitur</strong></span> <span class='ocrx_word' id='word_1_634' title='bbox 1605 1800 1655 1820; x_wconf 94' lang='lat' dir='ltr'><strong>non</strong></span> <span class='ocrx_word' id='word_1_635' title='bbox 1669 1793 1866 1830; x_wconf 89' lang='lat' dir='ltr'><strong>estproprium,</strong></span> <span class='ocrx_word' id='word_1_636' title='bbox 1876 1803 1926 1824; x_wconf 90' lang='lat' dir='ltr'><strong>ne-</strong></span> 
     </span>
    </p>
   </div>
   <div class='ocr_carea' id='block_1_81' title="bbox 1124 1833 1926 1875">
    <p class='ocr_par' dir='ltr' id='par_1_81' title="bbox 1124 1833 1926 1875">
     <span class='ocr_line' id='line_1_81' title="bbox 1124 1833 1926 1875; baseline 0.014 -15"><span class='ocrx_word' id='word_1_637' title='bbox 1124 1842 1177 1868; x_wconf 87' lang='lat' dir='ltr'><strong>que</strong></span> <span class='ocrx_word' id='word_1_638' title='bbox 1184 1833 1273 1869; x_wconf 78' lang='lat' dir='ltr'><strong>profec</strong></span> <span class='ocrx_word' id='word_1_639' title='bbox 1278 1839 1304 1861; x_wconf 86' lang='lat' dir='ltr'><strong>to</strong></span> <span class='ocrx_word' id='word_1_640' title='bbox 1312 1835 1350 1869; x_wconf 88' lang='lat' dir='ltr'><strong>pri</strong></span> <span class='ocrx_word' id='word_1_641' title='bbox 1356 1836 1477 1869; x_wconf 71' lang='lat' dir='ltr'><strong>vzitionis,</strong></span> <span class='ocrx_word' id='word_1_642' title='bbox 1487 1837 1511 1864; x_wconf 93' lang='lat' dir='ltr'><strong>id</strong></span> <span class='ocrx_word' id='word_1_643' title='bbox 1518 1837 1587 1872; x_wconf 85' lang='lat' dir='ltr'><strong>quod</strong></span> <span class='ocrx_word' id='word_1_644' title='bbox 1593 1839 1739 1867; x_wconf 86' lang='lat' dir='ltr'><strong>secundum</strong></span> <span class='ocrx_word' id='word_1_645' title='bbox 1746 1841 1926 1875; x_wconf 81' lang='lat' dir='ltr'><strong>privationem</strong></span> 
     </span>
    </p>
   </div>
   <div class='ocr_carea' id='block_1_82' title="bbox 1125 1882 1925 1926">
    <p class='ocr_par' dir='ltr' id='par_1_82' title="bbox 1125 1882 1925 1926">
     <span class='ocr_line' id='line_1_82' title="bbox 1125 1882 1925 1926; baseline 0.011 -18"><span class='ocrx_word' id='word_1_646' title='bbox 1125 1882 1233 1913; x_wconf 84' lang='lat' dir='ltr'><strong>dicitur,</strong></span> <span class='ocrx_word' id='word_1_647' title='bbox 1249 1883 1300 1909; x_wconf 89' lang='lat' dir='ltr'><strong>erit</strong></span> <span class='ocrx_word' id='word_1_648' title='bbox 1316 1884 1463 1918; x_wconf 84' lang='lat' dir='ltr'><strong>propriumI</strong></span> <span class='ocrx_word' id='word_1_649' title='bbox 1480 1888 1506 1912; x_wconf 85' lang='lat' dir='ltr'><strong>et</strong></span> <span class='ocrx_word' id='word_1_650' title='bbox 1521 1885 1541 1912; x_wconf 85' lang='lat' dir='ltr'><strong>si</strong></span> <span class='ocrx_word' id='word_1_651' title='bbox 1559 1885 1728 1921; x_wconf 83' lang='lat' dir='ltr'><strong>privationis,</strong></span> <span class='ocrx_word' id='word_1_652' title='bbox 1744 1888 1771 1915; x_wconf 89' lang='lat' dir='ltr'><strong>id</strong></span> <span class='ocrx_word' id='word_1_653' title='bbox 1793 1888 1866 1924; x_wconf 89' lang='lat' dir='ltr'><strong>quod</strong></span> <span class='ocrx_word' id='word_1_654' title='bbox 1879 1896 1925 1926; x_wconf 84' lang='lat' dir='ltr'><strong>se-</strong></span> 
     </span>
    </p>
   </div>
   <div class='ocr_carea' id='block_1_83' title="bbox 1124 1928 1924 1969">
    <p class='ocr_par' dir='ltr' id='par_1_83' title="bbox 1124 1928 1924 1969">
     <span class='ocr_line' id='line_1_83' title="bbox 1124 1928 1924 1969; baseline 0.011 -14"><span class='ocrx_word' id='word_1_655' title='bbox 1124 1928 1241 1955; x_wconf 84' lang='lat' dir='ltr'><strong>cundum</strong></span> <span class='ocrx_word' id='word_1_656' title='bbox 1264 1929 1440 1964; x_wconf 83' lang='lat' dir='ltr'><strong>privationem</strong></span> <span class='ocrx_word' id='word_1_657' title='bbox 1457 1929 1554 1958; x_wconf 79' lang='lat' dir='ltr'><strong>dicitur</strong></span> <span class='ocrx_word' id='word_1_658' title='bbox 1574 1940 1625 1959; x_wconf 93' lang='lat' dir='ltr'><strong>non</strong></span> <span class='ocrx_word' id='word_1_659' title='bbox 1642 1938 1683 1960; x_wconf 91' lang='lat' dir='ltr'><strong>est</strong></span> <span class='ocrx_word' id='word_1_660' title='bbox 1699 1935 1848 1969; x_wconf 86' lang='lat' dir='ltr'><strong>proprium.</strong></span> <span class='ocrx_word' id='word_1_661' title='bbox 1875 1943 1924 1964; x_wconf 86' lang='lat' dir='ltr'><strong>nc-</strong></span> 
     </span>
    </p>
   </div>
   <div class='ocr_carea' id='block_1_84' title="bbox 1124 1971 1922 2012">
    <p class='ocr_par' dir='ltr' id='par_1_84' title="bbox 1124 1971 1922 2012">
     <span class='ocr_line' id='line_1_84' title="bbox 1124 1971 1922 2012; baseline 0.01 -10"><span class='ocrx_word' id='word_1_662' title='bbox 1124 1983 1178 2008; x_wconf 90' lang='lat' dir='ltr'><strong>que</strong></span> <span class='ocrx_word' id='word_1_663' title='bbox 1204 1971 1318 2008; x_wconf 84' lang='lat' dir='ltr'><strong>habitus,</strong></span> <span class='ocrx_word' id='word_1_664' title='bbox 1344 1976 1370 2003; x_wconf 88' lang='lat' dir='ltr'><strong>id</strong></span> <span class='ocrx_word' id='word_1_665' title='bbox 1393 1974 1463 2012; x_wconf 87' lang='lat' dir='ltr'><strong>qttod</strong></span> <span class='ocrx_word' id='word_1_666' title='bbox 1497 1977 1645 2006; x_wconf 87' lang='lat' dir='ltr'><strong>secundum</strong></span> <span class='ocrx_word' id='word_1_667' title='bbox 1678 1979 1799 2008; x_wconf 88' lang='lat' dir='ltr'><strong>habitum</strong></span> <span class='ocrx_word' id='word_1_668' title='bbox 1823 1981 1922 2009; x_wconf 82' lang='lat' dir='ltr'><strong>dicitur</strong></span> 
     </span>
    </p>
   </div>
   <div class='ocr_carea' id='block_1_85' title="bbox 1126 2021 1924 2063">
    <p class='ocr_par' dir='ltr' id='par_1_85' title="bbox 1126 2021 1924 2063">
     <span class='ocr_line' id='line_1_85' title="bbox 1126 2021 1924 2063; baseline 0.01 -16"><span class='ocrx_word' id='word_1_669' title='bbox 1126 2022 1177 2048; x_wconf 73' lang='lat' dir='ltr'><strong>erit</strong></span> <span class='ocrx_word' id='word_1_670' title='bbox 1199 2022 1345 2056; x_wconf 85' lang='lat' dir='ltr'><strong>proprium.</strong></span> <span class='ocrx_word' id='word_1_671' title='bbox 1370 2021 1402 2049; x_wconf 88' lang='lat' dir='ltr'><strong>Ut</strong></span> <span class='ocrx_word' id='word_1_672' title='bbox 1424 2024 1485 2058; x_wconf 87' lang='lat' dir='ltr'><strong>quia</strong></span> <span class='ocrx_word' id='word_1_673' title='bbox 1514 2031 1567 2051; x_wconf 88' lang='lat' dir='ltr'><strong>non</strong></span> <span class='ocrx_word' id='word_1_674' title='bbox 1592 2021 1689 2052; x_wconf 88' lang='lat' dir='ltr'><strong>dicitur</strong></span> <span class='ocrx_word' id='word_1_675' title='bbox 1704 2025 1843 2055; x_wconf 87' lang='lat' dir='ltr'><strong>surditatis</strong></span> <span class='ocrx_word' id='word_1_676' title='bbox 1862 2035 1924 2063; x_wconf 86' lang='lat' dir='ltr'><strong>pro-</strong></span> 
     </span>
    </p>
   </div>
   <div class='ocr_carea' id='block_1_86' title="bbox 1126 2067 1924 2108">
    <p class='ocr_par' dir='ltr' id='par_1_86' title="bbox 1126 2067 1924 2108">
     <span class='ocr_line' id='line_1_86' title="bbox 1126 2067 1924 2108; baseline 0.009 -14"><span class='ocrx_word' id='word_1_677' title='bbox 1126 2067 1213 2102; x_wconf 89' lang='lat' dir='ltr'><strong>prium</strong></span> <span class='ocrx_word' id='word_1_678' title='bbox 1228 2067 1458 2096; x_wconf 87' lang='lat' dir='ltr'><strong>insensibilitatem</strong></span> <span class='ocrx_word' id='word_1_679' title='bbox 1477 2077 1548 2103; x_wconf 85' lang='lat' dir='ltr'><strong>esse,</strong></span> <span class='ocrx_word' id='word_1_680' title='bbox 1567 2078 1652 2106; x_wconf 90' lang='lat' dir='ltr'><strong>neque</strong></span> <span class='ocrx_word' id='word_1_681' title='bbox 1668 2071 1775 2100; x_wconf 87' lang='lat' dir='ltr'><strong>auditus</strong></span> <span class='ocrx_word' id='word_1_682' title='bbox 1790 2074 1842 2100; x_wconf 87' lang='lat' dir='ltr'><strong>erit</strong></span> <span class='ocrx_word' id='word_1_683' title='bbox 1857 2081 1924 2108; x_wconf 85' lang='lat' dir='ltr'><strong>pro-</strong></span> 
     </span>
    </p>
   </div>
   <div class='ocr_carea' id='block_1_87' title="bbox 1125 2113 1924 2152">
    <p class='ocr_par' dir='ltr' id='par_1_87' title="bbox 1125 2113 1924 2152">
     <span class='ocr_line' id='line_1_87' title="bbox 1125 2113 1924 2152; baseline 0.009 -12"><span class='ocrx_word' id='word_1_684' title='bbox 1125 2115 1213 2149; x_wconf 90' lang='lat' dir='ltr'><strong>prium</strong></span> <span class='ocrx_word' id='word_1_685' title='bbox 1228 2120 1335 2141; x_wconf 86' lang='lat' dir='ltr'><strong>sensum</strong></span> <span class='ocrx_word' id='word_1_686' title='bbox 1350 2121 1418 2141; x_wconf 83' lang='lat' dir='ltr'><strong>esse.</strong></span> <span class='ocrx_word' id='word_1_687' title='bbox 1431 2113 1603 2152; x_wconf 60' lang='lat' dir='ltr'><strong>Construeuti</strong></span> <span class='ocrx_word' id='word_1_688' title='bbox 1617 2124 1691 2152; x_wconf 89' lang='lat' dir='ltr'><strong>vero,</strong></span> <span class='ocrx_word' id='word_1_689' title='bbox 1708 2118 1729 2145; x_wconf 89' lang='lat' dir='ltr'><strong>si</strong></span> <span class='ocrx_word' id='word_1_690' title='bbox 1740 2117 1808 2152; x_wconf 90' lang='lat' dir='ltr'><strong>quod</strong></span> <span class='ocrx_word' id='word_1_691' title='bbox 1823 2126 1924 2147; x_wconf 82' lang='lat' dir='ltr'><strong>secun-</strong></span> 
     </span>
    </p>
   </div>
   <div class='ocr_carea' id='block_1_88' title="bbox 1125 2159 1924 2201">
    <p class='ocr_par' dir='ltr' id='par_1_88' title="bbox 1125 2159 1924 2201">
     <span class='ocr_line' id='line_1_88' title="bbox 1125 2159 1924 2201; baseline 0.01 -15"><span class='ocrx_word' id='word_1_692' title='bbox 1125 2159 1188 2186; x_wconf 85' lang='lat' dir='ltr'><strong>dum</strong></span> <span class='ocrx_word' id='word_1_693' title='bbox 1206 2160 1325 2187; x_wconf 86' lang='lat' dir='ltr'><strong>habitum</strong></span> <span class='ocrx_word' id='word_1_694' title='bbox 1341 2161 1448 2195; x_wconf 85' lang='lat' dir='ltr'><strong>dicitur,</strong></span> <span class='ocrx_word' id='word_1_695' title='bbox 1464 2167 1506 2190; x_wconf 84' lang='lat' dir='ltr'><strong>est</strong></span> <span class='ocrx_word' id='word_1_696' title='bbox 1519 2163 1624 2192; x_wconf 82' lang='lat' dir='ltr'><strong>habitus</strong></span> <span class='ocrx_word' id='word_1_697' title='bbox 1639 2165 1786 2200; x_wconf 89' lang='lat' dir='ltr'><strong>proprium,</strong></span> <span class='ocrx_word' id='word_1_698' title='bbox 1799 2170 1826 2193; x_wconf 90' lang='lat' dir='ltr'><strong>et</strong></span> <span class='ocrx_word' id='word_1_699' title='bbox 1837 2167 1924 2201; x_wconf 89' lang='lat' dir='ltr'><strong>priva-</strong></span> 
     </span>
    </p>
   </div>
   <div class='ocr_carea' id='block_1_89' title="bbox 1126 2204 1924 2244">
    <p class='ocr_par' dir='ltr' id='par_1_89' title="bbox 1126 2204 1924 2244">
     <span class='ocr_line' id='line_1_89' title="bbox 1126 2204 1924 2244; baseline 0.01 -12"><span class='ocrx_word' id='word_1_700' title='bbox 1126 2204 1217 2238; x_wconf 91' lang='lat' dir='ltr'><strong>tionis,</strong></span> <span class='ocrx_word' id='word_1_701' title='bbox 1243 2206 1267 2232; x_wconf 92' lang='lat' dir='ltr'><strong>id</strong></span> <span class='ocrx_word' id='word_1_702' title='bbox 1296 2206 1365 2241; x_wconf 90' lang='lat' dir='ltr'><strong>quod</strong></span> <span class='ocrx_word' id='word_1_703' title='bbox 1387 2207 1534 2240; x_wconf 87' lang='lat' dir='ltr'><strong>secundum</strong></span> <span class='ocrx_word' id='word_1_704' title='bbox 1559 2208 1736 2244; x_wconf 81' lang='lat' dir='ltr'><strong>privationem</strong></span> <span class='ocrx_word' id='word_1_705' title='bbox 1755 2211 1853 2239; x_wconf 83' lang='lat' dir='ltr'><strong>dicitur</strong></span> <span class='ocrx_word' id='word_1_706' title='bbox 1871 2212 1924 2240; x_wconf 82' lang='lat' dir='ltr'><strong>erit</strong></span> 
     </span>
    </p>
   </div>
   <div class='ocr_carea' id='block_1_90' title="bbox 1127 2252 1924 2294">
    <p class='ocr_par' dir='ltr' id='par_1_90' title="bbox 1127 2252 1924 2294">
     <span class='ocr_line' id='line_1_90' title="bbox 1127 2252 1924 2294; baseline 0.009 -15"><span class='ocrx_word' id='word_1_707' title='bbox 1127 2252 1273 2288; x_wconf 87' lang='lat' dir='ltr'><strong>proprium,</strong></span> <span class='ocrx_word' id='word_1_708' title='bbox 1287 2258 1313 2279; x_wconf 87' lang='lat' dir='ltr'><strong>et</strong></span> <span class='ocrx_word' id='word_1_709' title='bbox 1328 2253 1349 2280; x_wconf 86' lang='lat' dir='ltr'><strong>si</strong></span> <span class='ocrx_word' id='word_1_710' title='bbox 1367 2254 1533 2288; x_wconf 82' lang='lat' dir='ltr'><strong>privationis,</strong></span> <span class='ocrx_word' id='word_1_711' title='bbox 1551 2254 1576 2283; x_wconf 90' lang='lat' dir='ltr'><strong>id</strong></span> <span class='ocrx_word' id='word_1_712' title='bbox 1602 2258 1672 2292; x_wconf 87' lang='lat' dir='ltr'><strong>quod</strong></span> <span class='ocrx_word' id='word_1_713' title='bbox 1695 2258 1844 2285; x_wconf 89' lang='lat' dir='ltr'><strong>secundum</strong></span> <span class='ocrx_word' id='word_1_714' title='bbox 1869 2259 1924 2294; x_wconf 87' lang='lat' dir='ltr'><strong>pri-</strong></span> 
     </span>
    </p>
   </div>
   <div class='ocr_carea' id='block_1_91' title="bbox 267 2289 1923 2339">
    <p class='ocr_par' dir='ltr' id='par_1_91' title="bbox 267 2289 1923 2339">
     <span class='ocr_line' id='line_1_91' title="bbox 267 2289 1923 2339; baseline 0.007 -18"><span class='ocrx_word' id='word_1_715' title='bbox 267 2299 356 2321; x_wconf 88' lang='lat' dir='ltr'><strong>antem</strong></span> <span class='ocrx_word' id='word_1_716' title='bbox 379 2294 406 2321; x_wconf 92' lang='lat' dir='ltr'><strong>in</strong></span> <span class='ocrx_word' id='word_1_717' title='bbox 428 2293 562 2328; x_wconf 70' lang='lat' dir='ltr'><strong>aliquibus</strong></span> <span class='ocrx_word' id='word_1_718' title='bbox 584 2292 635 2319; x_wconf 74' lang='lat' dir='ltr'><strong>hoc</strong></span> <span class='ocrx_word' id='word_1_719' title='bbox 661 2290 730 2319; x_wconf 68' lang='grc' dir='ltr'><strong>ίίῡΐῖ-</strong></span> <span class='ocrx_word' id='word_1_720' title='bbox 757 2289 911 2325; x_wconf 63' lang='grc' dir='ltr'><strong>Αεεῖεηθδὶι</strong></span> <span class='ocrx_word' id='word_1_721' title='bbox 926 2290 997 2339; x_wconf 57' lang='grc' dir='ltr'><strong>αξηίω</strong></span> <span class='ocrx_word' id='word_1_722' title='bbox 1018 2290 1070 2339; x_wconf 46' lang='grc' dir='ltr'><strong>ψ’</strong></span> <span class='ocrx_word' id='word_1_723' title='bbox 1083 2291 1259 2326; x_wconf 65' lang='lat' dir='ltr'><strong>Dvationem</strong></span> <span class='ocrx_word' id='word_1_724' title='bbox 1271 2299 1380 2332; x_wconf 82' lang='lat' dir='ltr'><strong>dicitur,</strong></span> <span class='ocrx_word' id='word_1_725' title='bbox 1399 2305 1440 2327; x_wconf 87' lang='lat' dir='ltr'><strong>est</strong></span> <span class='ocrx_word' id='word_1_726' title='bbox 1454 2289 1647 2336; x_wconf 43' lang='lat' dir='ltr'><strong>[iroprium,&#39;et</strong></span> <span class='ocrx_word' id='word_1_727' title='bbox 1659 2303 1778 2337; x_wconf 82' lang='lat' dir='ltr'><strong>habitus,</strong></span> <span class='ocrx_word' id='word_1_728' title='bbox 1795 2289 1923 2339; x_wconf 55' lang='lat' dir='ltr'><strong>quodse-</strong></span> 
     </span>
    </p>
   </div>
   <div class='ocr_carea' id='block_1_92' title="bbox 266 2335 1070 2376">
    <p class='ocr_par' dir='ltr' id='par_1_92' title="bbox 266 2335 1070 2376">
     <span class='ocr_line' id='line_1_92' title="bbox 266 2335 1070 2376; baseline -0.005 -9"><span class='ocrx_word' id='word_1_729' title='bbox 266 2341 325 2376; x_wconf 87' lang='lat' dir='ltr'><strong>qttis</strong></span> <span class='ocrx_word' id='word_1_730' title='bbox 338 2340 366 2367; x_wconf 92' lang='lat' dir='ltr'><strong>in</strong></span> <span class='ocrx_word' id='word_1_731' title='bbox 381 2339 413 2367; x_wconf 91' lang='lat' dir='ltr'><strong>iis</strong></span> <span class='ocrx_word' id='word_1_732' title='bbox 428 2347 487 2375; x_wconf 78' lang='lat' dir='ltr'><strong>qiue</strong></span> <span class='ocrx_word' id='word_1_733' title='bbox 503 2338 628 2366; x_wconf 87' lang='lat' dir='ltr'><strong>similium</strong></span> <span class='ocrx_word' id='word_1_734' title='bbox 642 2338 757 2372; x_wconf 88' lang='lat' dir='ltr'><strong>partiutn</strong></span> <span class='ocrx_word' id='word_1_735' title='bbox 771 2340 835 2364; x_wconf 89' lang='lat' dir='ltr'><strong>sunt</strong></span> <span class='ocrx_word' id='word_1_736' title='bbox 852 2336 1003 2372; x_wconf 88' lang='lat' dir='ltr'><strong>proprium,</strong></span> <span class='ocrx_word' id='word_1_737' title='bbox 1020 2335 1070 2364; x_wconf 87' lang='lat' dir='ltr'><strong>ali-</strong></span> 
     </span>
    </p>
   </div>
   <div class='ocr_carea' id='block_1_93' title="bbox 266 2383 1068 2423">
    <p class='ocr_par' dir='ltr' id='par_1_93' title="bbox 266 2383 1068 2423">
     <span class='ocr_line' id='line_1_93' title="bbox 266 2383 1068 2423; baseline -0.004 -9"><span class='ocrx_word' id='word_1_738' title='bbox 266 2387 372 2423; x_wconf 86' lang='lat' dir='ltr'><strong>quoties</strong></span> <span class='ocrx_word' id='word_1_739' title='bbox 387 2385 496 2422; x_wconf 89' lang='lat' dir='ltr'><strong>quidem</strong></span> <span class='ocrx_word' id='word_1_740' title='bbox 510 2387 537 2413; x_wconf 88' lang='lat' dir='ltr'><strong>in</strong></span> <span class='ocrx_word' id='word_1_741' title='bbox 559 2389 615 2413; x_wconf 89' lang='lat' dir='ltr'><strong>toto</strong></span> <span class='ocrx_word' id='word_1_742' title='bbox 639 2383 800 2420; x_wconf 85' lang='lat' dir='ltr'><strong>respiciens,</strong></span> <span class='ocrx_word' id='word_1_743' title='bbox 817 2384 957 2419; x_wconf 85' lang='lat' dir='ltr'><strong>aliquoties</strong></span> <span class='ocrx_word' id='word_1_744' title='bbox 977 2388 1068 2412; x_wconf 89' lang='lat' dir='ltr'><strong>autem</strong></span> 
     </span>
    </p>
   </div>
   <div class='ocr_carea' id='block_1_94' title="bbox 265 2430 1067 2468">
    <p class='ocr_par' dir='ltr' id='par_1_94' title="bbox 265 2430 1067 2468">
     <span class='ocr_line' id='line_1_94' title="bbox 265 2430 1067 2468; baseline -0.004 -7"><span class='ocrx_word' id='word_1_745' title='bbox 265 2434 341 2461; x_wconf 89' lang='lat' dir='ltr'><strong>ineo</strong></span> <span class='ocrx_word' id='word_1_746' title='bbox 355 2432 425 2468; x_wconf 89' lang='lat' dir='ltr'><strong>quod</strong></span> <span class='ocrx_word' id='word_1_747' title='bbox 445 2431 593 2459; x_wconf 85' lang='lat' dir='ltr'><strong>secundum</strong></span> <span class='ocrx_word' id='word_1_748' title='bbox 621 2436 724 2466; x_wconf 84' lang='lat' dir='ltr'><strong>partem</strong></span> <span class='ocrx_word' id='word_1_749' title='bbox 749 2430 848 2458; x_wconf 87' lang='lat' dir='ltr'><strong>dicitur</strong></span> <span class='ocrx_word' id='word_1_750' title='bbox 870 2431 928 2465; x_wconf 91' lang='lat' dir='ltr'><strong>ipse</strong></span> <span class='ocrx_word' id='word_1_751' title='bbox 949 2431 1067 2466; x_wconf 89' lang='lat' dir='ltr'><strong>seipsum</strong></span> 
     </span>
    </p>
   </div>
   <div class='ocr_carea' id='block_1_95' title="bbox 266 2476 1068 2514">
    <p class='ocr_par' dir='ltr' id='par_1_95' title="bbox 266 2476 1068 2514">
     <span class='ocr_line' id='line_1_95' title="bbox 266 2476 1068 2514; baseline -0.001 -8"><span class='ocrx_word' id='word_1_752' title='bbox 266 2479 433 2514; x_wconf 80' lang='lat' dir='ltr'><strong>intelligens,</strong></span> <span class='ocrx_word' id='word_1_753' title='bbox 452 2482 480 2505; x_wconf 87' lang='lat' dir='ltr'><strong>at</strong></span> <span class='ocrx_word' id='word_1_754' title='bbox 501 2478 552 2505; x_wconf 88' lang='lat' dir='ltr'><strong>erit</strong></span> <span class='ocrx_word' id='word_1_755' title='bbox 571 2483 694 2505; x_wconf 87' lang='lat' dir='ltr'><strong>neutrum</strong></span> <span class='ocrx_word' id='word_1_756' title='bbox 713 2481 788 2505; x_wconf 91' lang='lat' dir='ltr'><strong>recte</strong></span> <span class='ocrx_word' id='word_1_757' title='bbox 803 2476 980 2511; x_wconf 79' lang='lat' dir='ltr'><strong>assignatum,</strong></span> <span class='ocrx_word' id='word_1_758' title='bbox 997 2481 1027 2504; x_wconf 94' lang='lat' dir='ltr'><strong>ut</strong></span> <span class='ocrx_word' id='word_1_759' title='bbox 1041 2477 1068 2505; x_wconf 90' lang='lat' dir='ltr'><strong>in</strong></span> 
     </span>
    </p>
   </div>
   <div class='ocr_carea' id='block_1_96' title="bbox 264 2523 1065 2561">
    <p class='ocr_par' dir='ltr' id='par_1_96' title="bbox 264 2523 1065 2561">
     <span class='ocr_line' id='line_1_96' title="bbox 264 2523 1065 2561; baseline -0.006 -7"><span class='ocrx_word' id='word_1_760' title='bbox 264 2526 320 2554; x_wconf 81' lang='lat' dir='ltr'><strong>toto</strong></span> <span class='ocrx_word' id='word_1_761' title='bbox 339 2526 455 2561; x_wconf 88' lang='lat' dir='ltr'><strong>quidem,</strong></span> <span class='ocrx_word' id='word_1_762' title='bbox 475 2525 534 2559; x_wconf 80' lang='lat' dir='ltr'><strong>quia</strong></span> <span class='ocrx_word' id='word_1_763' title='bbox 550 2525 592 2558; x_wconf 83' lang='lat' dir='ltr'><strong>qui</strong></span> <span class='ocrx_word' id='word_1_764' title='bbox 607 2524 674 2550; x_wconf 84' lang='lat' dir='ltr'><strong>dixit</strong></span> <span class='ocrx_word' id='word_1_765' title='bbox 689 2523 770 2550; x_wconf 89' lang='lat' dir='ltr'><strong>maris</strong></span> <span class='ocrx_word' id='word_1_766' title='bbox 785 2523 935 2557; x_wconf 81' lang='lat' dir='ltr'><strong>proprium,</strong></span> <span class='ocrx_word' id='word_1_767' title='bbox 953 2524 1065 2556; x_wconf 84' lang='lat' dir='ltr'><strong>plurima</strong></span> 
     </span>
    </p>
   </div>
   <div class='ocr_carea' id='block_1_97' title="bbox 267 2569 1068 2608">
    <p class='ocr_par' dir='ltr' id='par_1_97' title="bbox 267 2569 1068 2608">
     <span class='ocr_line' id='line_1_97' title="bbox 267 2569 1068 2608; baseline -0.006 -8"><span class='ocrx_word' id='word_1_768' title='bbox 267 2580 335 2608; x_wconf 75' lang='lat' dir='ltr'><strong>aqua</strong></span> <span class='ocrx_word' id='word_1_769' title='bbox 363 2572 444 2603; x_wconf 85' lang='lat' dir='ltr'><strong>salsa,</strong></span> <span class='ocrx_word' id='word_1_770' title='bbox 468 2570 581 2605; x_wconf 81' lang='lat' dir='ltr'><strong>alicujus</strong></span> <span class='ocrx_word' id='word_1_771' title='bbox 609 2569 737 2596; x_wconf 88' lang='lat' dir='ltr'><strong>similium</strong></span> <span class='ocrx_word' id='word_1_772' title='bbox 763 2569 876 2603; x_wconf 91' lang='lat' dir='ltr'><strong>partium</strong></span> <span class='ocrx_word' id='word_1_773' title='bbox 903 2570 1068 2604; x_wconf 64' lang='lat' dir='ltr'><strong>piusuitpro-</strong></span> 
     </span>
    </p>
   </div>
   <div class='ocr_carea' id='block_1_98' title="bbox 264 2616 1067 2654">
    <p class='ocr_par' dir='ltr' id='par_1_98' title="bbox 264 2616 1067 2654">
     <span class='ocr_line' id='line_1_98' title="bbox 264 2616 1067 2654; baseline -0.001 -9"><span class='ocrx_word' id='word_1_774' title='bbox 264 2620 363 2654; x_wconf 83' lang='lat' dir='ltr'><strong>prium,</strong></span> <span class='ocrx_word' id='word_1_775' title='bbox 381 2619 469 2646; x_wconf 86' lang='lat' dir='ltr'><strong>ettale</strong></span> <span class='ocrx_word' id='word_1_776' title='bbox 483 2617 631 2651; x_wconf 59' lang='lat' dir='ltr'><strong>assignavit</strong></span> <span class='ocrx_word' id='word_1_777' title='bbox 643 2617 712 2651; x_wconf 89' lang='lat' dir='ltr'><strong>quod</strong></span> <span class='ocrx_word' id='word_1_778' title='bbox 722 2624 774 2643; x_wconf 89' lang='lat' dir='ltr'><strong>non</strong></span> <span class='ocrx_word' id='word_1_779' title='bbox 782 2616 934 2643; x_wconf 82' lang='lat' dir='ltr'><strong>veriiicutur</strong></span> <span class='ocrx_word' id='word_1_780' title='bbox 945 2616 978 2644; x_wconf 87' lang='lat' dir='ltr'><strong>de</strong></span> <span class='ocrx_word' id='word_1_781' title='bbox 993 2622 1067 2649; x_wconf 83' lang='lat' dir='ltr'><strong>parte</strong></span> 
     </span>
    </p>
   </div>
   <div class='ocr_carea' id='block_1_99' title="bbox 265 2663 1064 2702">
    <p class='ocr_par' dir='ltr' id='par_1_99' title="bbox 265 2663 1064 2702">
     <span class='ocr_line' id='line_1_99' title="bbox 265 2663 1064 2702; baseline -0.004 -9"><span class='ocrx_word' id='word_1_782' title='bbox 265 2667 329 2702; x_wconf 92' lang='lat' dir='ltr'><strong>(nou</strong></span> <span class='ocrx_word' id='word_1_783' title='bbox 352 2664 424 2693; x_wconf 86' lang='lat' dir='ltr'><strong>enim</strong></span> <span class='ocrx_word' id='word_1_784' title='bbox 439 2665 491 2692; x_wconf 91' lang='lat' dir='ltr'><strong>erit</strong></span> <span class='ocrx_word' id='word_1_785' title='bbox 516 2663 639 2699; x_wconf 63' lang='lat' dir='ltr'><strong>quiddam</strong></span> <span class='ocrx_word' id='word_1_786' title='bbox 656 2663 737 2689; x_wconf 86' lang='lat' dir='ltr'><strong>maris</strong></span> <span class='ocrx_word' id='word_1_787' title='bbox 755 2663 867 2698; x_wconf 86' lang='lat' dir='ltr'><strong>plurima</strong></span> <span class='ocrx_word' id='word_1_788' title='bbox 884 2670 950 2697; x_wconf 63' lang='lat' dir='ltr'><strong>aqua</strong></span> <span class='ocrx_word' id='word_1_789' title='bbox 968 2663 1064 2699; x_wconf 65' lang='lat' dir='ltr'><strong>Salsa),</strong></span> 
     </span>
    </p>
   </div>
   <div class='ocr_carea' id='block_1_100' title="bbox 263 2709 1063 2747">
    <p class='ocr_par' dir='ltr' id='par_1_100' title="bbox 263 2709 1063 2747">
     <span class='ocr_line' id='line_1_100' title="bbox 263 2709 1063 2747; baseline -0.003 -8"><span class='ocrx_word' id='word_1_790' title='bbox 263 2720 317 2739; x_wconf 90' lang='lat' dir='ltr'><strong>non</strong></span> <span class='ocrx_word' id='word_1_791' title='bbox 332 2712 423 2747; x_wconf 88' lang='lat' dir='ltr'><strong>utique</strong></span> <span class='ocrx_word' id='word_1_792' title='bbox 439 2712 491 2738; x_wconf 79' lang='lat' dir='ltr'><strong>erit</strong></span> <span class='ocrx_word' id='word_1_793' title='bbox 508 2711 589 2737; x_wconf 76' lang='lat' dir='ltr'><strong>muris</strong></span> <span class='ocrx_word' id='word_1_794' title='bbox 602 2709 749 2744; x_wconf 79' lang='lat' dir='ltr'><strong>proprium,</strong></span> <span class='ocrx_word' id='word_1_795' title='bbox 771 2709 883 2744; x_wconf 82' lang='lat' dir='ltr'><strong>plurima</strong></span> <span class='ocrx_word' id='word_1_796' title='bbox 899 2717 965 2744; x_wconf 86' lang='lat' dir='ltr'><strong>aqua</strong></span> <span class='ocrx_word' id='word_1_797' title='bbox 983 2710 1063 2737; x_wconf 87' lang='lat' dir='ltr'><strong>salsa.</strong></span> 
     </span>
    </p>
   </div>
   <div class='ocr_carea' id='block_1_101' title="bbox 264 2756 1061 2793">
    <p class='ocr_par' dir='ltr' id='par_1_101' title="bbox 264 2756 1061 2793">
     <span class='ocr_line' id='line_1_101' title="bbox 264 2756 1061 2793; baseline -0.001 -9"><span class='ocrx_word' id='word_1_798' title='bbox 264 2758 293 2785; x_wconf 91' lang='lat' dir='ltr'><strong>lu</strong></span> <span class='ocrx_word' id='word_1_799' title='bbox 309 2764 383 2793; x_wconf 84' lang='lat' dir='ltr'><strong>parte</strong></span> <span class='ocrx_word' id='word_1_800' title='bbox 394 2764 493 2791; x_wconf 75' lang='lat' dir='ltr'><strong>autem.</strong></span> <span class='ocrx_word' id='word_1_801' title='bbox 515 2762 543 2783; x_wconf 83' lang='lat' dir='ltr'><strong>ut</strong></span> <span class='ocrx_word' id='word_1_802' title='bbox 558 2757 617 2790; x_wconf 80' lang='lat' dir='ltr'><strong>quia</strong></span> <span class='ocrx_word' id='word_1_803' title='bbox 633 2757 676 2790; x_wconf 89' lang='lat' dir='ltr'><strong>qui</strong></span> <span class='ocrx_word' id='word_1_804' title='bbox 695 2756 814 2790; x_wconf 71' lang='lat' dir='ltr'><strong>posuerit</strong></span> <span class='ocrx_word' id='word_1_805' title='bbox 829 2756 897 2783; x_wconf 80' lang='lat' dir='ltr'><strong>aeris</strong></span> <span class='ocrx_word' id='word_1_806' title='bbox 912 2756 1061 2790; x_wconf 78' lang='lat' dir='ltr'><strong>proprium,</strong></span> 
     </span>
    </p>
   </div>
   <div class='ocr_carea' id='block_1_102' title="bbox 264 2803 1063 2837">
    <p class='ocr_par' dir='ltr' id='par_1_102' title="bbox 264 2803 1063 2837">
     <span class='ocr_line' id='line_1_102' title="bbox 264 2803 1063 2837; baseline 0 -7"><span class='ocrx_word' id='word_1_807' title='bbox 264 2805 433 2837; x_wconf 77' lang='lat' dir='ltr'><strong>rcspirabile,</strong></span> <span class='ocrx_word' id='word_1_808' title='bbox 456 2804 583 2830; x_wconf 78' lang='lat' dir='ltr'><strong>similium</strong></span> <span class='ocrx_word' id='word_1_809' title='bbox 606 2803 713 2837; x_wconf 86' lang='lat' dir='ltr'><strong>quidem</strong></span> <span class='ocrx_word' id='word_1_810' title='bbox 741 2804 852 2836; x_wconf 84' lang='lat' dir='ltr'><strong>partium</strong></span> <span class='ocrx_word' id='word_1_811' title='bbox 869 2803 982 2837; x_wconf 69' lang='lat' dir='ltr'><strong>alicujus</strong></span> <span class='ocrx_word' id='word_1_812' title='bbox 998 2804 1063 2830; x_wconf 82' lang='lat' dir='ltr'><strong>dixit</strong></span> 
     </span>
    </p>
   </div>
   <div class='ocr_carea' id='block_1_103' title="bbox 265 2848 1062 2885">
    <p class='ocr_par' dir='ltr' id='par_1_103' title="bbox 265 2848 1062 2885">
     <span class='ocr_line' id='line_1_103' title="bbox 265 2848 1062 2885; baseline 0.003 -11"><span class='ocrx_word' id='word_1_813' title='bbox 265 2851 415 2884; x_wconf 85' lang='lat' dir='ltr'><strong>proprium,</strong></span> <span class='ocrx_word' id='word_1_814' title='bbox 439 2851 493 2876; x_wconf 80' lang='lat' dir='ltr'><strong>tale</strong></span> <span class='ocrx_word' id='word_1_815' title='bbox 518 2855 606 2876; x_wconf 88' lang='lat' dir='ltr'><strong>autem</strong></span> <span class='ocrx_word' id='word_1_816' title='bbox 623 2849 766 2883; x_wconf 74' lang='lat' dir='ltr'><strong>assignavit</strong></span> <span class='ocrx_word' id='word_1_817' title='bbox 789 2849 859 2884; x_wconf 91' lang='lat' dir='ltr'><strong>quod</strong></span> <span class='ocrx_word' id='word_1_818' title='bbox 875 2848 909 2876; x_wconf 88' lang='lat' dir='ltr'><strong>de</strong></span> <span class='ocrx_word' id='word_1_819' title='bbox 933 2857 986 2885; x_wconf 90' lang='lat' dir='ltr'><strong>quo</strong></span> <span class='ocrx_word' id='word_1_820' title='bbox 1000 2857 1062 2876; x_wconf 86' lang='lat' dir='ltr'><strong>aere</strong></span> 
     </span>
    </p>
   </div>
   <div class='ocr_carea' id='block_1_104' title="bbox 264 2892 1062 2940">
    <p class='ocr_par' dir='ltr' id='par_1_104' title="bbox 264 2892 1062 2940">
     <span class='ocr_line' id='line_1_104' title="bbox 264 2892 1062 2940; baseline 0.001 -19"><span class='ocrx_word' id='word_1_821' title='bbox 264 2898 358 2937; x_wconf 56' lang='lat' dir='ltr'><strong>verum</strong></span> <span class='ocrx_word' id='word_1_822' title='bbox 371 2897 423 2927; x_wconf 82' lang='lat' dir='ltr'><strong>est,</strong></span> <span class='ocrx_word' id='word_1_823' title='bbox 437 2894 471 2921; x_wconf 85' lang='lat' dir='ltr'><strong>de</strong></span> <span class='ocrx_word' id='word_1_824' title='bbox 491 2898 547 2921; x_wconf 87' lang='lat' dir='ltr'><strong>toto</strong></span> <span class='ocrx_word' id='word_1_825' title='bbox 556 2899 646 2937; x_wconf 60' lang='lat' dir='ltr'><strong>autem</strong></span> <span class='ocrx_word' id='word_1_826' title='bbox 660 2900 714 2923; x_wconf 89' lang='lat' dir='ltr'><strong>non</strong></span> <span class='ocrx_word' id='word_1_827' title='bbox 726 2892 828 2940; x_wconf 66' lang='lat' dir='ltr'><strong>dicitor</strong></span> <span class='ocrx_word' id='word_1_828' title='bbox 840 2892 867 2904; x_wconf 82' lang='lat'><em>&quot;</em></span> <span class='ocrx_word' id='word_1_829' title='bbox 877 2895 994 2940; x_wconf 44' lang='lat' dir='ltr'><strong>“talin</strong></span> <span class='ocrx_word' id='word_1_830' title='bbox 1008 2897 1062 2923; x_wconf 81' lang='lat' dir='ltr'><strong>erit</strong></span> 
     </span>
    </p>
   </div>
   <div class='ocr_carea' id='block_1_105' title="bbox 1075 2941 1092 2978">
    <p class='ocr_par' dir='ltr' id='par_1_105' title="bbox 1075 2941 1092 2978">
     <span class='ocr_line' id='line_1_105' title="bbox 1075 2941 1092 2978; baseline -0.059 0"><span class='ocrx_word' id='word_1_831' title='bbox 1075 2941 1092 2978; x_wconf 64' lang='lat' dir='ltr'><strong>li</strong></span> 
     </span>
    </p>
   </div>
   <div class='ocr_carea' id='block_1_106' title="bbox 1126 2344 1923 2385">
    <p class='ocr_par' dir='ltr' id='par_1_106' title="bbox 1126 2344 1923 2385">
     <span class='ocr_line' id='line_1_106' title="bbox 1126 2344 1923 2385; baseline 0.01 -14"><span class='ocrx_word' id='word_1_832' title='bbox 1126 2344 1242 2372; x_wconf 83' lang='lat' dir='ltr'><strong>eundum</strong></span> <span class='ocrx_word' id='word_1_833' title='bbox 1259 2344 1376 2373; x_wconf 84' lang='lat' dir='ltr'><strong>habitum</strong></span> <span class='ocrx_word' id='word_1_834' title='bbox 1393 2345 1489 2374; x_wconf 88' lang='lat' dir='ltr'><strong>dicitur</strong></span> <span class='ocrx_word' id='word_1_835' title='bbox 1499 2348 1550 2375; x_wconf 89' lang='lat' dir='ltr'><strong>erit</strong></span> <span class='ocrx_word' id='word_1_836' title='bbox 1561 2349 1707 2384; x_wconf 85' lang='lat' dir='ltr'><strong>proprium.</strong></span> <span class='ocrx_word' id='word_1_837' title='bbox 1724 2349 1757 2378; x_wconf 88' lang='lat' dir='ltr'><strong>Ut</strong></span> <span class='ocrx_word' id='word_1_838' title='bbox 1772 2350 1835 2385; x_wconf 87' lang='lat' dir='ltr'><strong>quia</strong></span> <span class='ocrx_word' id='word_1_839' title='bbox 1847 2351 1923 2379; x_wconf 83' lang='lat' dir='ltr'><strong>visus</strong></span> 
     </span>
    </p>
   </div>
   <div class='ocr_carea' id='block_1_107' title="bbox 1125 2391 1920 2432">
    <p class='ocr_par' dir='ltr' id='par_1_107' title="bbox 1125 2391 1920 2432">
     <span class='ocr_line' id='line_1_107' title="bbox 1125 2391 1920 2432; baseline 0.009 -15"><span class='ocrx_word' id='word_1_840' title='bbox 1125 2395 1166 2418; x_wconf 89' lang='lat' dir='ltr'><strong>est</strong></span> <span class='ocrx_word' id='word_1_841' title='bbox 1175 2391 1310 2426; x_wconf 87' lang='lat' dir='ltr'><strong>proprium</strong></span> <span class='ocrx_word' id='word_1_842' title='bbox 1323 2391 1424 2424; x_wconf 88' lang='lat' dir='ltr'><strong>videre,</strong></span> <span class='ocrx_word' id='word_1_843' title='bbox 1438 2393 1584 2432; x_wconf 75' lang='lat' dir='ltr'><strong>secundum</strong></span> <span class='ocrx_word' id='word_1_844' title='bbox 1599 2394 1669 2428; x_wconf 90' lang='lat' dir='ltr'><strong>quod</strong></span> <span class='ocrx_word' id='word_1_845' title='bbox 1684 2394 1815 2423; x_wconf 86' lang='lat' dir='ltr'><strong>habemus</strong></span> <span class='ocrx_word' id='word_1_846' title='bbox 1822 2396 1920 2430; x_wconf 87' lang='lat' dir='ltr'><strong>visum,</strong></span> 
     </span>
    </p>
   </div>
   <div class='ocr_carea' id='block_1_108' title="bbox 1125 2436 1923 2476">
    <p class='ocr_par' dir='ltr' id='par_1_108' title="bbox 1125 2436 1923 2476">
     <span class='ocr_line' id='line_1_108' title="bbox 1125 2436 1923 2476; baseline 0.005 -12"><span class='ocrx_word' id='word_1_847' title='bbox 1125 2436 1177 2464; x_wconf 74' lang='lat' dir='ltr'><strong>erit</strong></span> <span class='ocrx_word' id='word_1_848' title='bbox 1200 2437 1329 2463; x_wconf 68' lang='lat' dir='ltr'><strong>cmcitatis</strong></span> <span class='ocrx_word' id='word_1_849' title='bbox 1344 2437 1480 2472; x_wconf 89' lang='lat' dir='ltr'><strong>proprium</strong></span> <span class='ocrx_word' id='word_1_850' title='bbox 1495 2445 1548 2465; x_wconf 93' lang='lat' dir='ltr'><strong>non</strong></span> <span class='ocrx_word' id='word_1_851' title='bbox 1565 2438 1667 2472; x_wconf 86' lang='lat' dir='ltr'><strong>videre,</strong></span> <span class='ocrx_word' id='word_1_852' title='bbox 1688 2441 1834 2467; x_wconf 86' lang='lat' dir='ltr'><strong>secundum</strong></span> <span class='ocrx_word' id='word_1_853' title='bbox 1850 2442 1923 2476; x_wconf 87' lang='lat' dir='ltr'><strong>quod</strong></span> 
     </span>
    </p>
   </div>
   <div class='ocr_carea' id='block_1_109' title="bbox 1100 2478 1923 2516">
    <p class='ocr_par' dir='ltr' id='par_1_109' title="bbox 1100 2478 1923 2516">
     <span class='ocr_line' id='line_1_109' title="bbox 1100 2478 1923 2516; baseline 0.007 -9"><span class='ocrx_word' id='word_1_854' title='bbox 1100 2491 1103 2493; x_wconf 88' lang='grc'><strong>·</strong></span> <span class='ocrx_word' id='word_1_855' title='bbox 1126 2488 1178 2507; x_wconf 92' lang='lat' dir='ltr'><strong>non</strong></span> <span class='ocrx_word' id='word_1_856' title='bbox 1195 2478 1324 2510; x_wconf 69' lang='lat' dir='ltr'><strong>habemus</strong></span> <span class='ocrx_word' id='word_1_857' title='bbox 1338 2482 1434 2516; x_wconf 59' lang='lat' dir='ltr'><strong>visum,</strong></span> <span class='ocrx_word' id='word_1_858' title='bbox 1452 2483 1505 2510; x_wconf 90' lang='lat' dir='ltr'><strong>nati</strong></span> <span class='ocrx_word' id='word_1_859' title='bbox 1518 2483 1627 2512; x_wconf 83' lang='lat' dir='ltr'><strong>habere.</strong></span> <span class='ocrx_word' id='word_1_860' title='bbox 1643 2484 1744 2512; x_wconf 89' lang='lat' dir='ltr'><strong>Deinde</strong></span> <span class='ocrx_word' id='word_1_861' title='bbox 1757 2493 1792 2513; x_wconf 87' lang='lat' dir='ltr'><strong>ex</strong></span> <span class='ocrx_word' id='word_1_862' title='bbox 1804 2485 1923 2513; x_wconf 81' lang='lat' dir='ltr'><strong>ailirma-</strong></span> 
     </span>
    </p>
   </div>
   <div class='ocr_carea' id='block_1_110' title="bbox 1126 2526 1922 2566">
    <p class='ocr_par' dir='ltr' id='par_1_110' title="bbox 1126 2526 1922 2566">
     <span class='ocr_line' id='line_1_110' title="bbox 1126 2526 1922 2566; baseline 0.006 -13"><span class='ocrx_word' id='word_1_863' title='bbox 1126 2526 1243 2554; x_wconf 87' lang='lat' dir='ltr'><strong>tionibus</strong></span> <span class='ocrx_word' id='word_1_864' title='bbox 1265 2532 1292 2554; x_wconf 89' lang='lat' dir='ltr'><strong>et</strong></span> <span class='ocrx_word' id='word_1_865' title='bbox 1312 2528 1515 2563; x_wconf 80' lang='lat' dir='ltr'><strong>uegationibus,</strong></span> <span class='ocrx_word' id='word_1_866' title='bbox 1545 2529 1657 2563; x_wconf 92' lang='lat' dir='ltr'><strong>primum</strong></span> <span class='ocrx_word' id='word_1_867' title='bbox 1673 2531 1780 2566; x_wconf 85' lang='lat' dir='ltr'><strong>quidem</strong></span> <span class='ocrx_word' id='word_1_868' title='bbox 1802 2539 1834 2559; x_wconf 82' lang='lat' dir='ltr'><strong>ex</strong></span> <span class='ocrx_word' id='word_1_869' title='bbox 1857 2531 1922 2566; x_wconf 85' lang='lat' dir='ltr'><strong>ipsis</strong></span> 
     </span>
    </p>
   </div>
   <div class='ocr_carea' id='block_1_111' title="bbox 1124 2573 1923 2609">
    <p class='ocr_par' dir='ltr' id='par_1_111' title="bbox 1124 2573 1923 2609">
     <span class='ocr_line' id='line_1_111' title="bbox 1124 2573 1923 2609; baseline 0.008 -10"><span class='ocrx_word' id='word_1_870' title='bbox 1124 2581 1185 2609; x_wconf 68' lang='lat' dir='ltr'><strong>qua:</strong></span> <span class='ocrx_word' id='word_1_871' title='bbox 1206 2574 1395 2608; x_wconf 82' lang='lat' dir='ltr'><strong>praedicantur.</strong></span> <span class='ocrx_word' id='word_1_872' title='bbox 1427 2574 1474 2603; x_wconf 89' lang='lat' dir='ltr'><strong>Est</strong></span> <span class='ocrx_word' id='word_1_873' title='bbox 1502 2579 1591 2604; x_wconf 87' lang='lat' dir='ltr'><strong>autem</strong></span> <span class='ocrx_word' id='word_1_874' title='bbox 1617 2573 1692 2604; x_wconf 87' lang='lat' dir='ltr'><strong>locus</strong></span> <span class='ocrx_word' id='word_1_875' title='bbox 1716 2576 1759 2605; x_wconf 88' lang='lat' dir='ltr'><strong>hic</strong></span> <span class='ocrx_word' id='word_1_876' title='bbox 1784 2577 1856 2605; x_wconf 88' lang='lat' dir='ltr'><strong>utilis</strong></span> <span class='ocrx_word' id='word_1_877' title='bbox 1876 2578 1923 2605; x_wconf 86' lang='lat' dir='ltr'><strong>de-</strong></span> 
     </span>
    </p>
   </div>
   <div class='ocr_carea' id='block_1_112' title="bbox 1124 2620 1921 2658">
    <p class='ocr_par' dir='ltr' id='par_1_112' title="bbox 1124 2620 1921 2658">
     <span class='ocr_line' id='line_1_112' title="bbox 1124 2620 1921 2658; baseline 0.006 -12"><span class='ocrx_word' id='word_1_878' title='bbox 1124 2620 1238 2647; x_wconf 87' lang='lat' dir='ltr'><strong>struenti</strong></span> <span class='ocrx_word' id='word_1_879' title='bbox 1254 2623 1367 2653; x_wconf 88' lang='lat' dir='ltr'><strong>tantum,</strong></span> <span class='ocrx_word' id='word_1_880' title='bbox 1381 2621 1443 2648; x_wconf 91' lang='lat' dir='ltr'><strong>utsi</strong></span> <span class='ocrx_word' id='word_1_881' title='bbox 1460 2620 1616 2656; x_wconf 76' lang='lat' dir='ltr'><strong>afﬁrmatio,</strong></span> <span class='ocrx_word' id='word_1_882' title='bbox 1629 2623 1671 2651; x_wconf 87' lang='lat' dir='ltr'><strong>vel</strong></span> <span class='ocrx_word' id='word_1_883' title='bbox 1686 2623 1757 2658; x_wconf 83' lang='lat' dir='ltr'><strong>quod</strong></span> <span class='ocrx_word' id='word_1_884' title='bbox 1773 2624 1921 2652; x_wconf 88' lang='lat' dir='ltr'><strong>secundum</strong></span> 
     </span>
    </p>
   </div>
   <div class='ocr_carea' id='block_1_113' title="bbox 1123 2664 1923 2705">
    <p class='ocr_par' dir='ltr' id='par_1_113' title="bbox 1123 2664 1923 2705">
     <span class='ocr_line' id='line_1_113' title="bbox 1123 2664 1923 2705; baseline 0.006 -12"><span class='ocrx_word' id='word_1_885' title='bbox 1123 2665 1330 2694; x_wconf 78' lang='lat' dir='ltr'><strong>aiiirmationem</strong></span> <span class='ocrx_word' id='word_1_886' title='bbox 1357 2664 1464 2701; x_wconf 88' lang='lat' dir='ltr'><strong>dicitur,</strong></span> <span class='ocrx_word' id='word_1_887' title='bbox 1483 2668 1542 2703; x_wconf 85' lang='lat' dir='ltr'><strong>ejus</strong></span> <span class='ocrx_word' id='word_1_888' title='bbox 1567 2674 1608 2696; x_wconf 86' lang='lat' dir='ltr'><strong>est</strong></span> <span class='ocrx_word' id='word_1_889' title='bbox 1632 2670 1782 2705; x_wconf 82' lang='lat' dir='ltr'><strong>proprium,</strong></span> <span class='ocrx_word' id='word_1_890' title='bbox 1800 2665 1853 2698; x_wconf 90' lang='lat' dir='ltr'><strong>non</strong></span> <span class='ocrx_word' id='word_1_891' title='bbox 1869 2671 1923 2698; x_wconf 88' lang='lat' dir='ltr'><strong>erit</strong></span> 
     </span>
    </p>
   </div>
   <div class='ocr_carea' id='block_1_114' title="bbox 1123 2712 1923 2753">
    <p class='ocr_par' dir='ltr' id='par_1_114' title="bbox 1123 2712 1923 2753">
     <span class='ocr_line' id='line_1_114' title="bbox 1123 2712 1923 2753; baseline 0.006 -13"><span class='ocrx_word' id='word_1_892' title='bbox 1123 2712 1244 2748; x_wconf 77' lang='lat' dir='ltr'><strong>profecto</strong></span> <span class='ocrx_word' id='word_1_893' title='bbox 1260 2712 1319 2748; x_wconf 86' lang='lat' dir='ltr'><strong>ejus</strong></span> <span class='ocrx_word' id='word_1_894' title='bbox 1338 2714 1453 2750; x_wconf 77' lang='lat' dir='ltr'><strong>negatio,</strong></span> <span class='ocrx_word' id='word_1_895' title='bbox 1480 2723 1566 2751; x_wconf 89' lang='lat' dir='ltr'><strong>neque</strong></span> <span class='ocrx_word' id='word_1_896' title='bbox 1579 2714 1653 2751; x_wconf 88' lang='lat' dir='ltr'><strong>quod</strong></span> <span class='ocrx_word' id='word_1_897' title='bbox 1676 2717 1824 2745; x_wconf 86' lang='lat' dir='ltr'><strong>secundum</strong></span> <span class='ocrx_word' id='word_1_898' title='bbox 1841 2721 1923 2753; x_wconf 76' lang='lat' dir='ltr'><strong>nega-</strong></span> 
     </span>
    </p>
   </div>
   <div class='ocr_carea' id='block_1_115' title="bbox 1122 2757 1922 2798">
    <p class='ocr_par' dir='ltr' id='par_1_115' title="bbox 1122 2757 1922 2798">
     <span class='ocr_line' id='line_1_115' title="bbox 1122 2757 1922 2798; baseline 0.005 -13"><span class='ocrx_word' id='word_1_899' title='bbox 1122 2757 1222 2787; x_wconf 77' lang='lat' dir='ltr'><strong>tiouet&#39;n</strong></span> <span class='ocrx_word' id='word_1_900' title='bbox 1238 2759 1346 2793; x_wconf 88' lang='lat' dir='ltr'><strong>dicitur,</strong></span> <span class='ocrx_word' id='word_1_901' title='bbox 1371 2761 1517 2796; x_wconf 86' lang='lat' dir='ltr'><strong>proprium,</strong></span> <span class='ocrx_word' id='word_1_902' title='bbox 1535 2762 1556 2789; x_wconf 91' lang='lat' dir='ltr'><strong>si</strong></span> <span class='ocrx_word' id='word_1_903' title='bbox 1573 2766 1662 2790; x_wconf 88' lang='lat' dir='ltr'><strong>autem</strong></span> <span class='ocrx_word' id='word_1_904' title='bbox 1685 2762 1721 2790; x_wconf 88' lang='lat' dir='ltr'><strong>sit</strong></span> <span class='ocrx_word' id='word_1_905' title='bbox 1743 2763 1860 2798; x_wconf 80' lang='lat' dir='ltr'><strong>negatio,</strong></span> <span class='ocrx_word' id='word_1_906' title='bbox 1877 2767 1922 2789; x_wconf 89' lang='lat' dir='ltr'><strong>aut</strong></span> 
     </span>
    </p>
   </div>
   <div class='ocr_carea' id='block_1_116' title="bbox 1122 2805 1922 2844">
    <p class='ocr_par' dir='ltr' id='par_1_116' title="bbox 1122 2805 1922 2844">
     <span class='ocr_line' id='line_1_116' title="bbox 1122 2805 1922 2844; baseline 0.005 -12"><span class='ocrx_word' id='word_1_907' title='bbox 1122 2805 1193 2840; x_wconf 80' lang='lat' dir='ltr'><strong>quod</strong></span> <span class='ocrx_word' id='word_1_908' title='bbox 1210 2806 1359 2833; x_wconf 90' lang='lat' dir='ltr'><strong>secundum</strong></span> <span class='ocrx_word' id='word_1_909' title='bbox 1383 2807 1550 2842; x_wconf 83' lang='lat' dir='ltr'><strong>negationem</strong></span> <span class='ocrx_word' id='word_1_910' title='bbox 1573 2807 1671 2836; x_wconf 90' lang='lat' dir='ltr'><strong>dicitur</strong></span> <span class='ocrx_word' id='word_1_911' title='bbox 1686 2810 1834 2844; x_wconf 83' lang='lat' dir='ltr'><strong>proprium,</strong></span> <span class='ocrx_word' id='word_1_912' title='bbox 1850 2809 1922 2844; x_wconf 84' lang='lat' dir='ltr'><strong>ejus-</strong></span> 
     </span>
    </p>
   </div>
   <div class='ocr_carea' id='block_1_117' title="bbox 1121 2851 1920 2891">
    <p class='ocr_par' dir='ltr' id='par_1_117' title="bbox 1121 2851 1920 2891">
     <span class='ocr_line' id='line_1_117' title="bbox 1121 2851 1920 2891; baseline 0.004 -12"><span class='ocrx_word' id='word_1_913' title='bbox 1121 2852 1181 2879; x_wconf 91' lang='lat' dir='ltr'><strong>dem</strong></span> <span class='ocrx_word' id='word_1_914' title='bbox 1197 2860 1250 2880; x_wconf 94' lang='lat' dir='ltr'><strong>non</strong></span> <span class='ocrx_word' id='word_1_915' title='bbox 1266 2851 1318 2880; x_wconf 89' lang='lat' dir='ltr'><strong>erit</strong></span> <span class='ocrx_word' id='word_1_916' title='bbox 1331 2852 1487 2888; x_wconf 77' lang='lat' dir='ltr'><strong>afﬁrmatio,</strong></span> <span class='ocrx_word' id='word_1_917' title='bbox 1505 2862 1592 2891; x_wconf 88' lang='lat' dir='ltr'><strong>neque</strong></span> <span class='ocrx_word' id='word_1_918' title='bbox 1613 2855 1685 2890; x_wconf 87' lang='lat' dir='ltr'><strong>quod</strong></span> <span class='ocrx_word' id='word_1_919' title='bbox 1708 2856 1855 2884; x_wconf 78' lang='lat' dir='ltr'><strong>secundum</strong></span> <span class='ocrx_word' id='word_1_920' title='bbox 1878 2854 1920 2882; x_wconf 77' lang='lat' dir='ltr'><strong>af-</strong></span> 
     </span>
    </p>
   </div>
   <div class='ocr_carea' id='block_1_118' title="bbox 1119 2896 1921 2939">
    <p class='ocr_par' dir='ltr' id='par_1_118' title="bbox 1119 2896 1921 2939">
     <span class='ocr_line' id='line_1_118' title="bbox 1119 2896 1921 2939; baseline 0.006 -15"><span class='ocrx_word' id='word_1_921' title='bbox 1119 2896 1299 2926; x_wconf 76' lang='lat' dir='ltr'><strong>tlrmationem</strong></span> <span class='ocrx_word' id='word_1_922' title='bbox 1315 2898 1413 2927; x_wconf 88' lang='lat' dir='ltr'><strong>dicitur</strong></span> <span class='ocrx_word' id='word_1_923' title='bbox 1429 2900 1576 2936; x_wconf 85' lang='lat' dir='ltr'><strong>proprium,</strong></span> <span class='ocrx_word' id='word_1_924' title='bbox 1593 2906 1623 2930; x_wconf 88' lang='lat' dir='ltr'><strong>ut</strong></span> <span class='ocrx_word' id='word_1_925' title='bbox 1634 2902 1696 2938; x_wconf 79' lang='lat' dir='ltr'><strong>quia</strong></span> <span class='ocrx_word' id='word_1_926' title='bbox 1712 2902 1849 2939; x_wconf 88' lang='lat' dir='ltr'><strong>proprium</strong></span> <span class='ocrx_word' id='word_1_927' title='bbox 1862 2901 1921 2930; x_wconf 51' lang='lat' dir='ltr'><strong>suis</strong></span> 
     </span>
    </p>
   </div>
  </div>
