4248 6272
381 352 486 427 eos
1271 342 1672 428 rortconuit
1710 333 2160 420 ARISTOTELIS
2201 286 2772 422 immensum.
3543 324 3673 426 eos

351 443 535 532 'rnalis
577 471 661 522 est
688 462 1003 526 animatum,
1059 474 1166 516 non
1219 459 1330 515 erit.
1375 455 1623 514 animalis
1671 452 1972 524 proprium,

2090 436 2189 498 non
2217 451 2300 496 est
2327 420 2444 510 ejus
2469 441 2610 512 quod
2640 451 2722 495 est
2744 441 2888 509 juste
2911 452 3190 509 proprium
3212 435 3358 508 quod
3388 435 3549 503 bene,
3575 420 3670 502 ne:

383 525 487 624 iion
519 525 832 612 animatum.
877 525 1184 614 Secundum
1216 545 1491 608 autemex
1524 545 1854 622 prtedicatis,
1893 543 1980 598 vol
2033 542 2038 546 ’
2084 547 2189 602 (lue
2229 531 2427 624 illius”
2463 532 2575 624 eri“
2609 531 2881 600 ντορτῑυιη
2923 529 3065 624 ψιοά
3091 525 3275 624 male.
3321 526 3674 624 Construenti

385 652 544 705 etiam
579 664 686 704 non
728 643 1064 719 pradicatis,
1114 654 1168 698 et
1207 641 1276 700 de
1302 642 1496 714 quibus
1539 639 1856 712 prmdicalur
1896 634 1983 694 vel

384 724 491 796 hon
547 739 888 810 prtcdicatur,
935 734 1230 792 destruenti
1266 735 1502 807 quidem,
1539 733 1581 788 si
1610 728 1983 786 affirmationis

383 832 675 888 Affirmntio
703 848 807 886 non
841 837 921 884 est
952 828 1243 898 proprium.
1270 821 1453 896 Neque
1480 826 1623 879 enim
1656 820 1867 888 negatio
1891 834 1984 878 ne-

387 925 619 995 gtllinllis
654 923 756 978 erit
779 923 1075 994 proprium,
1099 929 1153 973 et
1188 918 1232 972 si
1278 917 1490 986 negatio
1530 914 1830 990 negationis
1876 926 1982 970 non

384 1021 466 1070 est
499 1015 788 1085 proprium.
817 1027 990 1081 neque
1016 1009 1389 1064 affirmatiouis
1418 1007 1704 1063 affirmatio
1727 1007 1828 1061 erit
1859 1020 1985 1074 pro-

387 1097 582 1180 prium,
617 1115 669 1162 ut
695 1107 943 1176 quianon
974 1103 1055 1160 est
1079 1101 1354 1176 proprium
1381 1097 1614 1182 hominis
1634 1099 1852 1164 animal,
1885 1113 1984 1153 ne.

386 1215 491 1269 quc
521 1215 624 1253 nun
659 1198 892 1253 hominis
921 1209 1026 1251 non
1055 1193 1254 1250 animal
1281 1212 1295 1260 ;
1329 1192 1375 1248 si
1405 1203 1583 1247 antctn
1617 1207 1723 1246 non
1748 1187 1984 1245 hominis

390 1307 496 1345 non
528 1289 739 1345 videtur
789 1288 1062 1358 pmprium
1111 1302 1214 1340 non
1257 1283 1478 1350 animal,
1529 1299 1705 1356 neque
1753 1279 1985 1338 hominis

387 1382 487 1436 erit
519 1384 791 1450 proprium
816 1377 1038 1434 animal.
1070 1377 1416 1432 Construeuti
1442 1385 1645 1439 autem,
1670 1376 1714 1430 si
1746 1374 1986 1430 al'lirma-

386 1454 551 1527 iiiinis
580 1471 867 1526 afﬁrmatio
894 1459 983 1525 est
998 1471 1294 1539 proprium.
1339 1468 1468 1526 Nam
1493 1477 1542 1520 et
1577 1463 1790 1538 negatio
1821 1479 1985 1534 nega-

387 1558 547 1618 tionis
576 1564 675 1617 erit
708 1564 1002 1631 proprium,
1035 1559 1076 1614 si
1103 1567 1280 1614 autem
1323 1557 1621 1624 negationis
1672 1553 1883 1625 negatio
1906 1561 1990 1610 est

392 1651 692 1726 prOprium,
722 1664 774 1706 et
803 1649 1084 1705 affirmatio
1127 1645 1503 1705 aifirmationis
1543 1649 1644 1704 erit
1685 1647 1986 1718 proprium,

393 1746 458 1797 'ut
484 1745 607 1813 quia
635 1758 738 1798 non
771 1741 1019 1796 animalis
1063 1752 1149 1796 est
1193 1741 1466 1811 proprium
1518 1753 1622 1794 non
1651 1740 1853 1802 vivere,
1886 1736 1992 1791 erit

2086 637 2236 690 vero,
2268 623 2310 678 si
2341 619 2576 694 Oppositi
2604 634 2760 676 casus
2795 631 2877 676 est
2920 621 3198 692 proprium
3230 617 3462 692 Oppositi
3491 611 3671 702 casus.

2083 711 2217 771 Nam
2250 722 2306 771 et
2341 714 2572 783 oppositi
2606 726 2761 767 casus
2787 713 2891 768 erit
2921 715 3196 784 pr0prium
3231 705 3462 784 oppOsiti
3493 728 3674 782 casus,

2087 818 2145 864 ut
2173 807 2297 879 quia
2331 803 2541 862 hOneSti
2571 817 2653 861 eSt
2683 806 2954 875 proprium
2990 809 3276 876 optimum,
3306 817 3360 862 et
3406 805 3679 862 inhonesti

2086 900 2190 956 erit
2213 897 2487 969 proprium
2518 894 2830 967 pessimum.
2860 897 3059 953 Deinde
3085 915 3148 953 ex
3179 898 3244 953 i.s
3274 915 3392 969 quae
3423 898 3677 954 similiter

2087 1009 2146 1049 se
2179 992 2403 1060 habent,
2437 991 2736 1046 destrueufi
2771 989 3010 1059 quidem,
3058 991 3108 1059 si,
3144 990 3286 1060 quod
3330 991 3579 1046 similiter
3619 1005 3681 1046 se

2089 1085 2272 1152 habet,
2321 1086 2439 1155 ejus
2484 1084 2624 1154 quod
2678 1082 2926 1139 similiter
2976 1098 3038 1138 se
3081 1081 3239 1138 habet
3289 1091 3396 1138 neu
3441 1089 3523 1137 est
3558 1099 3683 1154 pro-

2090 1178 2288 1248 prium.
2330 1176 2515 1248 Neque
2557 1177 2699 1231 enim
2747 1171 2887 1245 quod
2933 1174 3186 1230 similiter
3235 1187 3294 1232 se
3337 1172 3515 1241 habet,
3565 1177 3684 1244 ejus

2089 1269 2231 1338 quod
2256 1269 2502 1324 similiter
2529 1283 2589 1324 se
2617 1268 2778 1324 habet
2801 1267 2904 1324 crit
2932 1269 3228 1338 prOprittm,
3258 1273 3316 1322 ιιι
3343 1268 3463 1333 quia
3495 1267 3687 1323 simili-

2089 1369 2173 1415 tcr
2194 1373 2252 1415 se
2281 1361 2443 1416 habet
2467 1360 2532 1414 ad
2561 1361 2952 1416 exstruendum
2975 1359 3260 1414 mddicium
3286 1359 3599 1426 a-dzficator,
3633 1367 3690 1416 et

2093 1453 2336 1507 medicus
2367 1454 2430 1506 ad
2485 1451 2825 1508 efficiendum
2866 1453 3175 1514 sanitatem.
3219 1469 3323 1506 non
3374 1464 3456 1508 est
3504 1453 3684 1506 autem

2091 1545 2370 1616 proprium
2402 1545 2590 1600 medici
2615 1545 2831 1601 efﬁcere
2862 1547 3170 1612 sanitatem,
3195 1559 3368 1616 neque
3398 1543 3690 1622 :edifirato-

2092 1639 2169 1694 ris
2215 1641 2320 1692 erit
2350 1640 2626 1708 pr0prium
2672 1647 2952 1692 exstruere
3002 1637 3309 1698 aedificium.
3339 1631 3689 1694 Construenli

2094 1741 2297 1794 autem,
2329 1731 2376 1785 si
2406 1727 2551 1801 quod
2571 1730 2820 1785 similiter
2844 1743 2904 1786 se
2935 1731 3098 1786 habet
3127 1732 3230 1786 erit
3260 1731 3537 1800 pr0prium
3566 1729 3687 1802 ejus

389 1833 638 1888 animalis
669 1839 939 1902 praprinm
989 1833 1188 1894 vivere,
1232 1842 1283 1885 et
1330 1831 1374 1886 si
1429 1831 1677 1885 animalis
1709 1829 1983 1898 proprium
2017 1832 2068 1902 Β
2092 1823 2232 1892 quod
2256 1823 2506 1878 similLter
2532 1839 2590 1877 se
2615 1823 2794 1882 habet.
2826 1823 2960 1882 Nam
2991 1833 3046 1880 et
3069 1823 3208 1894 quod
3236 1823 3486 1879 similiter
3515 1838 3572 1880 se
3596 1821 3692 1878 ha-

391 1925 598 1979 vide'tur
629 1925 829 1990 vivere,
870 1931 924 1979 et
982 1937 1088 1978 non
1121 1923 1368 1980 animalis
1412 1923 1689 1994 proprium
1718 1915 1990 1974 videbitur

390 2011 498 2070 hon
554 2017 756 2071 vivere.
801 2015 1042 2071 Tertium
1090 2027 1266 2070 autem
1293 2030 1358 2069 ex
1411 2013 1539 2088 ipsis
1583 2011 1864 2083 subjectis,
1896 2009 1992 2068 de-

391 2107 617 2162 Strneuti
649 2103 887 2176 quidem,
937 2108 980 2162 si
1012 2107 1153 2177 quod
1185 2108 1510 2176 assignatum
1561 2116 1645 2159 est
1687 2102 2018 2184 proprium,_

393 2189 766 2276 afﬁrmationis
792 2209 875 2255 est
923 2200 1218 2272 proprium.
1268 2199 1380 2254 Non
1431 2199 1533 2252 erit
1573 2192 1722 2254 enim
1756 2191 1898 2252 idem
1935 2203 1990 2254 et

397 2290 694 2360 negationis
746 2291 1058 2361 proprium;
1091 2291 1134 2345 si
1185 2302 1361 2346 autem
1409 2291 1708 2359 negationis
1737 2295 1819 2343 cst
1861 2301 1990 2358 pro-

391 2381 562 2448 prium
601 2379 740 2448 quod
785 2381 1112 2450 assignatum
1152 2390 1258 2448 est,
1317 2396 1421 2434 non
1469 2379 1573 2434 erit
1619 2367 1991 2432 affirmationis

389 2472 686 2543 praprium,
719 2477 776 2527 ut
802 2473 925 2542 quia
965 2473 1214 2528 animalis
1258 2472 1528 2543 proprium
1562 2481 1644 2526 est
1667 2471 1988 2534 animatum,

389 2554 508 2619 'non
553 2565 798 2620 animalis
850 2581 956 2624 non
1008 2565 1111 2620 erit
1161 2565 1434 2636 proprium
1476 2557 1790 2618 animatum.
1848 2549 1984 2615 Cono

391 2655 617 2710 Ilrucuti
646 2671 797 2721 vero,
839 2655 883 2710 si
911 2656 1235 2726 assignatum
1269 2656 1544 2726 proprium
1583 2671 1687 2707 non
1715 2663 1801 2706 est
1831 2647 1988 2705 afﬁr-

393 2741 638 2820 ina‘tionis
671 2749 966 2817 proprium,
996 2749 1098 2803 erit
1132 2749 1450 2819 negationis.
1483 2747 1550 2801 At
1583 2747 1670 2800 hic
1716 2743 1864 2800 locus
1897 2745 1985 2801 de-

393 2839 522 2916 ficit,
555 2840 988 2895 nam'affirmatio
1030 2841 1347 2912 negationis,
1389 2851 1443 2896 et
1484 2841 1698 2912 negatio
1741 2838 1986 2894 afﬁrma-

400 2917 564 3007 tiouis
593 2940 698 3009 nun
761 2941 841 2988 est
898 2933 1196 3004 proprium,
1242 2929 1672 3003 quandoquidem
1705 2929 1988 2986 affirmatio

394 3023 664 3095 negationi
705 3026 924 3079 omnino
973 3041 1079 3079 non
1139 3025 1296 3094 inest,
1352 3025 1565 3095 negatio
1613 3033 1790 3079 autem
1838 3023 1988 3078 affir-

395 3099 620 3178 htationi
669 3121 808 3173 inest
856 3117 1095 3188 quidem,
1141 3129 1194 3172 at
1245 3130 1443 3171 nonut
1498 3116 1772 3192 proprium
1825 3111 1986 3171 inest.

2041 1923 2046 1928 '
2094 1913 2207 1978 bet,
2238 1913 2356 1982 ejus
2389 1913 2532 1981 quod
2575 1914 2823 1969 similiter
2866 1926 2925 1970 se
2955 1913 3121 1969 habet
3162 1916 3267 1969 erit
3301 1916 3598 1985 prOprium,
3633 1923 3692 1970 ut

2093 2004 2348 2073 quoniam
2393 2004 2648 2058 similiter
2686 2016 2746 2061 se
2771 2004 2932 2062 habet
2972 2007 3210 2061 medicus
3251 2007 3317 2061 ad
3347 2006 3399 2061 id
3425 2006 3564 2078 quod
3607 2015 3692 2063 est

2094 2107 2219 2150 esse
2245 2091 2547 2149 eﬂectivum
2599 2087 2863 2162 sanitatis,
2895 2103 2950 2152 et
2974 2098 3343 2169 ludimagister
3372 2099 3438 2151 ad
3470 2093 3521 2152 id
3547 2097 3690 2168 quod

2095 2198 2179 2243 est
2207 2199 2327 2244 esse
2348 2188 2654 2244 eﬂ‘ectivum
2683 2191 2836 2246 home
2869 2190 3224 2259 habitudinis,
3255 2202 3338 2248 est
3367 2201 3544 2246 autem
3567 2169 3692 2260 pro;

2096 2283 2270 2352 primn
2303 2283 2540 2354 magistri
2576 2284 2684 2339 ludi
2722 2299 2842 2340 esse
2873 2285 3175 2340 effectivum
3217 2283 3374 2341 home
3417 2280 3692 2340 habitudi-

2100 2378 2205 2442 nis,
2237 2376 2343 2430 erit
2373 2377 2648 2447 proprium
2682 2385 2734 2432 et
2765 2380 2958 2434 medici
3004 2373 3305 2436 eﬂectivum
3344 2393 3463 2434 esse
3493 2365 3692 2446 sanita-

2088 2462 2185 2520 'tis‘.
2221 2467 2425 2523 Deinde
2463 2484 2528 2524 ex
2561 2469 2628 2525 iis
2655 2483 2775 2540 quae
2804 2471 2882 2526 sic
2910 2487 2970 2527 se
2997 2470 3216 2538 habent,
3246 2469 3546 2527 deStruenti
3573 2470 3692 2550 quis

2095 2560 2241 2628 dem,
2295 2561 2342 2617 si
2372 2561 2514 2633 quod
2547 2563 2624 2618 sic
2668 2578 2726 2619 se
2767 2561 2948 2631 habet,
2979 2568 3096 2638 ejus
3121 2561 3262 2634 quod
3303 2564 3381 2620 sic
3431 2578 3489 2622 se
3526 2561 3692 2621 habet

2090 2646 2206 2708 'non
2239 2659 2323 2709 est
2362 2657 2664 2728 proprium.
2709 2653 2894 2728 Neque
2937 2658 3082 2712 enim
3114 2658 3256 2730 quod
3285 2654 3363 2712 sic
3407 2671 3466 2712 se
3508 2639 3691 2730 habet,

2095 2747 2212 2817 ejus
2240 2747 2382 2818 quod
2406 2749 2484 2803 sic
2518 2764 2577 2804 se
2611 2750 2775 2805 habet
2815 2752 2920 2806 erit
2948 2751 3248 2822 proprium.
3279 2747 3335 2806 Si
3366 2759 3545 2806 autem
3573 2733 3692 2820 ejus

2095 2840 2238 2910 quod
2266 2842 2343 2898 sic
2369 2857 2430 2902 se
2453 2841 2633 2911 habet,
2660 2841 2714 2898 id
2742 2843 2882 2914 quod
2912 2846 2989 2899 sic
3011 2859 3070 2900 se
3094 2842 3255 2900 habet
3281 2852 3362 2899 est
3385 2833 3685 2914 proprium,

2094 2933 2212 3002 ejus
2243 2949 2349 2988 non
2397 2929 2502 2990 erit
2534 2936 2806 3006 proprium
2836 2935 2991 3005 cujus
3023 2934 3252 3010 positum
3293 2945 3378 2990 est
3405 2950 3526 2989 esse
3558 2925 3690 3004 pro;

2095 3025 2291 3095 prium.
2330 3019 2398 3081 Ut
2435 3023 2560 3098 quia
2589 3027 2668 3082 sic
2699 3043 2759 3082 se
2792 3025 2951 3083 habet
2982 3027 3267 3100 prudentia
3311 3027 3376 3082 ad
3405 3015 3690 3086 honestum

2095 3127 2149 3171 et
2190 3124 2367 3188 turpe,
2405 3133 2472 3172 eo
2516 3115 2658 3190 quod
2707 3117 2990 3191 disciplina
3038 3122 3318 3191 utriusque
3361 3136 3550 3178 eorum
3577 3131 3686 3198 est,

397 3200 596 3263 Deinde
629 3223 693 3264 ex
722 3203 787 3265 iis
807 3224 928 3280 qua:
950 3223 1016 3264 ex
1040 3209 1288 3280 opposito
1314 3207 1649 3273 dividuntur,
1685 3205 1987 3262 destruenti
2018 3201 2066 3270 C
2098 3214 2202 3260 non
2243 3215 2326 3261 est
2345 3217 2525 3262 autem
2551 3205 2849 3278 prudentiae
2883 3212 3157 3280 proprium
3187 3200 3531 3286 disciplinam
3563 3201 3690 3286 esse

395 3290 627 3374 quidem.
663 3297 708 3356 si
748 3311 932 3355 earum
961 3317 1080 3372 qua:
1123 3315 1187 3355 ex
1215 3301 1466 3372 opposito
1501 3300 1833 3364 dividuntur,
1867 3300 1986 3353 nul-

395 3389 503 3464 lum
553 3392 718 3450 ullius
767 3395 1091 3466 reliquorum
1150 3411 1212 3449 ex
1268 3393 1519 3466 opposito
1564 3393 1854 3452 divisornm
1907 3401 1994 3450 est

393 3488 683 3558 proprium.
715 3479 901 3557 Neque
942 3489 1084 3543 enim
1134 3487 1276 3558 quod
1317 3486 1546 3557 positum
1579 3495 1680 3552 est,
1733 3485 1831 3541 erit
1865 3502 1991 3557 pro-

397 3569 569 3654 prium
600 3581 714 3652 ejus
744 3581 896 3654 cujus
930 3579 1160 3650 positum
1185 3591 1268 3637 est
1301 3583 1602 3652 proprium,
1637 3590 1696 3635 ut
1723 3577 1845 3650 quia
1873 3582 1991 3636 ani-

400 3659 502 3728 mal
532 3671 787 3728 sensibile
817 3669 1014 3728 nullius
1055 3673 1284 3728 aliorum
1318 3673 1626 3728 mortalium
1675 3669 1987 3728 animalium

396 3757 478 3822 est
547 3768 860 3837 proprium,
909 3783 1014 3823 non
1078 3767 1181 3824 erit
1233 3767 1438 3824 animal
1504 3767 1840 3842 intelligibile
1897 3769 1992 3830 llei

397 3859 691 3928 proprium.
741 3855 1087 3915 Constrnenti
1137 3873 1316 3918 autem
1351 3904 1364 3928 ,
1423 3861 1469 3918 si
1513 3873 1830 3920 ceterorum
1869 3853 1989 3941 qtm

397 3968 460 4006 ex
487 3953 734 4022 opposito
794 3953 1104 4010 dividuntur
1159 3955 1384 4026 quodvis
1436 3965 1520 4012 est
1576 3960 1851 4030 proprium
1902 3970 1990 4018 ιε-

400 4034 526 4095 lium
600 4055 1037 4116 quorumcunque
1127 4060 1311 4100 eorum
1389 4061 1510 4118 quae
1589 4064 1659 4104 ex
1738 4053 1990 4121 opposito

399 4134 728 4194 dividuntur.
803 4137 935 4193 Nam
1025 4135 1285 4209 reliquum
1362 4140 1470 4196 erit
1526 4141 1644 4212 ejus
1711 4144 1985 4211 proprium

396 4218 547 4302 cujus
601 4229 832 4298 positum
898 4241 981 4285 est
1045 4245 1151 4285 non
1211 4246 1329 4288 esse
1381 4231 1702 4305 proprium,
1758 4246 1813 4292 ut
1863 4236 1990 4310 quia

400 4317 692 4402 prudentia;
742 4332 825 4378 est
868 4322 1139 4393 proprium
1168 4365 1182 4390 ,
1235 4339 1331 4390 per
1380 4341 1440 4381 se
1493 4331 1675 4382 natum
1731 4341 1849 4382 esse
1900 4343 1990 4383 ra-

399 4411 610 4466 tionalis
657 4413 903 4470 virtutem
966 4431 1084 4471 esse
1119 4459 1136 4485 ,
1193 4426 1246 4471 et
1301 4415 1525 4472 aliarum
1589 4422 1844 4473 virtutum
1908 4419 1988 4474 sic

398 4501 818 4574 nniuscujusque
897 4513 1168 4576 sumptae,
1240 4508 1344 4563 erit
1423 4513 1790 4576 temperantiae
1857 4507 2025 4582 prof

2098 3298 2334 3367 honesti,
2380 3317 2486 3356 non
2516 3303 2699 3372 utique
2740 3305 2844 3360 erit
2879 3306 3154 3378 proprium
3184 3307 3483 3377 prudentiae
3522 3309 3687 3368 disci-

2099 3390 2298 3460 plinam
2329 3406 2448 3446 esse
2476 3393 2680 3464 turpis;
2717 3394 2761 3450 si
2792 3410 2920 3451 vero
2955 3405 3039 3452 est
3068 3400 3341 3470 proprium
3385 3387 3690 3470 prudentié

2095 3483 2440 3556 disciplinam
2471 3501 2594 3543 esse
2629 3485 2863 3554 honesti,
2892 3505 3000 3546 non
3022 3491 3125 3546 erit
3151 3469 3424 3563 proprium
3449 3469 3692 3566 ejusdem

2096 3578 2432 3650 disciplinam
2477 3595 2596 3639 esse
2637 3581 2831 3659 turpis,
2878 3581 3206 3654 impossibile
3255 3595 3336 3640 est
3365 3587 3508 3644 enim
3540 3587 3690 3659 ejus-

2055 3735 2059 3740 .
2094 3669 2218 3727 dum
2242 3675 2390 3746 plura
2416 3688 2535 3730 esse
2567 3657 2802 3746 pro'pria.
2827 3675 3177 3733 Coustruenti
3217 3691 3344 3734 vero
3378 3677 3512 3734 nihil
3540 3657 3693 3740 local

2096 3752 2198 3817 iste
2228 3765 2393 3836 utilis,
2430 3781 2550 3819 nam
2599 3765 2742 3838 quod
2783 3766 2862 3823 sic
2907 3782 2966 3823 se
3013 3765 3198 3837 habet,
3231 3785 3394 3826 unum
3440 3771 3506 3827 ad
3539 3758 3694 3844 plura

2095 3861 2454 3926 (omparatur.
2491 3855 2699 3914 Deinde
2727 3861 3028 3931 destrucoti
3061 3863 3298 3933 quidem,
3339 3865 3384 3920 si
3417 3855 3560 3938 quod
3603 3853 3691 3923 se?

2094 3945 2326 4002 eundum
2369 3963 2509 4005 esse,
2540 3949 2758 4016 dicitur,
2794 3965 2899 4004 non
2945 3961 3029 4007 est
3056 3955 3174 4022 ejus
3212 3955 3355 4024 quod
3395 3957 3692 4036 secundum

2093 4046 2215 4093 esse
2257 4038 2454 4094 dicitur
2496 4043 2790 4108 pr0prium.
2835 4041 2969 4097 Nam
3024 4058 3200 4114 neque
3247 4045 3523 4116 corrumpi
3571 4049 3694 4124 ejus

2093 4130 2238 4200 quod
2265 4139 2346 4184 cst
2386 4131 2682 4185 secundum
2717 4134 3016 4202 corrumpi,
3071 4149 3248 4205 neque
3277 4141 3522 4208 generari
3573 4143 3692 4216 ejus
3789 4131 3794 4138 ’

2093 4219 2235 4289 quod
2265 4220 2559 4275 secundum
2607 4223 2854 4293 generari
2887 4221 3106 4290 dicitur,
3145 4225 3250 4285 erit
3291 4227 3585 4298 pr0prium.‘
3622 4229 3692 4294 Ut

2093 4311 2217 4383 quia
2248 4323 2330 4368 est
2362 4311 2596 4369 hominis
2630 4313 2904 4385 proprium
2947 4331 3067 4372 esse
3105 4311 3328 4385 animal,
3358 4335 3531 4389 neque
3560 4307 3688 4392 ejus

2092 4403 2235 4478 Quod
2273 4417 2356 4462 est
2379 4405 2647 4462 hominem
2679 4409 2947 4481 generari,
2981 4402 3088 4466 erit
3122 4411 3394 4481 proprium
3435 4397 3692 4481 generari

2093 4503 2312 4567 animal,
2343 4517 2516 4572 neque
2541 4504 2658 4572 ejus
2688 4499 2830 4576 quod
2864 4513 2947 4559 est
2975 4503 3246 4561 hominem
3277 4506 3548 4574 corrumpi
3579 4490 3691 4563 erit

400 4587 572 4664 prium
625 4612 716 4665 per
769 4615 828 4654 se
881 4601 1062 4654 natum
1115 4615 1233 4654 esse:
1278 4599 1711 4671 concupisciliilzs
1735 4604 1982 4660 virtutem

2097 4595 2370 4668 proprium
2399 4594 2669 4663 corrumpi
2701 4574 2923 4650 animal.
2961 4589 3162 4650 Eodem
3195 4606 3375 4653 autem
3408 4597 3567 4653 modo
3598 4614 3691 4662 ace

397 4678 534 4742 esse.
575 4688 775 4748 Deinde
802 4697 864 4746 ex
896 4694 1134 4757 casibus,
1165 4691 1461 4746 destrnenti
1488 4691 1725 4762 quidem,
1759 4693 1801 4748 si
1832 4707 1992 4752 casus

399 4774 505 4833 non
532 4790 615 4834 est
645 4797 802 4838 casus
828 4785 1124 4852 proprium.
1157 4781 1341 4854 Neque
1368 4784 1509 4837 enim
1540 4798 1698 4838 casus
1733 4787 1837 4841 erit
1867 4783 1991 4858 pro;

399 4863 572 4945 prium
603 4878 780 4946 casus,
811 4883 869 4934 ut
888 4878 1012 4948 quia
1040 4892 1142 4930 non
1173 4886 1256 4932 est
1287 4874 1402 4944 ejus
1423 4875 1568 4946 quod
1591 4877 1841 4947 .eStjuste
1867 4896 1991 4950 pro-

400 4967 571 5032 prium
607 4965 657 5022 id
684 4972 828 5038 quod
863 4969 1019 5039 bene,
1073 4986 1248 5041 neque
1273 4969 1403 5042 justi
1435 4969 1716 5041 proprium
1743 4973 1848 5028 erit
1890 4974 1990 5029 bo-

401 5073 546 5136 num.
585 5057 932 5118 ConStrnenti
962 5074 1164 5133 autem,
1194 5061 1239 5119 si
1283 5077 1442 5119 casus
1473 5073 1556 5119 est
1597 5065 1871 5136 proprium
1903 5083 1994 5124 ca-

401 5165 512 5205 sus.
545 5145 676 5206 Nam
715 5159 771 5208 et
798 5168 957 5210 casus
987 5157 1093 5212 erit
1119 5171 1275 5212 casus
1307 5155 1602 5228 proprium,
1640 5165 1694 5211 nt
1730 5159 1852 5230 quia
1899 5161 1997 5216 ho-

401 5243 575 5298 minis‘
608 5253 689 5300 est
721 5249 996 5315 proprium
1043 5247 1332 5318 gressibile
1365 5247 1542 5318 bipes,
1567 5253 1622 5302 et
1664 5249 1862 5306 homini
1893 5254 1998 5307 erit

401 5335 677 5403 proprium
703 5337 968 5406 gressibili
996 5337 1175 5409 bipedi
1201 5341 1329 5397 dici.
1368 5332 1482 5399 Non
1527 5347 1702 5401 solum
1731 5357 1905 5402 autem
1941 5346 1992 5401 in

398 5424 462 5511 eo
492 5428 640 5497 quod
668 5426 868 5490 dictum
896 5440 982 5486 est
1022 5435 1317 5489 secundum
1348 5451 1505 5492 casus
1535 5449 1616 5493 est
1646 5438 1995 5494 consideran-

399 5516 549 5583 dum,
584 5519 680 5573 sed
703 5528 766 5574 et
783 5519 835 5575 in
878 5523 1161 5594 oppositis,
1189 5527 1642 5598 quemadmodum
1675 5540 1730 5583 et
1773 5531 1826 5584 in
1857 5531 1998 5600 prio-

402 5607 548 5700 ribus
574 5607 710 5666 locis
736 5609 938 5668 dictum
966 5623 1070 5682 est,
1101 5615 1396 5675 destruenti
1422 5619 1666 5690 quidem,
1692 5623 1734 5676 si
1766 5621 1996 5693 oppositl

399 5716 577 5772 οιειις,
613 5719 720 5761 non
748 5715 832 5761 est
855 5710 1128 5779 proprium
1155 5711 1388 5782 oppositi
1417 5727 1595 5769 casus.
1638 5713 1819 5787 Neque
1852 5700 1996 5771 enim

401 5798 633 5880 oppositi
667 5812 828 5857 casus
857 5801 962 5859 erit
991 5804 1265 5876 proprium
1304 5803 1538 5886 oppositi
1564 5822 1744 5876 casus,
1791 5817 1845 5867 ut
1873 5809 1998 5888 quia

2095 4687 2400 4757 cipiendum
2430 4697 2514 4743 est
2540 4695 2593 4742 et
2618 4703 2680 4742 ex
2707 4688 2953 4757 generari
2981 4679 3046 4743 ad
3077 4694 3198 4750 esse
3223 4699 3276 4747 et
3305 4685 3602 4764 corrumpi,
3636 4701 3695 4758 et

2097 4796 2161 4834 ex
2194 4781 2466 4851 corrumpi
2493 4780 2558 4834 ad
2602 4795 2722 4840 esse
2749 4790 2803 4836 et
2829 4783 3102 4852 generari,
3125 4784 3577 4854 quemadmodum
3611 4786 3693 4841 di-

2097 4885 2239 4928 ctum
2292 4881 2374 4928 est
2413 4885 2553 4929 nunc
2603 4891 2665 4928 ex
2717 4883 2844 4930 esse‘
2883 4873 2950 4930 ad
2979 4877 3251 4946 generari,
3297 4888 3352 4934 et
3394 4882 3692 4952 corrumpi.

2098 4961 2445 5022 Constrttenti
2483 4978 2686 5032 autem,
2735 4967 2781 5023 si
2813 4963 2930 5040 ejus
2956 4963 3100 5040 quod
3130 4979 3213 5028 est
3243 4975 3539 5030 secundum
3570 4953 3694 5048 esse

2107 5059 2414 5122 ordinatum
2447 5073 2552 5118 est.
2597 5057 2694 5120 Est
2733 5073 2911 5118 autem
2953 5078 3047 5134 per
3093 5079 3174 5132 se,
3220 5063 3524 5122 ordinatum
3574 5084 3697 5142 pro-

2109 5155 2310 5226 prium,
2341 5171 2462 5210 nam
2491 5165 2540 5211 et
2569 5154 2686 5227 ejus
2716 5155 2856 5225 quod
2881 5157 3176 5216 secundum
3201 5160 3447 5236 generari
3473 5161 3692 5231 dicitur,

2107 5246 2210 5302 erit
2255 5248 2356 5302 hoc
2381 5249 2520 5318 quod
2569 5249 2868 5306 secundum
2898 5253 3145 5321 generari
3172 5251 3368 5313 dicitur
3397 5257 3698 5325 proprium,

2107 5348 2162 5393 et
2202 5338 2320 5408 ejus
2344 5336 2485 5408 quod
2516 5340 2814 5397 secundum
2867 5342 3162 5412 corrumpi,
3198 5341 3302 5400 hoc
3331 5345 3472 5418 quod
3505 5359 3698 5402 secun-

2108 5431 2234 5509 dum
2275 5433 2545 5503 corrdmpi
2579 5445 2663 5491 est
2698 5436 3050 5505 assignatum,
3103 5445 3160 5494 ut
3199 5439 3322 5509 quia
3351 5429 3584 5498 hominis
3613 5449 3698 5500 est

2108 5523 2382 5597 proprium
2413 5541 2534 5584 esse
2563 5529 2870 5592 mortalem.
2910 5538 2966 5585 et
3003 5530 3119 5602 ejus
3160 5534 3302 5604 quod
3333 5545 3418 5590 est
3444 5535 3695 5605 generari

2108 5617 2404 5688 hominem,
2439 5622 2546 5676 erit
2577 5625 2850 5693 proprium
2878 5625 3123 5691 generari
3157 5619 3464 5696 mortalem,
3494 5639 3548 5685 et
3575 5629 3696 5697 ejus

2108 5711 2248 5782 quod
2289 5722 2371 5766 est
2418 5714 2690 5788 corrumpi
2724 5716 3024 5782 hominem,
3061 5720 3333 5790 corrumpi
3369 5721 3692 5791 mortalem.

2109 5801 2312 5863 Eodem
2339 5813 2518 5864 autem
2548 5805 2713 5888 modo
2742 5807 3118 5885 accipiendum
3145 5819 3230 5882 est
3274 5827 3342 5871 ex
3369 5813 3617 5892 generari
3639 5818 3700 5874 et
