4248 6272
578 374 679 426 967

1785 363 1889 419 AN.
1936 365 2143 420 MANL.
2183 361 2333 418 SEV.
2379 361 2603 418 BOETII

3743 368 3847 425 εδει

565 478 859 549 corrumpi,
891 488 944 532 et
971 476 1036 530 ad
1065 491 1183 530 esse
1206 483 1260 529 ει
1305 474 1369 530 ad
1401 477 1511 545 ipsa
1540 493 1603 534 ex
1637 481 1766 552 ipsis
1791 484 1924 548 lieri,
1957 495 2146 552 quem-
2175 481 2228 540 Α
2254 479 2370 548 ejus
2414 480 2554 550 quod
2586 481 2749 550 magis
2799 483 2902 534 erit
2943 481 3243 550 proprium,
3297 489 3353 537 ut
3396 494 3521 554 quia
3554 483 3731 537 minus
3761 494 3849 542 est

565 573 849 627 admodum
892 579 947 624 et
968 570 1018 624 in
1056 569 1346 624 destruenti
1377 571 1574 628 dictum
1604 587 1706 631 est.
1741 575 1943 632 Deinde
1974 574 2144 645 inspi-

565 663 812 717 ciendum
859 661 924 715 ad
959 661 1095 717 idem
1143 664 1430 732 suppositi,
1479 665 1778 722 destrueuti
1817 669 2055 738 quidem,
2101 667 2149 721 si

566 757 698 810 ideae
729 772 834 809 non
868 757 1026 824 inest,
1071 767 1164 811 aut
1205 758 1246 811 si
1277 774 1382 812 non
1419 776 1521 830 qua
1558 761 1607 814 id
1635 761 1852 826 dicitur,
1883 761 2037 830 cujus
2066 767 2151 814 εει

570 851 844 920 proprium
873 852 1224 920 assignatum.
1250 854 1365 906 Non
1397 855 1538 908 enim
1575 857 1678 908 erit
1703 855 1976 924 proprium
2005 852 2149 923 quod

566 944 796 1012 positum
838 953 920 997 est
950 958 1068 997 esse
1099 937 1404 1013 proprium,
1427 953 1484 999 ut
1511 946 1764 1014 quoniam
1809 945 1911 1014 ipsi
1946 944 2149 999 homini

566 1052 668 1090 non
700 1037 834 1090 inest
864 1036 1142 1105 quiescere
1169 1052 1271 1106 qua
1301 1037 1463 1092 homo
1488 1047 1592 1105 εει,
1625 1038 1718 1093 sed
1745 1053 1846 1107 qua
1878 1037 2019 1103 idea,
2043 1052 2146 1092 non

565 1133 666 1186 erit
718 1132 949 1186 hominis
982 1132 1252 1200 proprium
1304 1134 1606 1201 quiescere.
1648 1131 1994 1187 Construenti
2048 1147 2147 1184 au-

566 1232 696 1287 tem,
729 1224 772 1277 si
805 1224 936 1278 idem
966 1226 1123 1286 inest,
1144 1236 1195 1278 ct
1226 1225 1519 1278 secundum
1548 1225 1650 1279 hoc
1675 1224 1928 1294 inestqua
1955 1223 2151 1278 dicitur

566 1315 634 1370 de
673 1317 768 1369 illo
812 1317 928 1385 ipso
957 1317 1113 1386 cujus
1147 1319 1376 1386 positum
1420 1328 1502 1373 est
1552 1335 1655 1372 non
1685 1332 1806 1372 esse
1849 1317 2147 1388 praprium.

566 1406 685 1461 Erit
729 1407 869 1460 enim
916 1407 1186 1475 prOprium
1242 1408 1386 1478 quod
1431 1409 1663 1477 positum
1699 1419 1782 1463 est
1823 1425 1929 1463 non
1974 1411 2150 1463 inesse

566 1499 863 1569 pr0prium,
897 1509 949 1554 ut
976 1499 1223 1569 quoniam
1257 1500 1396 1554 inest
1427 1501 1523 1569 ipsi
1555 1501 1773 1554 animali
1803 1515 1868 1554 ex
1896 1502 2071 1554 anima
2095 1509 2151 1555 et

565 1609 792 1664 corpore
832 1594 1187 1663 compositum
1231 1608 1370 1656 esse,
1421 1603 1474 1647 ct
1524 1610 1624 1663 qua
1670 1594 1868 1647 animal
1917 1603 2000 1647 εει
2047 1591 2150 1663 ipsi

568 1687 707 1743 inest
735 1687 806 1751 id,
841 1687 946 1740 erit
978 1687 1248 1755 prOprium
1275 1688 1524 1741 animalis
1554 1703 1618 1742 ex
1648 1703 1872 1759 corpore
1893 1697 1946 1742 et
1973 1688 2150 1742 anima

565 1778 919 1850 compositum
942 1793 1082 1833 esse.
1470 1835 1472 1838 ,

1197 1870 1422 1926 CAPUT
1469 1871 1531 1924 V.

1065 1960 1140 2016 De
1168 1963 1375 2031 proprio
1407 1963 1504 2015 loci
1531 1963 1643 2015 alii.

637 2054 837 2108 Deinde
874 2070 938 2109 ex
989 2054 1155 2123 magis
1186 2063 1241 2106 et
1270 2053 1466 2106 minus.
1519 2052 1758 2106 Primum
1806 2050 2019 2120 quidem
2051 2052 2146 2106 de-

563 2146 813 2210 struenti,
837 2146 879 2199 si
906 2145 1046 2215 quod
1072 2146 1241 2214 magis
1268 2153 1372 2210 est,
1409 2143 1526 2213 ejus
1555 2144 1696 2214 quod
1736 2145 1906 2214 magis
1934 2160 2039 2198 non
2069 2152 2150 2199 est

563 2237 858 2306 proprium.
900 2236 1083 2306 Neque
1131 2235 1274 2289 enim
1315 2235 1458 2303 quod
1507 2234 1682 2288 minus
1711 2244 1814 2299 est,
1861 2237 1976 2303 ejus
2005 2234 2148 2304 quod

561 2329 740 2386 minus
768 2329 869 2384 erit
895 2329 1190 2398 proprium,
1221 2343 1393 2398 neque
1421 2326 1564 2398 quod
1608 2327 1830 2382 minime
1858 2329 1978 2392 ejus
2006 2327 2146 2397 quod

560 2422 802 2486 minime,
833 2435 1005 2490 neque
1027 2419 1167 2489 quod
1197 2421 1428 2474 maxime
1454 2417 1570 2488 ejus
1598 2419 1738 2488 quod
1769 2419 2018 2485 maxime,
2049 2436 2150 2475 ne-

558 2527 660 2582 que
691 2511 831 2581 quod
860 2512 1183 2580 Isimpliciter
1221 2510 1338 2580 ejus
1367 2510 1512 2580 quod
1559 2511 1896 2581 simpliciter,
1936 2521 1993 2566 ut
2025 2514 2148 2581 quia

559 2617 667 2656 non
698 2611 777 2656 est
801 2602 970 2671 magis
999 2601 1226 2656 colorari
1257 2603 1426 2670 magis
1449 2605 1692 2671 corporis
1725 2605 2023 2674 proprium,
2056 2619 2149 2659 ne-

558 2709 663 2764 que
710 2695 886 2748 minus
930 2693 1158 2748 colorari
1203 2693 1381 2747 minus
1428 2695 1677 2764 corporis
1723 2696 1994 2765 proprium
2025 2697 2148 2762 erit,

563 2800 739 2856 neque
757 2785 995 2840 colorari
1023 2786 1268 2855 corporis
1299 2787 1541 2841 omnino.
1570 2786 1920 2842 Construeuti
1945 2798 2147 2855 autem,

559 2880 603 2933 si
628 2877 770 2947 quod
795 2877 961 2947 magis
989 2886 1071 2931 est
1091 2879 1207 2944 ejus
1236 2877 1376 2948 quod
1409 2879 1580 2948 magis
1609 2889 1714 2943 est,
1740 2887 1825 2933 est
1846 2880 2146 2949 proprium.

557 2967 688 3024 Nam
717 2970 858 3039 quod
892 2970 1066 3024 minus
1095 2980 1199 3034 εει,
1237 2970 1354 3040 ejus
1391 2973 1532 3039 quod
1581 2971 1758 3025 minus
1788 2975 1994 3027 esterit
2025 2987 2148 3040 pro-

555 3064 752 3133 prium,
779 3072 832 3119 et
860 3062 1000 3133 quod
1034 3062 1272 3127 minime,
1309 3062 1426 3132 ejus
1456 3063 1596 3133 quod
1639 3063 1879 3127 minime,
1924 3073 1977 3117 et
2004 3061 2146 3132 quod

555 3157 803 3222 maxime,
855 3156 972 3226 ejus
1015 3155 1155 3228 quod
1208 3156 1460 3220 maxime,
1509 3165 1564 3210 et
1613 3156 1753 3222 quod
1801 3155 2141 3225 simpliciter,

2259 571 2528 639 proprium
2553 569 2786 625 hominis
2819 580 3155 626 mansuetum
3181 582 3368 629 natura
3395 589 3555 644 quam
3587 575 3838 632 animalis

2253 664 2455 728 vivere,
2486 675 2565 718 est
2600 675 2776 720 autem
2810 665 3043 720 hominis
3071 670 3347 737 proprium
3379 681 3716 724 mansuetum
3747 688 3842 726 na-

2255 764 2393 821 tura,
2433 758 2534 812 erit
2575 760 2845 828 proprium
2875 761 3128 816 animalis
3181 764 3378 820 vivere.
3412 765 3653 819 Tertium
3685 780 3838 834 vero,

2254 846 2547 902 destruenti
2578 850 2814 918 quidem,
2845 852 2889 905 si
2923 854 3074 920 cujus
3101 857 3268 925 magis
3291 867 3390 923 εει,
3425 858 3700 926 proprium
3735 875 3842 913 non

2253 948 2354 993 εει.
2388 937 2568 1009 Neque
2595 942 2736 995 enim
2764 943 2917 1012 cujus
2943 957 3025 999 est
3062 947 3238 1002 minus
3261 949 3561 1018 prOprium,
3595 952 3699 1006 erit
3727 954 3847 1019 ejus

2255 1031 2555 1099 proprium,
2585 1032 2630 1086 si
2659 1045 2835 1090 autem
2864 1036 3008 1094 illius
3037 1050 3118 1094 est
3149 1044 3442 1110 proprium,
3479 1056 3583 1094 non
3608 1043 3713 1095 erit
3746 1045 3848 1096 htt-

2249 1123 2336 1192 jus
2360 1126 2654 1193 prOprium,
2681 1138 2736 1182 ut
2765 1130 2884 1196 quia
2903 1132 3129 1186 colorari
3155 1135 3322 1203 magis
3351 1134 3653 1203 superticiei
3679 1149 3843 1204 quam

2253 1219 2497 1285 corporis
2547 1229 2628 1273 est
2683 1223 2979 1289 proprium,
3024 1239 3128 1278 non
3177 1235 3260 1279 est
3307 1234 3484 1280 autem
3527 1225 3842 1290 superficiei

2255 1303 2550 1371 proprium,
2593 1319 2697 1360 non
2739 1308 2841 1362 erit
2889 1311 3131 1378 corporis
3172 1313 3442 1380 proprium
3502 1311 3758 1377 colorari,
3792 1311 3845 1365 si

2253 1408 2381 1448 vero
2409 1405 2489 1450 est
2516 1396 2816 1464 superliciei
2845 1401 3140 1470 proprium,
3173 1418 3276 1454 non
3305 1402 3410 1456 erit
3441 1401 3687 1470 corporis
3714 1417 3844 1469 pro-

2225 1483 2455 1556 Tprium.
2486 1490 2828 1545 Construenti
2875 1503 3055 1547 autem
3101 1493 3187 1547 hic
3218 1496 3362 1548 locus
3395 1509 3500 1548 non
3546 1502 3628 1547 εει
3673 1492 3841 1560 utilis,

2257 1593 2376 1632 nam
2407 1580 2734 1648 impossibile
2771 1593 2852 1636 εει
2882 1583 3020 1638 idem
3055 1584 3285 1654 plurium
3320 1585 3590 1654 proprium
3624 1599 3768 1639 esse.

2253 1681 2256 1684 '
2328 1673 2613 1741 Quartum,
2655 1675 2959 1732 destruenti
3002 1679 3237 1749 quidem,
3287 1680 3332 1734 si
3379 1680 3520 1748 quod
3552 1681 3718 1749 magis
3761 1685 3842 1734 εει

2256 1767 2375 1834 ejus
2420 1769 2721 1837 proprium,
2771 1786 2877 1825 non
2923 1781 3005 1826 εει
3051 1775 3347 1843 pr0prium,
3394 1789 3567 1844 neque
3602 1773 3842 1842 profecto

2181 1860 2228 1920 B
2256 1856 2397 1924 quod
2443 1857 2621 1912 minus
2665 1870 2746 1914 εει
2786 1861 2905 1930 ejus
2949 1866 3251 1932 proprium,
3305 1865 3410 1920 erit
3437 1866 3736 1934 proprium.
3762 1849 3842 1919 ἰιι

2253 1949 2374 2017 quia
2416 1951 2584 2021 magis
2631 1960 2714 2007 εει
2765 1956 3040 2024 pr0prium
3089 1957 3340 2012 animalis
3381 1957 3634 2012 sensibile
3679 1972 3842 2026 quam

2254 2040 2524 2106 partibile,
2551 2057 2655 2096 non
2679 2053 2766 2098 εει
2789 2053 2967 2100 autem
2996 2048 3242 2102 animalis
3266 2049 3520 2104 sensibile
3545 2048 3840 2118 proprium,

2252 2143 2418 2196 quare
2467 2147 2573 2185 non
2622 2136 2725 2188 erit
2776 2135 3023 2190 animalis
3077 2137 3324 2206 partibile
3363 2141 3660 2208 proprium.
3699 2139 3842 2193 Con-

2252 2221 2482 2274 strnenti
2510 2231 2709 2286 autem,
2735 2224 2781 2277 si
2804 2226 2944 2294 quod
2974 2231 3151 2282 minus
3181 2241 3265 2283 est
3291 2229 3407 2299 ejus
3438 2232 3736 2300 proprium,
3759 2237 3842 2285 εει

2255 2310 2552 2378 proprium.
2587 2311 2720 2367 Nam
2769 2329 2822 2369 et
2859 2316 3000 2386 quod
3053 2319 3221 2387 magis
3258 2327 3342 2373 εει
3388 2319 3504 2388 ejus
3541 2322 3838 2388 proprium,

2255 2403 2358 2455 erit
2389 2405 2685 2472 proprium,
2716 2415 2773 2462 ut
2802 2410 3058 2477 quoniam
3088 2409 3267 2465 minus
3312 2421 3395 2465 est
3423 2413 3690 2481 praprium
3722 2413 3841 2467 ani-

2254 2495 2406 2549 malis
2437 2497 2641 2550 sentire
2673 2513 2829 2568 quam
2867 2501 3074 2569 vivere,
3117 2511 3201 2558 εει
3229 2511 3406 2557 autem
3446 2504 3690 2557 animalis
3716 2519 3842 2573 pro-

2255 2589 2426 2656 prium
2457 2590 2684 2654 sentire,
2709 2591 3078 2650 eritanimalis
3103 2597 3381 2666 proprium
3409 2599 3611 2652 vivere.
3642 2595 3844 2653 Deinde

2252 2694 2316 2733 ex
2357 2679 2442 2735 his
2490 2697 2608 2750 qua:
2665 2683 2916 2740 similiter
2957 2687 3158 2756 insunt,
3214 2693 3442 2758 primunt
3495 2690 3708 2761 quidem
3747 2690 3843 2746 de-

2252 2775 2502 2839 struenli,
2560 2775 2604 2828 si
2635 2777 2776 2844 quod
2825 2778 3074 2835 similiter
3122 2790 3206 2836 εει
3256 2784 3556 2852 ριόρνίιιιη,
3606 2799 3711 2839 non
3759 2791 3842 2838 est

2253 2865 2528 2935 proprium
2574 2866 2694 2937 ejus
2721 2869 2876 2939 cujns
2915 2871 3162 2928 similiter
3192 2882 3274 2928 est
3313 2875 3613 2945 proprium.
3660 2874 3841 2946 Neque

2251 2960 2394 3016 enim
2439 2959 2582 3030 quod
2635 2963 2885 3019 similiter
2927 2975 3010 3020 est
3058 2967 3355 3036 proprium,
3411 2970 3514 3024 erit
3565 2969 3839 3039 pr0prium

2251 3053 2365 3123 ejus
2392 3053 2543 3123 cujus
2589 3052 2841 3110 similiter
2871 3067 2953 3112 est
2987 3060 3282 3128 proprium,
3335 3068 3396 3114 ut
3436 3061 3561 3131 quia
3590 3060 3840 3115 similiter

2253 3159 2334 3202 est
2365 3153 2635 3223 proprium
2666 3151 3097 3222 concupiscibilis
3127 3149 3537 3224 concupiscere.
3585 3163 3640 3209 et
3679 3153 3843 3208 ratio-

556 3253 674 3321 ejus
700 3250 843 3321 quod
893 3250 1232 3320 simpliciter,
1267 3259 1322 3305 ut
1355 3251 1477 3320 quia
1513 3250 1682 3321 magis
1712 3251 1942 3305 virentis
1975 3250 2145 3319 magis
2172 3237 2216 3300 C
2255 3243 2391 3296 nalis
2424 3245 2760 3311 ratiocinari,
2793 3259 2902 3298 non
2929 3255 3014 3300 est
3050 3255 3229 3300 autem
3272 3245 3550 3316 proprium
3581 3245 3842 3315 concupi-

555 3345 756 3398 sentire
797 3353 881 3398 est
908 3349 1211 3412 pr0prium,
1239 3351 1293 3396 et
1324 3342 1500 3396 minus
1530 3343 1764 3396 virentis
1811 3343 1988 3396 minus
2017 3357 2142 3397 sen-

556 3434 662 3488 tire
711 3433 816 3488 erit
861 3435 1158 3502 proprium,
1203 3444 1257 3487 et
1298 3433 1413 3502 ejus
1455 3433 1600 3502 quod
1637 3433 1872 3487 maxime
1920 3433 1970 3485 id
2002 3433 2144 3501 quod

559 3526 889 3587 maxime,et
934 3525 1050 3593 ejus
1083 3525 1225 3593 quod
1274 3525 1494 3578 minime
1541 3524 1591 3578 id
1640 3525 1782 3592 quod
1815 3525 2059 3587 minime,
2093 3533 2146 3578 ει

563 3619 680 3688 ejus
709 3616 851 3685 quod
903 3617 1222 3686 simpliciter
1265 3615 1318 3668 id
1351 3630 1564 3684 quoque
1613 3615 1754 3684 quod
1806 3615 2142 3682 simpliciter.

553 3709 623 3765 Et
651 3725 717 3765 ex
740 3723 805 3764 eo
830 3716 1010 3762 autem
1040 3705 1182 3776 quod
1212 3706 1552 3775 simpliciter,
1580 3707 1644 3759 ad
1678 3705 1865 3761 eadem
1895 3706 2146 3761 conside-

554 3801 804 3869 randum,
846 3800 1144 3855 destruenti
1168 3799 1408 3868 quidem,
1434 3798 1480 3853 si
1507 3799 1648 3869 quod
1684 3799 1999 3868 simpliciter
2038 3814 2144 3855 non

555 3901 640 3948 est
663 3892 959 3962 proprium.
991 3890 1171 3960 Neque
1201 3891 1342 3946 enim
1368 3891 1510 3960 quod
1542 3893 1711 3962 magis
1741 3900 1825 3945 εει
1852 3889 1968 3958 ejus
1997 3891 2137 3962 quod

553 3982 744 4052 magis,
783 3998 955 4052 neque
998 3981 1142 4052 quod
1193 3983 1369 4036 minus
1413 3983 1529 4052 ejus
1559 3984 1703 4052 quod
1734 3983 1932 4048 minus,
1967 4000 2146 4054 neque

552 4073 693 4144 quod
716 4075 946 4129 maxime
966 4074 1082 4143 ejus
1104 4075 1243 4144 quod
1271 4075 1526 4138 maxime,
1551 4090 1725 4146 neque
1754 4077 1891 4146 quod
1919 4077 2146 4133 minime

552 4169 666 4238 ejus
709 4169 850 4239 quod
900 4169 1121 4225 minime
1162 4170 1265 4224 erit
1307 4171 1606 4240 proprium,
1661 4178 1717 4223 ut
1746 4169 1870 4239 quia
1917 4186 2020 4224 non
2064 4179 2146 4224 est

552 4261 784 4315 hominis
818 4265 1091 4330 proprium
1118 4261 1442 4326 studiosum,
1473 4277 1645 4331 neque
1679 4263 1850 4332 magis
1887 4261 2139 4327 hominis,

551 4352 720 4422 magis
750 4351 1048 4406 studiosum
1079 4353 1182 4406 erit
1215 4353 1507 4422 proprium.
1538 4352 1891 4408 Construenti
1938 4361 2141 4417 autem,

551 4443 596 4498 si
648 4445 790 4513 quod
840 4444 1157 4514 simpliciter
1197 4453 1298 4510 εει,
1340 4444 1456 4514 ejus
1500 4445 1644 4514 quod
1697 4445 2016 4514 simpliciter
2062 4454 2146 4500 est

552 4537 846 4606 proprium.
873 4537 1004 4591 Nam
1033 4546 1086 4592 et
1119 4536 1221 4591 hoc
1239 4537 1382 4606 quod
1425 4537 1595 4606 magis
1618 4537 1738 4608 ejus
1766 4536 1908 4607 quod
1948 4539 2137 4606 magis,

2253 3333 2458 3388 scibilis
2499 3338 2907 3402 concupiscere,
2954 3350 3058 3389 non
3091 3338 3196 3392 erit
3243 3337 3524 3392 rationalis
3565 3336 3838 3405 praprium

2253 3425 2586 3482 ratiocinari.
2637 3427 2980 3483 Coustruenti
3019 3442 3168 3492 vero,
3219 3428 3266 3482 si
3297 3428 3437 3498 quod
3481 3428 3728 3481 similiter
3757 3433 3842 3482 εει

2252 3519 2552 3586 ρτοιιτὶιιιη,
2584 3520 2701 3589 ejus
2731 3531 2815 3576 est
2840 3521 3111 3590 pr0priuui
3143 3520 3294 3589 cujus
3323 3528 3407 3576 est
3432 3519 3681 3575 similiter
3711 3532 3843 3588 pro-

2251 3609 2449 3680 prium.
2479 3610 2609 3665 Nam
2635 3622 2688 3667 et
2709 3613 2852 3683 quod
2884 3613 3132 3668 similiter
3157 3623 3238 3667 est
3264 3613 3561 3683 proprium,
3590 3611 3694 3666 erit
3723 3613 3846 3680 ejus

2251 3705 2527 3773 proprium
2554 3704 2709 3776 cujus
2739 3707 2989 3762 similiter
3017 3715 3102 3761 est
3131 3706 3423 3776 preprium,
3457 3714 3516 3759 ut
3542 3704 3667 3775 quia
3695 3705 3849 3761 simi-

2251 3795 2372 3851 liter
2417 3807 2499 3853 εει
2551 3799 2826 3854 rationalis
2875 3800 3150 3870 proprium
3195 3798 3425 3868 primum
3471 3799 3737 3868 prudens,
3792 3806 3850 3854 ει

2250 3892 2683 3961 concupiscibilis
2715 3894 2989 3963 proprium
3019 3893 3249 3963 primum
3279 3903 3614 3964 temperans,
3650 3905 3730 3950 est
3755 3910 3847 3949 au-

2251 3993 2358 4038 tem
2391 3986 2667 4040 rationalis
2695 3988 2925 4057 primum
2963 3987 3198 4056 prudens
3226 3989 3362 4042 :erit
3394 3988 3554 4058 igitur
3578 3986 3843 4057 concupi-

2251 4074 2454 4131 scibilis
2483 4079 2757 4146 proprium
2790 4075 3018 4146 primum
3049 4087 3382 4144 temperans.

2329 4167 2636 4222 Secundum
2662 4179 2864 4235 autem,
2909 4169 3208 4224 destruenli
3240 4169 3456 4238 quidem
3481 4211 3495 4235 ,
3528 4169 3570 4223 si
3611 4167 3748 4237 quod
3773 4168 3846 4222 si-

2252 4258 2448 4313 militer
2469 4269 2548 4313 est
2566 4261 2837 4329 proprium
2856 4275 2960 4314 nun
2977 4270 3058 4315 est
3082 4261 3355 4331 proprium
3373 4260 3508 4329 ejus.
3527 4259 3652 4314 Nam
3671 4273 3846 4328 neque

2249 4352 2389 4421 quod
2408 4353 2652 4406 similiter
2680 4361 2763 4406 est
2795 4356 3065 4423 proprium
3093 4394 3109 4419 ,
3161 4352 3260 4407 erit
3294 4355 3566 4423 proprium
3601 4352 3746 4420 ejus,
3788 4359 3848 4405 ut

2249 4444 2371 4511 quia
2403 4444 2653 4498 similiter
2681 4455 2762 4500 est
2793 4447 3064 4515 proprium
3099 4445 3330 4500 hominis
3358 4447 3542 4500 videre
3566 4445 3844 4512 etaudire,

2256 4552 2359 4591 non
2383 4546 2468 4592 est
2506 4537 2742 4592 hominis
2775 4541 3045 4609 proprium
3069 4540 3250 4594 videre
3271 4580 3286 4604 ,
3317 4554 3422 4593 non
3451 4541 3638 4606 utique
3675 4537 3849 4592 Immi-

553 4637 608 4682 et
648 4629 786 4698 quod
831 4629 1006 4684 minus
1050 4630 1168 4700 ejus
1197 4630 1340 4701 quod
1394 4630 1594 4699 minus,
1643 4639 1696 4686 et
1735 4631 1875 4701 quod
1924 4631 2143 4685 minime
2171 4624 2225 4684 D
2249 4629 2332 4682 nis
2362 4631 2634 4700 proprium
2662 4632 2869 4686 audire.
2901 4631 3246 4687 Construenti
3271 4647 3422 4699 vero,
3455 4632 3498 4685 si
3532 4633 3673 4701 quod
3699 4632 3846 4683 simi-

553 4722 671 4792 ejus
718 4723 859 4793 quod
912 4724 1175 4790 minime,
1236 4734 1292 4779 et
1347 4723 1490 4794 quod
1549 4723 1786 4779 maxime
1836 4724 1953 4793 ejus
2002 4723 2146 4794 quod

553 4815 789 4870 maxime
820 4815 922 4869 erit
964 4816 1261 4886 proprium,
1296 4824 1353 4871 ut
1383 4816 1508 4887 quia
1533 4801 1638 4872 est
1686 4817 1826 4888 ignis
1868 4818 2146 4887 proprium

554 4921 765 4962 sursum
801 4909 930 4965 ferri
964 4909 1261 4964 secundum
1293 4900 1561 4976 naturam,
1598 4919 1652 4966 et
1679 4911 1846 4980 magis
1881 4910 2018 4980 ignis
2047 4911 2149 4966 erit

557 5003 726 5070 magis
775 5001 1052 5070 proprium
1095 5001 1310 5056 sursum
1355 5002 1484 5057 ferri
1531 5002 1825 5058 secundum
1861 5012 2147 5070 naturam;

556 5093 744 5146 eodem
775 5101 953 5146 autem
1002 5093 1162 5147 modo
1212 5093 1664 5149 considerandum
1698 5103 1780 5149 est
1831 5103 1885 5148 et
1915 5109 1981 5149 ex
2017 5095 2143 5149 aliis

560 5183 882 5251 hujusmodi.
917 5183 1223 5239 Secundum
1254 5197 1459 5251 autem,
1489 5185 1791 5241 destruenti
1821 5185 2064 5256 quidem,
2099 5187 2145 5242 si

557 5275 697 5344 quod
747 5277 914 5346 magis
953 5287 1056 5340 est,
1092 5293 1198 5332 non
1230 5288 1311 5332 est
1355 5277 1471 5347 ejus
1512 5278 1653 5347 quod
1698 5281 1869 5348 magis
1900 5289 1982 5334 est
2024 5295 2147 5350 pro-

557 5366 754 5435 prium.
780 5366 961 5438 Neque
989 5369 1132 5423 enim
1155 5367 1294 5438 quod
1333 5368 1509 5421 minus
1531 5379 1614 5423 est
1649 5368 1764 5438 ejus
1795 5369 1935 5439 quod
1967 5371 2145 5427 minus

558 5456 663 5510 erit
694 5473 766 5525 pr-
793 5457 988 5528 prium.
1023 5467 1080 5512 ut
1102 5449 1360 5528 quoniam
1396 5459 1563 5528 magis
1601 5468 1682 5514 est
1720 5462 1997 5530 proprium
2033 5465 2146 5520 ani-

560 5551 716 5604 malis
768 5552 971 5605 sentire
1015 5567 1172 5621 quam
1207 5552 1441 5607 hominis
1475 5555 1654 5621 scire;
1689 5570 1793 5610 non
1843 5566 1925 5613 est
1967 5569 2146 5615 autem

559 5643 807 5697 animalis
838 5646 1111 5713 proprium
1145 5647 1369 5715 sentire,
1419 5663 1583 5716 quare
1629 5666 1734 5703 non
1777 5651 1880 5706 erit
1913 5653 2147 5710 hominis

563 5733 832 5796 proprium
865 5736 1025 5789 scire.
1055 5737 1399 5792 CouStrueuti
1444 5749 1645 5804 autem,
1677 5743 1721 5796 si
1755 5744 1895 5811 quod
1945 5745 2143 5810 minus,

560 5816 680 5888 ejus
702 5823 843 5888 qttod
870 5823 1046 5883 minus
1089 5839 1170 5884 est
1204 5829 1499 5899 proprium.
1545 5830 1675 5886 Nam
1715 5842 1767 5888 ει
1794 5835 1937 5904 quod
1979 5837 2149 5908 magis

2250 4723 2372 4779 liter
2397 4724 2611 4792 estejus
2637 4725 2908 4794 proprium
2931 4763 2948 4791 ,
2977 4734 3058 4778 est
3089 4725 3392 4796 proprium.
3442 4723 3574 4777 Nam
3605 4725 3746 4792 quod
3775 4723 3849 4775 si-

2255 4816 2450 4871 militer
2476 4827 2556 4871 est
2576 4817 2693 4886 ejus
2724 4819 2994 4887 proprium
3015 4859 3028 4882 ,
3063 4817 3339 4887 pmprium
3369 4815 3503 4882 erit,
3537 4825 3591 4869 ιιι
3621 4816 3741 4882 quia
3777 4813 3849 4867 si-

2254 4909 2449 4964 militer
2498 4918 2580 4965 est
2633 4910 2908 4979 proprium
2941 4909 3168 4973 animae,
3215 4907 3414 4979 aliquid
3469 4908 3699 4978 partium
3732 4907 3846 4973 ejus

2255 5001 2427 5070 primo
2458 5015 2577 5056 esse
2616 5002 3069 5070 concupiscibile,
3123 5009 3177 5055 et
3222 5000 3483 5054 rationale
3525 5000 3725 5068 primo;
3767 5006 3849 5053 est

2253 5103 2431 5147 autem
2461 5095 2733 5163 proprium
2757 5095 2972 5159 animae,
3006 5090 3278 5161 quidpiam
3322 5092 3551 5162 partium
3585 5091 3701 5160 ejus
3730 5107 3848 5146 esse

2251 5188 2667 5256 concupiscibile
2717 5188 2909 5259 primo,
2965 5188 3067 5243 erit
3095 5191 3280 5258 utique
3334 5191 3604 5257 proprium
3631 5188 3844 5254 animm,

2249 5282 2522 5353 quidpiam
2549 5284 2780 5352 partium
2805 5285 2922 5353 ejus
2952 5298 3072 5340 esse
3102 5286 3366 5340 rationale
3393 5285 3585 5354 primo.
3604 5285 3847 5338 Tertium

2254 5391 2380 5431 vero
2408 5377 2705 5432 destrucnti
2735 5379 2951 5448 quidem
2975 5421 2989 5445 ,
3020 5378 3064 5432 si
3098 5379 3252 5447 cujus
3302 5378 3552 5434 similiter
3591 5388 3674 5433 εει
3726 5392 3847 5447 pro-

2255 5463 2428 5537 prium
2462 5481 2670 5524 nonest
2697 5470 2994 5539 proprium.
3025 5469 3209 5540 Neque
3236 5471 3380 5526 enim
3413 5469 3568 5540 cujus
3600 5469 3848 5524 similiter

2253 5553 2550 5634 proprium,
2575 5564 2678 5618 erit
2700 5567 2999 5636 proprium,
3030 5567 3267 5620 siautem
3297 5567 3435 5619 illius
3449 5565 3846 5633 estproprium,

2253 5671 2360 5711 non
2415 5657 2518 5710 erit
2544 5656 2764 5712 alterius
2809 5659 3113 5728 proprium,
3156 5667 3214 5712 ut
3259 5659 3382 5728 quia
3414 5672 3573 5712 urere
3601 5657 3846 5712 similiter

2254 5756 2337 5804 est
2380 5751 2650 5820 proprium
2697 5752 2926 5805 ﬂamma:
2968 5759 3022 5806 et
3051 5751 3336 5815 carbonis,
3382 5769 3488 5806 non
3540 5762 3624 5806 est
3669 5763 3844 5802 autem

2255 5838 2484 5898 ﬂammae
2519 5843 2795 5912 proprium
2825 5857 3002 5912 urere,
3037 5857 3146 5900 non
3171 5843 3275 5899 erit
3304 5843 3552 5901 carbonis
3575 5839 3848 5913 pr0priutn
