4248 6272
636 326 731 379 971

1840 303 1948 357 ΑΝ.
1990 301 2194 357 nam“
2236 298 2390 355 sev.
2430 295 2653 367 nomn

3777 295 3883 347 97?.

642 432 885 489 sonantia
912 422 1359 494 tcmperantim,in
1388 386 1591 473 duobus
1613 416 1895 494 generibus
1924 414 2024 469 erit
2051 413 2211 475 idem,
2246 412 2295 469 Α
2319 408 2441 461 dum
2471 416 2553 462 est
2593 407 2935 476 indigestum,
2987 420 3107 459 nam
3146 405 3236 459 illo
3274 407 3490 476 quidem
3541 411 3699 463 modo
3725 391 3891 479 dicta,

644 540 751 580 non
780 514 1175 575 continentibus
1206 527 1263 566 se
1286 512 1542 571 invicem,
1576 492 1694 559 nam
1726 519 1896 574 neque
1916 516 2210 557 consonan-

645 633 716 672 tia
747 617 1019 674 virtutem,
1052 622 1226 677 neque
1278 606 1446 658 virtus
1503 604 1738 653 continet
1786 594 2207 653 consonantiam.

645 704 918 773 Amplius,
970 700 1013 753 si
1049 712 1152 751 non
1191 696 1374 766 positis
1403 690 1706 746 nominibus
1737 687 1897 740 utitur
1921 724 1937 750 ,
1958 694 2036 773 rut
2062 681 2213 735 Plato

643 772 925 849 ciliumbre
950 787 1187 848 oculum,
1235 793 1324 838 aut
1373 794 1627 835 araneum
1676 772 2078 844 putrimordax,
2126 778 2216 823 aut

647 881 932 937 medullam
961 874 1280 943 ossigenium
1320 870 1481 933 dixit,
1527 882 1652 921 nam
1706 877 1864 917 omne
1909 862 2213 919 obscurum,

649 972 791 1043 quod
817 972 1081 1023 insuetum
1104 974 1205 1020 est.
1239 962 1492 1031 Quaadam
1529 968 1711 1041 autch
1727 967 1897 1021 neque
1926 948 2215 1005 secundum

654 1057 1125 1126 mquivocationem
1151 1092 1164 1116 ,
1197 1066 1367 1119 neque
1392 1048 1681 1102 secundum
1712 1044 2097 1109 metaphoram,
2128 1051 2219 1089 nc-

622 1152 757 1217 ‘que
781 1148 996 1215 proprie
1033 1143 1300 1205 dicuntur,
1358 1147 1415 1191 ut
1457 1138 1576 1198 lex,
1615 1145 1895 1194 mensura,
1934 1128 2016 1182 vel
2048 1129 2220 1217 imago

564 1220 567 1223 I
651 1213 836 1291 eorum
866 1213 985 1302 qua:
1012 1241 1196 1284 natura
1221 1230 1362 1295 ju'sta
1384 1232 1537 1286 sunt;
1567 1230 1691 1276 sunt
1719 1230 1892 1272 autem
1919 1213 2221 1302 huiusmodi

652 1301 920 1380 deteriora
951 1316 1286 1386 metaphora,
1320 1326 1441 1365 nam
1474 1307 1784 1378 metaphora
1813 1302 1937 1357 facit
1966 1301 2219 1371 quodam-

656 1415 812 1469 modo
842 1422 1022 1464 netum
1046 1386 1188 1475 quod
1224 1401 1560 1469 designatum
1588 1406 1670 1452 est
1700 1411 1792 1464 per
1821 1391 2219 1447 similitudinem

657 1509 866 1575 (omnes
893 1500 1034 1553 enim
1068 1493 1375 1561 metaphora
1405 1499 1638 1551 utentes,
1671 1482 1960 1540 secundum
1990 1480 2219 1575 aliquam

653 1566 1055 1651 similitudinem
1082 1598 1145 1638 ea
1174 1579 1450 1646 utuntur),
1492 1587 1551 1653 at
1581 1574 1720 1644 quod
1748 1574 1851 1625 tale
1883 1579 1984 1635 est,
2015 1583 2119 1621 non
2148 1566 2226 1618 fa-

654 1687 730 1738 cit
749 1688 955 1743 notum,
987 1690 1107 1729 nam
1130 1685 1299 1740 neque
1316 1665 1609 1722 similitudo
1639 1673 1721 1717 est
1746 1660 2035 1716 secundum
2065 1670 2223 1724 quam

2323 512 2427 550 non
2451 512 2573 551 vera
2607 497 2719 549 'ctit
2746 496 3020 559 deﬁnitio,
3069 496 3333 563 siduidem
3361 511 3469 551 non
3514 500 3750 553 omnium
3783 501 3896 567 pri-

2316 606 2459 643 mum
2487 600 2589 644 est.
2624 590 2894 657 Amplius,
2926 590 2968 641 si
3008 583 3277 657 quidpiain
3300 604 3489 643 eorum
3514 606 3630 659 qua:
3670 600 3796 645 sunt
3834 593 3891 645 in

2314 679 2557 732 oratione
2588 694 2694 731 non
2741 676 2985 729 omnibus
3028 677 3186 738 inest,
3238 692 3357 744 qum
3406 688 3531 730 sunt
3580 679 3681 733 sub
3709 679 3894 732 eadem

2315 769 2510 837 specie.
2543 768 2672 821 Nam
2704 767 2824 820 talis
2850 765 2997 831 pejus
3028 764 3269 818 deﬁnitit
3293 806 3306 827 ,
3340 781 3499 834 quam
3542 768 3631 835 qui
3663 767 3742 821 usi
3771 777 3897 821 sunt

2316 872 2382 911 eo
2403 856 2544 925 quod
2574 856 2977 910 inestomniltus
3014 868 3133 923 qum
3165 864 3310 907 sunt.
3367 855 3499 908 Nam
3527 857 3672 918 illic,
3706 858 3750 909 si
3773 856 3898 909 reli-

2318 968 2417 1018 qlia
2440 951 2653 1019 propria
2682 950 2940 1007 deﬁnitio,
2975 957 3029 1001 et
3059 957 3171 999 tota
3202 948 3413 1015 propria
3436 948 3558 1011 erit,
3584 948 3897 1015 simpliciter

2320 1043 2461 1096 enim
2495 1041 2561 1093 ad
2585 1042 2853 1109 proprium
2903 1039 3139 1107 quolibet
3177 1036 3357 1091 addito
3379 1053 3504 1091 vero
3529 1079 3543 1101 ,
3584 1047 3695 1091 tota
3726 1039 3897 1090 oratio

2322 1133 2533 1200 propria
2565 1132 2651 1195 ﬁt;
2702 1140 2755 1182 at
2793 1145 2927 1183 vero
2966 1130 3009 1182 si
3067 1129 3263 1196 aliquid
3311 1143 3493 1183 eorum
3538 1144 3657 1196 quae
3686 1141 3811 1184 sunt
3845 1120 3905 1184 in,

2321 1221 2594 1283 oratione,
2652 1234 2757 1273 non
2789 1218 3037 1272 omnibus
3092 1218 3218 1270 insit
3267 1233 3383 1286 qua:
3413 1227 3536 1269 sunt
3565 1220 3663 1271 sub
3702 1220 3898 1273 eadem

2323 1314 2540 1381 specie,
2584 1311 2913 1379 impossibile
2959 1320 3041 1363 est
3084 1318 3244 1363 totam
3287 1310 3577 1363 orationem
3622 1312 3899 1377 prepriam

2329 1416 2449 1455 esse
2473 1441 2488 1464 ,
2544 1416 2646 1453 non
2679 1401 2819 1453 enim
2850 1399 3150 1452 conversim
3193 1386 3579 1466 prtedicabitur'
3602 1399 3669 1451 de
3708 1414 3765 1452 re
3788 1438 3803 1461 ,
3844 1409 3901 1452 ιιι

2330 1491 2528 1545 animal
2558 1491 2835 1560 gressibile
2870 1489 3019 1556 bipes
3043 1488 3463 1557 quadricubitale
3489 1505 3502 1551 ;
3548 1503 3668 1540 nam
3713 1488 3897 1555 hujus-

2329 1581 2471 1633 modi
2512 1578 2682 1632 oratio
2735 1593 2839 1631 non
2869 1578 3169 1631 conversim
3206 1577 3579 1643 prmdicabitur
3608 1576 3775 1640 dere,
3830 1592 3894 1631 eo

2328 1669 2465 1737 quod
2507 1683 2611 1721 non
2644 1668 2892 1721 omnibus
2940 1668 3077 1719 inest
3141 1669 3294 1733 (qua:
3334 1667 3433 1717 sub
3487 1666 3673 1718 eadem
3722 1667 3898 1720 specie

658 1785 928 1834 mensura,
956 1767 1040 1820 vel
1062 1766 1235 1831 imago
1263 1760 1348 1813 lex
1370 1766 1469 1823 est,
1498 1770 1670 1823 neque
1690 1752 1794 1806 dici
1818 1751 1955 1803 solet
1984 1747 2220 1816 prwpl’ie;
2260 1762 2297 1817 Β
2329 1760 2481 1825 sunt)
2511 1757 2955 1825 quadricubitalc.
2990 1756 3218 1809 Rursum
3248 1756 3293 1809 si
3326 1755 3462 1809 idem
3490 1755 3796 1823 frequenter
3821 1757 3901 1809 di-

659 1870 984 1935 quapropter
1032 1856 1076 1909 si
1112 1851 1326 1922 proprie
1368 1859 1669 1900 mensuram
1726 1841 1808 1895 vel
1838 1838 2121 1904 imaginem

658 1923 787 2027 geni
801 1923 928 2009 dicit
954 1963 1104 2011 esse,
1147 1941 1384 1997 veritatis
1411 1948 1494 1994 est
1531 1949 1753 2003 expers;
1794 1945 1931 2027 nam.
1967 1929 2138 1993 imago
2176 1923 2229 1976 id

662 2017 748 2103 est
776 2044 928 2113 cujus
966 2034 1238 2107 generatio
1264 2045 1358 2100 per
1388 2026 1734 2082 imitationem
1766 2029 1869 2084 est,
1918 2017 2034 2113 hoc
2052 2021 2227 2067 autem

662 2154 770 2191 non
822 2106 1139 2195 inestilegi;
1190 2124 1235 2176 si
1291 2129 1595 2173 autemnon
1628 2106 2230 2181 proprie,manifestum

663 2225 804 2296 quod
829 2223 1055 2277 obscure
1102 2214 1267 2277 dixit,
1324 2219 1481 2277 atque
1511 2203 1747 2259 deterius
1778 2198 2231 2296 quolibet-eorun-

660 2281 785 2379 «iure
807 2307 1098 2365 secundum
1140 2299 1504 2366 metaphoram
1535 2292 1802 2348 dicuntur.
1864 2284 2105 2353 Amplius
2125 2324 2148 2379 ,-
2190 2281 2235 2379 si

670 2370 777 2461 non
806 2397 1083 2456 manifesta
1121 2399 1203 2446 est
1229 2386 1483 2443 contrarii
1507 2382 1675 2436 oratio
1705 2394 1772 2433 ex
1803 2377 1902 2430 hoc
1931 2373 2071 2443 quod
2099 2370 2233 2424 dici-

665 2504 775 2549 tur.
827 2491 957 2545 Nam
980 2500 1096 2556 qua:
1125 2484 1259 2536 bene
1286 2477 1651 2542 assignantur,
1675 2465 1973 2523 contrarias
2000 2475 2236 2556 comma-

669 2588 944 2645 nifestant.
998 2554 1105 2632 Ᾰιιι
1148 2575 1193 2626 si
1236 2585 1329 2639 per
1359 2582 1417 2621 se
1446 2565 1620 2625 dicta,
1671 2576 1776 2614 non
1807 2559 1873 2613 sit
1902 2554 2237 2611 manifestum

671 2679 825 2747 cujus
865 2676 956 2727 es?
972 2666 1247 2729 deﬁnitio,
1284 2660 1377 2716 sed
1407 2655 1849 2726 quemadmodum
1888 2666 1950 2747 ea
1976 2662 2102 2747 quae
2120 2654 2242 2699 sunt

672 2741 1009 2835 antiquorum
1023 2756 1364 2824 scriptorum,
1382 2748 1484 2803 nisi
1501 2748 1618 2815 quis
1647 2741 2111 2813 superscripsisset
2136 2752 2240 2790 non

672 2830 1092 2927 cogtt'osccbatur
1114 2844 1237 2916 quid
1255 2838 1695 2909 unumquodque;
1719 2837 1762 2889 si
1779 2834 1937 2903 igitur
1952 2846 2057 2886 non
2079 2830 2239 2927 clare,

668 2920 1072 3015 ex'hujusmodi
1099 2948 1181 2992 est
1203 2928 1611 3000 inspiciendum.
1664 2926 1720 2982 Si
1745 2920 2242 3015 igitur‘super-ﬂuum‘

670 3041 736 3094 in
769 3008 1000 3091 termino
1022 3028 1177 3094 dixit,
1211 3023 1440 3093 primum
1486 3017 1701 3087 quidem
1732 3009 2173 3068 considerandum
2201 3008 2244 3059 si

2334 1850 2426 1902 xit.
2472 1849 2539 1903 Ut
2577 1848 2665 1916 qui
2694 1848 3175 1916 concupiscentiam
3204 1849 3497 1915 appetitum
3535 1846 3902 1900 delectationis

2332 1940 2502 2003 dixit,
2547 1954 2668 1991 nam
2696 1928 2886 1991 omnis
2922 1938 3351 2003 concupiscentia
3391 1937 3757 1989 delectationis
3785 1946 3903 1998 cst,

2333 2044 2494 2095 quare
2534 2038 2586 2082 et
2618 2029 2756 2081 idem
2801 2028 3242 2095 concupiscentim
3270 2026 3631 2080 delectationis
3658 2028 3776 2079 erit.
3823 2026 3909 2079 Fit

2338 2118 2497 2187 igitur
2547 2120 2805 2172 terminus
2858 2117 3302 2185 concupiscentiae
3359 2118 3625 2186 appetitus
3676 2117 3909 2170 delecta—

2337 2208 2496 2260 tionis
2531 2207 2682 2278 (nihil
2708 2210 2847 2260 enim
2878 2206 3051 2259 diﬁ‘ert
3077 2206 3563 2273 concupiscentiam
3591 2206 3787 2269 dicere,
3819 2212 3909 2257 aut

2335 2298 2627 2364 appetitum
2659 2296 3083 2363 delectationis):
3106 2293 3271 2363 quare
3294 2304 3572 2362 utrumque
3599 2310 3782 2347 eorum
3813 2294 3907 2347 de-

2340 2385 2641 2439 leCtationis
2689 2384 2810 2437 erit.
2869 2383 2950 2436 An
3003 2384 3103 2437 hoc
3139 2383 3354 2450 quidem
3395 2382 3526 2434 nihil
3572 2382 3911 2435 absurdum?

2341 2490 2463 2529 nam
2504 2484 2555 2528 et
2599 2476 2756 2526 homo
2788 2475 2938 2542 bipes
2975 2484 3074 2525 est.
3108 2478 3282 2537 Quare
3312 2482 3365 2527 et
3402 2471 3538 2525 idem
3571 2472 3805 2537 homini,
3835 2471 3911 2525 bi-

2342 2578 2436 2632 pes
2463 2563 2604 2627 erit;
2637 2571 2722 2616 est
2750 2574 2924 2616 autem
2968 2562 3103 2616 idem
3140 2561 3379 2627 homini,
3412 2560 3607 2614 animal
3639 2561 3913 2629 greSsibile

2343 2654 2495 2721 bipes
2518 2693 2533 2719 ,
2563 2668 2725 2719 quare
2748 2652 2943 2705 animal
2971 2652 3251 2721 gressibile
3284 2653 3462 2720 bipes,
3496 2654 3641 2720 bipes
3671 2661 3753 2705 est
3779 2668 3793 2715 ;
3819 2654 3911 2706 sed

2345 2760 2452 2797 non
2483 2754 2697 2810 propter
2731 2742 2831 2795 hoc
2861 2743 3144 2795 absurdum
3172 2742 3365 2810 aliquid
3386 2743 3596 2809 accipit.
3627 2741 3741 2793 Non
3773 2743 3913 2795 enim

2345 2832 2412 2885 de
2442 2832 2657 2885 animali
2696 2831 2871 2884 solum
2917 2831 3194 2898 gressibile
3244 2832 3323 2884 bis
3367 2830 3517 2898 bipes
3558 2830 3910 2899 prmdicatur;

2347 2924 2423 2975 sic
2458 2923 2597 2974 enim
2628 2923 2695 2975 de
2716 2922 2901 2975 eodem
2938 2922 3020 2975 bis
3050 2922 3199 2989 bipes
3227 2921 3576 2989 prtcdicatur,
3630 2923 3674 2974 si
3713 2922 3780 2975 de
3804 2922 3916 2975 ani-

2350 3016 2473 3068 mali
2523 3015 2742 3083 bipede,
2804 3016 3086 3083 gressibiie
3114 3015 3265 3082 bipes
3298 3014 3523 3079 dicitur,
3554 3029 3717 3082 quare
3746 3013 3912 3067 semel

673 3128 854 3196 aliquo
874 3134 1003 3177 usus
1032 3126 1112 3174 est
1158 3112 1300 3183 quod
1331 3108 1577 3164 omnibus
1630 3104 1777 3167 insit,
1818 3100 1902 3153 vel
1934 3097 2247 3196 simpliciter
2276 3107 2320 3167 ο

2232 3111 2247 3148 Γ
2276 3107 2320 3167 C
2355 3116 2554 3157 tantum
2588 3104 2736 3172 bipes
2762 3105 3100 3171 prasdicatur.
3140 3104 3394 3158 Similiter
3418 3114 3591 3157 autem
3620 3115 3673 3157 et
3704 3104 3753 3156 in
3783 3118 3909 3155 c-nt—

680 3220 749 3273 iis
767 3189 897 3286 quae
926 3221 1069 3274 sunt,
1104 3206 1185 3259 vel
1216 3205 1279 3257 iis
1311 3215 1429 3270 qua:
1456 3197 1555 3253 sub
1584 3195 1771 3249 eodem
1796 3205 1989 3261 genere
2017 3198 2140 3286 sunt
2159 3189 2251 3241 de-

673 3279 976 3361 ﬁnito'rnm.
1013 3299 1142 3352 Nam
1172 3290 1495 3360 superﬂuum
1522 3285 1627 3339 dici
1656 3281 2017 3337 necessarium
2064 3279 2116 3331 id
2145 3285 2248 3331 est.

677 3396 902 3463 Oportet
936 3388 1081 3442 enim
1116 3395 1285 3451 genus
1311 3379 1377 3431 ab
1400 3376 1517 3429 aliis
1562 3385 1844 3440 separare,
1884 3365 2251 3463 differentiam

678 3457 855 3539 autem
878 3479 945 3532 ab
974 3477 1149 3543 aliquo
1196 3482 1381 3524 eorum
1403 3479 1521 3532 quae
1553 3472 1673 3515 sunt
1700 3462 1752 3514 in
1800 3457 1986 3511 eodem
2012 3468 2208 3524 genere
2235 3469 2250 3516 ;

679 3570 829 3640 atqui
856 3565 995 3636 quod
1023 3561 1268 3617 omnibus
1299 3555 1511 3625 quidem
1534 3553 1675 3605 inest
1703 3547 2034 3640 simpliciter,
2058 3559 2086 3597 a
2110 3545 2253 3598 nullo

636 3682 647 3691 ·
680 3634 927 3729 separat,
957 3650 1099 3722 quod
1122 3657 1304 3701 autem
1331 3643 1577 3697 omnibus
1620 3652 1740 3708 qua:
1778 3636 1878 3691 sub
1907 3634 2099 3729 eodem
2130 3642 2253 3729 sunt

678 3725 879 3823 genere
904 3749 1063 3807 inest,
1098 3755 1204 3795 non
1234 3742 1448 3805 separat
1490 3732 1558 3785 ab
1583 3731 1647 3785 iis
1667 3744 1786 3799 quae
1827 3736 1953 3813 sunt
1977 3727 2031 3780 in
2060 3725 2246 3780 eodem

682 3816 901 3914 genere,
928 3847 1093 3904 quare
1120 3835 1572 3896 supervacaneum
1602 3816 1903 3887 bujusmodi
1926 3816 2248 3884 oppositum.

684 3907 794 3987 λιιι
832 3929 877 3982 si
922 3932 1004 3979 est
1038 3919 1253 3991 quidem
1302 3912 1573 3985 proprium
1607 3908 1747 3978 quod
1797 3907 2093 3976 appositum
2147 3915 2249 3971 est,

685 4021 863 4077 ablato
884 4024 1059 4070 autem
1089 4010 1180 4066 illo
1197 4048 1212 4075 .
1238 4017 1290 4063 et
1313 4005 1517 4072 reliqua
1548 3999 1788 4055 deﬁnitio
1815 3996 2029 4066 propria
2050 4003 2166 4061 est,
2200 4004 2255 4050 et

675 4111 888 4170 indicat
910 4100 1282 4161 substantiam.
1340 4095 1410 4150 Ut
1446 4095 1499 4148 in
1527 4088 1757 4146 hominis
1786 4087 2033 4142 oratione
2080 4087 2256 4141 scien-

675 4204 774 4261 tiaa
801 4195 1158 4264 susceptivum
1185 4188 1515 4259 appositum,
1548 4172 1873 4251 superﬂuum
1904 4193 1920 4233 :
1951 4192 2073 4231 nam
2100 4184 2158 4231 et
2188 4189 2254 4231 eo

681 4293 889 4355 ablato,
918 4286 1121 4352 reliqua
1147 4280 1317 4334 oratio
1338 4274 1549 4347 propria
1575 4281 1680 4337 est,
1711 4278 1764 4325 et
1790 4268 1988 4325 indicat
2008 4268 2256 4322 substan-

683 4384 846 4442 tiam;
874 4371 1185 4441 simpliciter
1224 4372 1399 4419 autem
1426 4359 1682 4424 dicendo,
1712 4371 1871 4411 omne
1905 4355 2254 4423 superﬂuum,

2360 3195 2708 3262 cttpiscentia,
2742 3209 2845 3247 non
2866 3195 3005 3248 enim
3038 3196 3103 3248 dc
3140 3194 3373 3263 appetitu
3413 3196 3463 3247 id
3494 3194 3632 3262 quod
3654 3204 3735 3249 est
3772 3195 3916 3247 dele-

2358 3287 2610 3340 ctationis
2638 3298 2757 3339 eSse
2785 3286 3120 3353 praedicatur,
3163 3287 3256 3340 sed
3284 3287 3350 3340 de
3382 3297 3520 3348 toto,
3553 3301 3716 3352 quare
3754 3286 3920 3338 semel

2351 3385 2404 3426 et
2432 3375 2516 3427 hic
2546 3374 2852 3441 praedicatio
2895 3374 2973 3426 ﬁt.
3015 3374 3129 3428 Non
3155 3388 3232 3429 εει
3256 3383 3429 3428 autem
3468 3374 3550 3425 bis
3573 3373 3748 3425 dicere
3776 3372 3919 3425 idem

2354 3478 2569 3525 nomen,
2612 3462 2808 3529 aliquid
2831 3462 3142 3526 absurdum,
3183 3464 3274 3516 sed
3304 3462 3609 3529 frequenter
3653 3460 3718 3513 de
3738 3461 3922 3528 aliquo

2352 3555 2491 3608 idem
2532 3546 2842 3623 praedicari,
2884 3555 3021 3609 sicut
3060 3555 3386 3609 Xenocrates
3416 3552 3751 3621 prudentiam
3784 3552 3921 3607 deﬁ-

2354 3644 2575 3696 nitivam
2626 3652 2680 3696 et
2727 3644 3189 3711 contemplativam
3220 3658 3403 3697 eorum
3434 3658 3551 3710 qua:
3594 3652 3751 3705 sunt,
3793 3642 3923 3698 dicit

2355 3748 2511 3796 esse,
2559 3746 2680 3786 nam
2731 3732 3024 3797 deﬁnitiva,
3078 3733 3486 3801 contemplativa
3532 3716 3778 3800 quaedam
3817 3740 3918 3787 est.

2352 3822 2527 3888 Quare
2569 3821 2649 3876 his
2676 3822 2813 3875 idem
2845 3822 2992 3885 dicit,
3024 3823 3223 3876 addens
3252 3836 3464 3875 rursum
3497 3829 3552 3874 et
3596 3821 3923 3895 contempla-

2354 3913 2535 3963 tivam.
2561 3910 2817 3965 Similiter
2836 3919 3013 3965 autem
3036 3921 3089 3965 et
3114 3912 3412 3979 quicunque
3441 3910 3919 3978 refrigerationem,

2355 3998 2704 4064 privationem
2734 3997 2850 4066 ejus
2874 3998 3086 4068 quidem
3125 4000 3327 4053 caloris
3351 4038 3367 4063 ,
3407 3998 3495 4067 qui
3518 3999 3805 4052 secundum
3834 4014 3925 4052 na-

2359 4095 2534 4139 turam
2583 4097 2695 4154 est,
2748 4087 2932 4139 dicunt
2972 4102 3093 4140 esse
3128 4102 3291 4140 :nam
3344 4086 3516 4139 omnis
3543 4088 3766 4154 privatio
3811 4087 3926 4155 ejus

2355 4187 2438 4230 est
2475 4177 2612 4244 quod
2636 4176 2925 4229 secundum
2969 4176 3211 4230 naturam
3243 4186 3365 4241 est;
3396 4192 3562 4245 quare
3604 4176 3925 4245 superﬂuum

2356 4280 2439 4323 est
2468 4270 2664 4323 addere
2693 4270 2985 4323 secundum
3015 4278 3256 4325 naturam
3292 4309 3308 4333 ,
3355 4270 3450 4323 sed
3481 4270 3678 4323 sufﬁcit
3708 4269 3930 4322 fortasse

2358 4360 2537 4412 dicere
2585 4359 2939 4426 privationem
2983 4361 3215 4423 caloris,
3265 4375 3331 4414 eo
3372 4359 3510 4429 quod
3552 4361 3664 4427 ipsa
3704 4359 3930 4427 privatio

687 4481 796 4540 quo
824 4464 1032 4525 ablato,
1089 4455 1348 4523 reliquum
1386 4448 1725 4540 manifestum
1756 4444 1880 4497 facit
1899 4444 1959 4540 id
1984 4442 2144 4540 quod-
2164 4443 2257 4497 de—
2282 4442 2336 4501 D
2362 4456 2544 4499 notum
2594 4447 2722 4500 facit
2764 4447 2903 4514 quod
2931 4447 3045 4516 ejus
3076 4448 3144 4501 sit
3187 4448 3327 4515 quod
3358 4447 3647 4502 secundum
3687 4458 3930 4499 naturam

688 4534 893 4615 finitur.
931 4550 1075 4606 Talis
1111 4554 1286 4601 autem
1313 4550 1396 4596 est
1440 4547 1496 4594 et
1522 4538 1715 4591 animte
1758 4536 2054 4599 terminus,
2101 4534 2147 4587 si
2177 4542 2260 4587 εει

690 4658 946 4705 numerus
983 4643 1098 4710 ipse
1126 4637 1359 4705 seipsum
1396 4642 1653 4693 movens,
1693 4640 1816 4680 nam
1851 4624 1993 4694 quod
2022 4625 2256 4693 seipsum

694 4744 872 4792 movet
899 4738 983 4787 est
1010 4726 1184 4782 anima
1204 4765 1220 4791 ,
1249 4737 1349 4777 ceu
1386 4720 1537 4775 Plato
1559 4717 1839 4781 deﬁnivit,
1886 4730 1953 4768 an
1985 4716 2257 4783 proprium

692 4823 905 4893 quidem
931 4816 1073 4887 quod
1101 4813 1313 4874 dicitur,
1340 4822 1446 4862 non
1476 4806 1676 4860 indicat
1702 4814 1878 4857 autem
1906 4803 2257 4893 substantiam

693 4916 1013 4975 interempto
1038 4898 1299 4956 numero?
1354 4894 1747 4962 Utrovisigitur
1776 4894 1936 4946 modo
1965 4907 2023 4945 se
2047 4892 2259 4959 habeat,

690 4998 911 5055 difficile
940 5002 1020 5049 est
1056 4998 1116 5044 ut
1152 4986 1405 5055 explicet.
1451 4982 1712 5038 Utendum
1749 4994 1877 5049 ergo
1918 4980 1974 5032 in
2016 4981 2262 5034 omnibus

694 5091 891 5146 talibus
914 5084 981 5139 ad
1015 5081 1067 5136 id
1089 5080 1227 5148 quod
1252 5073 1487 5143 expedit,
1528 5082 1584 5126 ut
1614 5081 1696 5127 est
1723 5072 2040 5141 phlegmatis
2071 5075 2258 5127 termi-

697 5163 818 5245 nus,
852 5169 1125 5228 humidum
1155 5164 1386 5234 primum
1415 5178 1445 5216 a
1472 5160 1591 5215 cibo
1611 5200 1624 5224 ,
1656 5160 1971 5241 indigestam
2020 5175 2037 5213 :
2096 5175 2261 5216 unum

695 5265 837 5320 enim
862 5259 1112 5330 primum,
1138 5266 1241 5307 non
1268 5250 1430 5303 multa
1451 5287 1466 5313 ,
1488 5261 1653 5317 quare
1688 5245 2014 5315 superﬂuum
2053 5245 2260 5317 indige-

699 5362 841 5408 stum
870 5345 1196 5417 appositum,
1238 5353 1358 5394 nam
1386 5338 1487 5391 hoc
1516 5337 1726 5402 ablato,
1773 5338 1975 5408 reliqua
2015 5340 2116 5394 erit
2144 5354 2266 5408 pro-

698 5441 816 5513 pria
871 5435 1110 5492 deﬁnitio
1141 5451 1154 5485 :
1207 5444 1313 5486 non
1364 5428 1504 5483 enim
1548 5428 1806 5497 contingit
1832 5443 1862 5481 a
1891 5430 2008 5484 cibo
2038 5439 2092 5485 et
2120 5430 2263 5485 aliud

697 5530 950 5602 quiddam
989 5528 1214 5597 primum
1244 5536 1387 5577 esse.
1433 5523 1515 5577 An
1560 5535 1667 5575 non
1713 5520 2025 5590 simpliciter
2072 5537 2102 5576 a
2143 5522 2263 5577 cibo

698 5621 965 5695 phlegma,
1008 5616 1103 5676 sed
1132 5615 1515 5685 iadigestorum
1545 5611 1819 5683 primum!
1865 5626 2031 5683 quare
2064 5610 2263 5667 adden-

2361 4537 2572 4603 dicitur.
2614 4537 2844 4591 Rursum
2885 4539 2929 4591 si
2961 4539 3246 4593 universali
3274 4538 3417 4593 dicto
3465 4537 3665 4591 addidit
3695 4547 3748 4590 et
3773 4537 3933 4601 parti-

2363 4627 2543 4680 culare
2564 4668 2578 4692 ,
2620 4635 2676 4681 ut
2699 4629 2741 4680 si
2771 4627 3108 4681 clementiam
3140 4627 3565 4681 imminutionem
3589 4664 3603 4685 ,
3645 4626 3934 4692 expedien-

2368 4718 2493 4771 tiam
2523 4728 2575 4772 et
2590 4717 2853 4786 justorum
2874 4758 2889 4782 ,
2930 4733 3051 4771 nam
3081 4718 3283 4786 justum
3313 4718 3611 4786 expediens
3657 4716 3932 4784 quidpiam

2363 4818 2463 4872 est,
2497 4823 2661 4875 quare
2682 4810 2980 4863 continetur
3009 4809 3061 4862 in
3090 4809 3436 4875 expedientc,
3466 4808 3795 4875 superﬂuum
3837 4808 3937 4874 igi-

2369 4908 2456 4952 tur
2498 4898 2698 4967 justnm
2731 4915 2746 4953 :
2798 4914 2920 4953 nam
2964 4900 3053 4966 qui
3090 4899 3223 4952 dixit
3253 4898 3588 4962 universale,
3644 4896 3847 4950 addidit
3886 4906 3940 4948 et

2368 4974 2716 5053 particulare,
2746 4988 2855 5042 etsi
2880 4988 3194 5041 medicinam
3222 4986 3554 5055 disciplinam
3578 4988 3939 5040 sanativorum

2368 5076 2579 5129 animali
2594 5087 2644 5131 ει
2667 5076 2889 5141 homini,
2914 5086 3004 5130 aut
3026 5077 3194 5144 legem
3218 5077 3501 5145 imaginem
3516 5090 3697 5129 eorum
3715 5090 3831 5142 qua:
3844 5089 3941 5129 na-

2372 5180 2486 5222 tura
2519 5169 2793 5222 suntbona
2819 5180 2871 5223 et
2891 5168 3190 5236 justa,nam
3211 5167 3411 5235 justum
3437 5166 3631 5221 bonum
3648 5166 3938 5234 quidpiam,

2374 5270 2537 5325 quare
2566 5255 3022 5324 frequenteridcm
3049 5254 3197 5310 dicit.
3226 5254 3410 5309 Utrum
3435 5244 3961 5323 igiturlieneannon‘

2376 5346 2511 5402 bene
2540 5346 2797 5411 deﬁnivit,
2816 5360 2907 5414 per
2929 5345 3041 5398 hcce
3068 5345 3290 5415 ethujus
3330 5345 3469 5400 modi
3493 5342 3941 5413 poispiciendum.

2976 5442 3201 5497 CAPUT
3233 5444 3320 5497 111.

2811 5521 2890 5577 De
2923 5522 3219 5587 deﬁnitione
3257 5522 3353 5573 loci
3380 5520 3492 5574 alii.

2442 5612 2626 5671 Utrum
2651 5627 2777 5669 vero
2802 5613 3064 5681 deﬁnivit,
3087 5621 3137 5668 et
3164 5613 3295 5667 dixit
3322 5612 3444 5681 quid
3477 5619 3558 5666 est
3582 5624 3724 5677 esse,
3747 5624 3816 5664 an
3840 5621 3945 5663 non
