4248 6272
323 271 427 328 975

1216 261 1607 318 TOPICORUM
1645 256 2091 315 ARISTOTELIS
2130 253 2704 311 INTERPRETATIO.

3470 246 3573 302 97‘

324 399 391 440 ex
416 382 522 438 bis.
562 378 802 434 Primum
834 388 964 444 ergo
1008 373 1052 427 si
1104 387 1208 426 non
1258 386 1356 439 per
1385 372 1565 438 priora
1609 380 1663 424 et
1688 369 1895 423 notiora
1924 373 1972 430 Α
1999 366 2101 418 alia
2130 364 2298 432 magis
2329 373 2484 431 nota,
2519 378 2641 417 nam
2669 377 2699 415 a
2734 361 2992 430 principio
3019 359 3229 430 quidem
3275 360 3578 428 sensibilis,

323 473 553 531 confecit
572 469 957 524 deﬁnitionem.
1005 464 1134 518 Nam
1168 463 1429 517 terminus
1458 461 1758 527 assignatur
1784 460 1901 528 ejus

324 560 685 633 cognoscendi
718 558 887 628 gratia
911 556 1051 625 quod
1075 555 1298 616 dicitur;
1331 551 1703 618 cognoscimus
1723 558 1901 603 autem

327 673 436 713 non
460 671 526 711 ex
547 652 908 722 quibuslibet,
952 648 1046 702 sed
1075 662 1143 701 ex
1171 644 1437 713 prioribus
1475 642 1901 707 notioribusque,

329 742 776 816 quemadmodum
800 741 851 795 in
875 734 1420 793 demonstrationibus
1443 732 1544 800 (sic
1566 731 1708 785 enim
1732 732 1905 783 omnis

331 834 571 889 doctrina
615 839 671 884 et
702 829 875 883 omnis
904 826 1181 892 disciplina
1220 838 1280 875 se
1308 822 1522 886 habet);
1564 820 1903 874 manifestum

331 923 491 992 igitur
516 918 653 989 quod
682 916 769 984 qui
802 930 903 968 non
936 928 1031 981 per
1063 910 1364 978 hujusmodi
1395 908 1653 973 definivit,
1681 922 1785 960 non
1812 906 1908 959 de-

334 1011 534 1073 finivit;
563 1007 608 1063 si
630 1006 771 1060 enim
804 1000 1082 1063 deﬁnivit,
1115 1000 1295 1066 plures
1312 1006 1471 1049 erunt
1499 995 1738 1062 ejusdem
1773 994 1909 1047 deﬁ-

333 1100 583 1156 nitiones.
624 1096 751 1149 Nam
800 1090 1142 1145 manifestum
1172 1087 1315 1156 quod
1370 1096 1424 1139 et
1462 1086 1553 1153 qui
1586 1099 1679 1151 per
1729 1083 1907 1149 priora

333 1204 399 1244 ac
427 1188 655 1247 notiora,
683 1183 877 1237 iterum
902 1180 1093 1234 melius
1142 1176 1420 1239 deﬁnivit,
1478 1187 1643 1242 quare
1670 1182 1908 1238 utraeque

334 1285 494 1334 erant
520 1272 859 1328 deﬁnitiones
893 1266 1158 1336 ejusdem.
1220 1264 1350 1317 Tale
1396 1272 1574 1315 autem
1621 1276 1725 1314 non
1760 1260 1910 1312 vide-

336 1376 445 1431 tur,
493 1378 616 1417 nam
644 1360 929 1428 unicuique
955 1371 1139 1411 eorum
1170 1370 1287 1423 qua:
1317 1363 1463 1418 sunt,
1494 1367 1654 1405 unum
1681 1361 1764 1404 est
1789 1363 1911 1403 esse

335 1455 564 1522 idipsum
590 1449 729 1519 quod
753 1457 832 1502 est
852 1462 868 1511 ;
891 1460 1055 1515 quare
1081 1446 1125 1499 si
1158 1444 1528 1512 plureserunt
1552 1439 1791 1507 ejusdem
1822 1437 1915 1492 de-
1946 1438 1949 1439 ⁷

339 1542 636 1604 ﬁnitiones,
669 1538 809 1591 idem
836 1537 936 1589 erit
966 1533 1207 1587 deﬁnitio
1234 1546 1383 1599 esse,
1414 1529 1557 1599 quod
1580 1527 1793 1597 quidem
1822 1541 1915 1580 se-

339 1630 575 1686 cundum
627 1636 905 1693 utramque
954 1623 1318 1678 definitionem
1369 1620 1740 1687 signiﬁcatur;
1798 1619 1914 1670 haec

2005 452 2435 507 instructioribus
2483 462 2657 506 autem
2708 452 2896 517 factis,
2927 461 3143 515 contra;
3192 466 3362 520 quare
3405 467 3581 522 neque

2005 545 2068 597 ad
2097 545 2342 599 eumdem
2373 546 2585 615 semper
2612 548 2677 600 ad
2722 549 2905 603 eadem
2948 548 3188 602 deﬁnitio
3236 550 3579 617 assignanda,

2007 633 2073 686 iis
2101 635 2191 703 qui
2221 651 2402 704 perea
2447 652 2567 705 quae
2611 639 2830 706 singulis
2875 641 3170 707 quibusque
3211 648 3332 692 sunt
3376 642 3582 694 notiora

2006 724 2370 781 deﬁnitionem
2401 727 2630 782 fatentur
2659 730 3030 798 assignandam
3060 745 3199 785 esse.
3241 730 3577 785 Manifestum

2008 816 2167 882 igitur
2194 817 2334 885 quod
2381 832 2485 872 non
2516 819 2875 873 deﬁniendum
2906 834 2999 887 per
3027 835 3089 873 ea
3125 835 3242 887 quae
3277 820 3585 889 hujusmodi

2008 914 2155 969 sunt,
2186 908 2281 960 sed
2329 922 2422 974 per
2468 909 2780 977 simpliciter
2818 910 3059 975 notiora,
3090 924 3210 962 nam
3262 913 3378 966 solo
3424 913 3589 968 modo

2006 997 2085 1049 sic
2114 1012 2216 1050 una
2244 1005 2295 1050 et
2325 998 2509 1052 eadem
2541 999 2782 1053 deﬁnitio
2829 1014 3041 1068 semper
3070 999 3178 1054 ﬁet.
3213 999 3461 1057 Fortasse
3490 1018 3589 1056 au.

2010 1096 2115 1138 tem
2164 1095 2219 1138 et
2264 1087 2406 1154 quod
2454 1088 2770 1156 simpliciter
2820 1096 3035 1154 notum,
3063 1102 3167 1140 non
3215 1096 3297 1143 est
3344 1089 3395 1141 id
3443 1102 3591 1158 quon

2009 1169 2259 1226 omnibus
2287 1186 2496 1240 notum,
2525 1178 2618 1231 sed
2646 1176 2785 1245 quod
2819 1179 2954 1231 bene
2981 1176 3254 1244 dispositis
3284 1178 3587 1243 intellectu;

2012 1264 2454 1331 quemadmodum
2502 1276 2555 1320 et
2593 1267 2903 1334 simpliciter
2942 1268 3156 1321 salubre
3203 1268 3269 1323 iis
3317 1268 3405 1336 qui
3452 1268 3591 1323 bene

2012 1355 2258 1409 allectum
2292 1356 2487 1410 habent
2515 1371 2743 1425 corpus;
2775 1367 2987 1426 Oportet
3014 1356 3590 1429 ergounumquodque

2015 1446 2198 1498 talium
2230 1445 2511 1515 diligenter
2539 1450 2915 1516 pervestigare,
2947 1450 3021 1502 uti
3051 1461 3225 1503 autem
3255 1451 3592 1519 disputantes

2014 1534 2082 1588 ad
2113 1536 2162 1588 id
2195 1538 2335 1603 quod
2370 1537 2603 1605 expedit.
2637 1537 2863 1591 Maxime
2906 1548 3082 1593 autem
3112 1541 3228 1595 sine
3256 1542 3594 1596 dissensione

2016 1627 2323 1697 interimere
2362 1628 2619 1698 contingit
2662 1629 3046 1695 deﬁnitionem,
3078 1631 3125 1683 si
3174 1646 3344 1700 neque
3372 1647 3434 1685 ex
3463 1635 3597 1686 sim-

341 1731 518 1776 ante"!
548 1735 653 1774 ηοη
684 1718 869 1771 eadem
900 1724 1051 1782 sum.
1106 1729 1170 1767 e0
1195 1712 1336 1781 (ιυυά
1371 1710 1710 1765 ἀεθηίῑίοηοε
1738 1709 1917 1762 ἀίνετ·
1946 1718 1993 1775 Β
2023 1717 2232 1786 pliciter
2254 1719 2571 1783 notioribus,
2602 1735 2773 1789 neque
2796 1736 2859 1774 ex
2885 1721 2951 1773 iis
2982 1736 3099 1788 qua:
3130 1721 3307 1787 nobis,
3336 1723 3611 1793 contingit

344 1827 440 1866 ste.
482 1809 813 1865 Manifestum
843 1806 1003 1873 igitur
1053 1804 1305 1872 quoniam
1362 1816 1467 1854 non
1500 1799 1768 1863 deﬁnivit,
1826 1796 1917 1865 qui

342 1916 449 1954 non
504 1913 599 1967 per
646 1898 820 1967 priora
862 1904 1020 1963 atque
1067 1893 1274 1946 notiora
1317 1890 1577 1945 definivit.
1631 1888 1796 1958 Igitur
1824 1900 1920 1955 per

346 2003 455 2043 non
517 1987 721 2041 notiora
753 1984 966 2053 quidem
1014 1982 1299 2036 terminum
1333 1980 1477 2043 dici,
1525 1976 1811 2045 dupliciter
1839 1982 1922 2029 est

344 2079 609 2145 accipere.
632 2076 738 2130 Aut
766 2075 906 2128 enim
935 2072 979 2126 si
1005 2071 1314 2140 simpliciter
1352 2085 1415 2123 ex
1441 2066 1813 2137 ignotioribus,
1832 2072 1921 2117 aut

348 2170 394 2223 si
422 2156 575 2222 nObis
622 2164 1004 2232 ignotioribus,
1043 2160 1301 2229 contingit
1325 2159 1465 2213 enim
1489 2169 1714 2225 utroque
1744 2158 1920 2211 modo.

351 2254 679 2323 Simpliciter
716 2253 877 2321 igitur
914 2252 1093 2304 notius
1138 2248 1278 2318 quod
1311 2250 1458 2317 prius
1496 2257 1578 2301 est
1608 2248 1923 2316 posteriore,

347 2353 408 2397 ut
434 2352 683 2411 punctum
716 2340 883 2402 linea,
916 2347 970 2391 et
999 2338 1137 2390 linea
1166 2334 1481 2403 superﬁcie,
1530 2343 1585 2388 et
1613 2333 1928 2402 superﬁcies

350 2433 545 2491 solido.
569 2428 1014 2500 quemadmodum
1033 2435 1087 2479 et
1115 2428 1289 2479 unitas
1314 2440 1537 2479 numero
1569 2442 1581 2475 :
1610 2425 1758 2493 prius
1784 2424 1927 2478 enim

350 2530 407 2575 et
431 2518 747 2589 principium
779 2515 953 2569 omnis
979 2514 1219 2578 numeri,
1248 2513 1496 2566 similiter
1532 2522 1709 2565 autem
1741 2520 1796 2564 et
1821 2511 1932 2565 ele-

354 2620 591 2664 mentum
637 2607 859 2675 syllaba.
909 2603 1072 2657 Nobis
1116 2610 1293 2654 autem
1337 2612 1655 2654 e'converso
1693 2599 1933 2667 quando-

356 2717 462 2771 que
486 2699 715 2765 accidit,
743 2712 864 2751 nam
895 2695 1124 2749 maxime
1153 2692 1382 2746 solidum
1425 2693 1591 2759 magis
1638 2692 1737 2745 sub
1772 2705 1932 2744 sensu

356 2792 500 2846 cadit
561 2803 718 2858 quam
775 2785 1118 2853 superﬁcies,
1173 2781 1488 2849 superﬁcies
1540 2791 1717 2833 autem
1769 2780 1936 2846 magis

360 2896 517 2952 quam
547 2880 686 2933 linea
707 2917 721 2941 ,
750 2876 886 2930 linea
924 2883 1100 2927 autem
1151 2872 1305 2939 signo
1343 2869 1541 2938 magis;
1572 2884 1734 2937 quare
1762 2869 1937 2920 multi-

361 2970 490 3024 tudo
516 2968 684 3036 magis
714 2964 1018 3033 hujusmodi
1048 2961 1352 3029 cognoscit,
1415 2976 1534 3013 nam
1581 2960 1671 3012 illa
1725 2958 1936 3026 quidem

2020 1810 2385 1866 deﬁnitionem
2435 1811 2568 1865 ﬁeri.
2601 1811 2750 1866 Unus
2795 1812 2955 1879 igitur
3002 1813 3149 1866 locus
3189 1822 3271 1867 est
3312 1813 3428 1882 ejus
3457 1813 3599 1881 quod

2022 1914 2128 1953 non
2158 1914 2252 1967 per
2278 1900 2507 1961 notiora,
2536 1900 2675 1968 quod
2706 1915 2799 1967 per
2827 1892 3120 1967 pOSteriora
3152 1901 3328 1967 priora
3377 1902 3594 1969 indicat,

2022 1992 2466 2062 quemadmodum
2517 1992 2665 2060 prius
2710 1992 2962 2045 diximus.
3003 1993 3156 2046 Alius
3179 2002 3378 2057 autem,
3408 1994 3452 2046 si
3483 1993 3600 2061 ejus

2024 2082 2166 2146 quod
2196 2090 2279 2136 est
2326 2082 2380 2135 in
2426 2081 2607 2148 quiete
2645 2088 2701 2133 et
2745 2080 3081 2141 deﬁnitione.
3121 2095 3212 2145 per
3242 2080 3595 2145 indefinitum,

2024 2183 2078 2227 et
2107 2172 2250 2243 quod
2278 2172 2330 2225 in
2357 2180 2501 2225 motu
2532 2179 2612 2225 est
2640 2171 2903 2239 assignata
2932 2181 3012 2224 est
3042 2171 3210 2224 oratio
3244 2171 3415 2225 nobis.
3448 2171 3602 2225 Prius

2027 2262 2169 2317 enim
2202 2270 2285 2316 est
2322 2270 2376 2315 et
2416 2261 2591 2314 notius
2639 2262 2778 2329 quod
2823 2275 3044 2316 manens
3087 2270 3189 2324 est,
3214 2271 3269 2316 et
3295 2262 3597 2328 deﬁnitum,

2028 2366 2094 2407 eo
2122 2351 2261 2420 quod
2293 2350 2623 2405 indeﬁnitum
2651 2364 2701 2405 et
2733 2354 2783 2403 in
2816 2362 2959 2405 mOtn
2983 2362 3085 2406 est.
3109 2352 3237 2421 Ejus
3263 2361 3438 2407 autem
3460 2355 3602 2421 quod

2030 2454 2115 2501 est
2146 2460 2249 2500 non
2282 2461 2346 2500 ex
2375 2445 2661 2513 prioribus,
2686 2454 2795 2499 tres
2824 2456 2949 2499 sunt
2976 2446 3096 2499 loci.
3127 2445 3334 2500 Primus
3364 2446 3605 2515 quidem,

2033 2537 2077 2590 si
2112 2551 2205 2604 per
2232 2536 2530 2605 Oppositum
2561 2536 2862 2603 oppositum
2903 2535 3165 2600 deﬁnivit,
3207 2544 3263 2589 ut
3290 2535 3336 2590 si
3367 2550 3459 2603 per
3496 2550 3610 2589 ma-

2035 2625 2167 2689 lum,
2198 2625 2414 2678 bonum.
2448 2623 2809 2677 Simul‘enim
2858 2633 3041 2677 natura
3082 2623 3345 2692 opposita,
3376 2633 3427 2677 et
3471 2639 3609 2679 non.

2035 2714 2196 2767 nullis
2241 2713 2400 2766 etiam
2457 2711 2645 2766 eadem
2691 2711 2971 2780 disciplina
3022 2722 3365 2781 utrorumque
3405 2712 3617 2767 videtur

2036 2820 2184 2869 esse;
2213 2820 2376 2873 quare
2398 2819 2500 2858 non
2530 2806 2708 2858 notius
2730 2807 2950 2858 alterum
2980 2804 3170 2857 altero.
3193 2804 3413 2871 Oportet
3433 2812 3610 2858 autem

2038 2911 2143 2949 non
2168 2895 2335 2947 latere
2357 2891 2598 2961 quadam
2628 2892 2855 2945 fortasse
2881 2890 3039 2944 aliter
3064 2889 3273 2943 deﬁniri
3296 2905 3399 2944 non
3430 2904 3611 2958 posse.

2041 2994 2096 3037 ut
2136 2984 2354 3050 duplum
2400 2984 2515 3035 sine
2558 2982 2798 3044 dimidio,
2829 2990 2887 3035 et
2925 2995 3253 3048 quaecunque
3298 2995 3393 3049 per
3440 2995 3498 3034 se
3546 2980 3614 3034 ad

364 3057 808 3131 qmmo‘ionbe‘l
835 3055 948 3107 [me
991 3061 1164 3106 amem
1199 3051 1379 3104 sum“
1420 3058 1472 3142 ei
1514 3047 1745 3142 meum”
1780 3047 1938 3101 intel'
1964 3070 2010 3131 C
2041 3047 2237 3142 aliquid
2264 3073 2513 3127 dicuntur
2541 3090 2555 3125 :
2606 3086 2727 3124 nam
2758 3047 3004 3125 omnibus
3034 3047 3337 3140 hujusmodi
3365 3081 3447 3126 est
3473 3072 3616 3128 idem

363 3152 505 3206 lectu
534 3145 993 3216 comprehendere
1026 3149 1231 3211 Oportet
1256 3158 1269 3206 ;
1298 3140 1610 3209 simpliciter
1641 3138 1798 3205 igitur
1820 3152 1935 3190 me-

363 3243 464 3295 lius
495 3255 589 3309 per
616 3241 792 3309 priora
814 3278 830 3301 ,
865 3234 1159 3303 posteriora
1201 3239 1407 3285 tentare
1433 3242 1786 3297 cognoscere,
1814 3241 1936 3281 nam

363 3333 531 3400 magis
561 3328 911 3383 scientiflcum
945 3327 1046 3378 tale
1084 3333 1184 3377 est.
1232 3322 1422 3375 Verum
1455 3320 1519 3373 ad
1551 3334 1644 3374 eos
1691 3319 1778 3387 qui
1841 3318 1940 3370 im-

363 3431 605 3493 potentes
627 3405 750 3475 sunt
771 3431 1095 3487 cognoscere
1117 3430 1211 3482 per
1240 3413 1387 3479 talia,
1416 3410 1771 3465 necessarium
1804 3408 1939 3462 forte

364 3528 458 3582 per
484 3527 546 3565 ea
567 3526 682 3579 qum
711 3509 815 3563 illis
847 3507 1058 3576 cognita
1089 3514 1211 3558 sunt
1250 3504 1424 3557 facere
1448 3504 1778 3565 Otationem;
1818 3509 1942 3554 sunt

365 3594 543 3658 autem
576 3602 762 3657 talium
812 3598 1147 3653 deﬁnitiones
1179 3610 1298 3665 qua:
1327 3605 1380 3647 et
1424 3594 1633 3662 puncti,
1674 3599 1729 3646 et
1762 3591 1939 3654 liuere,

364 3706 419 3749 et
447 3695 764 3764 superﬁciei,
789 3707 974 3747 omnes
1001 3691 1143 3744 enim
1172 3704 1265 3756 per
1313 3685 1612 3754 posteriora
1652 3684 1835 3751 priora,
1863 3684 1945 3735 in-

367 3786 546 3838 dicant
575 3800 589 3837 :
642 3799 764 3836 nam
813 3781 941 3836 illud
972 3780 1184 3847 quidem
1215 3778 1401 3838 linem,
1456 3776 1611 3827 istam
1642 3782 1818 3826 autem
1850 3787 1944 3826 su-

366 3871 637 3942 perﬁciei,
684 3872 822 3922 hanc
875 3882 1005 3921 vero
1050 3864 1203 3919 solidi
1254 3863 1390 3916 ﬁnes
1421 3861 1605 3914 dicunt
1646 3874 1786 3913 esse.
1827 3859 1943 3913 Non

368 3969 580 4029 oportet
609 3966 785 4011 autem
836 3957 1005 4010 latere
1051 3954 1303 4029 quoniam
1359 3953 1435 4005 sic
1479 3950 1797 4003 deﬁnientes
1838 3964 1945 4001 non

369 4050 632 4118 contingit
660 4050 800 4116 quod
848 4046 976 4114 quid
1015 4053 1097 4098 est
1125 4057 1243 4097 esse
1279 4041 1540 4105 definitio,
1574 4039 1809 4093 indicare
1846 4038 1947 4090 nisi

369 4141 641 4208 contingat
666 4140 804 4192 idem
836 4137 986 4191 nobis
1019 4135 1196 4189 notius
1230 4147 1349 4187 csse
1371 4174 1383 4195 ,
1414 4140 1465 4186 et
1501 4130 1817 4198 simpliciter
1848 4142 1945 4182 no-

364 4235 496 4296 tius,
538 4230 798 4299 siquidem
831 4235 1063 4297 Oportet
1084 4240 1179 4293 per
1208 4236 1373 4293 genus
1403 4233 1457 4275 et
1498 4219 1828 4274 differentias
1853 4217 1951 4271 de-

372 4326 523 4381 ﬁnire
549 4338 670 4379 eum
701 4324 788 4391 qui
822 4322 956 4375 bene
980 4318 1165 4373 deﬁnit
1196 4336 1208 4370 :
1270 4318 1383 4371 haec
1424 4323 1603 4368 autem
1634 4312 1950 4381 simpliciter

2041 3178 2161 3219 esse
2186 3164 2237 3218 ei
2260 3163 2399 3230 quod
2428 3171 2512 3217 est
2538 3161 2607 3214 ad
2636 3162 2834 3230 aliquid
2857 3161 3083 3229 quodam
3113 3162 3270 3215 modo
3298 3176 3357 3215 se
3383 3161 3579 3218 habere
3602 3179 3619 3228 ;

2042 3268 2206 3322 quare
2242 3268 2349 3307 non
2377 3262 2460 3307 est
2490 3252 2743 3320 possibile
2783 3252 2899 3306 sine
2941 3251 3112 3307 altero
3154 3253 3381 3305 alterum
3424 3267 3624 3321 cogno-

2042 3359 2218 3407 scere,
2247 3358 2312 3397 eo
2341 3343 2483 3412 quod
2514 3342 2874 3397 necessarium
2904 3351 2986 3395 est
3032 3341 3084 3394 in
3131 3342 3350 3395 alterius
3378 3342 3623 3394 oratione

2042 3433 2310 3491 coassumi
2343 3441 2398 3485 et
2424 3433 2671 3486 alterum.
2708 3432 2845 3500 Ergo
2874 3444 3197 3499 cognoscere
3225 3430 3437 3499 quidem
3467 3445 3628 3495 Opor-v

2044 3536 2122 3580 tet
2151 3524 2453 3593 hujusmodi
2483 3522 2774 3587 omnia,uti
2796 3522 2983 3576 autem
3004 3523 3149 3576 eisin
3177 3522 3328 3574 hisut
3359 3521 3626 3575 videbitur

2046 3613 2317 3683 expedire.
2352 3613 2522 3675 Alius,
2551 3612 2597 3666 si
2619 3612 2806 3666 eodem
2838 3625 2964 3664 usus
2992 3620 3077 3664 est
3104 3611 3152 3665 ei
3180 3611 3319 3679 quod
3351 3610 3624 3665 deﬁnitur.

2048 3707 2202 3760 Latet
2230 3714 2429 3767 autem,
2462 3718 2582 3759 cum
2616 3718 2721 3756 non
2747 3703 2935 3757 eodem
2962 3702 3163 3757 deﬁniti
3195 3702 3410 3756 nomine
3438 3705 3624 3765 utitur,

2050 3804 2109 3850 ut
2135 3797 2177 3849 si
2206 3797 2373 3850 solem
2412 3794 2619 3849 stellam
2648 3794 2700 3847 in
2729 3793 2816 3846 die
2840 3803 3181 3861 apparentem
3212 3793 3472 3858 definivit,
3504 3807 3626 3845 nam

2048 3886 2139 3954 qui
2185 3886 2270 3939 die
2310 3887 2497 3947 utitur,
2522 3898 2548 3935 s
2574 3883 2637 3935 sle
2667 3883 2853 3943 utitur,
2885 3880 2939 3933 et
2972 3896 3064 3946 par
3094 3890 3173 3933 est
3224 3880 3291 3931 ad
3332 3879 3632 3947 deprehen-

2050 3975 2221 4027 denda
2254 3975 2377 4025 talia
2408 3984 2621 4024 sumere
2655 3984 2751 4036 pro
2798 3968 3009 4019 nomine
3053 3968 3372 4031 orationem,
3403 3977 3462 4021 ut
3489 3972 3629 4037 quod

2052 4061 2167 4114 dies
2198 4070 2301 4125 est,
2334 4059 2462 4112 solis
2507 4056 2632 4108 latio
2661 4069 2819 4121 super
2854 4063 3052 4111 terram
3080 4071 3093 4105 :
3120 4068 3239 4107 nam
3288 4063 3416 4110 tunc
3464 4058 3633 4109 mani-

2053 4151 2245 4205 festum
2274 4146 2417 4217 quod
2460 4146 2549 4213 qui
2577 4143 2709 4209 solis
2747 4142 3001 4195 lationem
3041 4156 3200 4210 super
3231 4151 3427 4197 terram
3476 4144 3631 4208 dixit,

2052 4241 2221 4295 solem
2254 4238 2415 4303 dixit;
2448 4249 2612 4303 quare
2643 4234 2806 4286 utitur
2833 4233 2965 4297 sole,
3000 4234 3087 4302 qui
3133 4232 3221 4286 die
3259 4233 3443 4287 utitur.
3491 4234 3631 4287 Rur-

2053 4344 2172 4383 sum
2222 4327 2268 4381 si
2316 4340 2382 4379 eo
2431 4323 2571 4394 quod
2603 4337 2633 4376 e
2662 4322 2875 4375 diverso
2922 4321 3196 4389 dividitur,
3228 4322 3279 4375 id
3327 4324 3466 4390 quod
3496 4338 3526 4375 e
3554 4323 3635 4375 di-

372 4419 579 4471 notiora
619 4426 669 4468 et
701 4416 874 4482 priora
919 4422 1042 4465 sunt
1068 4412 1268 4479 specie,
1323 4407 1580 4461 interimit
1616 4406 1758 4458 enim
1782 4417 1947 4473 genus
1977 4427 2025 4485 ι)

1977 4427 2025 4485 ι)
2055 4434 2215 4474 verso
2261 4417 2516 4471 dividitur
2558 4413 2816 4469 deﬁnivit.
2867 4412 2930 4465 Ut
2968 4413 3137 4479 impar
3182 4424 3283 4475 est,
3317 4412 3405 4481 qui
3433 4413 3635 4465 unitate

371 4516 427 4562 et
449 4505 745 4560 differentia
771 4505 1023 4573 speciem,
1045 4517 1211 4571 quare
1244 4502 1421 4568 priora
1442 4497 1557 4551 haec
1584 4497 1782 4564 specie.
1812 4494 1949 4548 Sunt

370 4607 546 4650 autem
568 4596 801 4655 notiora,
833 4609 953 4646 nam
988 4594 1165 4659 Specie
1188 4589 1401 4659 quidem
1440 4594 1566 4641 nota
1608 4599 1830 4638 necesse
1865 4593 1948 4637 est

370 4704 535 4758 genus
553 4686 947 4742 etdiﬁerentias
976 4683 1255 4751 cognosci;
1276 4680 1365 4748 qui
1400 4678 1666 4731 hominem
1692 4675 1833 4729 enim
1868 4688 1952 4726 co-

370 4782 595 4850 gnoscit,
632 4789 684 4832 et
714 4778 905 4831 animal
950 4775 1225 4845 gressihile
1250 4770 1557 4837 cognoscit;
1592 4778 1644 4821 at
1671 4780 1870 4834 genere
1894 4774 1947 4818 et

370 4872 666 4927 diﬁ‘erentia
696 4871 856 4934 uotis,
889 4882 992 4920 non
1018 4879 1239 4921 necesse
1253 4872 1335 4917 est
1358 4859 1655 4928 etspeciem
1671 4860 1943 4927 cognosci,

372 4981 534 5035 quare
565 4964 793 5033 ignotior
823 4961 1051 5029 species.
1097 4958 1361 5026 Amplius,
1394 4954 1499 5008 illis
1531 4954 1621 5022 qui
1651 4953 1947 5007 secundum

374 5062 646 5113 veritatem
670 5055 969 5126 hujusmodi
993 5054 1334 5108 deﬁnitiones
1348 5051 1531 5106 dicunt
1551 5067 1670 5106 esse
1683 5065 1799 5118 qua:
1828 5057 1955 5103 sunt

375 5168 438 5205 ex
471 5152 533 5204 iis
562 5166 680 5218 quae
709 5148 991 5216 unicuique
1018 5156 1141 5203 sunt
1180 5157 1307 5200 nota
1329 5187 1342 5209 ,
1377 5146 1557 5213 plures
1601 5146 1842 5213 ejusdem
1870 5158 1957 5194 ac—

374 5242 500 5295 cidit
535 5242 712 5296 dicere
754 5240 1092 5294 deﬁnitiones
1124 5252 1264 5302 esse,
1299 5252 1418 5289 nam
1462 5238 1561 5288 alia
1596 5236 1735 5299 aliis,
1766 5242 1820 5288 et
1851 5249 1955 5287 non

375 5335 621 5387 omnibus
675 5332 861 5385 eadem
908 5329 1167 5395 contingit
1224 5328 1436 5381 notiora
1483 5341 1632 5391 ,csse;
1683 5340 1847 5392 quare
1893 5325 1958 5377 ad

377 5436 809 5489 unumquemque
852 5421 955 5473 erit
997 5419 1239 5472 deﬁnitio
1285 5416 1623 5484 assignanda,
1656 5416 1700 5468 si
1746 5414 1958 5482 quidem

378 5511 534 5566 exiis
565 5525 682 5577 quae
726 5509 950 5576 singulis
999 5509 1300 5576 quibusque
1343 5514 1466 5558 sunt
1510 5507 1739 5569 notiora,
1770 5504 1962 5557 deﬁni-

381 5602 578 5658 tionem
609 5608 821 5667 oportet
842 5598 1038 5652 facere.
1064 5597 1308 5664 Amplius
1321 5594 1521 5681 eisdem
1548 5596 1647 5648 alia
1672 5594 1958 5658 interdum,

2057 4510 2227 4578 major
2257 4518 2337 4563 est
2383 4521 2532 4577 pare,
2561 4503 2718 4557 simul
2764 4502 2904 4555 enim
2952 4509 3158 4568 natura,
3190 4518 3310 4571 quae
3338 4517 3405 4557 ex
3443 4503 3632 4558 eodem

2060 4616 2256 4672 genere
2294 4615 2325 4653 e
2366 4599 2577 4651 diverso
2617 4594 2963 4658 dividuntur,
3009 4594 3179 4662 impar
3224 4603 3399 4648 autem
3442 4605 3494 4649 et
3540 4611 3638 4664 par

2060 4707 2091 4745 e
2120 4691 2334 4745 diverso
2365 4686 2694 4744 dividuntur.
2728 4698 2848 4736 nam
2879 4682 3035 4736 ambo
3061 4685 3268 4738 numeri
3296 4684 3636 4739 differentiae.

2063 4782 2321 4837 Similiter
2342 4790 2525 4831 autem
2572 4786 2626 4829 et
2654 4775 2697 4829 si
2728 4790 2821 4841 per
2851 4773 3123 4835 inferiora,
3153 4774 3428 4843 superiora
3448 4774 3639 4829 deﬁni-

2056 4874 2153 4927 vit.
2184 4871 2251 4925 Ut
2299 4884 2478 4939 parem
2522 4880 2817 4930 numerum,
2852 4864 2939 4933 qui
2990 4863 3239 4932 bipartite
3280 4874 3510 4932 secatur,
3542 4879 3636 4917 ant

2060 4964 2257 5018 bonum
2290 4960 2526 5014 habitum
2556 4956 2763 5010 virtuzis
2789 4973 2803 5008 :
2830 4970 2951 5008 nam
2994 4964 3047 5008 et
3091 4953 3338 5023 bipartite
3367 4965 3640 5022 sumptum

2061 5063 2144 5107 est
2174 5068 2201 5105 a
2231 5050 2439 5105 duobus
2470 5063 2588 5115 qua:
2619 5046 2764 5114 paria
2793 5054 2936 5108 sunt,
2969 5053 3023 5097 et
3053 5043 3220 5097 virtus
3249 5042 3444 5097 bonum
3472 5045 3645 5111 quod—

2064 5144 2185 5197 dam
2236 5151 2339 5207 est,
2370 5155 2534 5209 quare
2576 5137 2827 5191 inferiora
2876 5136 2990 5187 hmc
3036 5149 3193 5202 quam
3241 5132 3331 5185 illa
3376 5143 3518 5185 sunt.
3550 5134 3644 5186 Est

2066 5244 2243 5288 autem
2294 5210 2531 5285 necesse.
2559 5243 2680 5281 eum
2731 5226 2821 5294 qui
2871 5224 3208 5277 inferioribus
3247 5224 3428 5288 utitur,
3454 5233 3506 5277 et
3537 5223 3644 5277 illis

2069 5326 2143 5379 uti
2170 5343 2181 5376 :
2209 5339 2329 5377 nam
2364 5332 2417 5374 et
2442 5321 2529 5388 qui
2560 5320 2785 5391 virtute,
2805 5317 2988 5378 utitur,
3017 5315 3156 5367 bono
3202 5315 3384 5379 utitur,
3412 5328 3475 5368 eo
3503 5315 3645 5381 quod

2068 5417 2264 5471 bonum
2293 5411 2555 5480 quoddam
2584 5410 2774 5472 virtus,
2804 5405 3047 5459 similiter
3076 5414 3247 5457 autem
3280 5416 3336 5459 et
3360 5405 3448 5473 qui
3476 5405 3648 5473 bipar-

2072 5508 2164 5560 tite
2212 5504 2394 5566 utitur,
2424 5510 2475 5554 et
2520 5513 2647 5565 pare
2698 5499 2891 5561 utitur,
2922 5512 2985 5549 eo
3033 5496 3173 5563 quod
3220 5496 3271 5548 in
3321 5496 3425 5549 duo
3473 5498 3647 5551 secari

2073 5595 2335 5666 significat
2384 5588 2631 5659 bipartite
2678 5587 2885 5653 secari,
2934 5586 3039 5667 duo
3086 5596 3262 5640 autem
3312 5588 3456 5656 paria
3504 5597 3645 5641 Sunt.
