4248 6272
647 306 750 359 975

1859 303 1966 357 AN.
2013 301 2217 356 MANL.
2261 301 2409 359 εεγ.
2457 303 2677 359 ηοιῖτιι

3801 299 3907 355 97b

652 423 1035 484 lliiiversaliter
1066 420 1220 490 igitur
1249 416 1511 479 dicendo,
1540 430 1679 470 unus
1709 425 1793 469 est
1820 417 1967 469 locus
1998 431 2102 469 non
2134 430 2228 485 per
2255 422 2305 480 Α
2335 419 2533 489 bipedi.
2563 421 2674 474 Ἀιιι
2702 420 2745 473 si
2776 427 2859 474 est
2888 418 3102 489 quidem
3132 434 3163 474 e
3192 419 3402 475 diverso
3445 419 3615 476 divisa
3654 418 3911 479 diﬁereng

646 524 828 591 priora
858 526 913 571 et
961 515 1167 568 notiora
1219 510 1408 564 fecisse
1456 508 1785 573 orationem,
1822 518 1996 576 partes
2046 516 2226 563 autem

650 616 769 681 ejus
795 624 855 663 ea
880 623 997 675 ιιιιιυ
1028 604 1167 659 dicta
1200 612 1341 655 sunt.
1373 600 1651 656 Secundus
1680 610 1879 662 autem,
1916 601 1958 652 si
1992 615 2079 653 res
2106 614 2225 653 cum

640 705 721 757 sit
747 716 848 754 non
876 698 1087 764 ponitur
1111 697 1163 748 in
1187 709 1400 764 genere.
1428 693 1556 746 Nam
1581 693 1633 744 in
1656 692 1902 759 omnibus
1928 690 2226 761 IlUjllSllll‘di

654 801 922 861 peccatum
951 797 1051 848 est,
1080 787 1130 837 in
1155 786 1343 853 quibus
1370 799 1472 837 non
1503 784 1648 847 prius
1674 785 1889 848 ponitur
1909 784 1957 834 in
1980 784 2225 835 oratione

647 875 769 944 quid
796 884 903 937 est,
938 885 994 927 ut
1023 875 1261 941 corporis
1305 871 1571 937 tleﬁn‘tio,
1623 871 1762 941 quod
1810 871 1967 925 habet
1999 881 2104 925 tres
2147 871 2228 925 di—

645 966 977 1029 niensiones,
1014 975 1101 1017 aut
1125 966 1168 1016 si
1201 964 1320 1030 quis
1350 962 1619 1015 hominem
1670 962 1928 1024 delluivit,
1972 961 2109 1029 quod
2148 970 2231 1015 est

648 1058 825 1110 sciens
854 1070 1157 1117 numerare,
1192 1069 1296 1106 non
1318 1053 1459 1106 enim
1492 1053 1689 1105 dietmn
1720 1063 1801 1105 est
1830 1052 1955 1121 quid
2004 1063 2087 1107 est
2136 1053 2231 1107 ha-

648 1146 779 1199 bere
807 1158 914 1199 tres
940 1145 1317 1205 dimensiones,
1368 1145 1448 1196 vel
1492 1143 1615 1209 quid
1664 1152 1747 1196 est
1784 1145 1884 1196 scit
1927 1156 2227 1198 numerare.

648 1238 831 1288 Genus
853 1244 1025 1287 autem
1079 1235 1189 1285 vult
1243 1233 1365 1301 quid
1397 1242 1478 1284 est
1528 1231 1848 1300 signiﬁcare,
1905 1241 1959 1286 et
2006 1233 2231 1300 primum

651 1324 936 1393 apponitur
959 1340 1143 1377 eorum
1200 1339 1317 1391 qua:
1360 1322 1409 1374 in
1458 1321 1767 1375 deﬁnitione
1794 1323 2057 1375 dicuntur.
2106 1326 2231 1375 Ain-

650 1425 807 1493 plius,
827 1422 870 1476 si
902 1420 968 1474 ad
998 1416 1147 1487 plura
1176 1432 1297 1471 cum
1333 1416 1545 1470 dicatur
1578 1414 1627 1469 id
1661 1414 1803 1484 quod
1835 1413 2103 1477 deﬁnitur,
2128 1430 2233 1467 non

650 1516 714 1567 ad
744 1513 933 1567 omnia
976 1508 1297 1577 assignavit,
1342 1516 1397 1560 ut
1439 1508 1481 1559 si
1516 1505 1922 1574 grammaticen,
1955 1505 2233 1559 scientiam

648 1602 913 1658 scribendi
944 1599 1082 1669 quod
1136 1601 1426 1665 prolertur,
1458 1612 1579 1649 nam
1620 1595 1826 1663 indiget
1877 1604 1932 1647 et
1973 1594 2112 1663 quod
2160 1596 2231 1647 le-

648 1695 830 1765 gendi,
871 1693 1035 1746 nihilo
1079 1690 1221 1744 enim
1275 1689 1444 1758 magis
1505 1686 1776 1741 scribendi
1820 1702 1979 1755 quam
2027 1684 2233 1755 legendi

2332 510 2423 575 tia,
2458 525 2561 563 non
2596 508 2897 564 veriﬁeatur
2942 520 3120 565 autem
3169 510 3237 565 de
3282 524 3498 580 genere.
3540 511 3672 565 Nam
3701 511 3749 565 si
3780 528 3906 572 non,

2330 592 2668 657 manifestum
2696 601 2951 664 quoniam
2999 610 3185 655 neutra
3213 603 3321 655 erit
3347 602 3557 669 generis
3589 602 3906 667 diﬁerentia,

2329 706 2517 745 omnes
2558 695 2697 747 enim
2746 709 2867 761 qua:
2901 709 2931 747 e
2967 693 3182 749 diverso
3226 692 3539 747 dividuntur
3568 695 3908 757 diﬁ‘ereutite,

2330 788 2675 841 veriﬁcantur
2721 787 2788 840 de
2839 788 3057 856 rr0prio
3096 802 3312 857 genere.
3362 787 3625 842 Similiter
3652 798 3828 842 autem
3856 800 3912 842 et

2330 880 2375 933 ii
2407 881 2711 933 verillcatur
2753 879 2993 948 quidem,
3024 887 3079 932 at
3123 893 3228 933 noii
3276 879 3402 932 facit
3430 881 3670 948 apposita
3704 880 3911 950 generi,

2330 973 2583 1040 speciem.
2632 971 2758 1023 Nam
2805 970 3163 1034 manifestum,
3195 970 3337 1039 quod
3381 985 3487 1023 nun
3515 972 3617 1024 erit
3648 972 3762 1025 haec
3790 985 3911 1035 spe-

2330 1063 2478 1116 citira
2507 1060 2806 1116 dill'erentia
2836 1062 3080 1129 generis,
3112 1076 3233 1113 nam
3265 1062 3439 1114 omnis
3479 1061 3730 1129 speeiﬁca
3763 1061 3916 1114 diﬁ‘e-

2332 1152 2501 1208 rentia
2534 1168 2653 1206 cum
2685 1167 2881 1223 genere
2906 1152 3140 1221 speciem
3172 1151 3325 1213 facit;
3357 1153 3400 1204 si
3445 1160 3621 1205 autem
3652 1153 3769 1206 haec
3801 1168 3910 1206 non

2330 1252 2416 1298 est
2458 1243 2782 1307 diﬁ‘erentia,
2814 1248 2925 1296 nec"
2958 1257 3077 1310 qua:
3126 1241 3266 1294 dicta
3307 1249 3411 1306 est,
3443 1242 3566 1307 quia
3598 1245 3713 1295 haec
3750 1257 3782 1295 e
3830 1241 3916 1295 di-

2332 1349 2493 1388 verso
2512 1332 2791 1387 dividitur.
2820 1330 3085 1401 Amplius,
3114 1332 3157 1384 si
3188 1332 3467 1399 negatione
3492 1330 3692 1384 dividat
3720 1345 3913 1400 genus,

2334 1434 2392 1478 nt
2421 1424 2511 1494 qui
2540 1424 2733 1478 lineam
2764 1423 3020 1478 deﬁniunt
3053 1424 3436 1489 longitudinem
3468 1423 3586 1475 sine
3632 1421 3916 1475 latitudine

2334 1529 2489 1570 esse:
2520 1530 2641 1569 nam
2667 1514 2798 1568 nihil
2826 1514 2969 1567 aliud
2994 1513 3276 1581 signiﬁcat,
3292 1514 3407 1565 sine
3431 1512 3729 1578 latitudine,
3754 1526 3911 1581 quam

2334 1606 2474 1674 quod
2524 1620 2629 1659 non
2674 1605 2836 1659 habet
2884 1604 3250 1658 latitudinem:
3294 1604 3501 1657 accidet
3544 1603 3703 1671 igitur
3750 1617 3913 1672 genus

2336 1695 2656 1764 participare
2685 1696 2941 1763 speciem.
2984 1694 3114 1748 Nam
3147 1694 3320 1749 omnis
3346 1693 3620 1762 longitudo
3648 1693 3763 1748 sine
3792 1694 3912 1747 lati-

651 1788 890 1855 assignat
911 1785 1000 1853 qui
1022 1781 1228 1835 deﬁnit.
1252 1780 1428 1846 Quare
1457 1795 1558 1833 non
1582 1779 1737 1841 alius,
1764 1777 1856 1831 sed
1884 1778 1973 1844 qui
2004 1784 2231 1844 utraque
2264 1788 2305 1846 Β

2264 1788 2305 1846 Β
2336 1787 2517 1841 tudine
2561 1786 3031 1841 autlatitudinem
3082 1786 3286 1839 habens
3333 1795 3437 1849 est,
3480 1786 3603 1854 quia
3652 1786 3721 1840 de
3767 1787 3910 1840 omni

650 1877 767 1932 iure
810 1875 963 1938 dicit,
992 1887 1057 1926 eo
1102 1870 1242 1939 quod
1297 1871 1476 1937 plures
1526 1884 1630 1920 non
1679 1868 1942 1936 contingit
1986 1866 2229 1934 ejusdem

651 1969 997 2025 deﬁnit‘ones
1036 1980 1180 2027 esse,
1215 1965 1268 2017 in
1296 1962 1610 2032 quibusdam
1654 1962 1890 2030 proiecto
1938 1960 2230 2015 secundum

647 2063 928 2117 veritatem
957 2073 1015 2112 se
1043 2057 1228 2120 habet,
1261 2064 1317 2109 ut
1345 2055 1545 2108 dictum
1572 2064 1675 2120 est,
1713 2054 1764 2107 in
1796 2051 2112 2122 quihusdam
2140 2066 2235 2105 au-

649 2165 756 2209 tem
787 2168 913 2217 non,
942 2160 1000 2204 ut
1035 2150 1089 2203 in
1125 2150 1529 2219 quibuseunque
1568 2162 1672 2198 non
1711 2161 1808 2213 per
1849 2159 1909 2199 se
1946 2145 2139 2198 dicitur
2163 2143 2233 2197 ad

651 2255 957 2312 utrumque,
1005 2250 1062 2295 ιιι
1108 2239 1458 2303 medicinam,
1506 2236 1807 2298 scientiam,
1852 2235 2131 2289 sanitatem
2178 2242 2235 2288 et

651 2334 1021 2403 :egritudinem
1049 2330 1312 2385 efﬁciendi
1344 2347 1356 2381 :
1384 2344 1502 2383 nam
1548 2331 1615 2381 de
1659 2326 1747 2381 illa
1792 2328 2006 2395 quidem
2051 2342 2145 2394 per
2174 2340 2232 2379 se

649 2429 864 2489 dicitur,
892 2426 957 2478 de
991 2423 1089 2477 hac
1116 2430 1292 2475 autem
1321 2435 1414 2489 per
1440 2420 1713 2485 accidens,
1743 2416 2229 2486 simpliciterenim

651 2520 887 2573 alienum
938 2531 968 2567 a
1019 2514 1279 2568 medicina
1354 2510 1723 2580 :egritudinem
1768 2510 2003 2563 efﬁcere.
2054 2508 2231 2574 Quare

649 2610 781 2664 nihil
824 2606 990 2675 magis
1035 2604 1279 2658 deﬁnivit
1314 2598 1414 2671 qui
1458 2602 1523 2655 ad
1575 2612 1856 2668 utrumque
1900 2598 2228 2668 assignavit,

646 2711 810 2766 quam
840 2697 930 2766 qui
958 2695 1021 2749 ad
1045 2695 1294 2759 alterum,
1325 2706 1509 2746 verum
1541 2692 1767 2746 fortasse
1795 2702 1843 2745 et
1873 2691 2137 2754 deterius,
2166 2705 2233 2745 eo

652 2789 795 2859 quod
851 2796 907 2843 et
960 2786 1282 2856 reliquorum
1343 2782 1568 2848 quilibet
1631 2790 1807 2850 petest
1860 2782 2230 2849 trgritudinem

651 2880 887 2934 efﬁcere.
940 2878 1202 2945 Amplius,
1235 2875 1412 2929 sinon
1465 2874 1529 2927 ad
1581 2872 1790 2933 melius,
1823 2886 1849 2924 s
1884 2871 1917 2924 d
1966 2870 2034 2924 ad
2081 2871 2232 2939 pejus

648 2968 969 3040 assignavit,
1001 2982 1121 3021 cum
1166 2966 1271 3019 sint
1301 2966 1449 3033 plura
1481 2963 1545 3016 ad
1576 2977 1696 3032 quin
1743 2947 1938 3015 dicitur
1966 2961 2107 3030 quod
2139 2960 2234 3013 de-

653 3062 849 3113 linitur.
905 3059 1037 3113 Nam
1082 3057 1257 3110 omnis
1305 3054 1589 3123 di-ciplina
1637 3065 1688 3106 et
1735 3062 1996 3122 potestas,
2046 3049 2233 3119 optimi

2333 1878 2617 1931 afﬁrmatio
2668 1877 2751 1930 vel
2798 1877 3007 1945 negatio
3050 1892 3173 1929 vera
3207 1875 3284 1940 ﬁt,
3332 1889 3503 1944 quare
3541 1890 3711 1945 genus
3755 1876 3912 1929 lineae

2333 1982 2454 2022 cum
2506 1967 2777 2035 longitudo
2817 1966 2921 2031 sit,‘
2954 1966 3071 2021 sine
3115 1965 3395 2019 latitudine
3444 1975 3535 2017 aut
3580 1966 3912 2020 latitudinem

2335 2061 2536 2115 habens
2563 2062 2665 2114 erit
2689 2077 2700 2111 :
2723 2068 2777 2112 at
2807 2057 3078 2127 longitudo
3116 2058 3235 2111 sine
3282 2057 3565 2112 latitudine
3610 2059 3804 2125 speciei
3831 2070 3915 2113 est

2334 2154 2492 2216 ratio,
2534 2150 2781 2204 similiter
2810 2160 2987 2203 autem
3019 2159 3071 2202 et
3115 2149 3387 2218 longitudo
3434 2150 3766 2204 latitudinem
3816 2151 3914 2203 lia-

2333 2244 2490 2309 heus,
2526 2258 2645 2294 nam
2691 2242 2809 2295 sine
2859 2240 3170 2305 latitudine,
3200 2249 3255 2292 et
3306 2240 3638 2296 latitudinem
3689 2241 3911 2305 habens,

2333 2333 2647 2387 dill'ereutite
2675 2341 2829 2395 sunt;
2860 2346 2923 2385 ex
2957 2329 3257 2383 diﬁ‘erentia
3293 2339 3469 2385 autem
3499 2340 3552 2384 et
3579 2346 3798 2399 genere,
3834 2343 3917 2385 i-st

2334 2425 2528 2493 Speciei
2557 2425 2749 2485 oratio,
2780 2436 2946 2491 quare
2988 2435 3159 2489 genus
3200 2420 3453 2485 suscipiet
3483 2422 3678 2487 Speciei
3706 2422 3914 2474 oratiOe

2334 2528 2477 2568 nem.
2529 2511 2791 2565 Similiter
2821 2524 2999 2564 auem
3030 2518 3084 2563 et
3113 2510 3454 2573 dill‘vrentiaa,
3478 2525 3544 2563 eo
3571 2511 3710 2578 quod
3741 2510 3916 2565 altera

2334 2606 2594 2660 dictarum
2642 2602 3063 2657 dill'erentiarnm
3114 2617 3179 2655 ex
3228 2586 3548 2657 necessitate
3594 2603 3919 2672 pradicatur

2333 2696 2402 2751 de
2429 2710 2642 2763 genere.
2677 2694 2771 2747 Est
2808 2702 2988 2746 autem
3036 2692 3207 2746 dictus
3248 2694 3395 2746 locus
3436 2693 3579 2747 utilis
3603 2694 3669 2747 ad
3705 2708 3800 2747 eos
3824 2696 3911 2762 qui

2336 2795 2540 2855 ponunt
2580 2785 2726 2839 ideas
2757 2798 2897 2845 esse,
2929 2796 3049 2835 nam
3094 2782 3136 2835 si
3187 2798 3291 2835 non
3332 2791 3417 2836 est
3464 2784 3574 2851 ipsa
3622 2784 3911 2853 longitudo,

2335 2875 2564 2945 quodam
2599 2875 2757 2928 modo
2788 2873 3164 2941 prmdirahitnr
3190 2873 3257 2926 de
3287 2888 3488 2940 genere
3516 2874 3654 2944 quod
3684 2876 3915 2929 latitudi-

2335 2979 2458 3021 nem
2493 2964 2671 3027 habet,
2695 2961 2927 3016 autsine
2977 2961 3257 3014 latitudine
3284 2972 3407 3016 est:
3443 2972 3654 3030 oportet
3680 2965 3817 3018 enim
3850 2965 3916 3019 de

2338 3056 2485 3110 omni
2508 3054 2839 3124 longitudine
2861 3052 3087 3105 alterum
3117 3068 3305 3107 eorum
3341 3054 3632 3119 veriﬁcari,
3656 3055 3914 3123 siquidem

652 3151 866 3206 videtur
888 3165 1027 3204 e-se.
1064 3148 1291 3201 Rursum
1319 3147 1362 3199 si
1395 3160 1499 3198 non
1534 3144 1762 3212 positum
1807 3152 1889 3197 est
1928 3144 1983 3197 in
2018 3130 2232 3211 proiirio
2259 3145 2306 3209 C
2334 3146 2402 3201 de
2432 3161 2627 3214 genere
2666 3143 2928 3199 veriﬁcari
2952 3142 3168 3197 debeat.
3209 3143 3320 3197 Hoc
3363 3155 3539 3198 autem
3569 3160 3674 3199 non
3705 3146 3916 3210 accidit,

650 3256 849 3312 genere
872 3240 1009 3308 quod
1056 3237 1255 3291 dictum
1287 3246 1392 3300 est,
1419 3233 1870 3289 considerandum
1900 3250 1963 3287 ex
1997 3233 2061 3287 iis
2095 3233 2236 3302 (quae

650 3330 719 3383 ad
765 3344 960 3398 genera
1009 3326 1155 3395 sun')
1204 3326 1505 3388 elementis,
1540 3322 1989 3393 quemadmodum
2042 3331 2124 3377 est
2152 3320 2239 3375 d1-

652 3430 795 3474 ctum
847 3420 1009 3487 prius.
1047 3418 1277 3471 Rursum
1308 3416 1351 3467 si
1381 3414 1692 3467 transiliens
1736 3412 1866 3466 dicit
1912 3427 2107 3480 genera
2129 3449 2145 3475 ,
2180 3420 2239 3464 ut

650 3511 744 3580 qui
789 3509 1077 3577 justitiam,
1127 3504 1445 3574 aequalitatis
1496 3504 1738 3556 habitum
1781 3501 2118 3564 ell'ectivum,
2151 3500 2236 3554 vel

652 3599 1051 3657 distributivum
1102 3596 1261 3663 aequi,
1313 3607 1435 3648 nam
1484 3592 1712 3645 transilit
1751 3592 1863 3659 (qui
1907 3592 1983 3643 sic
2027 3590 2235 3657 delinit)

656 3692 924 3745 virtutem.
963 3685 1288 3753 Relinquens
1320 3681 1478 3751 igitur
1501 3682 1723 3750 justitite
1753 3696 1943 3749 genus,
1972 3696 2077 3733 non
2109 3680 2239 3733 dicit

652 3781 783 3850 quid
821 3786 905 3832 est
929 3790 1051 3831 esse
1082 3756 1239 3845 (uani
1276 3773 1573 3827 substantia
1622 3772 1908 3839 unicuique
1955 3779 2036 3824 est
2066 3773 2116 3824 in
2148 3772 2240 3839 ge-

654 3874 838 3940 nere);
862 3878 944 3925 est
962 3876 1135 3923 autem
1162 3866 1262 3921 hoc
1284 3865 1424 3919 idem
1447 3866 1495 3919 ei
1519 3864 1659 3933 quod
1683 3873 1764 3918 est
1785 3878 1888 3916 neu
1914 3864 1966 3917 in
1994 3863 2237 3928 proximo

656 3977 851 4035 genere
897 3974 1112 4030 ponere.
1153 3957 1286 4011 Nam
1317 3955 1405 4026 qui
1436 3956 1488 4008 in
1522 3955 1763 4023 proximo
1810 3953 2025 4022 posuit,
2059 3955 2239 4007 omnia

659 4054 937 4123 superiora
966 4050 1118 4116 dixit,
1149 4064 1214 4102 eo
1255 4045 1397 4117 quod
1434 4046 1611 4099 omnia
1643 4045 1922 4115 superiora
1949 4059 2144 4113 genera
2173 4044 2243 4098 de

656 4145 1002 4203 inferioribus
1046 4143 1421 4212 praedicantur.
1452 4141 1629 4206 Quare
1657 4149 1749 4193 aut
1778 4140 1832 4194 in
1866 4139 2108 4209 proximo
2151 4155 2242 4209 ge-

659 4254 790 4295 nere
802 4235 1224 4308 ponendum,aut
1238 4248 1426 4287 omnes
1441 4232 1768 4286 diﬁ‘erentias
1788 4232 2046 4299 superiori
2059 4231 2242 4300 generi

660 4329 965 4387 addendum
1015 4341 1110 4395 per
1152 4340 1282 4395 quas
1312 4325 1563 4378 deﬁnitur
1604 4325 1907 4392 proximum
1952 4340 2139 4393 genus,
2166 4324 2243 4378 sic

658 4424 800 4480 enim
832 4422 934 4476 erit
955 4418 1083 4474 nihil
1110 4433 1201 4486 pr.i
1220 4417 1541 4482 terniissum,
1558 4417 1652 4469 sed
1677 4431 1772 4484 pro
1800 4417 2031 4485 nomine,
2050 4417 2101 4469 in
2122 4430 2243 4469 ora-

2339 3248 2462 3293 sunt
2489 3246 2666 3291 autem
2697 3245 2751 3289 et
2778 3235 2895 3290 sine
2927 3236 3227 3299 latitudine,
3257 3244 3312 3290 et
3341 3234 3672 3290 latitudinem
3714 3237 3914 3289 haben-

2340 3338 2420 3383 tes
2442 3326 2820 3395 longitudines,
2850 3340 3017 3395 quare
3039 3325 3105 3379 ad
3132 3324 3255 3379 illos
3286 3326 3433 3379 solos
3465 3326 3606 3380 utilis
3638 3326 3721 3379 hic
3745 3326 3917 3385 locus,

2339 3419 2640 3488 quicunque
2681 3429 2850 3485 genus
2906 3429 3069 3467 unum
3123 3429 3347 3469 numero
3395 3416 3573 3469 dicunt
3616 3429 3767 3479 esse,
3816 3415 3921 3470 hoc

2338 3517 2517 3562 autem
2568 3506 2767 3561 faciunt
2810 3505 2898 3575 qui
2926 3506 3074 3559 ideas
3122 3516 3345 3575 ponunt.
3378 3505 3506 3561 Num
3548 3507 3713 3575 ipsam
3747 3506 3924 3575 longi-

2344 3597 2584 3651 tudinem
2615 3605 2670 3650 et
2711 3596 2883 3666 ipsum
2915 3595 3155 3663 animal,
3194 3610 3360 3665 genus
3403 3594 3581 3650 dicunt
3611 3612 3753 3651 esse.
3787 3596 3924 3651 For-

2340 3704 2483 3749 tasse
2525 3702 2702 3749 autem
2750 3695 2802 3748 in
2853 3694 3165 3761 quibusdam
3217 3694 3381 3749 etiam
3433 3695 3798 3749 necessarium
3837 3707 3925 3751 est

2341 3784 2621 3853 negatione
2652 3784 2723 3837 uti
2755 3784 3101 3839 deﬁnientem
3124 3826 3140 3850 ,
3177 3793 3234 3839 ut
3274 3784 3328 3838 in
3369 3785 3921 3855 privationibusznam

2341 3889 2539 3929 ctecum
2566 3883 2648 3927 εει
2674 3874 2817 3943 quod
2845 3888 2949 3927 non
2986 3874 3148 3928 habet
3176 3876 3367 3940 visum,
3388 3876 3600 3945 quando
3631 3886 3808 3929 uatum
3839 3886 3924 3931 est

2343 3966 2560 4021 habere.
2587 3965 2776 4020 Dill’ert
2797 3976 2974 4019 autem
3000 3965 3131 4019 nihil
3166 3967 3447 4035 negatione
3475 3965 3712 4022 dividere
3732 3981 3922 4035 genus,

2342 4066 2436 4112 aut
2480 4056 2783 4125 hujusmodi
2812 4056 3165 4110 alﬁrmatione
3194 4072 3296 4126 qua
3332 4058 3661 4126 negationem
3706 4073 3925 4113 necesse

2341 4161 2425 4205 est
2463 4165 2495 4204 e
2522 4150 2734 4202 diverso
2761 4147 2944 4213 dividi,
2978 4155 3034 4200 ut
3063 4148 3105 4201 si
3138 4148 3539 4217 longitudinem,
3575 4147 3775 4203 habens
3804 4151 3925 4203 lati-

2344 4240 2582 4295 tudinem
2609 4236 2868 4299 dcﬁnivit,
2900 4251 3019 4289 nam
3052 4236 3281 4290 habente
3299 4237 3629 4291 latitudinem
3658 4252 3690 4292 e
3713 4240 3925 4292 diverso

2344 4329 2597 4382 dividitur
2628 4344 2731 4380 non
2764 4327 2971 4380 habens
3021 4327 3373 4393 latitudinem,
3407 4342 3578 4398 neque
3606 4328 3747 4382 aliud
3772 4320 3941 4399 quid?

2345 4434 2534 4487 quam;
2561 4432 2726 4486 quare
2754 4417 3036 4485 negatione
3062 4433 3274 4471 rursum
3298 4417 3552 4471 dividitur
3576 4435 3761 4487 genus.
3793 4420 3929 4473 Rur-

663 4518 809 4569 tione
828 4514 1031 4566 dictum
1054 4508 1401 4563 eritinlerius
1422 4509 1723 4576 genus;qui
1746 4523 1870 4560 vero
1892 4508 2062 4575 ipsum
2084 4521 2244 4576 supe-
2271 4505 2461 4564 Dsum
2510 4510 2556 4564 si
2598 4513 2830 4581 speciem
2876 4522 2934 4566 ut
2975 4512 3328 4567 differentiam
3372 4513 3694 4581 assignavit,
3744 4522 3797 4564 ut
3837 4512 3931 4579 qui

662 4609 774 4660 rius
804 4618 969 4674 genus
990 4602 1136 4666 dicit,
1175 4614 1278 4653 non
1321 4599 1450 4652 dicit
1470 4608 1523 4652 et
1547 4598 1766 4653 inferius
1791 4613 1978 4667 genus,
2004 4614 2125 4652 nam
2152 4600 2240 4668 qui

663 4700 896 4767 plantam
908 4695 1168 4759 dicit,non
1185 4691 1592 4745 dicitarborem.
1612 4692 1839 4744 ltursum
1859 4690 1910 4744 in
1928 4690 2241 4744 diﬁ’erentiis

661 4790 848 4844 similit
867 4784 1435 4848 ~rconsiderandum,si
1454 4794 1506 4837 et
1522 4782 1846 4838 differentias
1862 4783 1993 4856 dixit
2008 4784 2239 4850 generis.

662 4880 794 4934 Nam
817 4878 859 4931 si
888 4877 963 4930 rei
992 4891 1095 4928 non
1117 4873 1431 4941 specialibus
1452 4864 1689 4926 deﬁnivit
1716 4873 2051 4938 diﬁ‘ereutiis,
2076 4884 2167 4927 aut
2198 4875 2242 4927 si

662 4970 823 5022 etiam
854 4968 1070 5021 omnino
1117 4963 1312 5030 aliquid
1346 4964 1649 5029 huiusmodi
1696 4964 1849 5026 dixit,
1879 4965 2019 5031 quod
2050 4965 2243 5018 nullius

664 5058 923 5127 Contingit
951 5052 1302 5108 diﬁerentiam
1335 5068 1456 5105 esse
1496 5054 1578 5121 (ut
1606 5053 1826 5115 animal,
1858 5062 1950 5105 aut
1993 5055 2244 5108 substan-

667 5150 854 5219 tiam),
901 5146 1239 5201 manil'estum
1277 5146 1527 5214 quoniam
1578 5160 1682 5196 non
1734 5144 2013 5198 deﬁnivit:
2044 5147 2244 5201 nullius

665 5243 809 5295 enim
848 5237 1182 5300 dill‘erentite,
1215 5250 1331 5303 quae
1381 5234 1521 5287 dicta
1555 5243 1698 5287 sunt.
1734 5234 2033 5291 Videndum
2065 5247 2240 5292 autem

663 5342 722 5387 et
748 5333 793 5385 si
824 5338 907 5384 est
948 5328 1147 5396 aliquid
1191 5324 1330 5394 quod
1362 5340 1392 5377 c
1418 5325 1633 5378 diverso
1663 5325 1916 5380 d.viditur
1952 5327 2108 5382 dicta:
2138 5328 2239 5382 dil-

666 5423 927 5479 lerentize.
960 5421 1090 5474 Nam
1128 5419 1172 5472 si
1213 5433 1318 5472 non
1350 5426 1461 5481 est,
1493 5418 1830 5487 perspicuum
1858 5426 2107 5489 quoniam
2138 5436 2241 5474 non

666 5515 773 5568 erit
799 5528 917 5581 qua:
946 5512 1088 5565 dicta
1116 5520 1198 5564 est
1221 5509 1429 5577 generis
1457 5509 1780 5575 diﬁerentia,
1808 5527 1928 5563 nam
1960 5526 2120 5565 omne
2152 5526 2242 5580 ge-

667 5623 769 5661 nus
800 5605 865 5660 iis
891 5605 1033 5674 (quae
1060 5619 1089 5658 e
1117 5602 1327 5658 diverso
1375 5601 1716 5675 dividuntur)
1749 5603 2064 5658 differentiis
2107 5604 2241 5656 divi-

670 5699 833 5762 ditur,
866 5707 923 5753 ut
948 5697 1140 5770 animal
1161 5694 1451 5770 .gressibili,
1480 5704 1532 5751 et
1568 5695 1791 5764 volatili,
1822 5704 1876 5751 et
1918 5694 2157 5765 aquatili,
2187 5705 2239 5750 et

2349 4602 2645 4656 convicium
2676 4602 2922 4666 injuriam
2950 4619 3069 4657 cum
3104 4603 3349 4656 irrisione
3371 4604 3628 4661 deﬁnivit,
3652 4617 3773 4656 nam
3806 4603 3931 4655 irri-

2349 4692 2431 4743 sio
2471 4692 2659 4759 injuria
2707 4693 2951 4760 quredam
2984 4704 3095 4758 est;
3127 4710 3293 4763 quare
3336 4708 3440 4746 non
3485 4694 3804 4765 diﬁ'erentia,
3833 4694 3929 4747 sed

2349 4782 2554 4849 species
2580 4791 2661 4836 est
2694 4782 2890 4837 irrisio.
2925 4785 3191 4851 Amplius,
3221 4784 3265 4836 si
3297 4798 3464 4851 genus
3490 4790 3548 4836 ut
3572 4783 3927 4837 dill'ereutiam

2349 4870 2513 4935 dixit,
2558 4882 2615 4925 ut
2659 4872 2906 4927 virtutem
2951 4873 3187 4927 habitum
3236 4874 3432 4928 beiium
3484 4875 3567 4928 vel
3611 4874 3929 4939 studiosum,

2350 4978 2471 5016 nam
2503 4963 2696 5017 bonum
2729 4975 2813 5019 est
2839 4978 3003 5034 genus
3030 4966 3261 5018 virtutis.
3291 4965 3371 5019 An
3401 4980 3507 5018 non
3536 4980 3702 5033 genus
3732 4974 3815 5019 est
3837 4965 3934 5018 bo-

2349 5070 2497 5122 num,
2530 5055 2624 5109 sed
2656 5056 2990 5111 diﬁerentia?
3018 5056 3061 5109 si
3091 5056 3304 5125 quidem
3336 5071 3521 5109 verum
3552 5069 3630 5111 est
3654 5055 3795 5124 quod
3826 5071 3932 5109 non

2346 5147 2617 5215 contingat
2660 5147 2799 5201 idem
2846 5150 2896 5202 in
2941 5148 3149 5200 duobus
3186 5145 3473 5216 generibus
3510 5160 3631 5200 esse
3669 5160 3775 5199 non
3803 5160 3933 5197 cnu-

2348 5244 2641 5299 liuentibus
2685 5260 2743 5299 se
2788 5246 3017 5300 invicem
3046 5249 3187 5314 (na'u
3228 5259 3401 5313 neque
3447 5245 3643 5299 bonum
3694 5246 3933 5299 continet

2353 5335 2621 5401 habitum,
2666 5350 2838 5405 neque
2882 5336 3093 5390 habitus
3137 5336 3333 5390 bonum
3370 5350 3387 5392 :
3419 5351 3523 5391 non
3572 5336 3715 5390 enim
3760 5338 3934 5389 omnis

2355 5429 2567 5481 habitus
2611 5417 2830 5494 bonum,
2880 5445 3052 5498 neque
3096 5445 3256 5485 omne
3296 5430 3496 5486 bonum
3538 5429 3795 5494 habitus),
3828 5444 3929 5481 non

2350 5525 2508 5571 erunt
2542 5518 2781 5585 profecto
2807 5533 3004 5586 genera
3045 5521 3225 5575 ambo.
3252 5520 3306 5574 Si
3339 5521 3500 5589 igitur
3531 5519 3741 5573 habitus
3767 5533 3931 5585 genus

2350 5618 2432 5662 est
2462 5609 2689 5671 virtutis,
2715 5610 3053 5679 perspicuum
3081 5614 3274 5664 bunum
3301 5629 3405 5665 non
3434 5628 3619 5683 genus,
3643 5612 3736 5664 sed
3766 5609 3933 5676 magis
3990 5674 3991 5685 γ

2351 5694 2703 5755 differentiam
2728 5713 2870 5757 esse.
2904 5703 3169 5772 Amplius,
3203 5702 3413 5758 habitus
3443 5704 3656 5773 quidem
3695 5700 3818 5772 quid
3846 5706 3934 5755 est
