4248 6272
388 397 453 449 77
1224 384 1559 444 TOPICORU
1573 387 1618 442 Μ
1658 385 2106 441 ARISTOTELIS
2146 383 2719 452 lN'l'EBPRETATlO.

3510 390 3611 445 978

357 511 518 562 virtus
567 506 849 576 signiﬁcat,
898 506 1095 559 bonum
1142 513 1320 558 autem
1375 519 1479 557 non
1521 500 1645 571 quid
1690 509 1792 561 est,
1839 499 1931 553 sed
1966 503 2012 560 Α
2043 499 2223 553 vidunt
2248 499 2442 552 animal
2476 499 2770 566 increpant,
2803 507 3052 569 tanquam
3078 501 3353 569 gressiiiile
3377 511 3427 556 et
3450 519 3612 571 aqua-

351 600 509 667 quale
537 600 661 667 quid
690 608 792 667 est,
826 598 1035 652 videtur
1074 606 1252 651 autem
1297 594 1592 650 differentia
1619 593 1776 663 quale
1808 591 1933 660 quid

353 690 679 758 signiﬁcare.
718 687 1016 743 Videndum
1055 698 1231 741 autem
1276 695 1328 740 et
1374 684 1419 738 si
1459 699 1562 737 non
1602 683 1758 750 quale
1787 681 1934 749 quid,

353 782 449 837 sed
483 782 652 849 ipsum
684 781 810 848 quid
852 780 1115 848 signiﬁcat
1157 778 1423 845 assignata
1454 773 1773 829 differentia.
1806 775 1935 826 Nam

354 876 564 927 videtur
585 875 740 942 quale
769 872 892 941 quid
920 872 1095 925 omnis
1122 868 1419 924 differentia
1449 867 1768 935 signiﬁcare.
1795 866 1937 917 Corr-

356 964 701 1018 siderandum
747 970 924 1015 autem
972 971 1025 1015 et
1072 960 1115 1013 si
1162 958 1457 1011 secundum
1506 956 1753 1009 accidens
1801 955 1941 1008 inest

357 1056 578 1109 deﬁnito
610 1054 931 1107 differentia.
980 1051 1110 1106 Nam
1144 1050 1287 1103 nulla
1316 1048 1612 1102 differentia
1642 1056 1719 1099 est
1752 1059 1938 1099 eorum

359 1164 473 1213 qui.-
508 1145 799 1199 secundum
843 1144 1094 1198 accidens
1126 1141 1326 1203 insunt,
1356 1139 1496 1192 sicut
1538 1144 1709 1205 neque
1749 1149 1937 1202 genus,

359 1254 459 1290 nou
484 1236 626 1291 enim
656 1236 916 1303 contingit
944 1234 1299 1287 differentiam
1331 1231 1507 1284 inesse
1537 1228 1696 1282 alicui
1751 1236 1804 1279 et
1834 1240 1939 1279 non

360 1330 554 1382 inesse.
589 1328 853 1397 Amplius,
883 1326 928 1380 si
956 1325 1278 1394 praedicatur
1327 1323 1395 1374 de
1418 1334 1618 1389 genere
1644 1317 1941 1371 differentia

358 1421 441 1473 vel
473 1421 699 1488 species,
732 1427 823 1471 aut
850 1417 1163 1470 inferiorum
1205 1411 1408 1481 aliquid
1449 1408 1670 1476 speciei,
1702 1421 1807 1461 non
1838 1408 1943 1459 erit

358 1510 639 1565 definiens.
666 1508 796 1562 Nam
821 1506 1026 1560 nullum
1052 1518 1234 1558 eorum
1262 1516 1381 1571 qum
1403 1500 1545 1553 dicta
1570 1507 1714 1561 sunt,
1736 1497 1944 1549 conlin-

358 1604 437 1673 git
463 1603 530 1657 de
556 1616 753 1670 genere
779 1598 1081 1669 praedicari,
1112 1611 1178 1650 eo
1205 1594 1345 1664 quod
1376 1605 1543 1662 genus
1571 1590 1638 1643 de
1664 1590 1945 1657 quamplu-

363 1694 514 1747 rimis
540 1692 779 1745 omnium
820 1689 1035 1745 dicitur.
1067 1688 1300 1740 Rursum
1338 1684 1382 1736 si
1429 1680 1744 1750 prteilicalur
1777 1691 1944 1745 genus

362 1787 430 1838 de
460 1784 780 1838 differentia.
805 1781 935 1835 Nam
960 1795 1064 1833 non
1094 1779 1160 1833 de
1188 1776 1505 1837 differentia,
1539 1773 1632 1827 sed
1663 1773 1729 1825 de
1752 1771 1944 1839 quibus

362 1874 683 1935 differentia,
729 1887 897 1941 genus
942 1870 1153 1925 videtur
1199 1866 1500 1933 prtedicari,
1539 1875 1594 1916 ιιι
1634 1862 1830 1915 animal
1877 1862 1945 1915 de
1976 1843 2023 1901 Β

367 1962 603 2028 homine,
630 1971 686 2016 et
715 1962 873 2027 bove,
905 1968 958 2013 et
982 1960 1048 2012 de
1070 1958 1188 2012 aliis
1209 1955 1578 2026 gressibilibus
1607 1951 1946 2015 animalibus,

365 2070 468 2109 non
502 2065 681 2109 autem
721 2053 788 2107 de
826 2068 887 2106 ea
923 2050 1220 2106 dlfferentia
1251 2063 1369 2118 qua:
1403 2048 1473 2102 de
1511 2046 1690 2115 specie
1729 2044 1947 2107 dicitur,

363 2161 487 2199 nam
516 2145 560 2199 si
591 2143 658 2196 de
687 2156 1005 2211 unaquaque
1040 2138 1464 2194 differentiarum
1511 2135 1708 2189 animal
1759 2131 1952 2201 Prtedi-

362 2235 594 2299 cabitur,
649 2233 810 2285 multa
857 2230 1109 2284 animalia
1161 2228 1231 2283 de
1270 2227 1452 2295 Specie
1500 2224 1950 2293 prmdieahuntnr,

364 2337 485 2375 nam
528 2321 842 2376 differentia:
892 2321 960 2374 de
1005 2320 1183 2387 specie
1240 2318 1620 2386 praedicantur.
1672 2315 1946 2384 Amplius,

363 2413 675 2467 differentia:
714 2426 924 2476 omnes,
955 2419 1047 2464 aut
1079 2409 1307 2478 species,
1345 2417 1437 2461 aut
1475 2406 1742 2460 individua
1774 2413 1949 2467 erunt,

364 2505 628 2574 siquidem
671 2512 796 2558 sunt
825 2502 1098 2565 animalia,
1140 2516 1262 2554 nam
1296 2497 1718 2565 unumquodque
1744 2496 1951 2547 anima-

366 2597 494 2650 lium
517 2604 607 2648 aut
634 2595 862 2661 species,
887 2602 978 2647 aut
1000 2591 1332 2647 individuum
1355 2599 1458 2643 est.
1486 2587 1745 2642 Similiter
1770 2595 1949 2639 autem

364 2684 752 2749 inSpieiendnm
796 2691 852 2736 et
897 2682 942 2735 si
984 2681 1211 2750 species,
1252 2689 1342 2731 aut
1388 2677 1697 2732 inferiorum
1753 2675 1950 2745 speciei

363 2773 601 2842 alinuod,
624 2773 691 2827 de
719 2770 1019 2826 differentia
1051 2770 1391 2838 praedicatur.
1422 2766 1753 2835 lmpossibile
1778 2765 1945 2827 enim,

366 2880 432 2918 eo
459 2863 598 2931 quod
634 2862 701 2915 de
735 2861 975 2928 pluribus
1027 2858 1329 2913 differentia
1364 2872 1523 2925 quam
1572 2855 1778 2924 species
1816 2854 1951 2907 dici-

367 2962 474 3009 tur.
503 2954 633 3008 ltem
654 2952 862 3008 accidet
888 2951 1241 3006 differentiam
1268 2949 1501 3017 speciem
1521 2962 1662 3010 esse,
1690 2946 1951 3015 siquidem

366 3046 741 3117 prmdieabitur
789 3044 857 3097 de
899 3058 962 3097 ea
1008 3042 1184 3109 aliqua
1226 3041 1525 3109 specierum
1571 3056 1583 3090 :
1626 3052 1745 3090 nam
1794 3037 1837 3090 si
1885 3036 1955 3089 de

367 3136 664 3191 differentia
712 3134 1035 3204 prmdicatur
1080 3134 1261 3197 homo,
1316 3129 1654 3183 manifestum
1702 3128 1951 3196 quoniam

2042 590 2133 644 tile
2174 590 2366 645 alicubi
2400 592 2680 659 signiticet.
2727 592 2807 646 An
2852 593 2907 646 in
2951 595 3015 647 iis
3054 596 3266 662 quideeu
3314 611 3418 647 nun
3467 608 3611 650 recte

2042 681 2356 748 increpant?
2399 697 2502 734 non
2531 683 2672 735 enim
2704 682 2755 735 in
2786 684 2984 753 aliquo,
3022 700 3190 755 neque
3220 687 3413 739 alicubi
3445 689 3611 755 signi-

2043 772 2162 825 ﬁeat
2208 773 2441 840 aquatile
2474 783 2528 827 et
2567 781 2840 838 terrestre,
2881 777 2973 829 sed
3016 779 3175 844 quale
3203 778 3327 846 quid
3361 797 3372 830 :
3408 772 3528 832 nam
3561 789 3616 833 et

2040 863 2086 916 si
2117 864 2166 916 in
2197 865 2342 918 sicco
2385 866 2474 927 sit,
2519 865 2764 917 similiter
2803 867 3053 932 aquatile,
3086 868 3331 921 similiter
3357 881 3533 923 autem
3565 882 3620 923 t-t

2043 965 2315 1019 terrestre,
2350 966 2399 1009 et
2427 956 2472 1009 si
2503 957 2552 1009 in
2581 956 2798 1009 humido
2825 957 2914 1021 sit,
2945 957 3195 1011 similiter
3224 968 3493 1025 terrestre,
3524 964 3619 1014 sed

2045 1063 2147 1099 non
2179 1048 2410 1115 aquatile
2437 1048 2569 1108 erit;
2608 1056 2843 1101 attamen
2893 1049 2936 1101 si
2987 1049 3307 1117 quandoque
3354 1052 3619 1119 signiﬁcat

2045 1135 2097 1189 in
2124 1136 2301 1205 aliquo
2330 1136 2650 1198 differentia,
2689 1137 3025 1191 manifestum
3065 1140 3315 1207 quoniam
3358 1142 3617 1208 peccabit.

2045 1226 2272 1279 Rursum
2319 1228 2363 1279 si
2412 1228 2659 1281 atfecmm
2707 1227 3063 1282 differentiam
3116 1229 3425 1297 assignavit.
3486 1229 3619 1282 Nam

2044 1318 2224 1369 omnis
2253 1317 2495 1383 affectus,
2533 1335 2653 1372 cum
2687 1321 2852 1387 magis
2884 1321 2961 1381 fit,
2993 1319 3227 1375 detrahit
3249 1334 3280 1373 a
3302 1320 3625 1386 substantia,

2044 1408 2343 1462 differentia
2389 1419 2565 1482 autem
2620 1425 2723 1463 non
2777 1411 3081 1477 hujusmodi
3129 1419 3236 1478 est,
3287 1426 3407 1465 nam
3457 1412 3628 1482 magis

2048 1500 2258 1553 videtur
2286 1481 2494 1554 salvare
2519 1500 2813 1555 differentia
2850 1502 2900 1554 id
2932 1502 3085 1569 cujus
3110 1511 3192 1555 est
3217 1481 3628 1567 differentia,et

2047 1588 2360 1656 simpliciter
2408 1590 2736 1655 impossibile
2784 1600 2865 1643 est
2912 1590 3177 1659 singultim
3216 1592 3463 1659 quodque
3501 1606 3627 1646 esse

2048 1677 2163 1730 sine
2193 1678 2400 1745 propria
2432 1678 2755 1739 differentia,
2790 1694 2910 1731 nam
2939 1694 3059 1731 cum
3089 1694 3194 1731 non
3216 1688 3297 1732 est
3324 1679 3623 1747 grcssibile,

2048 1783 2154 1821 non
2176 1769 2278 1822 erit
2309 1767 2486 1832 homo,
2518 1776 2572 1821 et
2592 1768 2680 1837 '(nt
2707 1768 3021 1836 simpliciter
3047 1767 3307 1835 dicamus)
3330 1768 3624 1821 secundum

2051 1871 2377 1925 quacunque
2406 1856 2663 1910 alteratur
2694 1857 2916 1918 habens,
2952 1859 3081 1911 nihil
3111 1873 3295 1913 eorum
3324 1858 3625 1913 differentia

2052 1946 2192 1998 illius
2231 1954 2331 1999 est.
2373 1946 2501 1999 Nam
2542 1946 2720 1998 omnia
2772 1946 3069 2012 huiusmodi
3108 1961 3226 2000 cum
3272 1936 3449 2015 magis
3470 1948 3623 2010 fitmt,

2051 2034 2337 2087 detrahunt
2366 2049 2394 2087 a
2427 2034 2756 2099 substantia;
2788 2050 2953 2103 quare
2981 2038 3024 2089 si
3062 2036 3290 2104 aliqttam
3323 2036 3624 2105 hujusmodi

2050 2122 2402 2176 differentiam
2448 2124 2711 2192 quispiam
2759 2127 3067 2193 assignavit,
3108 2127 3345 2194 peccavit
3379 2143 3393 2179 :
3424 2127 3628 2195 simpli-

2052 2213 2186 2268 citer
2214 2215 2355 2268 enim
2398 2228 2503 2268 non
2542 2213 2833 2269 alteramur
2863 2216 3153 2269 secundum
3182 2214 3527 2270 differentias.
3562 2216 3627 2269 Et

2051 2306 2097 2359 si
2136 2305 2361 2373 alicujus
2398 2319 2583 2359 eorum
2624 2320 2744 2372 qua:
2789 2316 2912 2357 sunt
2959 2305 3023 2358 ad
3065 2306 3283 2374 aliquid,
3329 2321 3433 2360 nuit
3482 2305 3627 2359 aliud

2053 2394 2203 2462 quid,
2233 2392 2588 2448 differentiam
2626 2393 2935 2461 assignavit.
2966 2395 3093 2448 Nam
3136 2410 3321 2450 eorum
3356 2410 3475 2465 quae
3504 2405 3630 2450 sunt

2051 2484 2117 2536 ad
2160 2483 2382 2553 aliquid,
2412 2491 2467 2537 et
2504 2482 2821 2537 differentia:
2862 2485 2927 2537 ad
2968 2485 3186 2554 aliquid,
3220 2494 3276 2539 ut
3303 2495 3357 2540 et
3387 2486 3439 2539 in
3467 2484 3630 2538 disci-

2054 2576 2224 2643 plina;
2255 2574 2662 2643 contemplativa
2702 2575 2868 2636 enitn,
2896 2583 2952 2628 et
2989 2577 3164 2630 activa
3196 2585 3249 2630 et
3279 2575 3518 2631 effectiva
3547 2576 3629 2629 di-

2053 2667 2214 2731 citur,
2239 2666 2652 2734 unumquodque
2689 2676 2868 2720 autem
2900 2667 3087 2722 horum
3112 2668 3175 2721 ad
3202 2668 3401 2737 aliquid
3430 2670 3630 2737 signiti-

2052 2768 2139 2810 cat
2172 2774 2184 2809 :
2215 2758 2623 2825 contemplativa
2652 2759 2796 2813 enim
2829 2760 3076 2829 alicujus,
3106 2770 3160 2815 et
3188 2761 3356 2814 aetiva
3385 2762 3628 2827 alicujus,

2054 2856 2109 2901 et
2151 2848 2391 2902 effectiva
2434 2850 2679 2917 alicujus.
2720 2850 3179 2905 Considerandum
3205 2860 3382 2905 autem
3412 2861 3467 2904 et
3494 2852 3536 2904 si
3563 2853 3630 2905 ad

2054 2940 2195 3007 quod
2245 2949 2426 2994 natum
2469 2950 2553 2994 est
2590 2942 3006 3012 unumquodque
3041 2957 3224 2995 eorum
3255 2956 3373 3010 qua:
3404 2952 3527 2995 sunt
3563 2944 3631 2994 ad

2055 3020 2276 3099 aliquid,
2307 3032 2594 3098 assignavit
2617 3031 2898 3084 definiens.
2932 3034 3060 3085 Nam
3094 3032 3143 3084 in
3175 3031 3488 3098 quibusdam
3514 3033 3633 3098 qni-

2058 3121 2203 3185 dem,
2233 3120 2299 3173 ad
2343 3120 2483 3189 quod
2523 3131 2704 3174 natum
2746 3132 2828 3175 est
2869 3123 3131 3190 singultim
3161 3125 3407 3191 quodque
3446 3136 3629 3175 eorum

367 3231 668 3285 differentia
692 3237 774 3283 est
802 3229 982 3281 homo.
1019 3226 1246 3278 Rursum
1292 3224 1335 3275 si
1380 3238 1488 3274 non
1520 3222 1661 3290 prior
1691 3229 1773 3273 est
1800 3218 1951 3272 diffe—
1976 3205 2021 3266 C
2052 3226 2171 3281 quae
2214 3221 2338 3264 sunt
2364 3210 2429 3263 ad
2461 3211 2682 3279 aliquid.
2708 3211 2884 3265 solum
2914 3220 2995 3265 est
3039 3213 3136 3278 uti,
3168 3213 3235 3265 ad
3264 3211 3408 3266 aliud
3447 3220 3629 3266 autem

363 3323 536 3376 rentia
561 3318 762 3387 specie.
788 3317 918 3370 Nam
942 3330 1141 3383 genere
1164 3313 1375 3382 quidem
1407 3312 1671 3378 posterior
1696 3318 1797 3370 est,
1829 3323 1949 3375 spe-

365 3412 447 3464 t-ie
478 3396 653 3463 autem
696 3408 929 3478 priorem
967 3404 1323 3459 differentiam
1354 3418 1472 3456 esse
1502 3410 1731 3469 oportet.
1763 3399 1953 3454 Consi-

368 3503 662 3556 devandum
713 3510 888 3553 autem
939 3508 993 3551 et
1044 3498 1091 3551 si
1147 3496 1370 3572 alterius
1420 3493 1633 3562 generis
1680 3501 1763 3546 est
1810 3492 1949 3544 dicta

367 3592 684 3655 differentia,
713 3605 888 3659 neque
923 3588 1182 3655 contenti,
1225 3601 1399 3653 neque
1440 3583 1783 3635 continentis.
1816 3583 1946 3634 Nam

370 3703 472 3738 non
505 3687 714 3741 videtur
743 3684 930 3738 eadem
959 3681 1258 3734 differentia
1290 3677 1515 3730 dunrtun
1546 3687 1800 3745 generum
1828 3688 1949 3726 esse

366 3793 471 3830 non
514 3775 899 3830 continentium
931 3787 989 3826 se
1028 3771 1294 3834 invicem;
1328 3772 1378 3822 si
1402 3776 1580 3820 autem
1612 3781 1713 3818 non
1745 3766 1951 3818 accidet

367 3878 423 3919 et
463 3868 694 3935 speciem
744 3864 987 3919 eamdem
1019 3862 1072 3914 in
1103 3860 1312 3914 duobus
1355 3858 1644 3926 generibus
1680 3870 1801 3909 esse
1844 3870 1946 3907 non

369 3956 762 4009 continentibus
824 3967 882 4007 se
940 3951 1164 4005 invicem
1214 3950 1413 4019 (infert
1479 3948 1625 4001 enim
1689 3961 1945 4012 unaquae-

371 4062 475 4115 que
512 4043 930 4099 differentiarum
964 4041 1235 4110 proprium
1265 4038 1483 4108 genus),
1508 4047 1563 4090 ut
1589 4037 1868 4107 gressibile
1896 4046 1949 4089 et

372 4138 521 4206 bipes
549 4135 745 4189 animal
770 4131 1104 4195 eoinferunt;
1135 4144 1300 4199 quare
1329 4128 1374 4182 si
1404 4129 1471 4182 de
1511 4142 1617 4197 quo
1648 4124 1948 4179 differentia

370 4241 422 4284 et
458 4243 713 4299 generum
753 4235 1060 4292 utrumque,
1107 4221 1443 4276 manifestum
1490 4220 1674 4286 utique
1702 4218 1949 4284 quoniam

370 4319 659 4391 speciesin
687 4316 895 4369 duobus
939 4322 1056 4367 erat
1091 4312 1373 4379 generibus
1412 4326 1515 4365 non
1556 4306 1953 4362 continentibus

371 4428 431 4467 se
452 4413 702 4465 invicem.
728 4412 807 4462 An
832 4423 937 4460 non
963 4405 1297 4475 impossibile
1326 4404 1568 4458 eamdem
1596 4402 1949 4456 differentiam

372 4503 597 4557 duorum
628 4514 878 4567 generum
910 4511 1028 4551 esse
1056 4510 1160 4549 non
1191 4493 1578 4548 entt'inentium
1613 4508 1672 4546 se
1701 4492 1950 4550 invicem,

2052 3301 2205 3369 nihil,
2237 3312 2294 3354 ut
2322 3301 2439 3354 visu
2468 3301 2534 3355 ad
2567 3302 2852 3356 videndum
2874 3303 3048 3357 solum
3070 3318 3085 3365 ;
3109 3302 3424 3371 quibusdam
3453 3313 3631 3356 autem

2050 3399 2104 3445 et
2132 3391 2197 3444 ad
2224 3390 2420 3459 aliquid
2447 3391 2612 3453 aliud,
2647 3400 2707 3444 ttt
2730 3391 2873 3444 dolio
2900 3406 3031 3446 sane
3061 3393 3270 3445 hauriat
3306 3379 3632 3461 aliquisfat—

2053 3489 2227 3533 tanten
2275 3480 2319 3533 si
2363 3483 2484 3549 quis
2534 3481 2775 3534 definivit
2820 3483 3064 3546 dolium,
3107 3483 3522 3537 instrumentum
3566 3486 3634 3537 ait

2050 3569 2421 3633 haurienduru,
2452 3570 2715 3638 peccavit,
2772 3586 2877 3624 non
2912 3573 3055 3625 enim
3084 3572 3149 3625 ad
3183 3572 3285 3626 hoc
3314 3584 3493 3626 natum
3518 3587 3634 3628 esu

2053 3660 2312 3714 terminus
2353 3674 2529 3713 autem
2580 3669 2684 3725 est,
2733 3661 2799 3714 ad
2835 3662 2975 3730 quod
3023 3674 3204 3717 natum
3248 3675 3350 3730 est,
3389 3665 3453 3719 ad
3495 3668 3634 3736 quod

2050 3765 2180 3803 sane
2209 3752 2377 3805 utitur
2412 3750 2647 3820 prudens
2676 3767 2782 3822 qua
2832 3754 3084 3821 prudens,
3120 3765 3174 3810 et
3211 3772 3329 3825 qute
3357 3758 3496 3812 eirea
3527 3762 3637 3813 siu-

2048 3850 2228 3919 gulum
2267 3852 2514 3921 quodque
2556 3836 2770 3922 propria
2806 3862 2890 3908 est
2929 3854 3231 3923 disciplina.
3277 3859 3557 3927 Amplius,
3590 3862 3645 3913 si

2053 3968 2156 4004 non
2203 3952 2355 4020 primi
2395 3952 2705 4019 assignavit,
2737 3952 2952 4019 quando
2978 3956 3238 4024 contingit
3267 3959 3337 4010 ad
3378 3963 3526 4026 p'ura
3555 3963 3636 4012 di-

2050 4048 2192 4093 ctum
2217 4054 2337 4093 esse
2356 4080 2370 4103 ,
2407 4050 2460 4092 ut
2488 4040 2824 4107 prudentiam
2852 4041 3101 4096 virtutem
3134 4044 3385 4109 hominis,
3409 4058 3497 4099 aut
3522 4053 3636 4099 ani-

2054 4146 2173 4193 m.e,
2206 4141 2260 4184 et
2297 4146 2400 4183 non
2440 4129 2741 4194 rationalis,
2778 4130 3006 4199 primum
3045 4134 3188 4187 enim
3225 4136 3499 4190 rationalis
3528 4138 3637 4190 vir-

2056 4231 2162 4284 tus,
2189 4220 2490 4288 prudentia,
2521 4234 2644 4275 nam
2670 4220 2961 4276 secundum
2996 4223 3095 4279 hoc
3124 4233 3179 4279 et
3199 4225 3374 4279 anima
3396 4236 3446 4281 et
3477 4228 3659 4281 hortm.

2054 4312 2249 4366 dicitur
2295 4312 2548 4382 prudens.
2599 4315 2864 4384 Amplius,
2911 4315 2956 4370 si
3006 4332 3110 4372 non
3156 4320 3515 4389 susceptivum
3554 4332 3640 4375 est

2054 4405 2169 4473 ejus
2192 4405 2346 4475 cujus
2370 4406 2562 4462 dicitur
2585 4406 2828 4473 affectus,
2855 4408 2938 4462 vel
2966 4408 3267 4479 dispositio,
3301 4411 3384 4467 vel
3412 4414 3637 4481 quodvis

2055 4495 2219 4559 aliud,
2252 4499 2507 4564 peccavit.
2537 4495 2667 4552 Nam
2697 4499 2870 4552 omnis
2896 4498 3175 4568 dispOsitio
3206 4504 3287 4557 vel
3316 4505 3536 4560 affectus
3586 4507 3636 4560 itt

371 4592 465 4647 sed
494 4590 791 4643 addendum
823 4602 993 4656 neque
1025 4595 1249 4650 utr0quc
1280 4585 1383 4638 sub
1424 4583 1611 4637 eodem
1659 4579 1952 4635 existente?
1979 4561 2029 4620 D
2058 4586 2148 4641 illo
2190 4596 2346 4641 natus
2373 4598 2452 4641 est
2486 4588 2599 4642 ﬁcri
2648 4589 2799 4657 cujus
2851 4598 2932 4643 εει
2956 4591 3236 4660 dispositio
3270 4594 3354 4649 νει
3395 4598 3636 4661 all-emus,

374 4700 494 4739 nam
525 4682 804 4753 gressibile
834 4680 1029 4733 animal
1061 4689 1115 4732 et
1145 4676 1361 4729 volatile
1388 4677 1579 4728 animal
1606 4690 1800 4745 genera
1832 4682 1955 4725 sunt

374 4789 480 4827 non
510 4772 837 4827 continentia
877 4776 935 4823 'se
978 4769 1227 4829 invicem,
1262 4775 1314 4819 et
1346 4765 1620 4830 utriusque
1651 4777 1835 4817 eorum
1873 4771 1955 4815 est

374 4867 525 4935 bipes
569 4865 893 4928 differentia;
934 4878 1100 4933 quare
1142 4860 1442 4915 addendum
1485 4868 1591 4922 est,
1639 4873 1810 4926 neque
1853 4856 1954 4910 sub

374 4966 560 5022 eodem
591 4977 815 5036 utroque
849 4966 1110 5019 existente
1143 4981 1157 5017 :
1189 4979 1309 5017 nam
1345 4963 1457 5018 haec
1497 4961 1657 5016 ambo
1698 4962 1796 5015 sub
1842 4960 1956 5013 ani-

342 5050 496 5117 ’πιππιὶ
546 5075 691 5127 sunt,
730 5062 1071 5117 manifestum
1098 5066 1260 5117 etiam
1292 5064 1542 5132 quoniam
1586 5077 1690 5115 non
1738 5074 1957 5143 necesse

374 5166 454 5206 est
481 5155 834 5211 differentiam
867 5169 1080 5209 omnem
1130 5155 1402 5223 proprium
1438 5169 1600 5222 genus
1642 5152 1861 5216 inferre,
1892 5166 1958 5202 cn

378 5244 515 5310 quod
553 5245 813 5314 contingit
852 5245 1095 5299 eamdem
1138 5244 1363 5299 duorum
1405 5260 1653 5313 generum
1689 5260 1808 5297 esse
1851 5258 1957 5296 non

378 5338 762 5390 mutinentium
813 5350 874 5389 se
919 5336 1172 5402 invicem,
1212 5335 1305 5388 sed
1347 5336 1571 5388 alterum
1617 5344 1817 5387 tantum
1862 5348 1959 5386 ne-

377 5441 527 5478 εειεεε
551 5439 633 5478 εει
661 5426 884 5490 inferre,
909 5434 963 5478 et
993 5426 1267 5492 superiora
1292 5425 1490 5489 omnia,
1520 5432 1578 5477 ut
1608 5424 1780 5491 bipes,
1812 5437 1960 5491 gres-

378 5516 553 5578 sihtle,
577 5515 659 5567 vel
690 5514 906 5567 volatile
934 5514 1091 5568 infert
1121 5513 1336 5566 animal.
1376 5514 1667 5567 Videndum
1698 5523 1878 5567 autem
1906 5524 1959 5568 et

380 5604 423 5655 si
476 5605 648 5655 locum
693 5600 1050 5655 d.fferentiam
1102 5603 1392 5671 assignavit
1446 5602 1773 5657 substantize.
1826 5602 1957 5657 Nam

381 5696 596 5750 videtur
642 5693 861 5748 differre
902 5692 1199 5747 substantia
1238 5710 1268 5748 a
1311 5696 1604 5749 substantia
1638 5698 1690 5751 in
1724 5713 1788 5751 eo
1818 5697 1956 5766 quod

380 5785 707 5852 alicuchst,
742 5799 905 5855 quare
938 5793 989 5840 et
1020 5798 1111 5841 eos
1141 5785 1227 5857 qui
1256 5787 1521 5857 gressibili
1556 5797 1609 5843 et
1637 5789 1853 5858 aquatili
1877 5788 1957 5843 di-

2060 4689 2115 4731 ιιι
2161 4687 2216 4732 ει
2242 4680 2464 4733 scientia
2511 4682 2560 4732 in
2607 4682 2807 4745 anima,
2838 4681 3120 4751 dispositio
3148 4685 3384 4741 existens
3424 4689 3637 4743 aninuc.

2060 4768 2361 4837 Aliquando
2412 4778 2592 4824 autem
2640 4781 2858 4838 peccant
2900 4773 2953 4826 in
2985 4775 3199 4841 talibus,
3245 4787 3300 4831 ut
3339 4778 3661 4847 quicunque

2059 4860 2242 4912 dicttnt
2271 4860 2413 4928 quod
2459 4875 2685 4914 somnus
2714 4870 2796 4915 est
2827 4863 3132 4932 impotentia
3161 4883 3369 4934 sensus,
3403 4880 3456 4924 et
3481 4871 3637 4924 dobi~

2063 4954 2191 5006 talio
2220 4954 2498 5023 aequalitas
2526 4956 2912 5009 contrariarum
2950 4962 3435 5025 ratiocinationum,
3468 4974 3520 5016 et
3546 4964 3642 5017 do-

2064 5044 2143 5097 lor
2171 5046 2439 5115 separatio
2471 5047 2785 5101 naturalium
2815 5048 3041 5115 partium
3062 5067 3183 5105 cum
3216 5052 3491 5123 violentia,
3519 5070 3638 5108 nam

2064 5151 2234 5205 neque
2283 5150 2506 5191 somnus
2562 5137 2698 5193 inest
2736 5139 2936 5205 sensui,
2966 5150 3234 5209 oporteret
3261 5152 3434 5197 autem
3467 5145 3643 5198 inesse

2063 5226 2108 5280 si
2143 5227 2455 5295 impotentia
2487 5241 2674 5282 sensus
2700 5237 2801 5282 est.
2832 5230 3090 5284 Similiter
3117 5240 3293 5285 autem
3337 5250 3508 5302 neque
3545 5236 3645 5288 du-

2065 5325 2251 5378 bitatio
2274 5325 2557 5379 contrariis
2586 5325 3083 5380 ratiocinationibus
3110 5327 3265 5392 inest,
3296 5344 3467 5396 neque
3489 5331 3647 5385 dolor

2066 5415 2392 5469 naturalibus
2442 5415 2704 5484 partibus,
2749 5415 3007 5471 dolebunt
3047 5418 3189 5471 enim
3242 5420 3563 5487 inanimata,
3596 5421 3654 5477 si

2065 5506 2218 5560 dolor
2247 5506 2325 5560 eis
2352 5506 2515 5560 inest.
2544 5506 2687 5559 Talis
2729 5514 2904 5560 autem
2933 5516 2987 5561 et
3015 5509 3255 5564 sanitatis
3283 5511 3543 5575 definitio,
3573 5513 3649 5567 si-

2066 5602 2279 5673 quidem
2306 5603 2758 5666 commensuratio
2782 5604 3078 5656 calidorum
3110 5613 3164 5657 et
3193 5592 3498 5672 frigidorutn
3524 5615 3606 5657 est
3631 5620 3653 5659 ι

2069 5708 2286 5748 necesse
2329 5704 2409 5747 est
2454 5693 2594 5746 enim
2638 5690 2763 5745 sana
2806 5708 2926 5747 esse
2975 5693 3145 5747 calida
3185 5701 3239 5747 et
3280 5694 3488 5762 frigida,
3524 5710 3644 5747 nam

2068 5785 2218 5853 cujus
2238 5800 2323 5854 pte
2352 5783 2802 5839 commensuratio
2835 5784 2937 5839 illis
2963 5786 3101 5839 inest
3133 5799 3356 5853 quorum
3389 5793 3467 5838 est
3497 5798 3651 5839 cum.
