4248 6272
614 364 719 418 979

1835 360 1945 417 AN.
1988 356 2193 412 MANL.
2228 356 2377 411 SEV.
2420 358 2642 414 BOETII

3763 357 3868 415 980

616 486 967 538 mensuram,
999 487 1163 540 qnare
1206 473 1408 526 sanitas
1453 472 1615 527 inerit
1659 474 1843 544 utique
1884 474 2031 544 ipsis.
2067 475 2193 529 ltem
2227 473 2278 530 A
2300 472 2636 537 delectabile,
2661 471 2802 528 idem
2830 472 2973 529 bono
2997 473 3133 540 erit;
3160 472 3325 544 quare
3351 473 3493 544 quod
3520 488 3628 530 non
3647 475 3873 534 delecta-

618 568 672 622 id
704 566 842 635 qnod
876 566 931 616 fit
969 564 1020 616 in
1058 561 1379 627 effectivum,
1404 572 1493 616 aut
1518 578 1548 617 e
1575 578 1854 627 converso,
1881 564 2071 618 accidit
2098 580 2193 633 po-

618 670 748 710 nere
776 652 855 706 sic
881 651 1278 720 definientibus,
1312 666 1419 705 non
1448 652 1590 705 enim
1633 662 1715 706 est
1746 652 1899 705 dolor
1928 653 2194 721 separatio

618 744 939 799 naturalium
998 744 1256 811 partium,
1308 744 1401 797 seti
1460 742 1760 797 effectivum
1814 742 2044 809 doloris,
2097 756 2194 795 nec

618 857 836 897 somnus
879 839 1187 907 impotentia
1236 852 1442 901 sensus,
1487 838 1580 891 sed
1627 837 1924 892 efl'ectivum
1968 838 2192 892 alterum

548 962 557 989 ι
619 932 870 992 alterius;
914 939 1004 983 aut
1031 928 1173 983 enim
1218 935 1434 996 propter
1475 926 1837 994 impotentiam
1878 926 2186 988 dormimus,

546 1008 557 1074 ἶ
618 1034 710 1077 aut
753 1032 969 1091 propter
1015 1034 1260 1076 somnum
1311 1019 1633 1085 impotentes
1679 1030 1885 1070 sumus.
1940 1014 2196 1071 Similiter

619 1124 797 1166 autem
827 1118 880 1165 et
902 1108 1245 1164 dubitationis
1272 1107 1534 1160 videbitur
1560 1105 1860 1159 efl'cctivum
1892 1118 2033 1170 esse,
2064 1117 2193 1156 con-

623 1203 905 1256 trariarum
937 1199 1216 1268 aequalitas
1251 1197 1713 1251 ratiocinationum
1736 1212 1750 1261 ;
1776 1195 2197 1264 quandocunque

623 1296 766 1346 enim
806 1292 873 1345 ad
908 1299 1132 1358 utraque
1168 1287 1605 1342 ratiocinantibus
1654 1287 1808 1341 nobis
1845 1285 2092 1340 similiter
2122 1286 2197 1339 vi-

624 1385 819 1438 dentur
842 1381 1023 1435 omnia
1054 1378 1346 1434 secundum
1372 1388 1654 1447 utrumque
1680 1378 1816 1442 ﬁeri,
1840 1376 2199 1431 dubitabimus

624 1482 801 1527 utrum
832 1485 1072 1539 agamus.
1114 1468 1377 1536 Amplius,
1419 1468 1709 1522 secundum
1754 1456 1991 1536 tempora
2022 1469 2198 1522 omnia

623 1558 1068 1614 considerandum
1099 1556 1267 1611 sicubi
1292 1556 1546 1618 dissonet,
1577 1566 1634 1610 υι
1673 1557 1718 1610 si
1749 1556 2047 1611 immortale
2072 1557 2201 1610 deli-

625 1651 778 1715 nivit,
820 1649 1017 1702 animal
1062 1661 1203 1702 nunc
1243 1648 1645 1715 incorruptibile
1692 1662 1835 1701 esse.
1883 1646 2015 1701 Nam
2061 1660 2201 1700 nunc

627 1740 1028 1808 incorruptibile
1073 1739 1291 1801 animal,
1338 1751 1479 1791 nunc
1522 1737 1827 1791 immortale
1854 1737 1979 1790 erit.
2019 1738 2103 1790 An
2147 1737 2198 1788 in

2299 564 2406 619 bile
2433 573 2515 618 est
2539 579 2629 633 per
2658 566 2918 629 auditum,
2942 580 3049 620 non
3078 566 3218 620 bono
3244 567 3415 632 idem,
3442 582 3562 621 nam
3589 567 3789 623 eisdem
3817 578 3872 619 et

2293 656 2535 722 opposita
2578 654 2767 709 eadem
2806 665 3006 711 erunt:
3038 658 3325 726 apponitur
3358 664 3537 712 autem
3575 657 3715 711 bono
3755 656 3873 726 qui-

2292 745 2413 799 dem
2445 760 2550 800 non
2581 746 2799 811 bonum,
2832 762 2928 817 per
2956 749 3195 803 auditum
3228 760 3405 804 autem
3435 749 3755 817 delectabili,
3780 764 3876 818 per

2293 837 2529 891 auditum
2560 854 2664 893 non
2696 839 3043 905 delectabile;
3067 843 3405 896 manifestum
3436 844 3597 912 igitur
3628 846 3873 912 quoniam

2294 926 2433 980 idem
2464 942 2567 981 non
2598 928 2908 984 delectabile
2936 945 3031 998 per
3059 932 3323 997 auditum,
3353 948 3461 987 non
3488 933 3648 987 bono.
3688 932 3745 988 Si
3785 934 3877 1002 igi-

2297 1025 2383 1071 tur
2427 1017 2627 1085 aliquid
2674 1029 2756 1074 est
2795 1035 2889 1090 per
2927 1023 3098 1076 visum
3146 1022 3356 1091 quidem
3402 1024 3743 1087 delectabile,
3782 1039 3881 1093 per

2296 1107 2536 1161 auditum
2577 1118 2753 1163 autem
2805 1126 2941 1178 non,
2976 1122 3029 1167 et
3070 1113 3265 1167 bonum
3292 1122 3358 1183 ;et
3386 1129 3491 1169 non
3520 1116 3718 1169 bonum
3750 1115 3877 1171 erit.

2296 1198 2554 1253 Similiter
2590 1209 2766 1256 autem
2813 1203 3156 1259 ostendemus
3194 1207 3440 1274 quoniam
3480 1207 3616 1261 idem
3658 1222 3780 1271 ens,
3823 1215 3884 1261 et

2300 1302 2403 1341 non
2431 1303 2528 1343 ens
2559 1298 2660 1343 est.
2684 1292 2945 1359 Amplius,
2971 1302 3024 1347 et
3049 1295 3355 1361 generibus,
3380 1303 3433 1349 et
3459 1296 3795 1360 differentiis,
3824 1306 3885 1351 et

2300 1377 2419 1431 aliis
2448 1379 2696 1433 omnibus
2734 1395 2852 1448 qua:
2898 1382 2950 1434 in
2995 1381 3391 1437 deﬁnitionibus
3420 1392 3543 1438 sunt
3582 1384 3875 1454 assignatis

2301 1465 2380 1518 eis
2403 1466 2493 1533 qui
2524 1466 2796 1522 orationes
2831 1483 2926 1535 pro
2956 1469 3261 1525 nominibus
3285 1470 3505 1536 faciunt,
3531 1471 3882 1528 considerati.

2302 1553 2426 1608 dum
2457 1556 2501 1609 si
2529 1555 2818 1625 quidquam
2856 1558 3117 1613 dissonet.

2916 1657 3141 1712 CAPUT
3180 1658 3265 1712 IV.

2766 1733 2845 1789 De
2866 1736 3160 1803 deﬁnitione
3184 1739 3285 1791 loci
3308 1738 3419 1791 alii.

629 1833 732 1886 hoc
757 1831 969 1899 quidem
1000 1845 1105 1883 non
1136 1827 1362 1881 accidit?
1395 1842 1515 1879 nam
1542 1841 1738 1904 anceps
1765 1824 2056 1880 secundum
2087 1839 2200 1878 am-
2234 1827 2279 1885 Β
2377 1819 2431 1875 Si
2463 1829 2639 1875 autem
2670 1822 2738 1876 sit
2766 1823 2836 1877 ad
2866 1824 3063 1892 aliquid
3092 1826 3230 1894 quod
3258 1826 3532 1891 deﬁnitur.
3561 1837 3653 1881 aut
3678 1842 3772 1896 per
3791 1843 3880 1895 se,

629 1908 915 1991 pbiboiiam
964 1928 1046 1974 est
1097 1931 1239 1971 nunc
1288 1916 1690 1984 incorruptibile
1733 1929 1874 1981 esse,
1924 1923 2013 1968 aut
2060 1914 2199 1967 enim

626 2013 875 2082 quoniam
905 2026 1010 2065 non
1039 2010 1400 2077 corrumpitur
1436 2022 1595 2072 nunc,
1629 2006 1912 2075 significat,
1947 2014 2038 2058 aut
2066 2020 2200 2073 quo-

628 2104 770 2156 niam
804 2117 905 2155 non
938 2099 1189 2169 possibile
1218 2095 1488 2165 corrumpi
1519 2109 1678 2162 nunc,
1710 2103 1798 2148 aut
1826 2094 2073 2161 quoniam
2106 2091 2203 2145 hu-

624 2190 857 2259 iusmodi
902 2198 986 2244 est
1037 2201 1205 2253 nunc,
1256 2195 1316 2239 υι
1369 2198 1639 2252 nunquam
1693 2183 1860 2251 possit
1910 2181 2198 2248 corrumpi.

628 2280 855 2347 Quando
881 2280 1040 2348 igitur
1069 2278 1297 2331 dicimus
1323 2275 1462 2343 quod
1505 2272 1904 2341 incorruptibile
1951 2286 2090 2325 nunc
2123 2280 2206 2325 est

631 2369 851 2435 animal,
876 2385 982 2423 non
1016 2368 1118 2420 hoc
1139 2366 1386 2433 dicimus,
1420 2364 1559 2433 quod
1591 2377 1731 2415 nunc
1760 2362 1863 2415 tale
1882 2370 1960 2415 est
1984 2361 2201 2423 animal,

628 2459 724 2514 sed
763 2469 819 2512 ut
868 2470 1134 2524 nunquam
1190 2455 1355 2521 possit
1402 2453 1706 2520 corrumpi;
1751 2450 1853 2503 hoc
1892 2458 2064 2504 autem
2106 2449 2205 2501 im-

630 2547 843 2601 mortali
893 2546 1032 2599 idem
1082 2552 1219 2609 erat,
1268 2558 1434 2612 quare
1477 2558 1581 2596 nou
1631 2541 1843 2603 accidit,
1887 2555 2025 2594 nunc
2064 2539 2201 2592 idem

630 2636 933 2691 immortale
975 2649 1115 2688 esse.
1148 2634 1254 2688 Sed
1299 2644 1475 2688 tamen
1521 2632 1689 2687 sicubi
1734 2630 1927 2685 accidit
1952 2630 2091 2700 quod
2121 2643 2206 2684 se-

632 2725 863 2780 cundum
904 2723 1265 2777 deﬁnitionem
1306 2722 1517 2791 quidem
1552 2722 1874 2790 assignatum
1900 2730 1985 2775 est
2007 2721 2203 2784 inesse,

631 2836 777 2876 nunc
822 2820 905 2874 vel
951 2820 1120 2889 prius,
1166 2818 1307 2887 quod
1348 2832 1477 2871 vero
1518 2816 1809 2871 secundum
1854 2828 2048 2869 nomen
2098 2827 2202 2867 non

632 2914 795 2978 inest,
818 2928 924 2966 non
952 2911 1055 2965 erit
1090 2910 1255 2976 idem,
1286 2909 1537 2963 utendum
1581 2922 1707 2975 ergo
1741 2906 1841 2962 hoc
1871 2907 1988 2960 loco
2016 2920 2203 2973 quem-

633 3001 920 3057 admodum
952 3001 1148 3054 dictnm
1196 3007 1296 3053 est.
1343 2997 1732 3066 lnspiciendum
1764 3003 1939 3049 autem
1966 3004 2019 3048 et
2047 2994 2093 3049 si
2120 2986 2206 3048 se-

633 3093 862 3145 cundum
891 3091 1030 3144 aliud
1060 3089 1329 3158 quidpiam
1362 3089 1528 3155 magis
1552 3088 1744 3142 dicitur
1765 3084 1905 3155 quod
1933 3084 2202 3146 deﬁnitur,

2306 1918 2400 1962 aut
2437 1911 2730 1966 secundum
2766 1927 2969 1983 genus,
2995 1916 3443 1971 considerandum
3471 1917 3516 1971 si
3547 1932 3653 1971 non
3680 1918 3884 1973 dictum

2306 2007 2388 2053 est
2404 1998 2457 2053 in
2473 2000 2781 2056 deﬁnitione
2802 2003 2867 2056 ad
2887 2004 3026 2071 quod
3043 2004 3254 2068 dicitur,
3268 2015 3357 2059 aut
3370 2007 3660 2061 secundum
3685 2008 3880 2076 ipsum,

2305 2096 2395 2142 aut
2413 2090 2707 2144 secundum
2730 2106 2917 2159 genus.
2944 2092 3010 2147 Ut
3032 2094 3078 2147 si
3103 2095 3381 2149 scientiam
3404 2096 3647 2151 definivit
3675 2097 3885 2167 opinio!

2306 2195 2427 2233 nem
2460 2181 2903 2238 indissuasibilem
2926 2226 2940 2252 ,
2969 2193 3063 2237 aut
3102 2187 3263 2239 etiam
3293 2188 3651 2255 voluntatem,
3680 2192 3884 2259 appeti-

2306 2276 2416 2323 tum
2441 2272 2556 2325 sine
2586 2272 2798 2327 tristitia
2830 2292 2841 2327 :
2876 2275 3051 2329 omnis
3081 2277 3223 2331 enim
3263 2277 3379 2347 ejus
3405 2279 3547 2347 quod
3577 2288 3662 2335 est
3689 2282 3755 2335 ad
3786 2283 3887 2336 ali-

2304 2358 2460 2425 quid,
2495 2361 2787 2415 substantia
2829 2362 2894 2416 ad
2933 2364 3189 2431 alterum,
3229 2382 3295 2421 eo
3330 2368 3469 2436 quod
3498 2370 3638 2425 idem
3664 2372 3735 2425 sit
3759 2373 3882 2427 uni-

2305 2447 2493 2515 cuique
2533 2464 2717 2503 corum
2765 2467 2883 2518 quae
2929 2461 3053 2508 sunt
3096 2454 3164 2508 ad
3207 2456 3407 2525 aliquid
3453 2472 3605 2521 esse.
3648 2460 3880 2529 idipsum

2304 2535 2443 2601 quod
2491 2546 2573 2591 est
2613 2539 2680 2593 ad
2706 2541 2904 2610 aliquid
2934 2544 3162 2611 quodam
3194 2548 3353 2601 modo
3379 2563 3438 2603 se
3465 2551 3680 2605 habere.
3711 2552 3883 2621 Opor-

2308 2626 2450 2680 tebat
2491 2629 2651 2697 igitur
2686 2632 2963 2688 scientiam
3008 2635 3189 2691 dicere
3227 2639 3532 2705 Opinionem
3561 2642 3797 2709 scibilis,
3825 2655 3881 2700 et

2308 2718 2634 2774 voluntatem
2682 2726 2973 2791 appetitum
3024 2727 3170 2781 boni.
3216 2729 3477 2785 Similiter
3521 2740 3696 2789 autem
3737 2744 3793 2789 et
3832 2738 3881 2790 si

2306 2813 2684 2876 grammaticen
2714 2814 2954 2870 deﬁnivit
2987 2818 3262 2873 scientiam
3304 2821 3598 2877 litterarum
3618 2864 3633 2891 ,
3661 2835 3878 2892 oporte-

2307 2901 2398 2955 bat
2444 2903 2584 2957 enim
2626 2912 2717 2957 aut
2760 2905 2826 2959 ad
2873 2907 3014 2975 quod
3058 2909 3228 2976 ipsum
3276 2911 3493 2976 dicitur,
3526 2923 3617 2966 aut
3646 2914 3712 2968 ad
3741 2916 3879 2985 quod

2304 2986 2443 3044 forte
2485 3006 2653 3059 genus
2698 2993 2911 3061 dicitur,
2960 2996 3014 3049 in
3061 2996 3370 3053 deﬁnitione
3396 3003 3673 3070 assignari.
3706 3005 3812 3057 Aut
3832 3002 3886 3057 si

2307 3095 2427 3135 cum
2455 3082 2721 3152 quidpiam
2751 3084 2818 3138 ad
2847 3087 3044 3155 aliquid
3075 3088 3291 3155 dicitur,
3325 3107 3429 3147 non
3478 3095 3768 3163 assignavit
3811 3096 3880 3149 ad

632 3197 791 3249 quam
815 3180 1107 3235 secundum
1137 3180 1459 3247 assignatam
1486 3178 1802 3242 orationem,
1848 3182 1906 3228 ut
1928 3174 1974 3229 si
1998 3174 2204 3241 justitia
2231 3165 2276 3224 C
2310 3171 2490 3226 ﬁnem.
2521 3173 2669 3227 Finis
2710 3183 2887 3228 autem
2919 3176 2970 3228 in
3001 3192 3316 3248 unoquoque
3345 3191 3427 3235 est
3456 3182 3595 3251 quod
3622 3184 3881 3252 optimum

632 3281 873 3341 potestas
926 3272 1062 3341 aequi
1106 3271 1441 3327 distributiva
1482 3278 1567 3323 est»
1595 3286 1609 3324 :
1635 3269 1809 3336 justus
1855 3266 1996 3321 enim
2037 3266 2205 3334 magis

633 3358 826 3431 est‘qui
847 3363 992 3431 eligit
1014 3378 1220 3429 atquum
1245 3361 1587 3425 distribuere,
1616 3375 1681 3414 eo
1700 3359 1786 3427 qui
1816 3364 2016 3425 potest;
2042 3370 2206 3423 quare

636 3468 742 3504 non
776 3451 878 3503 erit
911 3450 1113 3517 justitia
1158 3458 1389 3516 potestas
1433 3449 1565 3516 aequi
1613 3446 1967 3513 distributiva,
2001 3458 2122 3495 nam
2153 3452 2207 3496 et

628 3540 806 3610 justus
834 3548 978 3592 esset
1009 3537 1237 3591 maxime
1270 3538 1360 3605 qui
1412 3544 1589 3603 posset
1623 3549 1830 3602 aequum
1861 3532 2200 3586 distribuere.

634 3628 896 3697 Amplius,
928 3627 972 3681 si
1008 3642 1094 3680 res
1131 3625 1343 3693 quidem
1387 3624 1606 3690 suscipit
1636 3624 1825 3691 magis,
1856 3619 1996 3689 quod
2028 3631 2202 3673 autem

633 3718 929 3774 secundum
977 3717 1271 3771 orationem
1322 3716 1622 3781 assignatur
1666 3728 1771 3767 non
1820 3711 2064 3780 suscipit,
2114 3722 2203 3766 aut

632 3818 840 3875 contra,
867 3808 1008 3879 quod
1042 3806 1333 3861 secundum
1373 3804 1665 3858 orationem
1687 3804 1735 3857 ei
1762 3804 2060 3870 assignatur
2088 3816 2206 3856 sus-

632 3899 783 3966 cipit,
814 3912 901 3951 res
931 3907 1110 3951 autem
1141 3910 1267 3949 non.
1299 3895 1518 3963 Oportet
1551 3892 1691 3947 enim
1717 3901 1806 3945 aut
1837 3902 2058 3960 utraque
2087 3906 2206 3945 sus-

630 3992 842 4058 cipere,
872 4000 961 4042 aut
992 3997 1259 4055 neutrum,
1306 3986 1566 4054 siquidem
1597 3993 1678 4039 est
1708 3983 1785 4038 rei
1829 3983 1969 4052 quod
2008 3996 2203 4037 secun-

630 4083 757 4135 dum
802 4080 1097 4157 orationem
1138 4079 1457 4147 assignatur.
1505 4076 1770 4142 Amplius,
1812 4076 1854 4130 si
1905 4075 2205 4144 suscipiunt

629 4181 856 4241 utraque
898 4170 1112 4239 quidem
1158 4168 1345 4237 magis,
1404 4182 1507 4221 non
1555 4166 1713 4221 simul
1759 4174 1936 4220 autem
1984 4174 2203 4234 utraque

628 4269 969 4329 augmentum
998 4269 1213 4312 sumunt
1237 4276 1249 4308 :
1284 4265 1340 4309 ut
1369 4257 1411 4309 si
1439 4270 1590 4309 amor
1619 4254 2049 4323 concupiscentia
2077 4269 2203 4308 con-

629 4352 895 4408 ventionis
920 4358 1020 4404 est.
1054 4350 1183 4403 Nam
1214 4347 1381 4416 magis
1409 4362 1594 4400 amans
1623 4362 1726 4399 non
1758 4347 1924 4414 magis
1953 4346 2204 4414 concupi-

629 4443 728 4495 scit
772 4440 1208 4503 conventionem;
1241 4451 1405 4506 quare
1447 4452 1549 4490 non
1586 4435 1743 4489 simul
1782 4445 2004 4504 utraque
2031 4436 2200 4489 susci-

2308 3270 2423 3328 est,
2455 3269 2545 3314 aut
2569 3262 2721 3331 cujus
2748 3264 2915 3332 gratia
2954 3265 3055 3319 alia
3095 3277 3246 3332 sunt;
3276 3270 3558 3325 dicendum
3602 3272 3762 3340 igitur
3786 3284 3882 3329 aut
3914 3258 3917 3261 5

2308 3349 2597 3416 optimum,
2633 3363 2721 3406 aut
2752 3353 2993 3408 ultimum
3017 3394 3032 3419 ,
3062 3365 3116 3409 ut
3143 3361 3620 3427 concupiscentiam
3646 3377 3750 3415 non
3781 3363 3878 3417 de-

2307 3438 2601 3505 lectabilis,
2645 3442 2740 3495 sed
2782 3443 3182 3513 delectationis,
3211 3462 3329 3501 nam
3375 3458 3587 3516 propter
3625 3448 3790 3516 hanc,
3820 3460 3879 3506 et

2308 3526 2622 3582 delectabile
2663 3531 2929 3599 eligimus.
2970 3534 3415 3591 Considerandum
3444 3547 3500 3591 et
3526 3539 3569 3591 si
3600 3542 3879 3607 generatio
3964 3592 3971 3595 _

2307 3622 2390 3667 est
2432 3615 2498 3668 ad
2529 3616 2669 3683 quod
2696 3618 3014 3688 assignavit,
3046 3624 3129 3677 vel
3156 3633 3322 3678 actus.
3350 3625 3489 3679 Nihil
3517 3628 3659 3680 enim
3691 3628 3878 3683 talium

2309 3702 2451 3769 finis,
2482 3720 2606 3759 nam
2632 3710 2799 3776 magis
2826 3712 2967 3778 quod
2998 3721 3078 3766 est
3105 3713 3273 3781 egisse
3323 3724 3377 3769 et
3422 3711 3711 3785 generasse
3733 3717 3875 3784 ﬁnis,

2306 3810 2464 3864 quam
2494 3798 2607 3852 fieri
2634 3808 2689 3853 et
2715 3814 2896 3869 agere.
2942 3806 3023 3857 An
3065 3819 3170 3858 non
3210 3807 3263 3858 in
3290 3807 3538 3861 omnibus
3567 3824 3752 3863 verum
3781 3810 3880 3862 bu-

2302 3890 2574 3957 jusmodi?
2619 3907 2756 3962 pene
2777 3896 2918 3950 enim
2963 3897 3177 3965 plurimi
3215 3899 3470 3955 delectari
3500 3903 3666 3971 magis
3696 3903 3878 3957 volunt

2306 3996 2463 4049 quam
2508 3983 2775 4039 destitisse
2803 3986 3089 4051 delectari;
3121 4003 3286 4056 quare
3323 4005 3481 4059 agere
3522 3992 3685 4061 magis
3719 3993 3879 4047 ﬁnem

2306 4073 2428 4141 quis
2474 4083 2670 4130 statuat
2712 4091 2869 4145 quam
2909 4078 3102 4147 egisse.
3149 4079 3381 4134 Rursum
3410 4083 3462 4135 in
3490 4083 3801 4150 quibusdam
3833 4084 3881 4136 si

2308 4178 2413 4219 non
2439 4166 2812 4221 determinavit
2835 4170 3045 4236 quanti,
3078 4172 3159 4224 vel
3189 4171 3390 4239 qualis,
3422 4173 3508 4225 vel
3530 4172 3619 4226 ubi
3641 4212 3657 4238 ,
3687 4173 3768 4227 vel
3793 4188 3879 4227 se-

2307 4254 2534 4307 cundum
2565 4255 2695 4309 alias
2722 4256 3047 4311 differentias
3074 4273 3089 4310 :
3123 4268 3179 4313 ut
3211 4260 3525 4314 ambitiosus
3545 4301 3562 4327 ,
3590 4272 3643 4315 et
3670 4262 3885 4331 qualis,

2309 4351 2362 4396 et
2387 4343 2566 4410 quanti
2596 4355 2848 4410 appetens
2879 4356 2959 4399 est
2989 4347 3235 4413 honoris,
3264 4364 3384 4401 nam
3414 4363 3601 4404 omnes
3625 4361 3882 4420 appetunt

2309 4430 2600 4495 honorem;
2628 4447 2794 4500 quare
2824 4449 2929 4488 non
2958 4435 3154 4489 sufﬁcit
3195 4439 3534 4492 ambitiosum
3566 4439 3743 4494 dicere
3785 4440 3881 4510 qui

629 4531 780 4598 piunt
827 4530 1017 4598 magis,
1047 4537 1101 4582 at
1142 4535 1432 4593 oporteret,
1466 4526 1512 4581 si
1544 4525 1683 4579 idem
1711 4535 1907 4579 essent.
1942 4525 2203 4593 Amplius,
2236 4513 2284 4570 Ι)
2310 4526 2511 4592 appetit
2547 4526 2839 4593 honorem,
2880 4528 2974 4583 sed
3019 4528 3218 4583 addere
3264 4540 3471 4598 oportet
3518 4532 3687 4586 dictas
3725 4532 3879 4586 diﬁc-

630 4620 673 4670 si
718 4617 925 4671 duobus
955 4617 1269 4687 quibusdam
1315 4615 1621 4684 propositis,
1657 4615 1724 4668 de
1761 4629 1866 4683 quo
1908 4628 1993 4669 res
2036 4618 2204 4682 magis

628 4709 844 4773 dicitur,
874 4708 925 4761 id
956 4708 1095 4776 quod
1125 4716 1209 4761 est
1229 4706 1516 4760 secundum
1548 4706 1843 4759 orationem
1872 4704 2045 4757 minus
2074 4704 2205 4759 dici-

630 4808 715 4850 tur
744 4814 757 4848 :
786 4806 840 4850 ut
866 4798 909 4849 si
940 4796 1073 4864 ignis
1101 4803 1183 4849 est
1209 4810 1401 4862 corpus
1432 4793 1860 4858 subtilissimum,
1894 4793 2029 4860 ignis
2059 4788 2200 4845 enim

628 4888 797 4955 magis
824 4888 1032 4940 flamma
1058 4901 1212 4955 quam
1238 4885 1346 4949 lux,
1378 4899 1570 4953 corpus
1597 4894 1772 4938 autem
1796 4885 2199 4938 subtilissimum

627 4978 804 5032 minus
834 4980 1045 5031 flamma
1072 4993 1225 5045 quam
1253 4977 1339 5029 lux
1359 4992 1371 5037 ;
1395 4986 1604 5044 oportet
1630 4985 1804 5029 autem
1834 4984 2057 5043 utraque
2087 4990 2201 5028 ma-

626 5070 707 5136 gis
735 5070 909 5123 inesse
939 5068 1131 5125 eidem,
1170 5065 1430 5134 siquidem
1475 5064 1659 5117 eadem
1700 5065 1827 5117 sint.
1876 5063 2129 5129 Rursum,
2160 5066 2204 5119 si

629 5162 729 5213 hoc
758 5159 970 5228 quidem
1012 5160 1258 5213 similiter
1290 5159 1526 5226 utrisque
1555 5160 1692 5212 inest
1723 5157 2028 5225 propositis,
2058 5158 2202 5212 aliud

624 5256 802 5302 autem
838 5264 941 5302 non
975 5249 1218 5302 similiter
1248 5246 1503 5315 utrisque,
1537 5246 1629 5301 sed
1660 5246 1813 5300 alteri
1851 5246 2039 5313 magis.
2072 5248 2202 5300 Am-

624 5338 786 5407 plius,
813 5339 858 5391 si
885 5338 950 5392 ad
977 5338 1083 5392 duo
1109 5338 1468 5393 definitionem
1514 5336 1866 5405 assignaverit
1906 5338 2195 5391 secundum

628 5438 953 5499 utrumque:
980 5438 1037 5483 ut
1062 5432 1260 5485 bonum
1292 5429 1432 5499 quod
1468 5442 1561 5495 per
1589 5428 1758 5482 visum
1790 5436 1882 5480 aut
1912 5443 2004 5496 per
2050 5428 2196 5482 audi-

624 5531 733 5573 tum
769 5521 1105 5586 delectabile,
1141 5531 1196 5575 et
1251 5535 1346 5575 ens
1385 5520 1523 5587 quod
1571 5519 1823 5587 possibile
1852 5526 1933 5573 est
1972 5519 2076 5587 pati
2108 5530 2195 5571 aut

620 5610 819 5676 facere,
840 5610 996 5663 simul
1024 5612 1165 5664 enim
1192 5611 1330 5664 idem
1355 5618 1408 5663 et
1427 5610 1622 5667 bonum
1647 5618 1700 5663 et
1741 5624 1844 5662 non
1868 5609 2064 5662 bonum
2090 5615 2191 5671 est,

620 5684 860 5757 similiter
895 5711 1068 5757 autem
1097 5712 1149 5758 et
1179 5717 1273 5757 ens
1298 5712 1350 5757 et
1380 5716 1483 5756 non
1508 5715 1602 5756 cns
1636 5720 1645 5752 :
1681 5715 1802 5756 nam
1834 5715 1928 5769 per
1957 5697 2191 5753 auditum

2311 4613 2529 4667 rentias.
2558 4612 2817 4668 Similiter
2857 4624 3045 4669 autem
3078 4624 3131 4670 et
3169 4631 3396 4682 avarus,
3425 4628 3652 4686 quantas
3679 4620 3882 4687 appetit

2312 4704 2595 4771 pecunias;
2626 4714 2716 4757 aut
2742 4704 3129 4773 intemperans,
3162 4707 3304 4760 circa
3330 4708 3511 4775 quales
3541 4708 3835 4777 voluptates
3860 4723 3877 4762 :

2309 4811 2414 4850 non
2446 4795 2589 4849 enim
2620 4798 2709 4865 qui
2735 4812 2763 4849 a
2793 4798 3027 4865 qualibet
3053 4799 3322 4862 voluptate
3350 4807 3581 4864 tenetur,
3622 4801 3882 4867 intempe-

2310 4900 2432 4939 rans
2456 4886 2666 4948 dicitur.
2696 4887 2788 4941 sed
2815 4888 2905 4957 qui
2930 4888 2997 4941 ab
3022 4888 3217 4957 aliqua.
3246 4888 3349 4941 Aut
3369 4904 3600 4955 rursum,
3632 4888 3722 4958 qui
3744 4889 3878 4943 deﬁ-

2310 4977 2439 5029 nivit
2479 4988 2687 5032 noctem
2717 4980 2956 5032 umbram
2989 4989 3146 5034 terra:
3169 5020 3185 5043 ,
3215 4989 3307 5033 aut
3336 4980 3730 5034 succussionem
3765 4994 3881 5032 mo-

2311 5074 2420 5120 tum
2455 5078 2633 5134 terrae,
2660 5078 2751 5123 aut
2779 5071 2973 5125 nubem
3004 5071 3321 5125 densitatem
3348 5072 3515 5137 aeris,
3543 5080 3635 5125 aut
3660 5078 3878 5125 ventum

2310 5167 2512 5211 motum
2541 5159 2701 5223 aeris,
2726 5159 3024 5214 addendum
3051 5160 3192 5214 enim
3217 5162 3400 5229 quanti
3424 5171 3477 5215 et
3498 5162 3687 5230 qualis,
3713 5162 3799 5217 ubi
3824 5171 3880 5217 et

2306 5261 2335 5299 a
2365 5263 2488 5316 quo.
2522 5248 2776 5303 Similiter
2798 5260 2974 5304 autem
3006 5259 3062 5305 et
3086 5252 3138 5304 in
3163 5252 3370 5304 caeteris
3399 5251 3724 5319 huiusmodi,
3754 5267 3874 5303 nam

2305 5340 2555 5393 omittens
2585 5338 2936 5393 differentiam
2973 5339 3290 5408 quamlibet,
3336 5354 3440 5392 non
3485 5340 3611 5393 dicit
3642 5340 3765 5407 quid
3795 5348 3877 5392 est

2304 5443 2422 5484 csse
2443 5469 2457 5492 ,
2489 5437 2701 5495 oportet
2726 5436 2900 5482 autem
2928 5442 3137 5496 semper
3168 5428 3233 5481 ad
3262 5428 3312 5481 id
3344 5443 3447 5497 quo
3476 5428 3675 5497 indiget
3714 5443 3872 5496 argu.

2303 5519 2550 5572 mentari.
2578 5518 2692 5572 Non
2723 5519 2862 5572 enim
2892 5518 3129 5587 quolibet
3159 5518 3317 5572 modo
3346 5528 3484 5572 terra
3507 5530 3675 5586 mota,
3704 5534 3873 5587 neque

2302 5618 2708 5678 quantacunque
2736 5610 3007 5663 successio
3053 5609 3187 5672 erit;
3221 5609 3466 5663 similiter
3496 5618 3673 5665 autem
3705 5623 3873 5677 neque

2301 5715 2425 5754 acre
2477 5700 2711 5768 quolibet
2761 5699 2949 5765 modo,
3006 5714 3175 5770 neque
3225 5709 3638 5771 quantocunque
3685 5708 3865 5764 moto,
