4248 6272
310 494 313 499 _
366 430 464 487 981

1261 420 1302 474 Τ
1306 415 1649 474 ΟΡΙΟΟΒΗΜ
1690 415 2138 471 ARISTOTELIS
2178 410 2770 471 ΙΝΤΕΙὶΡΙίΕΤΑἹΊΟ.Δ

3495 408 3597 464 982

369 551 558 600 ventus
584 541 710 596 erit.
743 536 986 607 Amplius
1014 536 1077 589 in-
1097 534 1449 604 appetitibus,
1494 532 1537 584 si
1570 545 1676 585 non
1714 532 1935 601 apponi-
1962 530 2017 591 A
2038 532 2296 600 Amplius,
2327 532 2403 586 sic
2431 532 2771 588 deﬁuientem
2799 547 3017 589 necesse
3036 540 3116 588 est
3143 544 3205 586 eo
3237 529 3376 600 quod
3406 526 3600 582 deﬁni-

371 645 457 687 tur
484 633 626 702 quod
654 638 906 701 apparet,
936 636 989 684 et
1015 629 1070 680 in
1097 624 1417 696 quibuslibet
1443 622 1558 676 aliis
1584 622 1858 691 congruit,
1882 630 1941 676 ut

372 724 621 795 quoniam
651 722 895 795 voluntas
924 716 1188 795 appetitus
1213 714 1362 777 boni,
1390 709 1817 778 concupiscentia
1846 723 1941 763 au-

374 788 481 868 tem
504 793 779 881 appetitus
798 788 1166 862 delec'i'ationis
1181 841 1196 867 ,
1225 801 1319 855 sed
1342 815 1446 854 non
1491 799 1796 867 apparentis
1817 797 1945 852 boni

292 935 299 951 ι
376 904 464 959 vel
492 898 876 965 delectationis,
908 897 1217 965 plerumque
1254 891 1396 946 enim
1436 891 1565 944 latet
1603 897 1941 958 appetentes,

378 993 624 1062 quoniam
641 990 834 1043 bonum
857 993 945 1040 aut
964 980 1278 1038 delectabile
1298 988 1397 1045 est,
1428 993 1591 1047 quare
1613 993 1719 1032 non
1760 992 1945 1033 neces-

379 1080 575 1135 sarium
616 1079 810 1132 bonum
860 1074 944 1128 vel
986 1070 1302 1125 delectabile
1352 1082 1503 1130 esse,
1548 1068 1643 1122 sed
1685 1082 1948 1136 apparens

380 1170 582 1233 solum;
605 1165 884 1236 oportebat
905 1177 1031 1232 ergo
1052 1162 1129 1215 sic
1148 1168 1203 1214 et
1230 1157 1637 1226 assignationem
1668 1156 1861 1211 facere.
1891 1156 1949 1211 Si

381 1268 555 1313 autem
577 1266 629 1311 et
651 1255 940 1324 assignavit
968 1249 1105 1322 quod
1135 1249 1334 1302 dictum
1364 1256 1465 1312 est,
1498 1247 1552 1300 in
1578 1247 1721 1314 ipsas
1743 1245 1949 1315 species

382 1346 683 1403 ducendum
724 1360 846 1399 eum
889 1342 980 1411 qui
1028 1340 1175 1409 ponit
1220 1336 1365 1391 ideas
1391 1351 1529 1392 esse.
1559 1336 1674 1390 Non
1700 1337 1841 1391 enim
1870 1343 1955 1391 est

385 1437 507 1492 idea
535 1434 696 1489 ullius
723 1432 1028 1501 apparentis
1048 1469 1064 1495 ,
1113 1429 1227 1495 ipsa
1257 1434 1435 1479 autem
1461 1426 1665 1495 species
1692 1424 1757 1479 ad
1785 1423 1953 1492 ipsam

386 1522 618 1593 speciem
663 1520 873 1574 videtur
916 1517 1056 1582 dici,
1085 1523 1143 1578 ut
1172 1514 1285 1581 ipsa
1314 1513 1741 1582 concupiscentia
1791 1511 1956 1579 ipsius

388 1613 759 1671 delectationis
783 1654 798 1680 ,
829 1619 884 1667 et
912 1611 1024 1679 ipsa
1046 1607 1287 1663 voluntas
1314 1606 1479 1677 ipsius
1506 1605 1650 1660 boni.
1684 1604 1957 1674 Apparen-

390 1706 474 1761 tis
498 1705 656 1774 igitur
684 1702 809 1756 boni
850 1714 957 1754 non
984 1699 1083 1753 erit
1108 1699 1218 1768 ipsa
1263 1699 1542 1761 voluntas,
1576 1709 1750 1764 neque
1796 1708 1959 1763 appa-

390 1795 560 1850 rentis
598 1791 963 1849 delectationis
1007 1790 1117 1859 ipsa
1157 1786 1582 1858 concupiscentia
1628 1803 1640 1837 :
1672 1785 1957 1840 absurdum

2043 627 2127 674 tur
2153 622 2248 675 uti.
2282 621 2432 675 Patet
2457 630 2631 676 autem
2674 624 2776 677 hoc
2796 664 2810 689 ,
2855 626 2899 678 si
2930 624 3216 691 accipiatur
3248 635 3344 689 pro
3388 619 3605 690 nomine

2042 710 2213 762 oratio
2237 727 2248 760 :
2276 724 2397 763 nam
2422 710 2542 779 quia
2573 710 2646 763 nil
2674 710 3038 766 refertdieere
3062 710 3471 784 inaequalitatem
3502 705 3609 773 pri-

2044 798 2309 854 vationem
2341 799 2660 868 atqualitatis
2682 842 2697 866 ,
2730 801 2832 853 erit
2860 801 3129 868 arqualitas
3156 799 3477 853 contrarium
3501 795 3610 864 pri-

2045 888 2242 942 vatinni
2273 889 2616 957 aequalitatis,
2641 903 2803 956 quare
2832 889 3018 942 eodem
3047 888 3148 942 erit
3176 903 3321 943 usus.
3345 888 3403 942 Si
3431 894 3608 940 autem

2048 987 2294 1032 neutrum
2336 978 2724 1031 contrariorum
2765 976 3054 1029 secundum
3099 975 3442 1043 privationem
3472 973 3614 1026 dica-

2049 1075 2155 1129 tur,
2205 1066 2503 1133 assignetur
2548 1071 2723 1119 autem
2771 1064 2945 1117 oratio
2989 1061 3263 1125 similiter,
3314 1070 3371 1114 ut
3416 1060 3611 1113 bonum

2051 1156 2374 1212 contrarium
2403 1155 2575 1220 malo,
2603 1154 2937 1207 manifestum
2981 1152 3229 1219 quoniam
3260 1149 3454 1203 malum
3482 1161 3614 1201 con-

2054 1245 2272 1299 trarium
2313 1243 2452 1299 bono
2492 1244 2596 1296 erit
2636 1260 2651 1297 :
2684 1256 2805 1296 nam
2847 1241 2924 1295 sic
2953 1237 3342 1294 contrariorum
3374 1234 3618 1287 similiter

2054 1336 2225 1388 oratio
2269 1332 2619 1403 assignanda;
2652 1347 2813 1401 quare
2853 1344 3057 1384 rursum
3098 1343 3163 1383 eo
3191 1329 3331 1395 quod
3372 1326 3621 1381 deﬁnitur

2057 1422 2249 1491 accidit
2279 1423 2389 1486 uti,
2417 1423 2554 1476 inest
2578 1421 2721 1476 enim
2746 1423 2797 1475 in
2823 1420 2947 1473 mali
2968 1419 3208 1473 oratione
3234 1417 3448 1472 bonum.
3478 1416 3620 1481 Quo-

2058 1512 2196 1564 circa
2227 1512 2474 1580 quoniam
2505 1511 2701 1564 bonum
2742 1519 2823 1564 est
2858 1510 2998 1563 malo
3036 1508 3355 1562 contrarium
3376 1548 3391 1574 ,
3422 1506 3618 1559 malum

2059 1609 2235 1653 autem
2262 1599 2393 1652 nihil
2432 1599 2634 1664 diﬁert,
2667 1600 2751 1653 vel
2792 1598 2932 1667 quod
2959 1604 3042 1651 est
3078 1599 3217 1650 bono
3254 1596 3580 1651 contrarium
3601 1631 3618 1658 ,

2062 1690 2163 1744 erit
2192 1690 2387 1743 bonum
2415 1690 2737 1742 contrarium
2759 1728 2772 1751 ,
2805 1687 2927 1741 boni
2962 1686 3252 1740 contrario.
3280 1679 3625 1752 Perspicuum

2064 1778 2224 1845 igitur
2246 1777 2495 1844 quoniam
2523 1776 2708 1831 eodem
2735 1790 2861 1830 usus
2884 1784 2984 1830 est.
3010 1774 3252 1842 Amplius
3271 1814 3286 1838 ,
3308 1773 3353 1827 si
3377 1773 3517 1841 quod
3543 1787 3630 1826 se.

392 1883 538 1939 enim
567 1888 649 1937 est
693 1894 814 1936 esse
855 1880 1026 1949 ipsum
1069 1890 1331 1947 apparens
1374 1877 1574 1930 bonum
1614 1874 1698 1928 vel
1727 1874 1958 1928 delecta-
1989 1872 2037 1932 B
2064 1865 2295 1918 cundum
2325 1865 2676 1934 privationem
2703 1864 2893 1918 dicitur
2917 1864 3193 1931 assignans
3216 1903 3230 1926 ,
3257 1877 3363 1915 non
3391 1863 3627 1930 assigna-

318 1964 323 1971 ’
393 1972 519 2028 bile.
549 1970 822 2039 Amplius,
846 1968 892 2023 si
918 1968 987 2022 sit
1012 1967 1223 2036 quidem
1250 1967 1463 2025 habitus
1489 1965 1725 2020 deﬁnitio
1745 2005 1760 2030 ,
1787 1963 1961 2017 consi-

395 2058 691 2115 derandum
738 2058 791 2111 in
833 2056 1091 2122 habente,
1134 2055 1180 2109 si
1221 2055 1435 2124 quidem
1479 2053 1753 2117 habentis,
1785 2051 1840 2104 in
1870 2050 1963 2103 ha-

397 2151 532 2206 bitu.
580 2147 835 2204 Similiter
878 2154 1052 2201 autem
1096 2153 1148 2199 et
1189 2146 1242 2199 in
1288 2144 1497 2199 caeteris
1542 2142 1785 2195 talibus:
1833 2148 1890 2194 ut
1916 2140 1964 2194 si

399 2238 685 2295 delectatio
720 2245 803 2290 est
824 2234 1058 2303 juvantia
1078 2274 1094 2300 ,
1124 2246 1178 2287 et
1206 2232 1517 2287 delectabile
1537 2230 1790 2298 juvabile.

469 2324 850 2381 Universaliter
873 2331 1047 2377 autem
1080 2322 1329 2387 dicendo,
1362 2322 1415 2374 in
1455 2319 1756 2388 huiusmodi
1780 2317 1968 2371 delini-

400 2413 666 2477 tionibus,
710 2410 1136 2480 quodammodo,
1170 2425 1275 2462 uno
1316 2409 1465 2478 plura
1512 2407 1704 2461 accidit
1730 2420 1853 2459 eum
1879 2405 1969 2473 qui

400 2504 586 2559 deﬁnit
631 2502 869 2556 deﬁnire.
920 2500 1049 2554 Nam
1098 2500 1186 2569 qui
1217 2499 1491 2554 scientiam
1524 2496 1793 2561 deﬁnivit,
1840 2510 1971 2565 quo-

404 2592 688 2649 dammodo
731 2600 786 2647 et
815 2590 1160 2660 ignorantiam
1188 2588 1463 2652 delinivit;
1513 2587 1756 2641 similiter
1795 2593 1971 2638 autem

406 2692 459 2737 et
500 2680 673 2735 scium
717 2688 768 2733 ει
810 2679 1069 2744 inscium,
1110 2687 1166 2732 et
1210 2677 1346 2731 scire
1406 2684 1462 2731 et
1513 2676 1794 2745 ignorare,
1852 2688 1973 2727 nam

408 2773 583 2843 primo
609 2771 838 2825 dilucido
866 2770 1025 2832 facto,
1072 2778 1127 2823 et
1172 2768 1373 2836 reliqua
1401 2765 1797 2837 quodammodo
1835 2758 1975 2819 dilu-

408 2842 528 2919 cida
577 2861 727 2916 ﬁunt.
777 2858 1170 2928 lnspieiendum
1214 2858 1375 2925 igitur
1402 2858 1454 2911 in
1485 2856 1732 2911 omnibus
1763 2842 1972 2920 talibus,
2004 2870 2009 2877 ·

411 2967 480 3007 ne
525 2950 810 3020 quidquam
856 2948 1120 3011 dissonet,
1166 2945 1363 3000 utendo
1409 2944 1689 3001 elementis
1734 2958 1799 2997 ex
1851 2957 1977 2996 con-

410 3039 589 3093 trariis
631 3047 684 3091 et
712 3036 1021 3105 coniugatis.
1059 3035 1321 3101 Amplius,
1352 3035 1405 3088 in
1441 3035 1523 3087 his
1550 3049 1667 3103 qua:
1690 3032 1754 3086 ad
1781 3031 1978 3101 aliqttid

411 3136 567 3191 sunt,
592 3125 1033 3181 considerandum
1059 3124 1102 3178 si
1130 3124 1195 3178 ad
1223 3123 1360 3193 quod
1388 3139 1553 3193 genus
1580 3123 1898 3192 assignatur,
1926 3129 1980 3175 et

2064 1954 2143 2007 vit
2170 1953 2321 2022 cujus
2351 1962 2435 2007 est
2468 1955 2712 2022 privatio.
2741 1953 2809 2007 Ut
2838 1953 3079 2018 habitus,
3110 1960 3201 2005 aut
3227 1951 3505 2025 contrarii,
3538 1961 3630 2002 aut

2064 2040 2424 2109 cujuscunque
2450 2050 2532 2096 est
2559 2042 2803 2109 privatio.
2836 2041 2901 2094 Et
2924 2042 2966 2094 si
2994 2056 3099 2094 non
3128 2040 3180 2093 in
3207 2055 3312 2105 quo
3339 2048 3518 2093 natum
3548 2048 3632 2093 est

2068 2134 2183 2186 ﬁeri
2214 2132 2436 2195 addidit,
2457 2134 2536 2187 vel
2565 2132 2895 2202 simpliciter,
2922 2133 3003 2187 vel
3034 2133 3087 2185 in
3118 2146 3221 2199 quo
3249 2131 3419 2198 primo
3447 2139 3629 2183 natum

2067 2233 2148 2280 est
2178 2225 2312 2279 ﬁeri.
2344 2224 2411 2280 Ut
2446 2226 2490 2278 si
2522 2226 2868 2293 ignorantiam
2895 2226 3076 2279 dicens
3116 2226 3490 2293 privationem,
3525 2236 3632 2276 non

2069 2317 2307 2371 scientiis
2339 2317 2683 2383 privationem
2710 2317 2877 2380 dixit,
2902 2325 2993 2369 aut
3018 2317 3060 2370 si
3091 2331 3193 2369 non
3220 2313 3422 2369 addidit
3450 2315 3500 2367 in
3525 2328 3634 2382 quo

2071 2416 2251 2460 natum
2293 2416 2373 2460 est
2405 2407 2552 2470 ﬁeri,
2587 2416 2677 2459 aut
2702 2407 2903 2460 addens
2932 2422 3037 2460 non
3070 2407 3121 2460 in
3149 2420 3253 2475 quo
3292 2406 3465 2474 primo
3502 2405 3637 2458 assi-

2071 2494 2277 2564 gnavit,
2311 2506 2367 2548 ut
2388 2492 2528 2564 quod
2557 2510 2659 2549 non
2687 2497 2740 2549 in
2773 2497 3051 2561 rationali,
3080 2497 3173 2551 sed
3223 2498 3275 2549 in
3301 2496 3521 2550 homine"
3546 2494 3635 2548 vel

2075 2588 2126 2639 in
2153 2586 2326 2639 anima
2352 2602 2365 2637 :
2390 2600 2511 2638 nam
2539 2585 2582 2638 si
2609 2585 2883 2653 quodlibet
2906 2586 3092 2640 horum
3118 2587 3350 2651 omittat,
3378 2584 3636 2654 peccavit.

2076 2675 2333 2729 Similiter
2362 2685 2536 2728 autem
2568 2686 2621 2729 et
2649 2677 2695 2728 εἰ
2731 2678 3020 2730 caecitatem
3053 2691 3155 2730 non
3196 2677 3341 2730 visus
3384 2676 3638 2745 privatio-

2078 2780 2196 2818 nem
2220 2767 2271 2818 in
2296 2765 2451 2820 oculo
2473 2766 2634 2830 dixit;
2663 2776 2872 2835 oportet
2897 2775 3070 2820 autem
3102 2767 3235 2819 bene
3259 2766 3638 2835 assignautem,

2077 2854 2201 2924 quid
2230 2864 2331 2920 est,
2361 2862 2415 2909 et
2439 2856 2589 2924 cujus
2615 2864 2698 2910 est
2724 2857 2947 2924 privatio
2978 2857 3281 2924 assignare,
3312 2862 3365 2909 et
3390 2855 3640 2923 quidnam

2079 2952 2161 2997 est
2194 2943 2334 3009 quod
2378 2946 2638 3013 privatum
2669 2953 2770 2997 est.
2815 2944 3107 2998 Videndum
3146 2954 3323 2997 autem
3361 2952 3414 2997 ει
3451 2943 3493 2996 si
3534 2957 3644 2996 non
3716 2976 3717 2979 η

2081 3032 2368 3085 secundum
2397 3030 2743 3099 privationem
2774 3033 2969 3086 dictum
2990 3071 3005 3096 ,
3048 3033 3344 3099 privatione
3383 3032 3643 3106 deﬁnivit.

2085 3119 2151 3173 Ut
2190 3125 2244 3173 et
2287 3120 2339 3172 in
2370 3119 2662 3187 ignorantia
2692 3119 2955 3173 videbitur
2980 3127 3097 3175 εεεε
3129 3120 3431 3188 hujusmodi
3458 3134 3645 3189 pecca-
3695 3108 3737 3154 ι’

414 3215 622 3280 species
648 3213 712 3265 ad
737 3211 863 3265 illud
891 3210 1152 3280 quoddam
1180 3211 1474 3280 assignetur
1504 3227 1520 3265 ε
1551 3221 1609 3264 ιιι
1634 3212 1679 3264 si
1707 3210 1885 3279 opinio
1913 3208 1979 3263 ad
2008 3217 2054 3278 ρ
2088 3216 2194 3260 tum
2220 3247 2234 3271 ,
2266 3207 2332 3261 iis
2356 3207 2444 3275 qui
2472 3222 2577 3261 non
2615 3208 2905 3261 secundum
2936 3210 3265 3278 negatibnem
3293 3209 3648 3277 ignorantiam

415 3302 686 3369 opinatum
707 3342 721 3365 ,
747 3308 802 3354 et
826 3299 1066 3369 quaedam
1093 3300 1273 3369 Opinio
1298 3300 1363 3354 ad
1390 3298 1653 3369 quoddam
1684 3300 1978 3367 opinatum,

412 3391 540 3445 etsi
572 3389 843 3458 multiplex
872 3388 938 3443 ad
967 3389 1273 3459 multiplex,
1303 3397 1357 3443 et
1397 3388 1666 3457 quoddam
1709 3387 1983 3455 multiplex

416 3478 483 3532 ad
510 3477 773 3545 quoddam
804 3477 1209 3545 submultiplex;
1242 3477 1283 3531 si
1313 3483 1486 3530 autem
1514 3492 1621 3530 non
1645 3476 1722 3532 sic
1748 3476 1986 3543 assigna-

417 3574 522 3630 tur,
550 3565 886 3620 manifestum
917 3564 1185 3637 quoniam
1232 3572 1500 3637 peccatur.
1556 3562 1851 3617 Videndum
1894 3577 1989 3615 au-

418 3666 525 3711 tem
552 3664 605 3711 et
630 3656 677 3709 si
701 3635 1195 3723 Oppositi‘opposita
1227 3635 1467 3708 deﬁnitio
1497 3670 1508 3703 :
1538 3660 1598 3705 ut
1624 3652 1669 3706 si
1698 3650 1901 3705 dimidii
1924 3664 1988 3705 ea

422 3744 493 3797 sit
519 3758 639 3813 quae
664 3743 907 3811 opposita
934 3750 1016 3795 est
1042 3743 1091 3795 ei
1120 3756 1238 3809 qua:
1265 3750 1348 3795 est
1386 3739 1636 3809 duplicis,
1668 3754 1790 3794 nam
1821 3743 1863 3792 si
1887 3739 1989 3793 du—

420 3834 540 3900 plex
582 3841 663 3887 est
700 3832 839 3900 quod
870 3834 922 3885 in
952 3832 1142 3899 aequali
1172 3840 1384 3899 superat
1415 3830 1712 3893 dimidium,
1746 3841 1800 3886 et
1830 3830 1992 3884 dimi-

424 3921 571 3974 dium
614 3921 754 3988 quod
794 3921 847 3972 in
876 3921 1065 3988 aequali
1094 3929 1394 3987 superatur.
1427 3921 1483 3974 In
1512 3922 1792 3976 contrariis
1817 3929 1991 3974 autem

425 4011 692 4065 similiter.
723 4009 855 4063 Nam
881 4009 1143 4063 contraria
1171 4011 1421 4063 contrarii
1450 4010 1621 4064 oratio
1654 4012 1774 4075 erit,
1810 4025 1995 4065 secun-

433 4102 560 4156 dum
596 4114 754 4155 unam
784 4101 1065 4168 quamdam
1109 4102 1530 4168 complexionem
1576 4104 1989 4167 contrariorum,

425 4199 483 4246 ut
508 4192 552 4245 si
582 4190 875 4259 adjutivum
906 4189 1118 4258 quidem
1146 4189 1447 4244 eﬁ‘ectiVum
1472 4192 1594 4245 boni
1619 4201 1724 4257 est,
1751 4193 1995 4246 nocivum

426 4278 726 4334 eﬁectivum
782 4276 944 4343 mali,
995 4286 1086 4330 aut
1138 4279 1497 4345 corruptivum
1558 4280 1715 4343 boni;
1771 4282 1996 4333 alterum

429 4370 570 4422 enim
596 4369 783 4421 borum
808 4368 1166 4422 necessarium
1190 4377 1272 4423 est
1291 4370 1615 4424 contrarium
1642 4385 1761 4424 esse
1781 4372 1829 4425 ei
1856 4370 1996 4439 quod

428 4474 492 4512 ex
535 4457 794 4526 principio
832 4449 1033 4513 dictum
1072 4466 1176 4513 est.
1220 4458 1279 4513 Si
1318 4461 1477 4527 igitur
1506 4469 1749 4514 neutrum
1781 4469 1996 4515 contra-

2087 3298 2268 3351 dicunt
2299 3315 2312 3349 :
2356 3311 2475 3353 nam
2511 3298 2652 3366 quod
2685 3313 2791 3351 non
2821 3299 2978 3353 habet
3001 3298 3275 3353 scientiam
3306 3312 3411 3352 non
3440 3298 3649 3353 videtur

2088 3388 2349 3455 ignorare,
2377 3385 2471 3440 sed
2492 3388 2657 3455 magis
2679 3386 2819 3455 quod
2842 3387 3117 3456 deceptum
3142 3395 3242 3454 est,
3268 3396 3483 3455 propter
3507 3387 3650 3456 quod

2090 3493 2260 3546 neque
2289 3478 2608 3542 inanimata,
2655 3493 2828 3546 neque
2874 3493 3065 3547 pueros
3111 3478 3335 3531 dicimus
3373 3478 3649 3546 ignorare;

2090 3582 2255 3637 quare
2278 3582 2380 3621 non
2408 3567 2697 3621 secundum
2723 3568 3068 3635 privationem
3098 3565 3331 3620 scientia:
3358 3564 3651 3634 ignorantia

2091 3656 2300 3710 dicitur.
2349 3657 2628 3724 Amplius,
2656 3656 2699 3709 si
2745 3644 3003 3710 similibus
3051 3656 3282 3709 nominis
3333 3655 3543 3707 casibus
3579 3652 3653 3707 si-

2092 3747 2245 3800 miles
2283 3747 2538 3801 orationis
2578 3761 2734 3801 casus
2764 3756 3041 3813 aptantur,
3075 3755 3133 3801 ut
3171 3747 3216 3800 si
3256 3745 3542 3814 adjutivum
3571 3752 3656 3799 est

2093 3835 2391 3890 eﬁectivum
2422 3836 2692 3901 sanitatis,
2722 3835 2953 3904 adjutive
2991 3840 3073 3888 εει
3110 3835 3352 3889 sanitatis
3380 3833 3649 3895 eﬁective,

2094 3933 2148 3977 et
2171 3924 2425 3991 adjuvans
2450 3924 2687 3978 efﬁciens
2714 3924 3010 3976 sanitatem.
3039 3921 3492 3975 Considerandum
3520 3930 3573 3975 et
3600 3922 3657 3974 in

2095 4014 2246 4076 idea,
2291 4013 2337 4065 si
2374 4014 2635 4079 aptabitur
2674 4012 2846 4065 dictus
2886 4014 3164 4065 terminus.
3194 4012 3322 4065 Nam
3357 4014 3410 4065 in
3440 4008 3669 4079 quibusa'

2094 4101 2215 4155 dam
2244 4114 2349 4153 non
2386 4101 2616 4168 accidit,
2650 4109 2707 4153 ut
2734 4100 3174 4168 quemadmodum
3204 4101 3358 4167 Plato
3383 4102 3652 4166 deﬁnivit,

2096 4192 2321 4245 mortale
2368 4191 2566 4244 addens
2613 4192 2665 4244 in
2714 4191 3020 4243 animalium
3069 4190 3501 4256 deﬁnitionibus,
3542 4190 3661 4245 idea

2097 4280 2237 4333 enim
2286 4295 2391 4332 non
2436 4280 2540 4333 erit
2585 4280 2853 4343 mortalis,
2900 4288 2957 4332 ut
2984 4278 3097 4348 ipse
3144 4278 3329 4342 homo;
3360 4294 3524 4345 quare
3554 4295 3658 4333 nou

2098 4369 2366 4436 aptabitur
2406 4368 2471 4422 ad
2517 4368 2687 4423 ideam
2735 4368 2999 4422 deﬁnitio.
3044 4368 3364 4436 Simpliciter
3401 4376 3575 4420 autem
3608 4368 3663 4422 in

2102 4457 2291 4525 quibus
2331 4457 2610 4526 apponitur
2636 4457 2933 4511 etl'ectivum
2978 4466 3069 4511 aut
3120 4457 3413 4525 passivum,
3444 4470 3661 4511 necesse

426 4548 562 4601 rium
587 4554 670 4602 est
693 4547 743 4601 ei
766 4548 907 4616 quod
935 4561 999 4601 ει
1031 4547 1290 4616 principio
1312 4549 1507 4602 dictum
1530 4557 1633 4614 est,
1658 4550 1995 4604 manifestum
2026 4558 2079 4615 D
2102 4557 2185 4600 est
2215 4547 2491 4601 dissonare
2514 4547 2564 4599 in
2592 4546 2705 4599 idea
2736 4546 3053 4610 terminum,
3082 4559 3202 4598 nam
3232 4544 3583 4613 impassibiles
3611 4553 3665 4599 et

426 4637 674 4705 quoniam
699 4643 886 4691 neutra
909 4637 1012 4689 erit
1032 4651 1213 4690 earum
1236 4638 1376 4706 (qua:
1398 4637 1663 4705 posterius
1687 4638 1991 4710 assignate)

425 4727 678 4781 contrarii
710 4727 912 4791 oratio;
946 4741 1110 4795 quare
1136 4742 1308 4795 neque
1332 4743 1454 4795 qua:
1478 4743 1542 4782 ex
1576 4730 1837 4797 principio
1866 4733 1998 4785 assi-

427 4824 579 4884 gnata
594 4823 678 4869 est
694 4814 953 4879 deﬁnitio,
974 4823 1118 4869 recte
1138 4815 1406 4884 assignata
1422 4827 1525 4871 est.
1544 4818 1800 4884 Quoniam
1822 4828 1997 4875 autem

426 4902 672 4970 quaedam
701 4902 1089 4957 contrariorum
1133 4903 1431 4971 privatione
1466 4904 1685 4959 alterius
1729 4905 1994 4972 dicuntur,

427 4998 484 5042 ut
522 4989 856 5058 inaequalitas
887 4990 1111 5058 privatio
1144 4992 1463 5060 aaqualitatis
1494 4993 1697 5047 videtur
1720 5009 1839 5048 esse
1869 4996 1888 5063 (
1914 4997 1993 5049 in-

424 5078 645 5147 aequalia
691 5078 870 5143 enim,
901 5093 1020 5147 quae
1068 5093 1176 5134 non
1222 5082 1447 5149 aequalia
1485 5094 1640 5148 sunt,
1681 5079 1990 5154 dicuntur),

425 5170 765 5236 perspicuum
815 5170 1064 5237 quoniam
1117 5169 1258 5239 quod
1309 5172 1599 5227 secundum
1646 5174 1993 5243 privationem

423 5257 640 5325 quidem
670 5258 864 5312 dicitur
888 5260 1244 5327 contrarium,
1278 5263 1637 5317 necessarium
1666 5275 1749 5319 est
1776 5265 1996 5321 deﬁnire

422 5362 517 5415 per
540 5347 763 5402 alterum
785 5391 799 5415 ,
830 5347 1093 5416 reliquum
1123 5362 1253 5402 vero
1279 5364 1384 5404 non
1406 5352 1517 5418 jam
1547 5363 1789 5421 Oportet,
1821 5371 1914 5424 per
1941 5357 1993 5421 id

422 5434 563 5500 quod
583 5434 873 5488 secundum
895 5436 1247 5503 privationem
1269 5436 1479 5494 dicitur.
1502 5439 1618 5494 Non
1641 5443 1783 5496 enim
1803 5444 1998 5499 accidit

424 5521 735 5575 alterutrum
772 5536 863 5589 per
893 5524 1205 5579 alterutrum
1239 5530 1509 5595 cognosci.
1542 5530 1997 5588 Considerandum

424 5610 585 5677 igitur
624 5610 676 5664 in
716 5611 997 5664 contrariis
1035 5613 1335 5682 huiusmodi
1375 5629 1676 5683 peccatum,
1714 5629 1768 5673 ut
1806 5622 1849 5674 si
1880 5624 1997 5689 quis

425 5698 660 5753 deﬁnivit
698 5697 1055 5766 mqualitatem
1099 5703 1422 5757 contrarium
1461 5706 1829 5774 inaequalitati,
1876 5719 1997 5764 nam

426 5802 519 5859 per
541 5788 640 5844 hoc
662 5785 803 5857 quod
823 5788 1111 5845 secundum
1136 5789 1481 5859 privationem
1506 5795 1715 5865 dicitur,
1738 5797 1992 5857 deﬁnivit.

2102 4633 2403 4688 immobiles
2447 4633 2691 4688 videntur
2720 4648 2840 4709 esse
2884 4632 3017 4686 idea:
3054 4633 3120 4687 iis
3165 4633 3254 4700 qui
3293 4632 3477 4686 dicunt
3520 4632 3665 4685 ideas

2101 4738 2253 4787 esse;
2287 4722 2570 4778 adversum
2601 4722 2698 4778 hos
2749 4731 2926 4777 autem
2957 4732 3012 4777 et
3041 4723 3171 4777 tales
3211 4723 3476 4778 orationes
3506 4721 3671 4777 utiles.

2099 4824 2243 4871 sunt.

2706 4903 2927 4959 CAPUT
2969 4905 3029 4957 V.

2553 4991 2629 5045 De
2657 4992 2946 5060 deﬁnitione
2982 4994 3081 5046 loci
3110 4994 3222 5046 alii.

2172 5083 2436 5152 Amplius,
2461 5084 2506 5138 si
2530 5096 2713 5137 eorum
2738 5098 2854 5152 quae
2880 5086 3168 5139 secundum
3193 5085 3667 5154 :equivocationem

2106 5171 2383 5238 dicuntur,
2439 5187 2599 5227 unam
2647 5172 3005 5228 deﬁnitionem
3052 5176 3289 5229 omnium
3324 5190 3665 5233 communem

2106 5263 2417 5331 assignavit.
2444 5264 2679 5319 Univoca
2723 5265 2885 5328 enim,
2911 5281 3131 5334 quorum
3153 5283 3254 5320 una
3278 5276 3360 5321 est
3377 5264 3667 5320 secundum

2105 5368 2301 5407 nomen
2330 5356 2533 5417 oratio;
2556 5370 2721 5423 quare
2751 5355 2947 5410 nullius
2969 5370 3149 5412 eorum
3181 5372 3299 5425 qua:
3325 5358 3423 5411 sub
3450 5358 3668 5411 nomine

2108 5450 2264 5510 sunt,
2297 5444 2595 5512 assignatus
2623 5452 2708 5499 εει
2736 5445 3023 5511 terminus,
3058 5461 3122 5499 eo
3154 5447 3293 5515 quod
3332 5444 3667 5501 similiterad

2108 5544 2296 5594 omne,
2325 5531 2650 5598 aequivocum
2681 5532 2978 5601 adaptatdr.
3010 5534 3201 5587 Passus
3228 5544 3404 5589 autem
3432 5534 3533 5588 hoc
3558 5543 3664 5596 est,

2107 5626 2161 5671 et
2206 5619 2443 5687 Dionysii
2492 5620 2615 5673 vitae
2659 5620 2950 5686 terminus,
2990 5621 3247 5690 siquidem
3278 5638 3339 5678 ea
3370 5633 3545 5677 motus
3583 5632 3667 5675 est

2105 5710 2285 5777 generi
2320 5693 2591 5764 nutriendi
2620 5711 2941 5781 naturaliter
2980 5712 3267 5768 inserviens
3291 5755 3307 5779 ,
3354 5714 3477 5768 nihil
3517 5715 3662 5773 enim

2108 5800 2206 5855 hoc
2235 5801 2402 5871 magis
2423 5802 2733 5857 animalibus
2758 5817 2913 5870 quam
2936 5804 3126 5872 plantis
3153 5803 3321 5871 inest;
3352 5806 3454 5859 vita
3482 5813 3662 5858 autem
