  <div class='ocr_page' id='page_1' title='image "/cluster/home/n/w/nwhite01/storage/ocr_20150623/64/hvd.32044073505265/497.png"; bbox 0 0 4248 6272; ppageno 0'>
   <div class='ocr_carea' id='block_1_1' title="bbox 588 355 690 409">
    <p class='ocr_par' dir='ltr' id='par_1_1' title="bbox 588 355 690 409">
     <span class='ocr_line' id='line_1_1' title="bbox 588 355 690 409; baseline -0.02 0"><span class='ocrx_word' id='word_1_1' title='bbox 588 355 690 409; x_wconf 64' lang='lat'><strong>583</strong></span> 
     </span>
    </p>
   </div>
   <div class='ocr_carea' id='block_1_2' title="bbox 1798 338 2613 403">
    <p class='ocr_par' dir='ltr' id='par_1_2' title="bbox 1798 338 2613 403">
     <span class='ocr_line' id='line_1_2' title="bbox 1798 338 2613 403; baseline -0.004 0"><span class='ocrx_word' id='word_1_2' title='bbox 1798 349 1909 403; x_wconf 70' lang='lat' dir='ltr'><strong>AN.</strong></span> <span class='ocrx_word' id='word_1_3' title='bbox 1953 348 2154 402; x_wconf 62' lang='lat' dir='ltr'><strong>MANL.</strong></span> <span class='ocrx_word' id='word_1_4' title='bbox 2198 338 2348 400; x_wconf 68' lang='grc' dir='ltr'><strong>διιίν.</strong></span> <span class='ocrx_word' id='word_1_5' title='bbox 2395 347 2613 401; x_wconf 80' lang='grc' dir='ltr'>ΒυΕΤΙΙ</span> 
     </span>
    </p>
   </div>
   <div class='ocr_carea' id='block_1_3' title="bbox 3739 357 3842 411">
    <p class='ocr_par' dir='ltr' id='par_1_3' title="bbox 3739 357 3842 411">
     <span class='ocr_line' id='line_1_3' title="bbox 3739 357 3842 411; baseline -0.019 0"><span class='ocrx_word' id='word_1_6' title='bbox 3739 357 3842 411; x_wconf 72' lang='grc'><strong>984</strong></span> 
     </span>
    </p>
   </div>
   <div class='ocr_carea' id='block_1_4' title="bbox 587 460 3839 532">
    <p class='ocr_par' dir='ltr' id='par_1_4' title="bbox 587 460 3839 532">
     <span class='ocr_line' id='line_1_4' title="bbox 587 460 3839 532; baseline 0 -10"><span class='ocrx_word' id='word_1_7' title='bbox 587 485 692 522; x_wconf 92' lang='lat' dir='ltr'><strong>non</strong></span> <span class='ocrx_word' id='word_1_8' title='bbox 718 468 1006 524; x_wconf 90' lang='lat' dir='ltr'><strong>secundum</strong></span> <span class='ocrx_word' id='word_1_9' title='bbox 1031 479 1187 522; x_wconf 91' lang='lat' dir='ltr'><strong>unam</strong></span> <span class='ocrx_word' id='word_1_10' title='bbox 1219 462 1450 532; x_wconf 75' lang='lat' dir='ltr'><strong>speciem</strong></span> <span class='ocrx_word' id='word_1_11' title='bbox 1478 461 1690 516; x_wconf 77' lang='lat' dir='ltr'><strong>videtur</strong></span> <span class='ocrx_word' id='word_1_12' title='bbox 1715 461 1841 527; x_wconf 88' lang='lat' dir='ltr'><strong>dici,</strong></span> <span class='ocrx_word' id='word_1_13' title='bbox 1871 462 1964 514; x_wconf 91' lang='lat' dir='ltr'><strong>sed</strong></span> <span class='ocrx_word' id='word_1_14' title='bbox 1993 463 2156 515; x_wconf 68' lang='lat' dir='ltr'><strong>altera</strong></span> <span class='ocrx_word' id='word_1_15' title='bbox 2190 470 2236 522; x_wconf 79' lang='grc' dir='ltr'>Α</span> <span class='ocrx_word' id='word_1_16' title='bbox 2267 461 2308 512; x_wconf 87' lang='lat' dir='ltr'><strong>si</strong></span> <span class='ocrx_word' id='word_1_17' title='bbox 2337 470 2390 514; x_wconf 91' lang='lat' dir='ltr'><strong>et</strong></span> <span class='ocrx_word' id='word_1_18' title='bbox 2423 475 2514 528; x_wconf 88' lang='lat' dir='ltr'><strong>per</strong></span> <span class='ocrx_word' id='word_1_19' title='bbox 2547 460 2806 529; x_wconf 74' lang='lat' dir='ltr'><strong>ignotiora</strong></span> <span class='ocrx_word' id='word_1_20' title='bbox 2840 461 3061 517; x_wconf 82' lang='lat' dir='ltr'><strong>nomina</strong></span> <span class='ocrx_word' id='word_1_21' title='bbox 3089 464 3561 522; x_wconf 87' lang='lat' dir='ltr'><strong>commutationem</strong></span> <span class='ocrx_word' id='word_1_22' title='bbox 3611 475 3790 523; x_wconf 62' lang='lat' dir='ltr'><strong>mum</strong></span> <span class='ocrx_word' id='word_1_23' title='bbox 3825 487 3839 522; x_wconf 93' lang='lat'><strong>:</strong></span> 
     </span>
    </p>
   </div>
   <div class='ocr_carea' id='block_1_5' title="bbox 587 550 2166 626">
    <p class='ocr_par' dir='ltr' id='par_1_5' title="bbox 587 550 2166 626">
     <span class='ocr_line' id='line_1_5' title="bbox 587 550 2166 626; baseline -0.003 -18"><span class='ocrx_word' id='word_1_24' title='bbox 587 559 798 626; x_wconf 81' lang='lat' dir='ltr'><strong>quidem</strong></span> <span class='ocrx_word' id='word_1_25' title='bbox 829 556 1182 621; x_wconf 78' lang='lat' dir='ltr'><strong>animalibus,</strong></span> <span class='ocrx_word' id='word_1_26' title='bbox 1233 556 1398 609; x_wconf 88' lang='lat' dir='ltr'><strong>altera</strong></span> <span class='ocrx_word' id='word_1_27' title='bbox 1449 551 1645 621; x_wconf 91' lang='lat' dir='ltr'><strong>plantis</strong></span> <span class='ocrx_word' id='word_1_28' title='bbox 1676 550 1834 605; x_wconf 87' lang='lat' dir='ltr'><strong>iitest.</strong></span> <span class='ocrx_word' id='word_1_29' title='bbox 1892 552 2166 620; x_wconf 84' lang='lat' dir='ltr'><strong>Contingit</strong></span> 
     </span>
    </p>
   </div>
   <div class='ocr_carea' id='block_1_6' title="bbox 588 642 2162 714">
    <p class='ocr_par' dir='ltr' id='par_1_6' title="bbox 588 642 2162 714">
     <span class='ocr_line' id='line_1_6' title="bbox 588 642 2162 714; baseline -0.002 -16"><span class='ocrx_word' id='word_1_30' title='bbox 588 649 743 714; x_wconf 80' lang='lat' dir='ltr'><strong>igitur</strong></span> <span class='ocrx_word' id='word_1_31' title='bbox 787 658 840 700; x_wconf 92' lang='lat' dir='ltr'><strong>et</strong></span> <span class='ocrx_word' id='word_1_32' title='bbox 885 644 1176 699; x_wconf 90' lang='lat' dir='ltr'><strong>secundum</strong></span> <span class='ocrx_word' id='word_1_33' title='bbox 1205 642 1518 698; x_wconf 90' lang='lat' dir='ltr'><strong>electionem</strong></span> <span class='ocrx_word' id='word_1_34' title='bbox 1557 642 1634 694; x_wconf 90' lang='lat' dir='ltr'><strong>sic</strong></span> <span class='ocrx_word' id='word_1_35' title='bbox 1672 643 1945 708; x_wconf 84' lang='lat' dir='ltr'><strong>assignare</strong></span> <span class='ocrx_word' id='word_1_36' title='bbox 1975 644 2162 696; x_wconf 89' lang='lat' dir='ltr'><strong>termi-</strong></span> 
     </span>
    </p>
   </div>
   <div class='ocr_carea' id='block_1_7' title="bbox 586 732 2160 802">
    <p class='ocr_par' dir='ltr' id='par_1_7' title="bbox 586 732 2160 802">
     <span class='ocr_line' id='line_1_7' title="bbox 586 732 2160 802; baseline 0.001 -15"><span class='ocrx_word' id='word_1_37' title='bbox 586 752 708 787; x_wconf 88' lang='lat' dir='ltr'><strong>num</strong></span> <span class='ocrx_word' id='word_1_38' title='bbox 734 773 748 796; x_wconf 91' lang='lat'><strong>,</strong></span> <span class='ocrx_word' id='word_1_39' title='bbox 799 749 862 788; x_wconf 89' lang='lat' dir='ltr'><strong>ae</strong></span> <span class='ocrx_word' id='word_1_40' title='bbox 910 735 954 788; x_wconf 79' lang='lat' dir='ltr'><strong>si</strong></span> <span class='ocrx_word' id='word_1_41' title='bbox 1005 735 1268 798; x_wconf 88' lang='lat' dir='ltr'><strong>univoca,</strong></span> <span class='ocrx_word' id='word_1_42' title='bbox 1301 740 1355 786; x_wconf 92' lang='lat' dir='ltr'><strong>et</strong></span> <span class='ocrx_word' id='word_1_43' title='bbox 1396 732 1686 786; x_wconf 89' lang='lat' dir='ltr'><strong>secundum</strong></span> <span class='ocrx_word' id='word_1_44' title='bbox 1726 749 1883 786; x_wconf 92' lang='lat' dir='ltr'><strong>unam</strong></span> <span class='ocrx_word' id='word_1_45' title='bbox 1928 735 2160 802; x_wconf 76' lang='lat' dir='ltr'><strong>speciem</strong></span> 
     </span>
    </p>
   </div>
   <div class='ocr_carea' id='block_1_8' title="bbox 583 821 2160 890">
    <p class='ocr_par' dir='ltr' id='par_1_8' title="bbox 583 821 2160 890">
     <span class='ocr_line' id='line_1_8' title="bbox 583 821 2160 890; baseline 0 -14"><span class='ocrx_word' id='word_1_46' title='bbox 583 825 756 876; x_wconf 87' lang='lat' dir='ltr'><strong>omnis</strong></span> <span class='ocrx_word' id='word_1_47' title='bbox 785 825 890 878; x_wconf 88' lang='lat' dir='ltr'><strong>vita</strong></span> <span class='ocrx_word' id='word_1_48' title='bbox 939 824 1220 878; x_wconf 84' lang='lat' dir='ltr'><strong>diceretur.</strong></span> <span class='ocrx_word' id='word_1_49' title='bbox 1273 821 1414 875; x_wconf 84' lang='lat' dir='ltr'><strong>Nihil</strong></span> <span class='ocrx_word' id='word_1_50' title='bbox 1443 831 1619 875; x_wconf 93' lang='lat' dir='ltr'><strong>autem</strong></span> <span class='ocrx_word' id='word_1_51' title='bbox 1650 825 1896 890; x_wconf 81' lang='lat' dir='ltr'><strong>prohibet</strong></span> <span class='ocrx_word' id='word_1_52' title='bbox 1936 833 1989 879; x_wconf 93' lang='lat' dir='ltr'><strong>et</strong></span> <span class='ocrx_word' id='word_1_53' title='bbox 2037 839 2160 879; x_wconf 87' lang='lat' dir='ltr'><strong>eum</strong></span> 
     </span>
    </p>
   </div>
   <div class='ocr_carea' id='block_1_9' title="bbox 581 913 2160 984">
    <p class='ocr_par' dir='ltr' id='par_1_9' title="bbox 581 913 2160 984">
     <span class='ocr_line' id='line_1_9' title="bbox 581 913 2160 984; baseline 0.004 -20"><span class='ocrx_word' id='word_1_54' title='bbox 581 916 669 981; x_wconf 85' lang='lat' dir='ltr'><strong>qui</strong></span> <span class='ocrx_word' id='word_1_55' title='bbox 706 916 965 984; x_wconf 79' lang='lat' dir='ltr'><strong>conspicit</strong></span> <span class='ocrx_word' id='word_1_56' title='bbox 991 913 1466 984; x_wconf 79' lang='lat' dir='ltr'><strong>:equivocationem</strong></span> <span class='ocrx_word' id='word_1_57' title='bbox 1493 959 1506 980; x_wconf 91' lang='lat'><strong>,</strong></span> <span class='ocrx_word' id='word_1_58' title='bbox 1539 924 1590 968; x_wconf 95' lang='lat' dir='ltr'><strong>et</strong></span> <span class='ocrx_word' id='word_1_59' title='bbox 1635 915 1851 970; x_wconf 75' lang='lat' dir='ltr'><strong>alterius</strong></span> <span class='ocrx_word' id='word_1_60' title='bbox 1891 917 2004 970; x_wconf 91' lang='lat' dir='ltr'><strong>vult</strong></span> <span class='ocrx_word' id='word_1_61' title='bbox 2031 917 2160 971; x_wconf 69' lang='lat' dir='ltr'><strong>deli-</strong></span> 
     </span>
    </p>
   </div>
   <div class='ocr_carea' id='block_1_10' title="bbox 581 1005 2161 1074">
    <p class='ocr_par' dir='ltr' id='par_1_10' title="bbox 581 1005 2161 1074">
     <span class='ocr_line' id='line_1_10' title="bbox 581 1005 2161 1074; baseline 0.004 -16"><span class='ocrx_word' id='word_1_62' title='bbox 581 1006 838 1059; x_wconf 87' lang='lat' dir='ltr'><strong>nitionem</strong></span> <span class='ocrx_word' id='word_1_63' title='bbox 871 1005 1174 1074; x_wconf 87' lang='lat' dir='ltr'><strong>assignare,</strong></span> <span class='ocrx_word' id='word_1_64' title='bbox 1205 1005 1373 1058; x_wconf 83' lang='lat' dir='ltr'><strong>latere</strong></span> <span class='ocrx_word' id='word_1_65' title='bbox 1399 1020 1502 1058; x_wconf 91' lang='lat' dir='ltr'><strong>non</strong></span> <span class='ocrx_word' id='word_1_66' title='bbox 1535 1007 1802 1073; x_wconf 76' lang='lat' dir='ltr'><strong>propriam</strong></span> <span class='ocrx_word' id='word_1_67' title='bbox 1829 1048 1842 1071; x_wconf 94' lang='lat'><strong>,</strong></span> <span class='ocrx_word' id='word_1_68' title='bbox 1877 1008 1970 1062; x_wconf 89' lang='lat' dir='ltr'><strong>sed</strong></span> <span class='ocrx_word' id='word_1_69' title='bbox 2013 1023 2161 1064; x_wconf 88' lang='lat' dir='ltr'><strong>com-</strong></span> 
     </span>
    </p>
   </div>
   <div class='ocr_carea' id='block_1_11' title="bbox 583 1095 2158 1164">
    <p class='ocr_par' dir='ltr' id='par_1_11' title="bbox 583 1095 2158 1164">
     <span class='ocr_line' id='line_1_11' title="bbox 583 1095 2158 1164; baseline 0.004 -18"><span class='ocrx_word' id='word_1_70' title='bbox 583 1111 798 1150; x_wconf 86' lang='lat' dir='ltr'><strong>munem</strong></span> <span class='ocrx_word' id='word_1_71' title='bbox 860 1096 1100 1163; x_wconf 70' lang='lat' dir='ltr'><strong>utrisqne</strong></span> <span class='ocrx_word' id='word_1_72' title='bbox 1148 1095 1446 1149; x_wconf 90' lang='lat' dir='ltr'><strong>orationem</strong></span> <span class='ocrx_word' id='word_1_73' title='bbox 1512 1096 1785 1164; x_wconf 87' lang='lat' dir='ltr'><strong>assignare</strong></span> <span class='ocrx_word' id='word_1_74' title='bbox 1816 1138 1832 1161; x_wconf 91' lang='lat'><strong>,</strong></span> <span class='ocrx_word' id='word_1_75' title='bbox 1882 1097 1973 1152; x_wconf 91' lang='lat' dir='ltr'><strong>sed</strong></span> <span class='ocrx_word' id='word_1_76' title='bbox 2028 1100 2158 1154; x_wconf 86' lang='lat' dir='ltr'><strong>nihil</strong></span> 
     </span>
    </p>
   </div>
   <div class='ocr_carea' id='block_1_12' title="bbox 581 1184 2157 1258">
    <p class='ocr_par' dir='ltr' id='par_1_12' title="bbox 581 1184 2157 1258">
     <span class='ocr_line' id='line_1_12' title="bbox 581 1184 2157 1258; baseline 0.005 -22"><span class='ocrx_word' id='word_1_77' title='bbox 581 1187 760 1239; x_wconf 89' lang='lat' dir='ltr'><strong>minus</strong></span> <span class='ocrx_word' id='word_1_78' title='bbox 797 1185 842 1238; x_wconf 91' lang='lat' dir='ltr'><strong>si</strong></span> <span class='ocrx_word' id='word_1_79' title='bbox 888 1185 1089 1238; x_wconf 89' lang='lat' dir='ltr'><strong>utrovis</strong></span> <span class='ocrx_word' id='word_1_80' title='bbox 1121 1184 1279 1238; x_wconf 93' lang='lat' dir='ltr'><strong>modo</strong></span> <span class='ocrx_word' id='word_1_81' title='bbox 1324 1185 1538 1249; x_wconf 80' lang='lat' dir='ltr'><strong>iecerit,</strong></span> <span class='ocrx_word' id='word_1_82' title='bbox 1568 1185 1827 1254; x_wconf 80' lang='lat' dir='ltr'><strong>peccavit.</strong></span> <span class='ocrx_word' id='word_1_83' title='bbox 1873 1187 2157 1258; x_wconf 85' lang='lat' dir='ltr'><strong>Postquam</strong></span> 
     </span>
    </p>
   </div>
   <div class='ocr_carea' id='block_1_13' title="bbox 580 1276 2157 1346">
    <p class='ocr_par' dir='ltr' id='par_1_13' title="bbox 580 1276 2157 1346">
     <span class='ocr_line' id='line_1_13' title="bbox 580 1276 2157 1346; baseline 0.003 -19"><span class='ocrx_word' id='word_1_84' title='bbox 580 1285 757 1328; x_wconf 64' lang='lat' dir='ltr'><strong>autem</strong></span> <span class='ocrx_word' id='word_1_85' title='bbox 793 1276 1034 1344; x_wconf 59' lang='lat' dir='ltr'><strong>quasdam</strong></span> <span class='ocrx_word' id='word_1_86' title='bbox 1087 1277 1254 1330; x_wconf 85' lang='lat' dir='ltr'><strong>latent</strong></span> <span class='ocrx_word' id='word_1_87' title='bbox 1303 1277 1701 1344; x_wconf 69' lang='lat' dir='ltr'><strong>mquivncorum</strong></span> <span class='ocrx_word' id='word_1_88' title='bbox 1734 1317 1749 1342; x_wconf 89' lang='lat'><strong>,</strong></span> <span class='ocrx_word' id='word_1_89' title='bbox 1811 1276 2157 1346; x_wconf 76' lang='lat' dir='ltr'><strong>interroganti</strong></span> 
     </span>
    </p>
   </div>
   <div class='ocr_carea' id='block_1_14' title="bbox 579 1365 2160 1434">
    <p class='ocr_par' dir='ltr' id='par_1_14' title="bbox 579 1365 2160 1434">
     <span class='ocr_line' id='line_1_14' title="bbox 579 1365 2160 1434; baseline 0.004 -18"><span class='ocrx_word' id='word_1_90' title='bbox 579 1365 793 1430; x_wconf 83' lang='lat' dir='ltr'><strong>quidem</strong></span> <span class='ocrx_word' id='word_1_91' title='bbox 825 1375 883 1419; x_wconf 91' lang='lat' dir='ltr'><strong>ut</strong></span> <span class='ocrx_word' id='word_1_92' title='bbox 913 1365 1153 1420; x_wconf 88' lang='lat' dir='ltr'><strong>univocis</strong></span> <span class='ocrx_word' id='word_1_93' title='bbox 1186 1366 1463 1420; x_wconf 90' lang='lat' dir='ltr'><strong>utendum.</strong></span> <span class='ocrx_word' id='word_1_94' title='bbox 1499 1366 1626 1420; x_wconf 82' lang='lat' dir='ltr'><strong>Nam</strong></span> <span class='ocrx_word' id='word_1_95' title='bbox 1669 1381 1774 1420; x_wconf 93' lang='lat' dir='ltr'><strong>non</strong></span> <span class='ocrx_word' id='word_1_96' title='bbox 1819 1367 2160 1434; x_wconf 89' lang='lat' dir='ltr'><strong>adaptabitur</strong></span> 
     </span>
    </p>
   </div>
   <div class='ocr_carea' id='block_1_15' title="bbox 579 1455 2157 1523">
    <p class='ocr_par' dir='ltr' id='par_1_15' title="bbox 579 1455 2157 1523">
     <span class='ocr_line' id='line_1_15' title="bbox 579 1455 2157 1523; baseline 0.003 -16"><span class='ocrx_word' id='word_1_97' title='bbox 579 1455 800 1507; x_wconf 75' lang='lat' dir='ltr'><strong>alterius</strong></span> <span class='ocrx_word' id='word_1_98' title='bbox 849 1455 1105 1509; x_wconf 86' lang='lat' dir='ltr'><strong>terminus</strong></span> <span class='ocrx_word' id='word_1_99' title='bbox 1137 1455 1201 1509; x_wconf 93' lang='lat' dir='ltr'><strong>ad</strong></span> <span class='ocrx_word' id='word_1_100' title='bbox 1248 1456 1508 1520; x_wconf 89' lang='lat' dir='ltr'><strong>alterum,</strong></span> <span class='ocrx_word' id='word_1_101' title='bbox 1560 1471 1722 1523; x_wconf 91' lang='lat' dir='ltr'><strong>quare</strong></span> <span class='ocrx_word' id='word_1_102' title='bbox 1757 1456 2019 1510; x_wconf 83' lang='lat' dir='ltr'><strong>videbitur</strong></span> <span class='ocrx_word' id='word_1_103' title='bbox 2053 1472 2157 1512; x_wconf 91' lang='lat' dir='ltr'><strong>non</strong></span> 
     </span>
    </p>
   </div>
   <div class='ocr_carea' id='block_1_16' title="bbox 579 1545 2159 1614">
    <p class='ocr_par' dir='ltr' id='par_1_16' title="bbox 579 1545 2159 1614">
     <span class='ocr_line' id='line_1_16' title="bbox 579 1545 2159 1614; baseline 0.003 -17"><span class='ocrx_word' id='word_1_104' title='bbox 579 1545 1011 1614; x_wconf 82' lang='lat' dir='ltr'><strong>distinguendum</strong></span> <span class='ocrx_word' id='word_1_105' title='bbox 1065 1546 1164 1600; x_wconf 91' lang='lat' dir='ltr'><strong>hoc</strong></span> <span class='ocrx_word' id='word_1_106' title='bbox 1223 1554 1411 1614; x_wconf 88' lang='lat' dir='ltr'><strong>pacto,</strong></span> <span class='ocrx_word' id='word_1_107' title='bbox 1467 1554 1676 1614; x_wconf 88' lang='lat' dir='ltr'><strong>oportet</strong></span> <span class='ocrx_word' id='word_1_108' title='bbox 1719 1546 1860 1600; x_wconf 90' lang='lat' dir='ltr'><strong>enim</strong></span> <span class='ocrx_word' id='word_1_109' title='bbox 1907 1547 1958 1600; x_wconf 91' lang='lat' dir='ltr'><strong>in</strong></span> <span class='ocrx_word' id='word_1_110' title='bbox 1999 1561 2159 1602; x_wconf 92' lang='lat' dir='ltr'><strong>omne</strong></span> 
     </span>
    </p>
   </div>
   <div class='ocr_carea' id='block_1_17' title="bbox 584 1633 2160 1702">
    <p class='ocr_par' dir='ltr' id='par_1_17' title="bbox 584 1633 2160 1702">
     <span class='ocr_line' id='line_1_17' title="bbox 584 1633 2160 1702; baseline 0.003 -16"><span class='ocrx_word' id='word_1_111' title='bbox 584 1636 866 1688; x_wconf 84' lang='lat' dir='ltr'><strong>univocum</strong></span> <span class='ocrx_word' id='word_1_112' title='bbox 899 1634 1168 1702; x_wconf 89' lang='lat' dir='ltr'><strong>adaptari,</strong></span> <span class='ocrx_word' id='word_1_113' title='bbox 1212 1633 1387 1687; x_wconf 91' lang='lat' dir='ltr'><strong>eidem</strong></span> <span class='ocrx_word' id='word_1_114' title='bbox 1420 1643 1595 1686; x_wconf 90' lang='lat' dir='ltr'><strong>autem</strong></span> <span class='ocrx_word' id='word_1_115' title='bbox 1627 1634 1968 1702; x_wconf 89' lang='lat' dir='ltr'><strong>respondenti</strong></span> <span class='ocrx_word' id='word_1_116' title='bbox 1992 1678 2006 1697; x_wconf 86' lang='lat'><strong>,</strong></span> <span class='ocrx_word' id='word_1_117' title='bbox 2048 1636 2160 1690; x_wconf 90' lang='lat' dir='ltr'><strong>dis-</strong></span> 
     </span>
    </p>
   </div>
   <div class='ocr_carea' id='block_1_18' title="bbox 581 1723 2158 1796">
    <p class='ocr_par' dir='ltr' id='par_1_18' title="bbox 581 1723 2158 1796">
     <span class='ocr_line' id='line_1_18' title="bbox 581 1723 2158 1796; baseline 0.001 -18"><span class='ocrx_word' id='word_1_118' title='bbox 581 1726 927 1796; x_wconf 86' lang='lat' dir='ltr'><strong>tinguendum</strong></span> <span class='ocrx_word' id='word_1_119' title='bbox 980 1733 1082 1779; x_wconf 89' lang='lat' dir='ltr'><strong>est.</strong></span> <span class='ocrx_word' id='word_1_120' title='bbox 1133 1723 1396 1790; x_wconf 87' lang='lat' dir='ltr'><strong>Quoniam</strong></span> <span class='ocrx_word' id='word_1_121' title='bbox 1454 1733 1631 1777; x_wconf 86' lang='lat' dir='ltr'><strong>autem</strong></span> <span class='ocrx_word' id='word_1_122' title='bbox 1678 1724 2158 1793; x_wconf 84' lang='lat' dir='ltr'><strong>quidam-reSpon-</strong></span> 
     </span>
    </p>
   </div>
   <div class='ocr_carea' id='block_1_19' title="bbox 2271 550 3843 626">
    <p class='ocr_par' dir='ltr' id='par_1_19' title="bbox 2271 550 3843 626">
     <span class='ocr_line' id='line_1_19' title="bbox 2271 550 3843 626; baseline 0.006 -24"><span class='ocrx_word' id='word_1_123' title='bbox 2271 559 2327 602; x_wconf 91' lang='lat' dir='ltr'><strong>ut</strong></span> <span class='ocrx_word' id='word_1_124' title='bbox 2377 564 2474 616; x_wconf 82' lang='lat' dir='ltr'><strong>pro</strong></span> <span class='ocrx_word' id='word_1_125' title='bbox 2503 551 2718 604; x_wconf 90' lang='lat' dir='ltr'><strong>homine</strong></span> <span class='ocrx_word' id='word_1_126' title='bbox 2743 550 2887 614; x_wconf 90' lang='lat' dir='ltr'><strong>albo,</strong></span> <span class='ocrx_word' id='word_1_127' title='bbox 2926 552 3246 622; x_wconf 91' lang='lat' dir='ltr'><strong>terrigenam</strong></span> <span class='ocrx_word' id='word_1_128' title='bbox 3275 554 3622 620; x_wconf 89' lang='lat' dir='ltr'><strong>candentem;</strong></span> <span class='ocrx_word' id='word_1_129' title='bbox 3669 556 3843 626; x_wconf 86' lang='lat' dir='ltr'><strong>neque</strong></span> 
     </span>
    </p>
   </div>
   <div class='ocr_carea' id='block_1_20' title="bbox 2272 639 3844 712">
    <p class='ocr_par' dir='ltr' id='par_1_20' title="bbox 2272 639 3844 712">
     <span class='ocr_line' id='line_1_20' title="bbox 2272 639 3844 712; baseline 0.008 -22"><span class='ocrx_word' id='word_1_130' title='bbox 2272 639 2414 691; x_wconf 92' lang='lat' dir='ltr'><strong>enim</strong></span> <span class='ocrx_word' id='word_1_131' title='bbox 2445 639 2701 704; x_wconf 77' lang='lat' dir='ltr'><strong>definivit,</strong></span> <span class='ocrx_word' id='word_1_132' title='bbox 2744 655 2863 693; x_wconf 87' lang='lat' dir='ltr'><strong>eum</strong></span> <span class='ocrx_word' id='word_1_133' title='bbox 2897 641 3074 696; x_wconf 90' lang='lat' dir='ltr'><strong>minus</strong></span> <span class='ocrx_word' id='word_1_134' title='bbox 3104 643 3173 697; x_wconf 91' lang='lat' dir='ltr'><strong>sit</strong></span> <span class='ocrx_word' id='word_1_135' title='bbox 3195 645 3395 699; x_wconf 90' lang='lat' dir='ltr'><strong>clarum</strong></span> <span class='ocrx_word' id='word_1_136' title='bbox 3427 648 3566 712; x_wconf 89' lang='lat' dir='ltr'><strong>quod</strong></span> <span class='ocrx_word' id='word_1_137' title='bbox 3596 648 3671 701; x_wconf 88' lang='lat' dir='ltr'><strong>sic</strong></span> <span class='ocrx_word' id='word_1_138' title='bbox 3711 648 3844 703; x_wconf 78' lang='lat' dir='ltr'><strong>dici-</strong></span> 
     </span>
    </p>
   </div>
   <div class='ocr_carea' id='block_1_21' title="bbox 2270 729 3838 803">
    <p class='ocr_par' dir='ltr' id='par_1_21' title="bbox 2270 729 3838 803">
     <span class='ocr_line' id='line_1_21' title="bbox 2270 729 3838 803; baseline 0.008 -23"><span class='ocrx_word' id='word_1_139' title='bbox 2270 737 2374 782; x_wconf 92' lang='lat' dir='ltr'><strong>tur.</strong></span> <span class='ocrx_word' id='word_1_140' title='bbox 2401 729 2858 784; x_wconf 86' lang='lat' dir='ltr'><strong>Considerandum</strong></span> <span class='ocrx_word' id='word_1_141' title='bbox 2890 741 3068 785; x_wconf 92' lang='lat' dir='ltr'><strong>autem</strong></span> <span class='ocrx_word' id='word_1_142' title='bbox 3099 742 3152 786; x_wconf 90' lang='lat' dir='ltr'><strong>et</strong></span> <span class='ocrx_word' id='word_1_143' title='bbox 3182 735 3225 785; x_wconf 95' lang='lat' dir='ltr'><strong>si</strong></span> <span class='ocrx_word' id='word_1_144' title='bbox 3250 750 3346 803; x_wconf 91' lang='lat' dir='ltr'><strong>per</strong></span> <span class='ocrx_word' id='word_1_145' title='bbox 3370 738 3838 793; x_wconf 72' lang='lat' dir='ltr'><strong>commutationem</strong></span> 
     </span>
    </p>
   </div>
   <div class='ocr_carea' id='block_1_22' title="bbox 2266 821 3840 895">
    <p class='ocr_par' dir='ltr' id='par_1_22' title="bbox 2266 821 3840 895">
     <span class='ocr_line' id='line_1_22' title="bbox 2266 821 3840 895; baseline 0.006 -22"><span class='ocrx_word' id='word_1_146' title='bbox 2266 821 2539 874; x_wconf 90' lang='lat' dir='ltr'><strong>nominum</strong></span> <span class='ocrx_word' id='word_1_147' title='bbox 2565 861 2578 884; x_wconf 92' lang='lat'><strong>,</strong></span> <span class='ocrx_word' id='word_1_148' title='bbox 2611 836 2714 874; x_wconf 92' lang='lat' dir='ltr'><strong>non</strong></span> <span class='ocrx_word' id='word_1_149' title='bbox 2747 821 2885 876; x_wconf 92' lang='lat' dir='ltr'><strong>idem</strong></span> <span class='ocrx_word' id='word_1_150' title='bbox 2912 823 3022 892; x_wconf 89' lang='lat' dir='ltr'><strong>jam</strong></span> <span class='ocrx_word' id='word_1_151' title='bbox 3053 824 3338 892; x_wconf 88' lang='lat' dir='ltr'><strong>signiﬁcat.</strong></span> <span class='ocrx_word' id='word_1_152' title='bbox 3373 825 3441 881; x_wconf 88' lang='lat' dir='ltr'><strong>Ut</strong></span> <span class='ocrx_word' id='word_1_153' title='bbox 3477 828 3568 895; x_wconf 91' lang='lat' dir='ltr'><strong>qui</strong></span> <span class='ocrx_word' id='word_1_154' title='bbox 3597 839 3840 882; x_wconf 88' lang='lat' dir='ltr'><strong>contem-</strong></span> 
     </span>
    </p>
   </div>
   <div class='ocr_carea' id='block_1_23' title="bbox 2263 906 3839 987">
    <p class='ocr_par' dir='ltr' id='par_1_23' title="bbox 2263 906 3839 987">
     <span class='ocr_line' id='line_1_23' title="bbox 2263 906 3839 987; baseline 0.005 -21"><span class='ocrx_word' id='word_1_155' title='bbox 2263 913 2515 982; x_wconf 86' lang='lat' dir='ltr'><strong>plativam</strong></span> <span class='ocrx_word' id='word_1_156' title='bbox 2585 915 2908 979; x_wconf 88' lang='lat' dir='ltr'><strong>scientiam,</strong></span> <span class='ocrx_word' id='word_1_157' title='bbox 2986 915 3296 984; x_wconf 89' lang='lat' dir='ltr'><strong>opinionem</strong></span> <span class='ocrx_word' id='word_1_158' title='bbox 3367 906 3839 987; x_wconf 84' lang='lat' dir='ltr'><strong>cOntemplativam</strong></span> 
     </span>
    </p>
   </div>
   <div class='ocr_carea' id='block_1_24' title="bbox 2263 998 3840 1079">
    <p class='ocr_par' dir='ltr' id='par_1_24' title="bbox 2263 998 3840 1079">
     <span class='ocr_line' id='line_1_24' title="bbox 2263 998 3840 1079; baseline 0.003 -21"><span class='ocrx_word' id='word_1_159' title='bbox 2263 1004 2425 1068; x_wconf 80' lang='lat' dir='ltr'><strong>dixit;</strong></span> <span class='ocrx_word' id='word_1_160' title='bbox 2459 1018 2580 1058; x_wconf 92' lang='lat' dir='ltr'><strong>nam</strong></span> <span class='ocrx_word' id='word_1_161' title='bbox 2629 998 2812 1070; x_wconf 88' lang='lat' dir='ltr'><strong>Opinio</strong></span> <span class='ocrx_word' id='word_1_162' title='bbox 2845 1005 3084 1060; x_wconf 66' lang='lat' dir='ltr'><strong>scientiae</strong></span> <span class='ocrx_word' id='word_1_163' title='bbox 3116 1021 3220 1060; x_wconf 91' lang='lat' dir='ltr'><strong>non</strong></span> <span class='ocrx_word' id='word_1_164' title='bbox 3251 1007 3391 1061; x_wconf 81' lang='lat' dir='ltr'><strong>idem</strong></span> <span class='ocrx_word' id='word_1_165' title='bbox 3420 1008 3499 1079; x_wconf 88' lang='lat' dir='ltr'><strong>(at</strong></span> <span class='ocrx_word' id='word_1_166' title='bbox 3522 1019 3764 1076; x_wconf 84' lang='lat' dir='ltr'><strong>Oportet,</strong></span> <span class='ocrx_word' id='word_1_167' title='bbox 3795 1010 3840 1063; x_wconf 95' lang='lat' dir='ltr'><strong>si</strong></span> 
     </span>
    </p>
   </div>
   <div class='ocr_carea' id='block_1_25' title="bbox 2263 1095 3839 1167">
    <p class='ocr_par' dir='ltr' id='par_1_25' title="bbox 2263 1095 3839 1167">
     <span class='ocr_line' id='line_1_25' title="bbox 2263 1095 3839 1167; baseline 0.001 -16"><span class='ocrx_word' id='word_1_168' title='bbox 2263 1097 2445 1162; x_wconf 85' lang='lat' dir='ltr'><strong>debet,</strong></span> <span class='ocrx_word' id='word_1_169' title='bbox 2489 1105 2544 1151; x_wconf 90' lang='lat' dir='ltr'><strong>et</strong></span> <span class='ocrx_word' id='word_1_170' title='bbox 2597 1104 2765 1149; x_wconf 91' lang='lat' dir='ltr'><strong>totum</strong></span> <span class='ocrx_word' id='word_1_171' title='bbox 2805 1095 2942 1149; x_wconf 91' lang='lat' dir='ltr'><strong>idem</strong></span> <span class='ocrx_word' id='word_1_172' title='bbox 2974 1095 3145 1164; x_wconf 92' lang='lat' dir='ltr'><strong>esse);</strong></span> <span class='ocrx_word' id='word_1_173' title='bbox 3195 1111 3315 1150; x_wconf 91' lang='lat' dir='ltr'><strong>nam</strong></span> <span class='ocrx_word' id='word_1_174' title='bbox 3362 1098 3839 1167; x_wconf 89' lang='lat' dir='ltr'><strong>cOntemplativum</strong></span> 
     </span>
    </p>
   </div>
   <div class='ocr_carea' id='block_1_26' title="bbox 2261 1185 3838 1257">
    <p class='ocr_par' dir='ltr' id='par_1_26' title="bbox 2261 1185 3838 1257">
     <span class='ocr_line' id='line_1_26' title="bbox 2261 1185 3838 1257; baseline 0.001 -17"><span class='ocrx_word' id='word_1_175' title='bbox 2261 1187 2478 1257; x_wconf 89' lang='lat' dir='ltr'><strong>quidem</strong></span> <span class='ocrx_word' id='word_1_176' title='bbox 2523 1201 2807 1240; x_wconf 91' lang='lat' dir='ltr'><strong>commune</strong></span> <span class='ocrx_word' id='word_1_177' title='bbox 2856 1185 2908 1240; x_wconf 92' lang='lat' dir='ltr'><strong>in</strong></span> <span class='ocrx_word' id='word_1_178' title='bbox 2937 1187 3177 1254; x_wconf 90' lang='lat' dir='ltr'><strong>utrisque</strong></span> <span class='ocrx_word' id='word_1_179' title='bbox 3203 1187 3534 1240; x_wconf 85' lang='lat' dir='ltr'><strong>orationibus</strong></span> <span class='ocrx_word' id='word_1_180' title='bbox 3562 1196 3674 1252; x_wconf 90' lang='lat' dir='ltr'><strong>est,</strong></span> <span class='ocrx_word' id='word_1_181' title='bbox 3705 1189 3838 1243; x_wconf 86' lang='lat' dir='ltr'><strong>reli-</strong></span> 
     </span>
    </p>
   </div>
   <div class='ocr_carea' id='block_1_27' title="bbox 2261 1278 3836 1348">
    <p class='ocr_par' dir='ltr' id='par_1_27' title="bbox 2261 1278 3836 1348">
     <span class='ocr_line' id='line_1_27' title="bbox 2261 1278 3836 1348; baseline 0.001 -17"><span class='ocrx_word' id='word_1_182' title='bbox 2261 1295 2423 1348; x_wconf 90' lang='lat' dir='ltr'><strong>quum</strong></span> <span class='ocrx_word' id='word_1_183' title='bbox 2454 1294 2585 1332; x_wconf 90' lang='lat' dir='ltr'><strong>vero</strong></span> <span class='ocrx_word' id='word_1_184' title='bbox 2611 1278 2884 1332; x_wconf 82' lang='lat' dir='ltr'><strong>dill’erens.</strong></span> <span class='ocrx_word' id='word_1_185' title='bbox 2918 1278 3162 1347; x_wconf 84' lang='lat' dir='ltr'><strong>Amplius</strong></span> <span class='ocrx_word' id='word_1_186' title='bbox 3184 1322 3198 1347; x_wconf 90' lang='lat'><strong>,</strong></span> <span class='ocrx_word' id='word_1_187' title='bbox 3228 1279 3270 1332; x_wconf 89' lang='lat' dir='ltr'><strong>si</strong></span> <span class='ocrx_word' id='word_1_188' title='bbox 3301 1278 3520 1331; x_wconf 87' lang='lat' dir='ltr'><strong>alterius</strong></span> <span class='ocrx_word' id='word_1_189' title='bbox 3560 1281 3836 1332; x_wconf 87' lang='lat' dir='ltr'><strong>nominum</strong></span> 
     </span>
    </p>
   </div>
   <div class='ocr_carea' id='block_1_28' title="bbox 2262 1370 3838 1439">
    <p class='ocr_par' dir='ltr' id='par_1_28' title="bbox 2262 1370 3838 1439">
     <span class='ocr_line' id='line_1_28' title="bbox 2262 1370 3838 1439; baseline 0 -14"><span class='ocrx_word' id='word_1_190' title='bbox 2262 1371 2737 1425; x_wconf 86' lang='lat' dir='ltr'><strong>commutationem</strong></span> <span class='ocrx_word' id='word_1_191' title='bbox 2765 1370 2986 1432; x_wconf 82' lang='lat' dir='ltr'><strong>iaciens,</strong></span> <span class='ocrx_word' id='word_1_192' title='bbox 3013 1386 3118 1423; x_wconf 90' lang='lat' dir='ltr'><strong>non</strong></span> <span class='ocrx_word' id='word_1_193' title='bbox 3145 1370 3482 1434; x_wconf 67' lang='lat' dir='ltr'><strong>dﬁerentiaz,</strong></span> <span class='ocrx_word' id='word_1_194' title='bbox 3507 1370 3598 1424; x_wconf 90' lang='lat' dir='ltr'><strong>sed</strong></span> <span class='ocrx_word' id='word_1_195' title='bbox 3626 1371 3838 1439; x_wconf 81' lang='lat' dir='ltr'><strong>generis</strong></span> 
     </span>
    </p>
   </div>
   <div class='ocr_carea' id='block_1_29' title="bbox 2260 1460 3836 1529">
    <p class='ocr_par' dir='ltr' id='par_1_29' title="bbox 2260 1460 3836 1529">
     <span class='ocr_line' id='line_1_29' title="bbox 2260 1460 3836 1529; baseline 0.002 -15"><span class='ocrx_word' id='word_1_196' title='bbox 2260 1461 2736 1515; x_wconf 90' lang='lat' dir='ltr'><strong>commutationem</strong></span> <span class='ocrx_word' id='word_1_197' title='bbox 2770 1460 2896 1514; x_wconf 84' lang='lat' dir='ltr'><strong>fecit</strong></span> <span class='ocrx_word' id='word_1_198' title='bbox 2941 1478 2953 1512; x_wconf 89' lang='lat'>:</span> <span class='ocrx_word' id='word_1_199' title='bbox 2989 1468 3049 1513; x_wconf 90' lang='lat' dir='ltr'><strong>ut</strong></span> <span class='ocrx_word' id='word_1_200' title='bbox 3078 1460 3131 1513; x_wconf 92' lang='lat' dir='ltr'><strong>in</strong></span> <span class='ocrx_word' id='word_1_201' title='bbox 3169 1475 3234 1514; x_wconf 84' lang='lat' dir='ltr'><strong>eo</strong></span> <span class='ocrx_word' id='word_1_202' title='bbox 3265 1461 3403 1529; x_wconf 90' lang='lat' dir='ltr'><strong>quod</strong></span> <span class='ocrx_word' id='word_1_203' title='bbox 3437 1477 3606 1529; x_wconf 90' lang='lat' dir='ltr'><strong>nuper</strong></span> <span class='ocrx_word' id='word_1_204' title='bbox 3635 1461 3836 1518; x_wconf 88' lang='lat' dir='ltr'><strong>dictum</strong></span> 
     </span>
    </p>
   </div>
   <div class='ocr_carea' id='block_1_30' title="bbox 2260 1549 3838 1618">
    <p class='ocr_par' dir='ltr' id='par_1_30' title="bbox 2260 1549 3838 1618">
     <span class='ocr_line' id='line_1_30' title="bbox 2260 1549 3838 1618; baseline 0.002 -14"><span class='ocrx_word' id='word_1_205' title='bbox 2260 1559 2385 1612; x_wconf 90' lang='lat' dir='ltr'><strong>est.</strong></span> <span class='ocrx_word' id='word_1_206' title='bbox 2436 1550 2669 1618; x_wconf 86' lang='lat' dir='ltr'><strong>ignotius</strong></span> <span class='ocrx_word' id='word_1_207' title='bbox 2701 1551 2843 1604; x_wconf 91' lang='lat' dir='ltr'><strong>enim</strong></span> <span class='ocrx_word' id='word_1_208' title='bbox 2890 1549 3306 1618; x_wconf 87' lang='lat' dir='ltr'><strong>contemplativa</strong></span> <span class='ocrx_word' id='word_1_209' title='bbox 3352 1566 3510 1618; x_wconf 89' lang='lat' dir='ltr'><strong>quam</strong></span> <span class='ocrx_word' id='word_1_210' title='bbox 3550 1552 3769 1607; x_wconf 86' lang='lat' dir='ltr'><strong>scientia</strong></span> <span class='ocrx_word' id='word_1_211' title='bbox 3821 1569 3838 1607; x_wconf 88' lang='lat'><strong>:</strong></span> 
     </span>
    </p>
   </div>
   <div class='ocr_carea' id='block_1_31' title="bbox 2261 1639 3834 1710">
    <p class='ocr_par' dir='ltr' id='par_1_31' title="bbox 2261 1639 3834 1710">
     <span class='ocr_line' id='line_1_31' title="bbox 2261 1639 3834 1710; baseline 0.003 -18"><span class='ocrx_word' id='word_1_212' title='bbox 2261 1655 2383 1693; x_wconf 91' lang='lat' dir='ltr'><strong>nam</strong></span> <span class='ocrx_word' id='word_1_213' title='bbox 2440 1640 2541 1693; x_wconf 92' lang='lat' dir='ltr'><strong>hoc</strong></span> <span class='ocrx_word' id='word_1_214' title='bbox 2587 1641 2800 1710; x_wconf 88' lang='lat' dir='ltr'><strong>quidem</strong></span> <span class='ocrx_word' id='word_1_215' title='bbox 2849 1655 3050 1708; x_wconf 83' lang='lat' dir='ltr'><strong>genus,</strong></span> <span class='ocrx_word' id='word_1_216' title='bbox 3094 1639 3222 1694; x_wconf 91' lang='lat' dir='ltr'><strong>illud</strong></span> <span class='ocrx_word' id='word_1_217' title='bbox 3268 1650 3445 1694; x_wconf 89' lang='lat' dir='ltr'><strong>autem</strong></span> <span class='ocrx_word' id='word_1_218' title='bbox 3497 1641 3834 1709; x_wconf 67' lang='lat' dir='ltr'><strong>dilfereutia,</strong></span> 
     </span>
    </p>
   </div>
   <div class='ocr_carea' id='block_1_32' title="bbox 2260 1729 3840 1801">
    <p class='ocr_par' dir='ltr' id='par_1_32' title="bbox 2260 1729 3840 1801">
     <span class='ocr_line' id='line_1_32' title="bbox 2260 1729 3840 1801; baseline 0.006 -22"><span class='ocrx_word' id='word_1_219' title='bbox 2260 1729 2510 1782; x_wconf 91' lang='lat' dir='ltr'><strong>omnibus</strong></span> <span class='ocrx_word' id='word_1_220' title='bbox 2537 1738 2715 1782; x_wconf 90' lang='lat' dir='ltr'><strong>autem</strong></span> <span class='ocrx_word' id='word_1_221' title='bbox 2741 1729 2918 1782; x_wconf 89' lang='lat' dir='ltr'><strong>notius</strong></span> <span class='ocrx_word' id='word_1_222' title='bbox 2943 1744 3134 1797; x_wconf 87' lang='lat' dir='ltr'><strong>genus,</strong></span> <span class='ocrx_word' id='word_1_223' title='bbox 3160 1744 3281 1782; x_wconf 89' lang='lat' dir='ltr'><strong>nam</strong></span> <span class='ocrx_word' id='word_1_224' title='bbox 3310 1732 3641 1796; x_wconf 82' lang='lat' dir='ltr'><strong>communis;</strong></span> <span class='ocrx_word' id='word_1_225' title='bbox 3673 1748 3840 1801; x_wconf 86' lang='lat' dir='ltr'><strong>quare</strong></span> 
     </span>
    </p>
   </div>
   <div class='ocr_carea' id='block_1_33' title="bbox 579 1815 3836 1890">
    <p class='ocr_par' dir='ltr' id='par_1_33' title="bbox 579 1815 3836 1890">
     <span class='ocr_line' id='line_1_33' title="bbox 579 1815 3836 1890; baseline 0.003 -22"><span class='ocrx_word' id='word_1_226' title='bbox 579 1817 818 1872; x_wconf 86' lang='lat' dir='ltr'><strong>dentium</strong></span> <span class='ocrx_word' id='word_1_227' title='bbox 851 1818 1133 1870; x_wconf 87' lang='lat' dir='ltr'><strong>univocum</strong></span> <span class='ocrx_word' id='word_1_228' title='bbox 1161 1815 1375 1885; x_wconf 90' lang='lat' dir='ltr'><strong>quidem</strong></span> <span class='ocrx_word' id='word_1_229' title='bbox 1408 1816 1594 1869; x_wconf 92' lang='lat' dir='ltr'><strong>dicunt</strong></span> <span class='ocrx_word' id='word_1_230' title='bbox 1629 1829 1750 1869; x_wconf 91' lang='lat' dir='ltr'><strong>esse</strong></span> <span class='ocrx_word' id='word_1_231' title='bbox 1793 1819 2153 1885; x_wconf 72' lang='lat' dir='ltr'><strong>mquivocum,</strong></span> <span class='ocrx_word' id='word_1_232' title='bbox 2189 1827 2238 1886; x_wconf 82' lang='grc' dir='ltr'><strong>Β</strong></span> <span class='ocrx_word' id='word_1_233' title='bbox 2264 1835 2369 1873; x_wconf 91' lang='lat' dir='ltr'><strong>non</strong></span> <span class='ocrx_word' id='word_1_234' title='bbox 2406 1821 2651 1890; x_wconf 79' lang='lat' dir='ltr'><strong>generis,</strong></span> <span class='ocrx_word' id='word_1_235' title='bbox 2677 1821 2769 1875; x_wconf 90' lang='lat' dir='ltr'><strong>sed</strong></span> <span class='ocrx_word' id='word_1_236' title='bbox 2797 1820 3112 1874; x_wconf 77' lang='lat' dir='ltr'><strong>diﬂ&#39;erentite</strong></span> <span class='ocrx_word' id='word_1_237' title='bbox 3141 1821 3421 1890; x_wconf 87' lang='lat' dir='ltr'><strong>oportebat</strong></span> <span class='ocrx_word' id='word_1_238' title='bbox 3459 1823 3836 1878; x_wconf 82' lang='lat' dir='ltr'><strong>commutatio-</strong></span> 
     </span>
    </p>
   </div>
   <div class='ocr_carea' id='block_1_34' title="bbox 580 1904 2152 1975">
    <p class='ocr_par' dir='ltr' id='par_1_34' title="bbox 580 1904 2152 1975">
     <span class='ocr_line' id='line_1_34' title="bbox 580 1904 2152 1975; baseline -0.003 -15"><span class='ocrx_word' id='word_1_239' title='bbox 580 1907 909 1975; x_wconf 91' lang='lat' dir='ltr'><strong>quandonon</strong></span> <span class='ocrx_word' id='word_1_240' title='bbox 930 1905 1361 1959; x_wconf 89' lang='lat' dir='ltr'><strong>accommodatur</strong></span> <span class='ocrx_word' id='word_1_241' title='bbox 1384 1904 1450 1957; x_wconf 91' lang='lat' dir='ltr'><strong>ad</strong></span> <span class='ocrx_word' id='word_1_242' title='bbox 1477 1920 1633 1958; x_wconf 89' lang='lat' dir='ltr'><strong>omne</strong></span> <span class='ocrx_word' id='word_1_243' title='bbox 1661 1905 1927 1973; x_wconf 87' lang='lat' dir='ltr'><strong>assignata</strong></span> <span class='ocrx_word' id='word_1_244' title='bbox 1955 1907 2152 1972; x_wconf 76' lang='lat' dir='ltr'><strong>oratio,</strong></span> 
     </span>
    </p>
   </div>
   <div class='ocr_carea' id='block_1_35' title="bbox 579 1993 2157 2064">
    <p class='ocr_par' dir='ltr' id='par_1_35' title="bbox 579 1993 2157 2064">
     <span class='ocr_line' id='line_1_35' title="bbox 579 1993 2157 2064; baseline 0.001 -16"><span class='ocrx_word' id='word_1_245' title='bbox 579 1996 907 2064; x_wconf 88' lang='lat' dir='ltr'><strong>a-qnivocum</strong></span> <span class='ocrx_word' id='word_1_246' title='bbox 948 2005 1122 2048; x_wconf 91' lang='lat' dir='ltr'><strong>autem</strong></span> <span class='ocrx_word' id='word_1_247' title='bbox 1156 1995 1472 2058; x_wconf 88' lang='lat' dir='ltr'><strong>univocurn,</strong></span> <span class='ocrx_word' id='word_1_248' title='bbox 1525 1994 1731 2048; x_wconf 90' lang='lat' dir='ltr'><strong>etiamsi</strong></span> <span class='ocrx_word' id='word_1_249' title='bbox 1762 1993 1828 2048; x_wconf 89' lang='lat' dir='ltr'><strong>ad</strong></span> <span class='ocrx_word' id='word_1_250' title='bbox 1871 2008 2157 2064; x_wconf 86' lang='lat' dir='ltr'><strong>utrumque</strong></span> 
     </span>
    </p>
   </div>
   <div class='ocr_carea' id='block_1_36' title="bbox 581 2085 2153 2156">
    <p class='ocr_par' dir='ltr' id='par_1_36' title="bbox 581 2085 2153 2156">
     <span class='ocr_line' id='line_1_36' title="bbox 581 2085 2153 2156; baseline 0.002 -18"><span class='ocrx_word' id='word_1_251' title='bbox 581 2085 1036 2150; x_wconf 79' lang='lat' dir='ltr'><strong>accommodetur,</strong></span> <span class='ocrx_word' id='word_1_252' title='bbox 1070 2085 1516 2154; x_wconf 64' lang='lat' dir='ltr'><strong>praeconl&#39;essione</strong></span> <span class='ocrx_word' id='word_1_253' title='bbox 1534 2085 1787 2139; x_wconf 91' lang='lat' dir='ltr'><strong>utendum</strong></span> <span class='ocrx_word' id='word_1_254' title='bbox 1814 2101 1912 2156; x_wconf 91' lang='lat' dir='ltr'><strong>pro</strong></span> <span class='ocrx_word' id='word_1_255' title='bbox 1931 2088 2153 2151; x_wconf 84' lang='lat' dir='ltr'><strong>talibus,</strong></span> 
     </span>
    </p>
   </div>
   <div class='ocr_carea' id='block_1_37' title="bbox 578 2174 2156 2246">
    <p class='ocr_par' dir='ltr' id='par_1_37' title="bbox 578 2174 2156 2246">
     <span class='ocr_line' id='line_1_37' title="bbox 578 2174 2156 2246; baseline 0.001 -16"><span class='ocrx_word' id='word_1_256' title='bbox 578 2187 671 2230; x_wconf 90' lang='lat' dir='ltr'><strong>aut</strong></span> <span class='ocrx_word' id='word_1_257' title='bbox 724 2176 1189 2246; x_wconf 71' lang='lat' dir='ltr'><strong>prmcolligendum</strong></span> <span class='ocrx_word' id='word_1_258' title='bbox 1229 2174 1368 2245; x_wconf 89' lang='lat' dir='ltr'><strong>quod</strong></span> <span class='ocrx_word' id='word_1_259' title='bbox 1418 2177 1786 2244; x_wconf 70' lang='lat' dir='ltr'><strong>aequivocum,</strong></span> <span class='ocrx_word' id='word_1_260' title='bbox 1838 2177 1920 2231; x_wconf 91' lang='lat' dir='ltr'><strong>vel</strong></span> <span class='ocrx_word' id='word_1_261' title='bbox 1973 2178 2156 2231; x_wconf 88' lang='lat' dir='ltr'><strong>univo-</strong></span> 
     </span>
    </p>
   </div>
   <div class='ocr_carea' id='block_1_38' title="bbox 580 2267 2159 2337">
    <p class='ocr_par' dir='ltr' id='par_1_38' title="bbox 580 2267 2159 2337">
     <span class='ocr_line' id='line_1_38' title="bbox 580 2267 2159 2337; baseline 0.001 -15"><span class='ocrx_word' id='word_1_262' title='bbox 580 2285 737 2334; x_wconf 91' lang='lat' dir='ltr'><strong>cum,</strong></span> <span class='ocrx_word' id='word_1_263' title='bbox 794 2277 884 2322; x_wconf 91' lang='lat' dir='ltr'><strong>aut</strong></span> <span class='ocrx_word' id='word_1_264' title='bbox 927 2279 1211 2337; x_wconf 88' lang='lat' dir='ltr'><strong>utrumque</strong></span> <span class='ocrx_word' id='word_1_265' title='bbox 1261 2267 1439 2321; x_wconf 77' lang='lat' dir='ltr'><strong>fuerit.</strong></span> <span class='ocrx_word' id='word_1_266' title='bbox 1483 2267 1644 2336; x_wconf 78' lang='lat' dir='ltr'><strong>Magis</strong></span> <span class='ocrx_word' id='word_1_267' title='bbox 1672 2269 1815 2322; x_wconf 90' lang='lat' dir='ltr'><strong>enim</strong></span> <span class='ocrx_word' id='word_1_268' title='bbox 1857 2274 2159 2324; x_wconf 88' lang='lat' dir='ltr'><strong>concedunt</strong></span> 
     </span>
    </p>
   </div>
   <div class='ocr_carea' id='block_1_39' title="bbox 581 2361 2155 2430">
    <p class='ocr_par' dir='ltr' id='par_1_39' title="bbox 581 2361 2155 2430">
     <span class='ocr_line' id='line_1_39' title="bbox 581 2361 2155 2430; baseline 0.001 -14"><span class='ocrx_word' id='word_1_269' title='bbox 581 2377 684 2416; x_wconf 75' lang='lat' dir='ltr'><strong>nan</strong></span> <span class='ocrx_word' id='word_1_270' title='bbox 743 2362 1131 2430; x_wconf 65' lang='lat' dir='ltr'><strong>prmvidentes,</strong></span> <span class='ocrx_word' id='word_1_271' title='bbox 1186 2361 1327 2429; x_wconf 93' lang='lat' dir='ltr'><strong>quod</strong></span> <span class='ocrx_word' id='word_1_272' title='bbox 1362 2363 1595 2415; x_wconf 76' lang='lat' dir='ltr'><strong>futurum</strong></span> <span class='ocrx_word' id='word_1_273' title='bbox 1628 2370 1710 2415; x_wconf 83' lang='lat' dir='ltr'><strong>est</strong></span> <span class='ocrx_word' id='word_1_274' title='bbox 1749 2372 1806 2415; x_wconf 94' lang='lat' dir='ltr'><strong>ut</strong></span> <span class='ocrx_word' id='word_1_275' title='bbox 1830 2364 2055 2418; x_wconf 87' lang='lat' dir='ltr'><strong>accidat.</strong></span> <span class='ocrx_word' id='word_1_276' title='bbox 2099 2365 2155 2419; x_wconf 88' lang='lat' dir='ltr'><strong>Si</strong></span> 
     </span>
    </p>
   </div>
   <div class='ocr_carea' id='block_1_40' title="bbox 578 2453 2156 2524">
    <p class='ocr_par' dir='ltr' id='par_1_40' title="bbox 578 2453 2156 2524">
     <span class='ocr_line' id='line_1_40' title="bbox 578 2453 2156 2524; baseline 0.001 -18"><span class='ocrx_word' id='word_1_277' title='bbox 578 2464 756 2508; x_wconf 91' lang='lat' dir='ltr'><strong>autem</strong></span> <span class='ocrx_word' id='word_1_278' title='bbox 794 2469 897 2506; x_wconf 90' lang='lat' dir='ltr'><strong>non</strong></span> <span class='ocrx_word' id='word_1_279' title='bbox 929 2453 1063 2506; x_wconf 81' lang='lat' dir='ltr'><strong>facta</strong></span> <span class='ocrx_word' id='word_1_280' title='bbox 1113 2453 1450 2507; x_wconf 81' lang='lat' dir='ltr'><strong>confessione</strong></span> <span class='ocrx_word' id='word_1_281' title='bbox 1492 2453 1690 2508; x_wconf 81' lang='lat' dir='ltr'><strong>dixerit</strong></span> <span class='ocrx_word' id='word_1_282' title='bbox 1727 2455 1919 2524; x_wconf 89' lang='lat' dir='ltr'><strong>aliquis</strong></span> <span class='ocrx_word' id='word_1_283' title='bbox 1969 2457 2156 2509; x_wconf 88' lang='lat' dir='ltr'><strong>univo-</strong></span> 
     </span>
    </p>
   </div>
   <div class='ocr_carea' id='block_1_41' title="bbox 579 2531 2157 2610">
    <p class='ocr_par' dir='ltr' id='par_1_41' title="bbox 579 2531 2157 2610">
     <span class='ocr_line' id='line_1_41' title="bbox 579 2531 2157 2610; baseline 0.004 -16"><span class='ocrx_word' id='word_1_284' title='bbox 579 2531 700 2594; x_wconf 88' lang='lat' dir='ltr'><strong>cum</strong></span> <span class='ocrx_word' id='word_1_285' title='bbox 730 2543 1059 2610; x_wconf 74' lang='lat' dir='ltr'><strong>:equivoeum</strong></span> <span class='ocrx_word' id='word_1_286' title='bbox 1084 2557 1223 2603; x_wconf 80' lang='lat' dir='ltr'><strong>esse,</strong></span> <span class='ocrx_word' id='word_1_287' title='bbox 1245 2556 1310 2595; x_wconf 94' lang='lat' dir='ltr'><strong>eo</strong></span> <span class='ocrx_word' id='word_1_288' title='bbox 1340 2542 1479 2609; x_wconf 88' lang='lat' dir='ltr'><strong>quod</strong></span> <span class='ocrx_word' id='word_1_289' title='bbox 1507 2558 1610 2595; x_wconf 91' lang='lat' dir='ltr'><strong>non</strong></span> <span class='ocrx_word' id='word_1_290' title='bbox 1641 2545 2077 2599; x_wconf 83' lang='lat' dir='ltr'><strong>accmnmodetur</strong></span> <span class='ocrx_word' id='word_1_291' title='bbox 2103 2556 2157 2600; x_wconf 91' lang='lat' dir='ltr'><strong>et</strong></span> 
     </span>
    </p>
   </div>
   <div class='ocr_carea' id='block_1_42' title="bbox 580 2628 2157 2702">
    <p class='ocr_par' dir='ltr' id='par_1_42' title="bbox 580 2628 2157 2702">
     <span class='ocr_line' id='line_1_42' title="bbox 580 2628 2157 2702; baseline 0.004 -19"><span class='ocrx_word' id='word_1_292' title='bbox 580 2631 634 2683; x_wconf 90' lang='lat' dir='ltr'><strong>in</strong></span> <span class='ocrx_word' id='word_1_293' title='bbox 667 2628 766 2683; x_wconf 91' lang='lat' dir='ltr'><strong>hoc</strong></span> <span class='ocrx_word' id='word_1_294' title='bbox 791 2631 1056 2698; x_wconf 76' lang='lat' dir='ltr'><strong>assignata</strong></span> <span class='ocrx_word' id='word_1_295' title='bbox 1079 2631 1271 2693; x_wconf 87' lang='lat' dir='ltr'><strong>oratio,</strong></span> <span class='ocrx_word' id='word_1_296' title='bbox 1295 2630 1738 2685; x_wconf 90' lang='lat' dir='ltr'><strong>considerandum</strong></span> <span class='ocrx_word' id='word_1_297' title='bbox 1769 2634 1812 2686; x_wconf 89' lang='lat' dir='ltr'><strong>si</strong></span> <span class='ocrx_word' id='word_1_298' title='bbox 1854 2634 2010 2702; x_wconf 85' lang='lat' dir='ltr'><strong>hujus</strong></span> <span class='ocrx_word' id='word_1_299' title='bbox 2032 2652 2157 2688; x_wconf 83' lang='lat' dir='ltr'><strong>ora-</strong></span> 
     </span>
    </p>
   </div>
   <div class='ocr_carea' id='block_1_43' title="bbox 581 2717 2160 2792">
    <p class='ocr_par' dir='ltr' id='par_1_43' title="bbox 581 2717 2160 2792">
     <span class='ocr_line' id='line_1_43' title="bbox 581 2717 2160 2792; baseline 0.004 -22"><span class='ocrx_word' id='word_1_300' title='bbox 581 2719 656 2772; x_wconf 87' lang='lat' dir='ltr'><strong>tio</strong></span> <span class='ocrx_word' id='word_1_301' title='bbox 670 2719 1104 2772; x_wconf 69' lang='lat' dir='ltr'><strong>acermmodatur</strong></span> <span class='ocrx_word' id='word_1_302' title='bbox 1119 2727 1170 2772; x_wconf 91' lang='lat' dir='ltr'><strong>et</strong></span> <span class='ocrx_word' id='word_1_303' title='bbox 1189 2717 1252 2771; x_wconf 89' lang='lat' dir='ltr'><strong>ad</strong></span> <span class='ocrx_word' id='word_1_304' title='bbox 1269 2719 1488 2788; x_wconf 90' lang='lat' dir='ltr'><strong>reliqua.</strong></span> <span class='ocrx_word' id='word_1_305' title='bbox 1513 2720 1640 2773; x_wconf 80' lang='lat' dir='ltr'><strong>Nam</strong></span> <span class='ocrx_word' id='word_1_306' title='bbox 1668 2721 2003 2787; x_wconf 68' lang='lat' dir='ltr'><strong>manifestum</strong></span> <span class='ocrx_word' id='word_1_307' title='bbox 2031 2740 2160 2792; x_wconf 83' lang='lat' dir='ltr'><strong>quo-</strong></span> 
     </span>
    </p>
   </div>
   <div class='ocr_carea' id='block_1_44' title="bbox 581 2808 2160 2879">
    <p class='ocr_par' dir='ltr' id='par_1_44' title="bbox 581 2808 2160 2879">
     <span class='ocr_line' id='line_1_44' title="bbox 581 2808 2160 2879; baseline 0.003 -17"><span class='ocrx_word' id='word_1_308' title='bbox 581 2808 724 2862; x_wconf 89' lang='lat' dir='ltr'><strong>niam</strong></span> <span class='ocrx_word' id='word_1_309' title='bbox 764 2809 1046 2864; x_wconf 88' lang='lat' dir='ltr'><strong>univocum</strong></span> <span class='ocrx_word' id='word_1_310' title='bbox 1077 2810 1182 2863; x_wconf 93' lang='lat' dir='ltr'><strong>erit</strong></span> <span class='ocrx_word' id='word_1_311' title='bbox 1233 2808 1483 2875; x_wconf 86' lang='lat' dir='ltr'><strong>reliquis;</strong></span> <span class='ocrx_word' id='word_1_312' title='bbox 1523 2809 1567 2862; x_wconf 93' lang='lat' dir='ltr'><strong>si</strong></span> <span class='ocrx_word' id='word_1_313' title='bbox 1599 2819 1776 2862; x_wconf 92' lang='lat' dir='ltr'><strong>autem</strong></span> <span class='ocrx_word' id='word_1_314' title='bbox 1809 2825 1912 2862; x_wconf 86' lang='lat' dir='ltr'><strong>non</strong></span> <span class='ocrx_word' id='word_1_315' title='bbox 1935 2851 1948 2874; x_wconf 94' lang='lat'><strong>,</strong></span> <span class='ocrx_word' id='word_1_316' title='bbox 1984 2812 2160 2879; x_wconf 89' lang='lat' dir='ltr'><strong>plures</strong></span> 
     </span>
    </p>
   </div>
   <div class='ocr_carea' id='block_1_45' title="bbox 581 2898 2157 2968">
    <p class='ocr_par' dir='ltr' id='par_1_45' title="bbox 581 2898 2157 2968">
     <span class='ocr_line' id='line_1_45' title="bbox 581 2898 2157 2968; baseline 0 -14"><span class='ocrx_word' id='word_1_317' title='bbox 581 2901 1088 2954; x_wconf 74' lang='lat' dir='ltr'><strong>eruntdeﬁn’tiones</strong></span> <span class='ocrx_word' id='word_1_318' title='bbox 1105 2899 1323 2968; x_wconf 85' lang='lat' dir='ltr'><strong>reliquis</strong></span> <span class='ocrx_word' id='word_1_319' title='bbox 1343 2917 1356 2953; x_wconf 89' lang='lat'><strong>:</strong></span> <span class='ocrx_word' id='word_1_320' title='bbox 1373 2914 1491 2950; x_wconf 89' lang='lat' dir='ltr'><strong>nam</strong></span> <span class='ocrx_word' id='word_1_321' title='bbox 1520 2898 1636 2952; x_wconf 73' lang='lat' dir='ltr'><strong>duaa</strong></span> <span class='ocrx_word' id='word_1_322' title='bbox 1656 2899 1945 2952; x_wconf 89' lang='lat' dir='ltr'><strong>secundum</strong></span> <span class='ocrx_word' id='word_1_323' title='bbox 1966 2917 2157 2955; x_wconf 90' lang='lat' dir='ltr'><strong>nomen</strong></span> 
     </span>
    </p>
   </div>
   <div class='ocr_carea' id='block_1_46' title="bbox 579 2989 2162 3060">
    <p class='ocr_par' dir='ltr' id='par_1_46' title="bbox 579 2989 2162 3060">
     <span class='ocr_line' id='line_1_46' title="bbox 579 2989 2162 3060; baseline 0.003 -20"><span class='ocrx_word' id='word_1_324' title='bbox 579 2991 854 3045; x_wconf 90' lang='lat' dir='ltr'><strong>orationes</strong></span> <span class='ocrx_word' id='word_1_325' title='bbox 882 2989 1435 3046; x_wconf 72' lang='lat' dir='ltr'><strong>accommodabuntur</strong></span> <span class='ocrx_word' id='word_1_326' title='bbox 1462 2990 1526 3043; x_wconf 89' lang='lat' dir='ltr'><strong>ad</strong></span> <span class='ocrx_word' id='word_1_327' title='bbox 1550 2990 1793 3044; x_wconf 87' lang='lat' dir='ltr'><strong>eamdem</strong></span> <span class='ocrx_word' id='word_1_328' title='bbox 1817 3030 1832 3055; x_wconf 89' lang='lat'><strong>,</strong></span> <span class='ocrx_word' id='word_1_329' title='bbox 1875 3006 1990 3060; x_wconf 66' lang='lat' dir='ltr'><strong>quae</strong></span> <span class='ocrx_word' id='word_1_330' title='bbox 2017 2992 2162 3059; x_wconf 91' lang='lat' dir='ltr'><strong>prior</strong></span> 
     </span>
    </p>
   </div>
   <div class='ocr_carea' id='block_1_47' title="bbox 581 3082 2161 3155">
    <p class='ocr_par' dir='ltr' id='par_1_47' title="bbox 581 3082 2161 3155">
     <span class='ocr_line' id='line_1_47' title="bbox 581 3082 2161 3155; baseline 0.001 -18"><span class='ocrx_word' id='word_1_331' title='bbox 581 3085 852 3154; x_wconf 86' lang='lat' dir='ltr'><strong>assignata</strong></span> <span class='ocrx_word' id='word_1_332' title='bbox 911 3095 1029 3149; x_wconf 89' lang='lat' dir='ltr'><strong>est,</strong></span> <span class='ocrx_word' id='word_1_333' title='bbox 1084 3093 1138 3138; x_wconf 89' lang='lat' dir='ltr'><strong>et</strong></span> <span class='ocrx_word' id='word_1_334' title='bbox 1188 3097 1309 3153; x_wconf 70' lang='lat' dir='ltr'><strong>qua:</strong></span> <span class='ocrx_word' id='word_1_335' title='bbox 1359 3084 1646 3153; x_wconf 79' lang='lat' dir='ltr'><strong>pOSterior.</strong></span> <span class='ocrx_word' id='word_1_336' title='bbox 1682 3082 1910 3137; x_wconf 84' lang='lat' dir='ltr'><strong>Rursum</strong></span> <span class='ocrx_word' id='word_1_337' title='bbox 1957 3085 2001 3138; x_wconf 94' lang='lat' dir='ltr'><strong>si</strong></span> <span class='ocrx_word' id='word_1_338' title='bbox 2041 3086 2161 3155; x_wconf 88' lang='lat' dir='ltr'><strong>quis</strong></span> 
     </span>
    </p>
   </div>
   <div class='ocr_carea' id='block_1_48' title="bbox 582 3175 3322 3248">
    <p class='ocr_par' dir='ltr' id='par_1_48' title="bbox 582 3175 3322 3248">
     <span class='ocr_line' id='line_1_48' title="bbox 582 3175 3322 3248; baseline 0.003 -23"><span class='ocrx_word' id='word_1_339' title='bbox 582 3179 852 3232; x_wconf 85' lang='lat' dir='ltr'><strong>deﬁniens</strong></span> <span class='ocrx_word' id='word_1_340' title='bbox 882 3177 1077 3248; x_wconf 86' lang='lat' dir='ltr'><strong>aliquid</strong></span> <span class='ocrx_word' id='word_1_341' title='bbox 1106 3192 1292 3231; x_wconf 90' lang='lat' dir='ltr'><strong>eorum</strong></span> <span class='ocrx_word' id='word_1_342' title='bbox 1339 3192 1459 3245; x_wconf 73' lang='lat' dir='ltr'><strong>qua:</strong></span> <span class='ocrx_word' id='word_1_343' title='bbox 1491 3175 1858 3244; x_wconf 86' lang='lat' dir='ltr'><strong>multipliciter</strong></span> <span class='ocrx_word' id='word_1_344' title='bbox 1888 3176 2154 3241; x_wconf 90' lang='lat' dir='ltr'><strong>dicuntur,</strong></span> <span class='ocrx_word' id='word_1_345' title='bbox 2187 3178 2231 3239; x_wconf 87' lang='lat' dir='ltr'><strong>C</strong></span> <span class='ocrx_word' id='word_1_346' title='bbox 2263 3187 2346 3232; x_wconf 80' lang='lat' dir='ltr'><strong>est</strong></span> <span class='ocrx_word' id='word_1_347' title='bbox 2395 3193 2501 3246; x_wconf 92' lang='lat' dir='ltr'><strong>quo</strong></span> <span class='ocrx_word' id='word_1_348' title='bbox 2551 3187 2706 3246; x_wconf 90' lang='lat' dir='ltr'><strong>pacto</strong></span> <span class='ocrx_word' id='word_1_349' title='bbox 2749 3177 2983 3231; x_wconf 91' lang='lat' dir='ltr'><strong>medium</strong></span> <span class='ocrx_word' id='word_1_350' title='bbox 3035 3175 3322 3232; x_wconf 88' lang='lat' dir='ltr'><strong>habentem</strong></span> 
     </span>
    </p>
   </div>
   <div class='ocr_carea' id='block_1_49' title="bbox 587 3268 2158 3337">
    <p class='ocr_par' dir='ltr' id='par_1_49' title="bbox 587 3268 2158 3337">
     <span class='ocr_line' id='line_1_49' title="bbox 587 3268 2158 3337; baseline 0 -16"><span class='ocrx_word' id='word_1_351' title='bbox 587 3281 642 3324; x_wconf 87' lang='lat' dir='ltr'><strong>rt</strong></span> <span class='ocrx_word' id='word_1_352' title='bbox 669 3273 840 3325; x_wconf 90' lang='lat' dir='ltr'><strong>oratio</strong></span> <span class='ocrx_word' id='word_1_353' title='bbox 872 3286 976 3324; x_wconf 93' lang='lat' dir='ltr'><strong>non</strong></span> <span class='ocrx_word' id='word_1_354' title='bbox 1005 3268 1441 3324; x_wconf 81' lang='lat' dir='ltr'><strong>accommodatur</strong></span> <span class='ocrx_word' id='word_1_355' title='bbox 1465 3269 1530 3322; x_wconf 88' lang='lat' dir='ltr'><strong>ad</strong></span> <span class='ocrx_word' id='word_1_356' title='bbox 1564 3270 1761 3330; x_wconf 87' lang='lat' dir='ltr'><strong>omnia,</strong></span> <span class='ocrx_word' id='word_1_357' title='bbox 1786 3276 1840 3322; x_wconf 94' lang='lat' dir='ltr'><strong>et</strong></span> <span class='ocrx_word' id='word_1_358' title='bbox 1859 3269 1979 3337; x_wconf 89' lang='lat' dir='ltr'><strong>quia</strong></span> <span class='ocrx_word' id='word_1_359' title='bbox 2002 3268 2158 3337; x_wconf 66' lang='lat' dir='ltr'><strong>aequi-</strong></span> 
     </span>
    </p>
   </div>
   <div class='ocr_carea' id='block_1_50' title="bbox 584 3359 2157 3426">
    <p class='ocr_par' dir='ltr' id='par_1_50' title="bbox 584 3359 2157 3426">
     <span class='ocr_line' id='line_1_50' title="bbox 584 3359 2157 3426; baseline -0.003 -9"><span class='ocrx_word' id='word_1_360' title='bbox 584 3377 775 3417; x_wconf 81' lang='lat' dir='ltr'><strong>vocum</strong></span> <span class='ocrx_word' id='word_1_361' title='bbox 823 3379 945 3418; x_wconf 87' lang='lat' dir='ltr'><strong>esse</strong></span> <span class='ocrx_word' id='word_1_362' title='bbox 975 3379 1078 3417; x_wconf 91' lang='lat' dir='ltr'><strong>non</strong></span> <span class='ocrx_word' id='word_1_363' title='bbox 1123 3362 1416 3426; x_wconf 89' lang='lat' dir='ltr'><strong>concedat,</strong></span> <span class='ocrx_word' id='word_1_364' title='bbox 1450 3375 1643 3415; x_wconf 85' lang='lat' dir='ltr'><strong>nomen</strong></span> <span class='ocrx_word' id='word_1_365' title='bbox 1674 3361 1833 3414; x_wconf 91' lang='lat' dir='ltr'><strong>etiam</strong></span> <span class='ocrx_word' id='word_1_366' title='bbox 1865 3359 2011 3414; x_wconf 74' lang='lat' dir='ltr'><strong>dicat</strong></span> <span class='ocrx_word' id='word_1_367' title='bbox 2053 3375 2157 3416; x_wconf 91' lang='lat' dir='ltr'><strong>non</strong></span> 
     </span>
    </p>
   </div>
   <div class='ocr_carea' id='block_1_51' title="bbox 587 3450 2160 3521">
    <p class='ocr_par' dir='ltr' id='par_1_51' title="bbox 587 3450 2160 3521">
     <span class='ocr_line' id='line_1_51' title="bbox 587 3450 2160 3521; baseline 0 -17"><span class='ocrx_word' id='word_1_368' title='bbox 587 3452 652 3505; x_wconf 81' lang='lat' dir='ltr'><strong>ad</strong></span> <span class='ocrx_word' id='word_1_369' title='bbox 681 3457 858 3507; x_wconf 90' lang='lat' dir='ltr'><strong>omnia</strong></span> <span class='ocrx_word' id='word_1_370' title='bbox 889 3452 1306 3517; x_wconf 89' lang='lat' dir='ltr'><strong>accommodari,</strong></span> <span class='ocrx_word' id='word_1_371' title='bbox 1336 3452 1589 3521; x_wconf 90' lang='lat' dir='ltr'><strong>quoniam</strong></span> <span class='ocrx_word' id='word_1_372' title='bbox 1619 3465 1718 3504; x_wconf 91' lang='lat' dir='ltr'><strong>nec</strong></span> <span class='ocrx_word' id='word_1_373' title='bbox 1743 3451 1946 3515; x_wconf 90' lang='lat' dir='ltr'><strong>oratio,</strong></span> <span class='ocrx_word' id='word_1_374' title='bbox 1980 3450 2160 3505; x_wconf 91' lang='lat' dir='ltr'><strong>dicen-</strong></span> 
     </span>
    </p>
   </div>
   <div class='ocr_carea' id='block_1_52' title="bbox 587 3539 2160 3610">
    <p class='ocr_par' dir='ltr' id='par_1_52' title="bbox 587 3539 2160 3610">
     <span class='ocr_line' id='line_1_52' title="bbox 587 3539 2160 3610; baseline 0 -15"><span class='ocrx_word' id='word_1_375' title='bbox 587 3541 714 3595; x_wconf 93' lang='lat' dir='ltr'><strong>dum</strong></span> <span class='ocrx_word' id='word_1_376' title='bbox 745 3542 810 3595; x_wconf 92' lang='lat' dir='ltr'><strong>ad</strong></span> <span class='ocrx_word' id='word_1_377' title='bbox 839 3541 1126 3610; x_wconf 87' lang='lat' dir='ltr'><strong>ejusmodi,</strong></span> <span class='ocrx_word' id='word_1_378' title='bbox 1151 3541 1292 3609; x_wconf 92' lang='lat' dir='ltr'><strong>quod</strong></span> <span class='ocrx_word' id='word_1_379' title='bbox 1319 3540 1681 3593; x_wconf 89' lang='lat' dir='ltr'><strong>nominatione</strong></span> <span class='ocrx_word' id='word_1_380' title='bbox 1707 3539 1920 3608; x_wconf 90' lang='lat' dir='ltr'><strong>quidem</strong></span> <span class='ocrx_word' id='word_1_381' title='bbox 1951 3549 2160 3608; x_wconf 77' lang='lat' dir='ltr'><strong>Oportet</strong></span> 
     </span>
    </p>
   </div>
   <div class='ocr_carea' id='block_1_53' title="bbox 586 3631 2160 3700">
    <p class='ocr_par' dir='ltr' id='par_1_53' title="bbox 586 3631 2160 3700">
     <span class='ocr_line' id='line_1_53' title="bbox 586 3631 2160 3700; baseline -0.001 -14"><span class='ocrx_word' id='word_1_382' title='bbox 586 3633 662 3687; x_wconf 87' lang='lat' dir='ltr'><strong>uti</strong></span> <span class='ocrx_word' id='word_1_383' title='bbox 695 3648 813 3700; x_wconf 65' lang='lat' dir='ltr'><strong>quae</strong></span> <span class='ocrx_word' id='word_1_384' title='bbox 838 3633 1028 3686; x_wconf 88' lang='lat' dir='ltr'><strong>tradita</strong></span> <span class='ocrx_word' id='word_1_385' title='bbox 1071 3641 1182 3696; x_wconf 88' lang='lat' dir='ltr'><strong>est,</strong></span> <span class='ocrx_word' id='word_1_386' title='bbox 1216 3643 1270 3686; x_wconf 91' lang='lat' dir='ltr'><strong>et</strong></span> <span class='ocrx_word' id='word_1_387' title='bbox 1297 3646 1418 3700; x_wconf 73' lang='lat' dir='ltr'><strong>qua:</strong></span> <span class='ocrx_word' id='word_1_388' title='bbox 1445 3631 1714 3698; x_wconf 78' lang='lat' dir='ltr'><strong>sequitur,</strong></span> <span class='ocrx_word' id='word_1_389' title='bbox 1751 3643 1805 3684; x_wconf 92' lang='lat' dir='ltr'><strong>et</strong></span> <span class='ocrx_word' id='word_1_390' title='bbox 1835 3645 1939 3684; x_wconf 93' lang='lat' dir='ltr'><strong>non</strong></span> <span class='ocrx_word' id='word_1_391' title='bbox 1983 3631 2160 3685; x_wconf 89' lang='lat' dir='ltr'><strong>dimo-</strong></span> 
     </span>
    </p>
   </div>
   <div class='ocr_carea' id='block_1_54' title="bbox 585 3722 2160 3794">
    <p class='ocr_par' dir='ltr' id='par_1_54' title="bbox 585 3722 2160 3794">
     <span class='ocr_line' id='line_1_54' title="bbox 585 3722 2160 3794; baseline -0.001 -17"><span class='ocrx_word' id='word_1_392' title='bbox 585 3740 712 3780; x_wconf 82' lang='lat' dir='ltr'><strong>vere</strong></span> <span class='ocrx_word' id='word_1_393' title='bbox 741 3741 858 3794; x_wconf 71' lang='lat' dir='ltr'><strong>qua:</strong></span> <span class='ocrx_word' id='word_1_394' title='bbox 891 3724 1014 3778; x_wconf 89' lang='lat' dir='ltr'><strong>talia</strong></span> <span class='ocrx_word' id='word_1_395' title='bbox 1060 3735 1217 3789; x_wconf 88' lang='lat' dir='ltr'><strong>sunt,</strong></span> <span class='ocrx_word' id='word_1_396' title='bbox 1252 3723 1461 3777; x_wconf 90' lang='lat' dir='ltr'><strong>tametsi</strong></span> <span class='ocrx_word' id='word_1_397' title='bbox 1493 3723 1744 3776; x_wconf 91' lang='lat' dir='ltr'><strong>nonnulla</strong></span> <span class='ocrx_word' id='word_1_398' title='bbox 1787 3722 2014 3776; x_wconf 87' lang='lat' dir='ltr'><strong>dicenda</strong></span> <span class='ocrx_word' id='word_1_399' title='bbox 2056 3737 2160 3776; x_wconf 90' lang='lat' dir='ltr'><strong>non</strong></span> 
     </span>
    </p>
   </div>
   <div class='ocr_carea' id='block_1_55' title="bbox 585 3813 2162 3882">
    <p class='ocr_par' dir='ltr' id='par_1_55' title="bbox 585 3813 2162 3882">
     <span class='ocr_line' id='line_1_55' title="bbox 585 3813 2162 3882; baseline -0.001 -13"><span class='ocrx_word' id='word_1_400' title='bbox 585 3820 693 3869; x_wconf 88' lang='lat' dir='ltr'><strong>sint</strong></span> <span class='ocrx_word' id='word_1_401' title='bbox 735 3815 986 3870; x_wconf 85' lang='lat' dir='ltr'><strong>similiter</strong></span> <span class='ocrx_word' id='word_1_402' title='bbox 1028 3815 1376 3869; x_wconf 87' lang='lat' dir='ltr'><strong>multitudini.</strong></span> <span class='ocrx_word' id='word_1_403' title='bbox 1420 3813 1477 3868; x_wconf 89' lang='lat' dir='ltr'><strong>Si</strong></span> <span class='ocrx_word' id='word_1_404' title='bbox 1531 3821 1709 3866; x_wconf 89' lang='lat' dir='ltr'><strong>autem</strong></span> <span class='ocrx_word' id='word_1_405' title='bbox 1741 3814 1965 3882; x_wconf 89' lang='lat' dir='ltr'><strong>alicujus</strong></span> <span class='ocrx_word' id='word_1_406' title='bbox 2014 3827 2162 3868; x_wconf 88' lang='lat' dir='ltr'><strong>com-</strong></span> 
     </span>
    </p>
   </div>
   <div class='ocr_carea' id='block_1_56' title="bbox 590 3904 2163 3976">
    <p class='ocr_par' dir='ltr' id='par_1_56' title="bbox 590 3904 2163 3976">
     <span class='ocr_line' id='line_1_56' title="bbox 590 3904 2163 3976; baseline -0.002 -15"><span class='ocrx_word' id='word_1_407' title='bbox 590 3909 862 3976; x_wconf 80' lang='lat' dir='ltr'><strong>plexurum</strong></span> <span class='ocrx_word' id='word_1_408' title='bbox 909 3906 1208 3973; x_wconf 83' lang='lat' dir='ltr'><strong>assignetur</strong></span> <span class='ocrx_word' id='word_1_409' title='bbox 1241 3905 1540 3970; x_wconf 87' lang='lat' dir='ltr'><strong>terminus,</strong></span> <span class='ocrx_word' id='word_1_410' title='bbox 1586 3904 2032 3960; x_wconf 84' lang='lat' dir='ltr'><strong>considerandum</strong></span> <span class='ocrx_word' id='word_1_411' title='bbox 2080 3913 2163 3958; x_wconf 90' lang='lat' dir='ltr'><strong>est</strong></span> 
     </span>
    </p>
   </div>
   <div class='ocr_carea' id='block_1_57' title="bbox 588 3995 2160 4065">
    <p class='ocr_par' dir='ltr' id='par_1_57' title="bbox 588 3995 2160 4065">
     <span class='ocr_line' id='line_1_57' title="bbox 588 3995 2160 4065; baseline -0.001 -14"><span class='ocrx_word' id='word_1_412' title='bbox 588 3998 878 4052; x_wconf 78' lang='lat' dir='ltr'><strong>auferendo</strong></span> <span class='ocrx_word' id='word_1_413' title='bbox 900 3999 1119 4052; x_wconf 91' lang='lat' dir='ltr'><strong>alterius</strong></span> <span class='ocrx_word' id='word_1_414' title='bbox 1142 4013 1327 4052; x_wconf 76' lang='lat' dir='ltr'><strong>eorum</strong></span> <span class='ocrx_word' id='word_1_415' title='bbox 1356 4013 1473 4065; x_wconf 60' lang='lat' dir='ltr'><strong>(tua:</strong></span> <span class='ocrx_word' id='word_1_416' title='bbox 1504 3996 1932 4065; x_wconf 87' lang='lat' dir='ltr'><strong>complectuntur</strong></span> <span class='ocrx_word' id='word_1_417' title='bbox 1961 3995 2160 4050; x_wconf 88' lang='lat' dir='ltr'><strong>oratio-</strong></span> 
     </span>
    </p>
   </div>
   <div class='ocr_carea' id='block_1_58' title="bbox 587 4088 2161 4160">
    <p class='ocr_par' dir='ltr' id='par_1_58' title="bbox 587 4088 2161 4160">
     <span class='ocr_line' id='line_1_58' title="bbox 587 4088 2161 4160; baseline -0.001 -16"><span class='ocrx_word' id='word_1_418' title='bbox 587 4110 735 4160; x_wconf 87' lang='lat' dir='ltr'><strong>nem,</strong></span> <span class='ocrx_word' id='word_1_419' title='bbox 767 4092 811 4145; x_wconf 93' lang='lat' dir='ltr'><strong>si</strong></span> <span class='ocrx_word' id='word_1_420' title='bbox 842 4101 922 4145; x_wconf 90' lang='lat' dir='ltr'><strong>est</strong></span> <span class='ocrx_word' id='word_1_421' title='bbox 950 4100 1004 4144; x_wconf 91' lang='lat' dir='ltr'><strong>et</strong></span> <span class='ocrx_word' id='word_1_422' title='bbox 1034 4089 1233 4160; x_wconf 91' lang='lat' dir='ltr'><strong>reliqua</strong></span> <span class='ocrx_word' id='word_1_423' title='bbox 1259 4090 1476 4158; x_wconf 90' lang='lat' dir='ltr'><strong>reliqui.</strong></span> <span class='ocrx_word' id='word_1_424' title='bbox 1504 4089 1633 4142; x_wconf 84' lang='lat' dir='ltr'><strong>Nam</strong></span> <span class='ocrx_word' id='word_1_425' title='bbox 1664 4089 1707 4142; x_wconf 92' lang='lat' dir='ltr'><strong>si</strong></span> <span class='ocrx_word' id='word_1_426' title='bbox 1754 4103 1857 4142; x_wconf 92' lang='lat' dir='ltr'><strong>non</strong></span> <span class='ocrx_word' id='word_1_427' title='bbox 1882 4128 1896 4151; x_wconf 92' lang='lat'><strong>,</strong></span> <span class='ocrx_word' id='word_1_428' title='bbox 1939 4088 2161 4143; x_wconf 83' lang='lat' dir='ltr'><strong>manife-</strong></span> 
     </span>
    </p>
   </div>
   <div class='ocr_carea' id='block_1_59' title="bbox 585 4179 2161 4249">
    <p class='ocr_par' dir='ltr' id='par_1_59' title="bbox 585 4179 2161 4249">
     <span class='ocr_line' id='line_1_59' title="bbox 585 4179 2161 4249; baseline -0.001 -15"><span class='ocrx_word' id='word_1_429' title='bbox 585 4192 726 4234; x_wconf 84' lang='lat' dir='ltr'><strong>stum</strong></span> <span class='ocrx_word' id='word_1_430' title='bbox 767 4181 1015 4249; x_wconf 90' lang='lat' dir='ltr'><strong>quoniam</strong></span> <span class='ocrx_word' id='word_1_431' title='bbox 1074 4194 1243 4249; x_wconf 89' lang='lat' dir='ltr'><strong>neque</strong></span> <span class='ocrx_word' id='word_1_432' title='bbox 1290 4189 1397 4234; x_wconf 87' lang='lat' dir='ltr'><strong>tota</strong></span> <span class='ocrx_word' id='word_1_433' title='bbox 1451 4180 1657 4232; x_wconf 88' lang='lat' dir='ltr'><strong>totius:</strong></span> <span class='ocrx_word' id='word_1_434' title='bbox 1694 4188 1749 4232; x_wconf 94' lang='lat' dir='ltr'><strong>ut</strong></span> <span class='ocrx_word' id='word_1_435' title='bbox 1795 4181 1837 4233; x_wconf 90' lang='lat' dir='ltr'><strong>si</strong></span> <span class='ocrx_word' id='word_1_436' title='bbox 1898 4179 2161 4248; x_wconf 89' lang='lat' dir='ltr'><strong>quispiam</strong></span> 
     </span>
    </p>
   </div>
   <div class='ocr_carea' id='block_1_60' title="bbox 588 4271 2163 4338">
    <p class='ocr_par' dir='ltr' id='par_1_60' title="bbox 588 4271 2163 4338">
     <span class='ocr_line' id='line_1_60' title="bbox 588 4271 2163 4338; baseline 0 -14"><span class='ocrx_word' id='word_1_437' title='bbox 588 4273 828 4326; x_wconf 86' lang='lat' dir='ltr'><strong>deﬁnivit</strong></span> <span class='ocrx_word' id='word_1_438' title='bbox 857 4274 1048 4325; x_wconf 89' lang='lat' dir='ltr'><strong>lineam</strong></span> <span class='ocrx_word' id='word_1_439' title='bbox 1084 4272 1295 4324; x_wconf 89' lang='lat' dir='ltr'><strong>ﬁnalem</strong></span> <span class='ocrx_word' id='word_1_440' title='bbox 1319 4279 1543 4336; x_wconf 91' lang='lat' dir='ltr'><strong>rectam,</strong></span> <span class='ocrx_word' id='word_1_441' title='bbox 1566 4271 1724 4324; x_wconf 91' lang='lat' dir='ltr'><strong>ﬁnem</strong></span> <span class='ocrx_word' id='word_1_442' title='bbox 1755 4273 1894 4338; x_wconf 89' lang='lat' dir='ltr'><strong>plani</strong></span> <span class='ocrx_word' id='word_1_443' title='bbox 1921 4271 2163 4325; x_wconf 85' lang='lat' dir='ltr'><strong>habentis</strong></span> 
     </span>
    </p>
   </div>
   <div class='ocr_carea' id='block_1_61' title="bbox 589 4361 2162 4430">
    <p class='ocr_par' dir='ltr' id='par_1_61' title="bbox 589 4361 2162 4430">
     <span class='ocr_line' id='line_1_61' title="bbox 589 4361 2162 4430; baseline 0.002 -18"><span class='ocrx_word' id='word_1_444' title='bbox 589 4366 721 4416; x_wconf 88' lang='lat' dir='ltr'><strong>lines</strong></span> <span class='ocrx_word' id='word_1_445' title='bbox 745 4403 759 4427; x_wconf 93' lang='lat'><strong>,</strong></span> <span class='ocrx_word' id='word_1_446' title='bbox 790 4362 942 4430; x_wconf 89' lang='lat' dir='ltr'><strong>cujus</strong></span> <span class='ocrx_word' id='word_1_447' title='bbox 976 4361 1206 4413; x_wconf 86' lang='lat' dir='ltr'><strong>medium</strong></span> <span class='ocrx_word' id='word_1_448' title='bbox 1239 4361 1616 4429; x_wconf 86' lang='lat' dir='ltr'><strong>superadditur</strong></span> <span class='ocrx_word' id='word_1_449' title='bbox 1654 4361 1873 4422; x_wconf 75' lang='lat' dir='ltr'><strong>ﬁnibus,</strong></span> <span class='ocrx_word' id='word_1_450' title='bbox 1907 4363 1948 4414; x_wconf 86' lang='lat' dir='ltr'><strong>si</strong></span> <span class='ocrx_word' id='word_1_451' title='bbox 1989 4362 2162 4416; x_wconf 89' lang='lat' dir='ltr'><strong>ﬁnalis</strong></span> 
     </span>
    </p>
   </div>
   <div class='ocr_carea' id='block_1_62' title="bbox 589 4449 2160 4517">
    <p class='ocr_par' dir='ltr' id='par_1_62' title="bbox 589 4449 2160 4517">
     <span class='ocr_line' id='line_1_62' title="bbox 589 4449 2160 4517; baseline 0.001 -13"><span class='ocrx_word' id='word_1_452' title='bbox 589 4455 742 4508; x_wconf 66' lang='lat' dir='ltr'><strong>lineae</strong></span> <span class='ocrx_word' id='word_1_453' title='bbox 795 4453 965 4506; x_wconf 86' lang='lat' dir='ltr'><strong>oratio</strong></span> <span class='ocrx_word' id='word_1_454' title='bbox 1011 4459 1111 4513; x_wconf 85' lang='lat' dir='ltr'><strong>est,</strong></span> <span class='ocrx_word' id='word_1_455' title='bbox 1157 4451 1276 4503; x_wconf 88' lang='lat' dir='ltr'><strong>ﬁnis</strong></span> <span class='ocrx_word' id='word_1_456' title='bbox 1329 4450 1469 4517; x_wconf 90' lang='lat' dir='ltr'><strong>plani</strong></span> <span class='ocrx_word' id='word_1_457' title='bbox 1520 4449 1766 4502; x_wconf 83' lang='lat' dir='ltr'><strong>habentis</strong></span> <span class='ocrx_word' id='word_1_458' title='bbox 1805 4451 1957 4516; x_wconf 89' lang='lat' dir='ltr'><strong>lines,</strong></span> <span class='ocrx_word' id='word_1_459' title='bbox 2002 4462 2160 4505; x_wconf 69' lang='lat' dir='ltr'><strong>recta:</strong></span> 
     </span>
    </p>
   </div>
   <div class='ocr_carea' id='block_1_63' title="bbox 2258 1912 3834 1984">
    <p class='ocr_par' dir='ltr' id='par_1_63' title="bbox 2258 1912 3834 1984">
     <span class='ocr_line' id='line_1_63' title="bbox 2258 1912 3834 1984; baseline 0.003 -19"><span class='ocrx_word' id='word_1_460' title='bbox 2258 1926 2380 1965; x_wconf 91' lang='lat' dir='ltr'><strong>nem</strong></span> <span class='ocrx_word' id='word_1_461' title='bbox 2434 1912 2547 1965; x_wconf 90' lang='lat' dir='ltr'><strong>ﬁeri</strong></span> <span class='ocrx_word' id='word_1_462' title='bbox 2578 1953 2592 1978; x_wconf 91' lang='lat'><strong>,</strong></span> <span class='ocrx_word' id='word_1_463' title='bbox 2638 1926 2704 1966; x_wconf 91' lang='lat' dir='ltr'><strong>eo</strong></span> <span class='ocrx_word' id='word_1_464' title='bbox 2733 1914 2874 1981; x_wconf 90' lang='lat' dir='ltr'><strong>quod</strong></span> <span class='ocrx_word' id='word_1_465' title='bbox 2919 1913 3151 1981; x_wconf 84' lang='lat' dir='ltr'><strong>ignotior</strong></span> <span class='ocrx_word' id='word_1_466' title='bbox 3190 1921 3293 1967; x_wconf 91' lang='lat' dir='ltr'><strong>est.</strong></span> <span class='ocrx_word' id='word_1_467' title='bbox 3343 1913 3427 1966; x_wconf 87' lang='lat' dir='ltr'><strong>An</strong></span> <span class='ocrx_word' id='word_1_468' title='bbox 3468 1913 3580 1968; x_wconf 64' lang='lat' dir='ltr'><strong>haec</strong></span> <span class='ocrx_word' id='word_1_469' title='bbox 3621 1914 3834 1984; x_wconf 90' lang='lat' dir='ltr'><strong>quidem</strong></span> 
     </span>
    </p>
   </div>
   <div class='ocr_carea' id='block_1_64' title="bbox 2259 2000 3838 2070">
    <p class='ocr_par' dir='ltr' id='par_1_64' title="bbox 2259 2000 3838 2070">
     <span class='ocr_line' id='line_1_64' title="bbox 2259 2000 3838 2070; baseline 0.004 -16"><span class='ocrx_word' id='word_1_470' title='bbox 2259 2000 2481 2054; x_wconf 87' lang='lat' dir='ltr'><strong>ridicula</strong></span> <span class='ocrx_word' id='word_1_471' title='bbox 2518 2001 2900 2068; x_wconf 82' lang='lat' dir='ltr'><strong>reprehensio?</strong></span> <span class='ocrx_word' id='word_1_472' title='bbox 2943 2002 3076 2056; x_wconf 91' lang='lat' dir='ltr'><strong>nihil</strong></span> <span class='ocrx_word' id='word_1_473' title='bbox 3119 2002 3260 2056; x_wconf 92' lang='lat' dir='ltr'><strong>enim</strong></span> <span class='ocrx_word' id='word_1_474' title='bbox 3306 2001 3551 2070; x_wconf 88' lang='lat' dir='ltr'><strong>prohibet</strong></span> <span class='ocrx_word' id='word_1_475' title='bbox 3581 2003 3838 2060; x_wconf 82' lang='lat' dir='ltr'><strong>diﬂ&#39;ereu-</strong></span> 
     </span>
    </p>
   </div>
   <div class='ocr_carea' id='block_1_65' title="bbox 2260 2089 3836 2160">
    <p class='ocr_par' dir='ltr' id='par_1_65' title="bbox 2260 2089 3836 2160">
     <span class='ocr_line' id='line_1_65' title="bbox 2260 2089 3836 2160; baseline 0.004 -18"><span class='ocrx_word' id='word_1_476' title='bbox 2260 2089 2382 2142; x_wconf 89' lang='lat' dir='ltr'><strong>tiam</strong></span> <span class='ocrx_word' id='word_1_477' title='bbox 2427 2089 2639 2157; x_wconf 89' lang='lat' dir='ltr'><strong>quidem</strong></span> <span class='ocrx_word' id='word_1_478' title='bbox 2684 2091 2963 2144; x_wconf 91' lang='lat' dir='ltr'><strong>notissimo</strong></span> <span class='ocrx_word' id='word_1_479' title='bbox 2992 2090 3206 2144; x_wconf 89' lang='lat' dir='ltr'><strong>nomine</strong></span> <span class='ocrx_word' id='word_1_480' title='bbox 3247 2089 3387 2155; x_wconf 91' lang='lat' dir='ltr'><strong>dici,</strong></span> <span class='ocrx_word' id='word_1_481' title='bbox 3437 2105 3608 2160; x_wconf 74' lang='lat' dir='ltr'><strong>genus</strong></span> <span class='ocrx_word' id='word_1_482' title='bbox 3656 2103 3836 2148; x_wconf 84' lang='lat' dir='ltr'><strong>autem</strong></span> 
     </span>
    </p>
   </div>
   <div class='ocr_carea' id='block_1_66' title="bbox 2260 2179 3836 2238">
    <p class='ocr_par' dir='ltr' id='par_1_66' title="bbox 2260 2179 3836 2238">
     <span class='ocr_line' id='line_1_66' title="bbox 2260 2179 3836 2238; baseline 0.003 -5"><span class='ocrx_word' id='word_1_483' title='bbox 2260 2195 2390 2233; x_wconf 93' lang='lat' dir='ltr'><strong>non.</strong></span> <span class='ocrx_word' id='word_1_484' title='bbox 2445 2179 2535 2234; x_wconf 91' lang='lat' dir='ltr'><strong>Sic</strong></span> <span class='ocrx_word' id='word_1_485' title='bbox 2597 2192 2776 2233; x_wconf 91' lang='lat' dir='ltr'><strong>autem</strong></span> <span class='ocrx_word' id='word_1_486' title='bbox 2817 2181 2977 2234; x_wconf 87' lang='lat' dir='ltr'><strong>rebus</strong></span> <span class='ocrx_word' id='word_1_487' title='bbox 3028 2195 3088 2234; x_wconf 90' lang='lat' dir='ltr'><strong>se</strong></span> <span class='ocrx_word' id='word_1_488' title='bbox 3135 2179 3453 2234; x_wconf 88' lang='lat' dir='ltr'><strong>habentibus</strong></span> <span class='ocrx_word' id='word_1_489' title='bbox 3499 2182 3836 2238; x_wconf 81' lang='lat' dir='ltr'><strong>manifestum</strong></span> 
     </span>
    </p>
   </div>
   <div class='ocr_carea' id='block_1_67' title="bbox 2259 2267 3836 2339">
    <p class='ocr_par' dir='ltr' id='par_1_67' title="bbox 2259 2267 3836 2339">
     <span class='ocr_line' id='line_1_67' title="bbox 2259 2267 3836 2339; baseline 0.005 -18"><span class='ocrx_word' id='word_1_490' title='bbox 2259 2270 2509 2339; x_wconf 91' lang='lat' dir='ltr'><strong>quoniam</strong></span> <span class='ocrx_word' id='word_1_491' title='bbox 2538 2271 2752 2339; x_wconf 82' lang='lat' dir='ltr'><strong>generis</strong></span> <span class='ocrx_word' id='word_1_492' title='bbox 2774 2311 2786 2332; x_wconf 88' lang='lat'><strong>,</strong></span> <span class='ocrx_word' id='word_1_493' title='bbox 2827 2279 2878 2324; x_wconf 92' lang='lat' dir='ltr'><strong>et</strong></span> <span class='ocrx_word' id='word_1_494' title='bbox 2910 2286 3013 2325; x_wconf 88' lang='lat' dir='ltr'><strong>non</strong></span> <span class='ocrx_word' id='word_1_495' title='bbox 3046 2269 3362 2325; x_wconf 79' lang='lat' dir='ltr'><strong>diﬁ&#39;erentia:</strong></span> <span class='ocrx_word' id='word_1_496' title='bbox 3399 2272 3693 2327; x_wconf 89' lang='lat' dir='ltr'><strong>secundum</strong></span> <span class='ocrx_word' id='word_1_497' title='bbox 3729 2267 3836 2329; x_wconf 72' lang='grc' dir='ltr'><strong>ἠο-</strong></span> 
     </span>
    </p>
   </div>
   <div class='ocr_carea' id='block_1_68' title="bbox 2262 2359 3835 2432">
    <p class='ocr_par' dir='ltr' id='par_1_68' title="bbox 2262 2359 3835 2432">
     <span class='ocr_line' id='line_1_68' title="bbox 2262 2359 3835 2432; baseline 0.004 -19"><span class='ocrx_word' id='word_1_498' title='bbox 2262 2376 2380 2414; x_wconf 89' lang='lat' dir='ltr'><strong>men</strong></span> <span class='ocrx_word' id='word_1_499' title='bbox 2423 2361 2768 2414; x_wconf 89' lang='lat' dir='ltr'><strong>commutatio</strong></span> <span class='ocrx_word' id='word_1_500' title='bbox 2801 2359 3069 2424; x_wconf 80' lang='lat' dir='ltr'><strong>iacienda;</strong></span> <span class='ocrx_word' id='word_1_501' title='bbox 3106 2361 3151 2415; x_wconf 91' lang='lat' dir='ltr'><strong>si</strong></span> <span class='ocrx_word' id='word_1_502' title='bbox 3178 2370 3355 2414; x_wconf 90' lang='lat' dir='ltr'><strong>autem</strong></span> <span class='ocrx_word' id='word_1_503' title='bbox 3381 2377 3484 2414; x_wconf 91' lang='lat' dir='ltr'><strong>non</strong></span> <span class='ocrx_word' id='word_1_504' title='bbox 3513 2377 3702 2416; x_wconf 89' lang='lat' dir='ltr'><strong>nomen</strong></span> <span class='ocrx_word' id='word_1_505' title='bbox 3737 2379 3835 2432; x_wconf 88' lang='lat' dir='ltr'><strong>pro</strong></span> 
     </span>
    </p>
   </div>
   <div class='ocr_carea' id='block_1_69' title="bbox 2262 2449 3834 2517">
    <p class='ocr_par' dir='ltr' id='par_1_69' title="bbox 2262 2449 3834 2517">
     <span class='ocr_line' id='line_1_69' title="bbox 2262 2449 3834 2517; baseline 0.003 -16"><span class='ocrx_word' id='word_1_506' title='bbox 2262 2449 2508 2515; x_wconf 89' lang='lat' dir='ltr'><strong>nomine,</strong></span> <span class='ocrx_word' id='word_1_507' title='bbox 2556 2449 2647 2502; x_wconf 89' lang='lat' dir='ltr'><strong>sed</strong></span> <span class='ocrx_word' id='word_1_508' title='bbox 2679 2450 2975 2502; x_wconf 90' lang='lat' dir='ltr'><strong>orationem</strong></span> <span class='ocrx_word' id='word_1_509' title='bbox 3007 2464 3101 2517; x_wconf 92' lang='lat' dir='ltr'><strong>pro</strong></span> <span class='ocrx_word' id='word_1_510' title='bbox 3123 2449 3338 2503; x_wconf 90' lang='lat' dir='ltr'><strong>nomine</strong></span> <span class='ocrx_word' id='word_1_511' title='bbox 3366 2460 3686 2514; x_wconf 90' lang='lat' dir='ltr'><strong>commutat,</strong></span> <span class='ocrx_word' id='word_1_512' title='bbox 3714 2466 3834 2506; x_wconf 76' lang='lat' dir='ltr'><strong>ma-</strong></span> 
     </span>
    </p>
   </div>
   <div class='ocr_carea' id='block_1_70' title="bbox 2263 2538 3836 2609">
    <p class='ocr_par' dir='ltr' id='par_1_70' title="bbox 2263 2538 3836 2609">
     <span class='ocr_line' id='line_1_70' title="bbox 2263 2538 3836 2609; baseline 0.003 -17"><span class='ocrx_word' id='word_1_513' title='bbox 2263 2541 2514 2592; x_wconf 81' lang='lat' dir='ltr'><strong>nileslum</strong></span> <span class='ocrx_word' id='word_1_514' title='bbox 2563 2539 2816 2607; x_wconf 89' lang='lat' dir='ltr'><strong>quoniam</strong></span> <span class='ocrx_word' id='word_1_515' title='bbox 2859 2538 3180 2593; x_wconf 72' lang='lat' dir='ltr'><strong>dilIerentia:</strong></span> <span class='ocrx_word' id='word_1_516' title='bbox 3219 2539 3387 2608; x_wconf 85' lang='lat' dir='ltr'><strong>magis</strong></span> <span class='ocrx_word' id='word_1_517' title='bbox 3423 2553 3580 2607; x_wconf 92' lang='lat' dir='ltr'><strong>quam</strong></span> <span class='ocrx_word' id='word_1_518' title='bbox 3623 2540 3836 2609; x_wconf 84' lang='lat' dir='ltr'><strong>generis</strong></span> 
     </span>
    </p>
   </div>
   <div class='ocr_carea' id='block_1_71' title="bbox 2263 2629 3836 2700">
    <p class='ocr_par' dir='ltr' id='par_1_71' title="bbox 2263 2629 3836 2700">
     <span class='ocr_line' id='line_1_71' title="bbox 2263 2629 3836 2700; baseline 0.003 -19"><span class='ocrx_word' id='word_1_519' title='bbox 2263 2629 2504 2682; x_wconf 89' lang='lat' dir='ltr'><strong>deﬁnitio</strong></span> <span class='ocrx_word' id='word_1_520' title='bbox 2533 2629 2855 2697; x_wconf 86' lang='lat' dir='ltr'><strong>assignanda</strong></span> <span class='ocrx_word' id='word_1_521' title='bbox 2886 2637 2989 2695; x_wconf 91' lang='lat' dir='ltr'><strong>est,</strong></span> <span class='ocrx_word' id='word_1_522' title='bbox 3024 2643 3089 2683; x_wconf 88' lang='lat' dir='ltr'><strong>eo</strong></span> <span class='ocrx_word' id='word_1_523' title='bbox 3112 2629 3252 2698; x_wconf 93' lang='lat' dir='ltr'><strong>quod</strong></span> <span class='ocrx_word' id='word_1_524' title='bbox 3280 2629 3638 2697; x_wconf 85' lang='lat' dir='ltr'><strong>cognoscendi</strong></span> <span class='ocrx_word' id='word_1_525' title='bbox 3670 2632 3836 2700; x_wconf 83' lang='lat' dir='ltr'><strong>gratia</strong></span> 
     </span>
    </p>
   </div>
   <div class='ocr_carea' id='block_1_72' title="bbox 2263 2719 3838 2792">
    <p class='ocr_par' dir='ltr' id='par_1_72' title="bbox 2263 2719 3838 2792">
     <span class='ocr_line' id='line_1_72' title="bbox 2263 2719 3838 2792; baseline 0.003 -19"><span class='ocrx_word' id='word_1_526' title='bbox 2263 2719 2501 2773; x_wconf 89' lang='lat' dir='ltr'><strong>deﬁnitio</strong></span> <span class='ocrx_word' id='word_1_527' title='bbox 2521 2721 2840 2789; x_wconf 80' lang='lat' dir='ltr'><strong>assignatur,</strong></span> <span class='ocrx_word' id='word_1_528' title='bbox 2879 2735 2998 2772; x_wconf 93' lang='lat' dir='ltr'><strong>nam</strong></span> <span class='ocrx_word' id='word_1_529' title='bbox 3025 2721 3198 2773; x_wconf 91' lang='lat' dir='ltr'><strong>minus</strong></span> <span class='ocrx_word' id='word_1_530' title='bbox 3227 2720 3526 2775; x_wconf 73' lang='lat' dir='ltr'><strong>dilferentia</strong></span> <span class='ocrx_word' id='word_1_531' title='bbox 3548 2738 3714 2792; x_wconf 87' lang='lat' dir='ltr'><strong>quam</strong></span> <span class='ocrx_word' id='word_1_532' title='bbox 3741 2737 3838 2792; x_wconf 78' lang='lat' dir='ltr'><strong>ge-</strong></span> 
     </span>
    </p>
   </div>
   <div class='ocr_carea' id='block_1_73' title="bbox 2265 2813 3836 2882">
    <p class='ocr_par' dir='ltr' id='par_1_73' title="bbox 2265 2813 3836 2882">
     <span class='ocr_line' id='line_1_73' title="bbox 2265 2813 3836 2882; baseline 0.001 -16"><span class='ocrx_word' id='word_1_533' title='bbox 2265 2830 2364 2867; x_wconf 92' lang='lat' dir='ltr'><strong>nus</strong></span> <span class='ocrx_word' id='word_1_534' title='bbox 2394 2823 2541 2868; x_wconf 90' lang='lat' dir='ltr'><strong>nota.</strong></span> <span class='ocrx_word' id='word_1_535' title='bbox 2571 2813 2626 2869; x_wconf 84' lang='lat' dir='ltr'><strong>Si</strong></span> <span class='ocrx_word' id='word_1_536' title='bbox 2654 2823 2828 2866; x_wconf 89' lang='lat' dir='ltr'><strong>autem</strong></span> <span class='ocrx_word' id='word_1_537' title='bbox 2854 2813 3172 2866; x_wconf 75' lang='lat' dir='ltr'><strong>diﬁ&#39;eremim</strong></span> <span class='ocrx_word' id='word_1_538' title='bbox 3207 2815 3492 2866; x_wconf 90' lang='lat' dir='ltr'><strong>terminum</strong></span> <span class='ocrx_word' id='word_1_539' title='bbox 3523 2813 3836 2882; x_wconf 83' lang='lat' dir='ltr'><strong>assignavit,</strong></span> 
     </span>
    </p>
   </div>
   <div class='ocr_carea' id='block_1_74' title="bbox 2263 2904 3842 2973">
    <p class='ocr_par' dir='ltr' id='par_1_74' title="bbox 2263 2904 3842 2973">
     <span class='ocr_line' id='line_1_74' title="bbox 2263 2904 3842 2973; baseline 0.001 -13"><span class='ocrx_word' id='word_1_540' title='bbox 2263 2906 2710 2960; x_wconf 90' lang='lat' dir='ltr'><strong>considerandum</strong></span> <span class='ocrx_word' id='word_1_541' title='bbox 2759 2905 2805 2958; x_wconf 89' lang='lat' dir='ltr'><strong>si</strong></span> <span class='ocrx_word' id='word_1_542' title='bbox 2863 2914 2916 2958; x_wconf 91' lang='lat' dir='ltr'><strong>et</strong></span> <span class='ocrx_word' id='word_1_543' title='bbox 2959 2904 3187 2973; x_wconf 87' lang='lat' dir='ltr'><strong>alicujus</strong></span> <span class='ocrx_word' id='word_1_544' title='bbox 3225 2906 3362 2960; x_wconf 88' lang='lat' dir='ltr'><strong>alius</strong></span> <span class='ocrx_word' id='word_1_545' title='bbox 3409 2909 3708 2961; x_wconf 90' lang='lat' dir='ltr'><strong>communis</strong></span> <span class='ocrx_word' id='word_1_546' title='bbox 3760 2916 3842 2962; x_wconf 88' lang='lat' dir='ltr'><strong>est</strong></span> 
     </span>
    </p>
   </div>
   <div class='ocr_carea' id='block_1_75' title="bbox 2265 2997 3838 3066">
    <p class='ocr_par' dir='ltr' id='par_1_75' title="bbox 2265 2997 3838 3066">
     <span class='ocr_line' id='line_1_75' title="bbox 2265 2997 3838 3066; baseline 0.003 -18"><span class='ocrx_word' id='word_1_547' title='bbox 2265 2997 2564 3065; x_wconf 85' lang='lat' dir='ltr'><strong>assignatus</strong></span> <span class='ocrx_word' id='word_1_548' title='bbox 2613 2998 2872 3052; x_wconf 91' lang='lat' dir='ltr'><strong>terminus</strong></span> <span class='ocrx_word' id='word_1_549' title='bbox 2906 3016 2920 3049; x_wconf 88' lang='lat'>:</span> <span class='ocrx_word' id='word_1_550' title='bbox 2953 3007 3011 3051; x_wconf 92' lang='lat' dir='ltr'><strong>ut</strong></span> <span class='ocrx_word' id='word_1_551' title='bbox 3055 3013 3175 3050; x_wconf 87' lang='lat' dir='ltr'><strong>cum</strong></span> <span class='ocrx_word' id='word_1_552' title='bbox 3225 2999 3484 3066; x_wconf 91' lang='lat' dir='ltr'><strong>imparem</strong></span> <span class='ocrx_word' id='word_1_553' title='bbox 3525 3015 3838 3064; x_wconf 84' lang='lat' dir='ltr'><strong>numerum,</strong></span> 
     </span>
    </p>
   </div>
   <div class='ocr_carea' id='block_1_76' title="bbox 2267 3087 3838 3153">
    <p class='ocr_par' dir='ltr' id='par_1_76' title="bbox 2267 3087 3838 3153">
     <span class='ocr_line' id='line_1_76' title="bbox 2267 3087 3838 3153; baseline 0 -12"><span class='ocrx_word' id='word_1_554' title='bbox 2267 3103 2544 3142; x_wconf 91' lang='lat' dir='ltr'><strong>numerum</strong></span> <span class='ocrx_word' id='word_1_555' title='bbox 2571 3087 2805 3142; x_wconf 84' lang='lat' dir='ltr'><strong>medium</strong></span> <span class='ocrx_word' id='word_1_556' title='bbox 2832 3087 3117 3141; x_wconf 89' lang='lat' dir='ltr'><strong>habentem</strong></span> <span class='ocrx_word' id='word_1_557' title='bbox 3140 3087 3355 3153; x_wconf 79' lang='lat' dir='ltr'><strong>dixerit,</strong></span> <span class='ocrx_word' id='word_1_558' title='bbox 3374 3088 3838 3142; x_wconf 81' lang='lat' dir='ltr'><strong>determinandum</strong></span> 
     </span>
    </p>
   </div>
   <div class='ocr_carea' id='block_1_77' title="bbox 3377 3194 3844 3239">
    <p class='ocr_par' dir='ltr' id='par_1_77' title="bbox 3377 3194 3844 3239">
     <span class='ocr_line' id='line_1_77' title="bbox 3377 3194 3844 3239; baseline 0.002 -7"><span class='ocrx_word' id='word_1_559' title='bbox 3377 3195 3391 3232; x_wconf 74' lang='grc' dir='ltr'><strong>ἓ</strong></span> <span class='ocrx_word' id='word_1_560' title='bbox 3436 3195 3498 3230; x_wconf 90' lang='lat' dir='ltr'><strong>na</strong></span> <span class='ocrx_word' id='word_1_561' title='bbox 3508 3195 3557 3232; x_wconf 92' lang='lat' dir='ltr'><strong>m</strong></span> <span class='ocrx_word' id='word_1_562' title='bbox 3591 3194 3844 3239; x_wconf 88' lang='lat' dir='ltr'><strong>numerus</strong></span> 
     </span>
    </p>
   </div>
   <div class='ocr_carea' id='block_1_78' title="bbox 2263 3268 3845 3338">
    <p class='ocr_par' dir='ltr' id='par_1_78' title="bbox 2263 3268 3845 3338">
     <span class='ocr_line' id='line_1_78' title="bbox 2263 3268 3845 3338; baseline -0.001 -15"><span class='ocrx_word' id='word_1_563' title='bbox 2263 3269 2477 3338; x_wconf 78' lang='lat' dir='ltr'><strong>quidem</strong></span> <span class='ocrx_word' id='word_1_564' title='bbox 2505 3275 2806 3323; x_wconf 89' lang='lat' dir='ltr'><strong>communis</strong></span> <span class='ocrx_word' id='word_1_565' title='bbox 2852 3269 2905 3322; x_wconf 91' lang='lat' dir='ltr'><strong>in</strong></span> <span class='ocrx_word' id='word_1_566' title='bbox 2945 3268 3188 3337; x_wconf 90' lang='lat' dir='ltr'><strong>utrisque</strong></span> <span class='ocrx_word' id='word_1_567' title='bbox 3226 3269 3560 3323; x_wconf 86' lang='lat' dir='ltr'><strong>orationibus</strong></span> <span class='ocrx_word' id='word_1_568' title='bbox 3588 3279 3690 3323; x_wconf 89' lang='lat' dir='ltr'><strong>est.</strong></span> <span class='ocrx_word' id='word_1_569' title='bbox 3740 3270 3845 3322; x_wconf 82' lang='lat' dir='ltr'><strong>lm-</strong></span> 
     </span>
    </p>
   </div>
   <div class='ocr_carea' id='block_1_79' title="bbox 2265 3358 3836 3428">
    <p class='ocr_par' dir='ltr' id='par_1_79' title="bbox 2265 3358 3836 3428">
     <span class='ocr_line' id='line_1_79' title="bbox 2265 3358 3836 3428; baseline -0.001 -16"><span class='ocrx_word' id='word_1_570' title='bbox 2265 3361 2406 3428; x_wconf 85' lang='lat' dir='ltr'><strong>paris</strong></span> <span class='ocrx_word' id='word_1_571' title='bbox 2447 3370 2624 3414; x_wconf 92' lang='lat' dir='ltr'><strong>autem</strong></span> <span class='ocrx_word' id='word_1_572' title='bbox 2671 3370 3009 3428; x_wconf 89' lang='lat' dir='ltr'><strong>coassumpta</strong></span> <span class='ocrx_word' id='word_1_573' title='bbox 3055 3368 3139 3414; x_wconf 90' lang='lat' dir='ltr'><strong>est</strong></span> <span class='ocrx_word' id='word_1_574' title='bbox 3162 3359 3363 3422; x_wconf 89' lang='lat' dir='ltr'><strong>oratio;</strong></span> <span class='ocrx_word' id='word_1_575' title='bbox 3417 3358 3614 3413; x_wconf 80' lang='lat' dir='ltr'><strong>habent</strong></span> <span class='ocrx_word' id='word_1_576' title='bbox 3656 3366 3836 3411; x_wconf 89' lang='lat' dir='ltr'><strong>autem</strong></span> 
     </span>
    </p>
   </div>
   <div class='ocr_carea' id='block_1_80' title="bbox 2263 3445 3839 3518">
    <p class='ocr_par' dir='ltr' id='par_1_80' title="bbox 2263 3445 3839 3518">
     <span class='ocr_line' id='line_1_80' title="bbox 2263 3445 3839 3518; baseline -0.001 -15"><span class='ocrx_word' id='word_1_577' title='bbox 2263 3459 2316 3503; x_wconf 88' lang='lat' dir='ltr'><strong>et</strong></span> <span class='ocrx_word' id='word_1_578' title='bbox 2365 3450 2505 3502; x_wconf 90' lang='lat' dir='ltr'><strong>linea</strong></span> <span class='ocrx_word' id='word_1_579' title='bbox 2537 3458 2590 3503; x_wconf 88' lang='lat' dir='ltr'><strong>et</strong></span> <span class='ocrx_word' id='word_1_580' title='bbox 2617 3463 2812 3518; x_wconf 88' lang='lat' dir='ltr'><strong>corpus</strong></span> <span class='ocrx_word' id='word_1_581' title='bbox 2842 3448 3099 3516; x_wconf 89' lang='lat' dir='ltr'><strong>medium,</strong></span> <span class='ocrx_word' id='word_1_582' title='bbox 3134 3463 3254 3502; x_wconf 91' lang='lat' dir='ltr'><strong>cum</strong></span> <span class='ocrx_word' id='word_1_583' title='bbox 3286 3462 3390 3502; x_wconf 91' lang='lat' dir='ltr'><strong>non</strong></span> <span class='ocrx_word' id='word_1_584' title='bbox 3431 3450 3537 3501; x_wconf 87' lang='lat' dir='ltr'><strong>sint</strong></span> <span class='ocrx_word' id='word_1_585' title='bbox 3576 3445 3839 3516; x_wconf 89' lang='lat' dir='ltr'><strong>imparia,</strong></span> 
     </span>
    </p>
   </div>
   <div class='ocr_carea' id='block_1_81' title="bbox 2264 3537 3843 3609">
    <p class='ocr_par' dir='ltr' id='par_1_81' title="bbox 2264 3537 3843 3609">
     <span class='ocr_line' id='line_1_81' title="bbox 2264 3537 3843 3609; baseline 0.002 -17"><span class='ocrx_word' id='word_1_586' title='bbox 2264 3555 2428 3609; x_wconf 73' lang='lat' dir='ltr'><strong>qmire</strong></span> <span class='ocrx_word' id='word_1_587' title='bbox 2456 3555 2561 3594; x_wconf 93' lang='lat' dir='ltr'><strong>non</strong></span> <span class='ocrx_word' id='word_1_588' title='bbox 2585 3541 2766 3609; x_wconf 88' lang='lat' dir='ltr'><strong>utique</strong></span> <span class='ocrx_word' id='word_1_589' title='bbox 2787 3542 2887 3595; x_wconf 92' lang='lat' dir='ltr'><strong>erit</strong></span> <span class='ocrx_word' id='word_1_590' title='bbox 2905 3539 3145 3594; x_wconf 90' lang='lat' dir='ltr'><strong>deﬁnitio</strong></span> <span class='ocrx_word' id='word_1_591' title='bbox 3177 3540 3289 3593; x_wconf 72' lang='lat' dir='ltr'><strong>ha-e</strong></span> <span class='ocrx_word' id='word_1_592' title='bbox 3315 3539 3552 3608; x_wconf 89' lang='lat' dir='ltr'><strong>imparis.</strong></span> <span class='ocrx_word' id='word_1_593' title='bbox 3580 3537 3637 3593; x_wconf 88' lang='lat' dir='ltr'><strong>Si</strong></span> <span class='ocrx_word' id='word_1_594' title='bbox 3659 3548 3843 3595; x_wconf 87' lang='lat' dir='ltr'><strong>autem</strong></span> 
     </span>
    </p>
   </div>
   <div class='ocr_carea' id='block_1_82' title="bbox 2265 3629 3844 3700">
    <p class='ocr_par' dir='ltr' id='par_1_82' title="bbox 2265 3629 3844 3700">
     <span class='ocr_line' id='line_1_82' title="bbox 2265 3629 3844 3700; baseline -0.001 -15"><span class='ocrx_word' id='word_1_595' title='bbox 2265 3631 2631 3700; x_wconf 89' lang='lat' dir='ltr'><strong>multipliciter</strong></span> <span class='ocrx_word' id='word_1_596' title='bbox 2650 3631 2843 3684; x_wconf 92' lang='lat' dir='ltr'><strong>dicitur</strong></span> <span class='ocrx_word' id='word_1_597' title='bbox 2863 3632 3095 3684; x_wconf 91' lang='lat' dir='ltr'><strong>medium</strong></span> <span class='ocrx_word' id='word_1_598' title='bbox 3129 3630 3350 3695; x_wconf 85' lang='lat' dir='ltr'><strong>habens,</strong></span> <span class='ocrx_word' id='word_1_599' title='bbox 3375 3629 3844 3684; x_wconf 88' lang='lat' dir='ltr'><strong>determinandum</strong></span> 
     </span>
    </p>
   </div>
   <div class='ocr_carea' id='block_1_83' title="bbox 2263 3719 3839 3790">
    <p class='ocr_par' dir='ltr' id='par_1_83' title="bbox 2263 3719 3839 3790">
     <span class='ocr_line' id='line_1_83' title="bbox 2263 3719 3839 3790; baseline -0.001 -16"><span class='ocrx_word' id='word_1_600' title='bbox 2263 3721 2532 3790; x_wconf 88' lang='lat' dir='ltr'><strong>quomodo</strong></span> <span class='ocrx_word' id='word_1_601' title='bbox 2571 3722 2800 3776; x_wconf 86' lang='lat' dir='ltr'><strong>medium</strong></span> <span class='ocrx_word' id='word_1_602' title='bbox 2835 3721 3064 3785; x_wconf 90' lang='lat' dir='ltr'><strong>habens,</strong></span> <span class='ocrx_word' id='word_1_603' title='bbox 3094 3719 3288 3788; x_wconf 91' lang='lat' dir='ltr'><strong>alioqui</strong></span> <span class='ocrx_word' id='word_1_604' title='bbox 3320 3719 3675 3787; x_wconf 89' lang='lat' dir='ltr'><strong>reprehensio</strong></span> <span class='ocrx_word' id='word_1_605' title='bbox 3705 3719 3839 3785; x_wconf 89' lang='lat' dir='ltr'><strong>erit,</strong></span> 
     </span>
    </p>
   </div>
   <div class='ocr_carea' id='block_1_84' title="bbox 2264 3809 3844 3883">
    <p class='ocr_par' dir='ltr' id='par_1_84' title="bbox 2264 3809 3844 3883">
     <span class='ocr_line' id='line_1_84' title="bbox 2264 3809 3844 3883; baseline -0.003 -17"><span class='ocrx_word' id='word_1_606' title='bbox 2264 3821 2356 3866; x_wconf 82' lang='lat' dir='ltr'><strong>aut</strong></span> <span class='ocrx_word' id='word_1_607' title='bbox 2398 3812 2736 3883; x_wconf 84' lang='lat' dir='ltr'><strong>syllogismus</strong></span> <span class='ocrx_word' id='word_1_608' title='bbox 2762 3853 2776 3877; x_wconf 92' lang='lat'><strong>,</strong></span> <span class='ocrx_word' id='word_1_609' title='bbox 2810 3813 2948 3881; x_wconf 92' lang='lat' dir='ltr'><strong>quod</strong></span> <span class='ocrx_word' id='word_1_610' title='bbox 2992 3826 3094 3865; x_wconf 92' lang='lat' dir='ltr'><strong>non</strong></span> <span class='ocrx_word' id='word_1_611' title='bbox 3140 3811 3396 3864; x_wconf 70' lang='lat' dir='ltr'><strong>deﬁnivit.</strong></span> <span class='ocrx_word' id='word_1_612' title='bbox 3432 3809 3664 3863; x_wconf 78' lang='lat' dir='ltr'><strong>Rursum</strong></span> <span class='ocrx_word' id='word_1_613' title='bbox 3705 3809 3749 3863; x_wconf 90' lang='lat' dir='ltr'><strong>si</strong></span> <span class='ocrx_word' id='word_1_614' title='bbox 3790 3809 3844 3863; x_wconf 91' lang='lat' dir='ltr'><strong>id</strong></span> 
     </span>
    </p>
   </div>
   <div class='ocr_carea' id='block_1_85' title="bbox 2264 3898 3842 3971">
    <p class='ocr_par' dir='ltr' id='par_1_85' title="bbox 2264 3898 3842 3971">
     <span class='ocr_line' id='line_1_85' title="bbox 2264 3898 3842 3971; baseline -0.003 -15"><span class='ocrx_word' id='word_1_615' title='bbox 2264 3902 2418 3971; x_wconf 73' lang='lat' dir='ltr'><strong>cujus</strong></span> <span class='ocrx_word' id='word_1_616' title='bbox 2445 3903 2659 3970; x_wconf 89' lang='lat' dir='ltr'><strong>quidem</strong></span> <span class='ocrx_word' id='word_1_617' title='bbox 2700 3903 2995 3955; x_wconf 89' lang='lat' dir='ltr'><strong>orationem</strong></span> <span class='ocrx_word' id='word_1_618' title='bbox 3039 3898 3331 3969; x_wconf 83' lang='lat' dir='ltr'><strong>assignavit</strong></span> <span class='ocrx_word' id='word_1_619' title='bbox 3363 3911 3446 3954; x_wconf 72' lang='lat' dir='ltr'><strong>est</strong></span> <span class='ocrx_word' id='word_1_620' title='bbox 3491 3914 3675 3953; x_wconf 89' lang='lat' dir='ltr'><strong>eorum</strong></span> <span class='ocrx_word' id='word_1_621' title='bbox 3725 3913 3842 3965; x_wconf 67' lang='lat' dir='ltr'><strong>quae</strong></span> 
     </span>
    </p>
   </div>
   <div class='ocr_carea' id='block_1_86' title="bbox 2265 3991 3844 4060">
    <p class='ocr_par' dir='ltr' id='par_1_86' title="bbox 2265 3991 3844 4060">
     <span class='ocr_line' id='line_1_86' title="bbox 2265 3991 3844 4060; baseline -0.003 -14"><span class='ocrx_word' id='word_1_622' title='bbox 2265 4001 2426 4060; x_wconf 78' lang='lat' dir='ltr'><strong>sunt,</strong></span> <span class='ocrx_word' id='word_1_623' title='bbox 2483 3991 2623 4059; x_wconf 86' lang='lat' dir='ltr'><strong>quod</strong></span> <span class='ocrx_word' id='word_1_624' title='bbox 2667 4000 2842 4045; x_wconf 86' lang='lat' dir='ltr'><strong>autem</strong></span> <span class='ocrx_word' id='word_1_625' title='bbox 2890 3991 2988 4044; x_wconf 86' lang='lat' dir='ltr'><strong>sub</strong></span> <span class='ocrx_word' id='word_1_626' title='bbox 3031 3991 3308 4049; x_wconf 82' lang='lat' dir='ltr'><strong>oratione,</strong></span> <span class='ocrx_word' id='word_1_627' title='bbox 3354 4005 3457 4043; x_wconf 87' lang='lat' dir='ltr'><strong>non</strong></span> <span class='ocrx_word' id='word_1_628' title='bbox 3499 4004 3684 4044; x_wconf 88' lang='lat' dir='ltr'><strong>eorum</strong></span> <span class='ocrx_word' id='word_1_629' title='bbox 3725 4004 3844 4056; x_wconf 61' lang='lat' dir='ltr'><strong>quas</strong></span> 
     </span>
    </p>
   </div>
   <div class='ocr_carea' id='block_1_87' title="bbox 2269 4080 3840 4150">
    <p class='ocr_par' dir='ltr' id='par_1_87' title="bbox 2269 4080 3840 4150">
     <span class='ocr_line' id='line_1_87' title="bbox 2269 4080 3840 4150; baseline -0.003 -14"><span class='ocrx_word' id='word_1_630' title='bbox 2269 4092 2391 4136; x_wconf 77' lang='lat' dir='ltr'><strong>sunt</strong></span> <span class='ocrx_word' id='word_1_631' title='bbox 2425 4093 2522 4135; x_wconf 89' lang='lat' dir='ltr'><strong>:ut</strong></span> <span class='ocrx_word' id='word_1_632' title='bbox 2564 4085 2609 4136; x_wconf 87' lang='lat' dir='ltr'><strong>si</strong></span> <span class='ocrx_word' id='word_1_633' title='bbox 2640 4083 2817 4135; x_wconf 89' lang='lat' dir='ltr'><strong>album</strong></span> <span class='ocrx_word' id='word_1_634' title='bbox 2856 4083 3121 4150; x_wconf 88' lang='lat' dir='ltr'><strong>quispiam</strong></span> <span class='ocrx_word' id='word_1_635' title='bbox 3173 4081 3418 4134; x_wconf 79' lang='lat' dir='ltr'><strong>deﬁnivit</strong></span> <span class='ocrx_word' id='word_1_636' title='bbox 3444 4081 3681 4134; x_wconf 91' lang='lat' dir='ltr'><strong>colorem</strong></span> <span class='ocrx_word' id='word_1_637' title='bbox 3732 4080 3840 4148; x_wconf 87' lang='lat' dir='ltr'><strong>igni</strong></span> 
     </span>
    </p>
   </div>
   <div class='ocr_carea' id='block_1_88' title="bbox 2267 4169 3844 4241">
    <p class='ocr_par' dir='ltr' id='par_1_88' title="bbox 2267 4169 3844 4241">
     <span class='ocr_line' id='line_1_88' title="bbox 2267 4169 3844 4241; baseline -0.001 -15"><span class='ocrx_word' id='word_1_638' title='bbox 2267 4174 2609 4241; x_wconf 67' lang='lat' dir='ltr'><strong>permixtum,</strong></span> <span class='ocrx_word' id='word_1_639' title='bbox 2667 4171 3000 4239; x_wconf 86' lang='lat' dir='ltr'><strong>impossibile</strong></span> <span class='ocrx_word' id='word_1_640' title='bbox 3041 4172 3185 4225; x_wconf 89' lang='lat' dir='ltr'><strong>enim</strong></span> <span class='ocrx_word' id='word_1_641' title='bbox 3227 4172 3601 4240; x_wconf 91' lang='lat' dir='ltr'><strong>incorporeum</strong></span> <span class='ocrx_word' id='word_1_642' title='bbox 3631 4169 3844 4239; x_wconf 88' lang='lat' dir='ltr'><strong>corpori</strong></span> 
     </span>
    </p>
   </div>
   <div class='ocr_carea' id='block_1_89' title="bbox 2267 4261 3845 4332">
    <p class='ocr_par' dir='ltr' id='par_1_89' title="bbox 2267 4261 3845 4332">
     <span class='ocr_line' id='line_1_89' title="bbox 2267 4261 3845 4332; baseline 0 -19"><span class='ocrx_word' id='word_1_643' title='bbox 2267 4265 2606 4332; x_wconf 87' lang='lat' dir='ltr'><strong>permisceri;</strong></span> <span class='ocrx_word' id='word_1_644' title='bbox 2653 4278 2818 4331; x_wconf 90' lang='lat' dir='ltr'><strong>quare</strong></span> <span class='ocrx_word' id='word_1_645' title='bbox 2844 4279 2947 4315; x_wconf 92' lang='lat' dir='ltr'><strong>non</strong></span> <span class='ocrx_word' id='word_1_646' title='bbox 2985 4265 3088 4317; x_wconf 86' lang='lat' dir='ltr'><strong>erit</strong></span> <span class='ocrx_word' id='word_1_647' title='bbox 3113 4265 3260 4316; x_wconf 91' lang='lat' dir='ltr'><strong>color</strong></span> <span class='ocrx_word' id='word_1_648' title='bbox 3282 4264 3388 4330; x_wconf 84' lang='lat' dir='ltr'><strong>igni</strong></span> <span class='ocrx_word' id='word_1_649' title='bbox 3419 4261 3732 4330; x_wconf 75' lang='lat' dir='ltr'><strong>permixtus,</strong></span> <span class='ocrx_word' id='word_1_650' title='bbox 3763 4269 3845 4313; x_wconf 69' lang='lat' dir='ltr'><strong>ato</strong></span> 
     </span>
    </p>
   </div>
   <div class='ocr_carea' id='block_1_90' title="bbox 2266 4352 3846 4423">
    <p class='ocr_par' dir='ltr' id='par_1_90' title="bbox 2266 4352 3846 4423">
     <span class='ocr_line' id='line_1_90' title="bbox 2266 4352 3846 4423; baseline -0.002 -16"><span class='ocrx_word' id='word_1_651' title='bbox 2266 4365 2440 4408; x_wconf 90' lang='lat' dir='ltr'><strong>tamen</strong></span> <span class='ocrx_word' id='word_1_652' title='bbox 2471 4355 2650 4407; x_wconf 91' lang='lat' dir='ltr'><strong>album</strong></span> <span class='ocrx_word' id='word_1_653' title='bbox 2686 4363 2789 4408; x_wconf 90' lang='lat' dir='ltr'><strong>est.</strong></span> <span class='ocrx_word' id='word_1_654' title='bbox 2827 4355 3091 4423; x_wconf 85' lang='lat' dir='ltr'><strong>Amplius,</strong></span> <span class='ocrx_word' id='word_1_655' title='bbox 3118 4355 3422 4422; x_wconf 87' lang='lat' dir='ltr'><strong>quicunque</strong></span> <span class='ocrx_word' id='word_1_656' title='bbox 3455 4368 3560 4406; x_wconf 86' lang='lat' dir='ltr'><strong>non</strong></span> <span class='ocrx_word' id='word_1_657' title='bbox 3600 4352 3846 4405; x_wconf 91' lang='lat' dir='ltr'><strong>dividunt</strong></span> 
     </span>
    </p>
   </div>
   <div class='ocr_carea' id='block_1_91' title="bbox 2266 4441 3844 4512">
    <p class='ocr_par' dir='ltr' id='par_1_91' title="bbox 2266 4441 3844 4512">
     <span class='ocr_line' id='line_1_91' title="bbox 2266 4441 3844 4512; baseline -0.001 -16"><span class='ocrx_word' id='word_1_658' title='bbox 2266 4446 2317 4497; x_wconf 91' lang='lat' dir='ltr'><strong>in</strong></span> <span class='ocrx_word' id='word_1_659' title='bbox 2350 4445 2414 4498; x_wconf 88' lang='lat' dir='ltr'><strong>iis</strong></span> <span class='ocrx_word' id='word_1_660' title='bbox 2459 4459 2577 4512; x_wconf 75' lang='lat' dir='ltr'><strong>qua:</strong></span> <span class='ocrx_word' id='word_1_661' title='bbox 2605 4455 2724 4498; x_wconf 91' lang='lat' dir='ltr'><strong>sunt</strong></span> <span class='ocrx_word' id='word_1_662' title='bbox 2753 4444 2818 4498; x_wconf 89' lang='lat' dir='ltr'><strong>ad</strong></span> <span class='ocrx_word' id='word_1_663' title='bbox 2859 4444 3061 4512; x_wconf 90' lang='lat' dir='ltr'><strong>aliquid</strong></span> <span class='ocrx_word' id='word_1_664' title='bbox 3111 4443 3178 4497; x_wconf 92' lang='lat' dir='ltr'><strong>ad</strong></span> <span class='ocrx_word' id='word_1_665' title='bbox 3219 4443 3358 4511; x_wconf 90' lang='lat' dir='ltr'><strong>quod</strong></span> <span class='ocrx_word' id='word_1_666' title='bbox 3389 4443 3610 4507; x_wconf 88' lang='lat' dir='ltr'><strong>dicitur,</strong></span> <span class='ocrx_word' id='word_1_667' title='bbox 3650 4441 3744 4495; x_wconf 91' lang='lat' dir='ltr'><strong>sed</strong></span> <span class='ocrx_word' id='word_1_668' title='bbox 3792 4442 3844 4494; x_wconf 86' lang='lat' dir='ltr'><strong>in</strong></span> 
     </span>
    </p>
   </div>
   <div class='ocr_carea' id='block_1_92' title="bbox 588 4534 3845 4610">
    <p class='ocr_par' dir='ltr' id='par_1_92' title="bbox 588 4534 3845 4610">
     <span class='ocr_line' id='line_1_92' title="bbox 588 4534 3845 4610; baseline -0.003 -17"><span class='ocrx_word' id='word_1_669' title='bbox 588 4552 800 4609; x_wconf 85' lang='lat' dir='ltr'><strong>oportet</strong></span> <span class='ocrx_word' id='word_1_670' title='bbox 829 4559 946 4596; x_wconf 78' lang='lat' dir='ltr'><strong>esse</strong></span> <span class='ocrx_word' id='word_1_671' title='bbox 986 4543 1242 4610; x_wconf 86' lang='lat' dir='ltr'><strong>reliquum</strong></span> <span class='ocrx_word' id='word_1_672' title='bbox 1264 4581 1279 4606; x_wconf 91' lang='lat'><strong>,</strong></span> <span class='ocrx_word' id='word_1_673' title='bbox 1315 4540 1466 4608; x_wconf 91' lang='lat' dir='ltr'><strong>cujus</strong></span> <span class='ocrx_word' id='word_1_674' title='bbox 1507 4539 1738 4593; x_wconf 88' lang='lat' dir='ltr'><strong>medimn</strong></span> <span class='ocrx_word' id='word_1_675' title='bbox 1787 4540 2159 4607; x_wconf 88' lang='lat' dir='ltr'><strong>superadditur</strong></span> <span class='ocrx_word' id='word_1_676' title='bbox 2195 4536 2242 4594; x_wconf 86' lang='lat' dir='ltr'>D</span> <span class='ocrx_word' id='word_1_677' title='bbox 2271 4535 2508 4603; x_wconf 78' lang='lat' dir='ltr'><strong>pluribus</strong></span> <span class='ocrx_word' id='word_1_678' title='bbox 2538 4536 3056 4603; x_wconf 88' lang='lat' dir='ltr'><strong>coruprehendentes</strong></span> <span class='ocrx_word' id='word_1_679' title='bbox 3088 4535 3297 4597; x_wconf 88' lang='lat' dir='ltr'><strong>dicunt,</strong></span> <span class='ocrx_word' id='word_1_680' title='bbox 3328 4543 3418 4586; x_wconf 91' lang='lat' dir='ltr'><strong>aut</strong></span> <span class='ocrx_word' id='word_1_681' title='bbox 3447 4534 3703 4597; x_wconf 92' lang='lat' dir='ltr'><strong>omnino,</strong></span> <span class='ocrx_word' id='word_1_682' title='bbox 3753 4541 3845 4584; x_wconf 89' lang='lat' dir='ltr'><strong>aut</strong></span> 
     </span>
    </p>
   </div>
   <div class='ocr_carea' id='block_1_93' title="bbox 594 4631 2162 4702">
    <p class='ocr_par' dir='ltr' id='par_1_93' title="bbox 594 4631 2162 4702">
     <span class='ocr_line' id='line_1_93' title="bbox 594 4631 2162 4702; baseline 0.001 -18"><span class='ocrx_word' id='word_1_683' title='bbox 594 4633 817 4695; x_wconf 86' lang='lat' dir='ltr'><strong>ﬁnibus;</strong></span> <span class='ocrx_word' id='word_1_684' title='bbox 868 4632 960 4686; x_wconf 86' lang='lat' dir='ltr'><strong>sed</strong></span> <span class='ocrx_word' id='word_1_685' title='bbox 1010 4633 1212 4686; x_wconf 90' lang='lat' dir='ltr'><strong>inliuita</strong></span> <span class='ocrx_word' id='word_1_686' title='bbox 1274 4631 1734 4702; x_wconf 66' lang='lat' dir='ltr'><strong>neque.medium</strong></span> <span class='ocrx_word' id='word_1_687' title='bbox 1805 4647 1978 4702; x_wconf 91' lang='lat' dir='ltr'><strong>neque</strong></span> <span class='ocrx_word' id='word_1_688' title='bbox 2029 4634 2162 4685; x_wconf 88' lang='lat' dir='ltr'><strong>lines</strong></span> 
     </span>
    </p>
   </div>
   <div class='ocr_carea' id='block_1_94' title="bbox 590 4726 2159 4794">
    <p class='ocr_par' dir='ltr' id='par_1_94' title="bbox 590 4726 2159 4794">
     <span class='ocr_line' id='line_1_94' title="bbox 590 4726 2159 4794; baseline -0.001 -15"><span class='ocrx_word' id='word_1_689' title='bbox 590 4727 789 4787; x_wconf 86' lang='lat' dir='ltr'><strong>habet,</strong></span> <span class='ocrx_word' id='word_1_690' title='bbox 848 4736 991 4779; x_wconf 91' lang='lat' dir='ltr'><strong>recta</strong></span> <span class='ocrx_word' id='word_1_691' title='bbox 1050 4735 1226 4778; x_wconf 90' lang='lat' dir='ltr'><strong>autem</strong></span> <span class='ocrx_word' id='word_1_692' title='bbox 1280 4734 1392 4788; x_wconf 88' lang='lat' dir='ltr'><strong>est;</strong></span> <span class='ocrx_word' id='word_1_693' title='bbox 1451 4741 1616 4792; x_wconf 90' lang='lat' dir='ltr'><strong>quare</strong></span> <span class='ocrx_word' id='word_1_694' title='bbox 1663 4743 1766 4778; x_wconf 86' lang='lat' dir='ltr'><strong>non</strong></span> <span class='ocrx_word' id='word_1_695' title='bbox 1823 4736 1904 4780; x_wconf 90' lang='lat' dir='ltr'><strong>est</strong></span> <span class='ocrx_word' id='word_1_696' title='bbox 1962 4726 2159 4794; x_wconf 91' lang='lat' dir='ltr'><strong>reliqua</strong></span> 
     </span>
    </p>
   </div>
   <div class='ocr_carea' id='block_1_95' title="bbox 588 4815 2147 4884">
    <p class='ocr_par' dir='ltr' id='par_1_95' title="bbox 588 4815 2147 4884">
     <span class='ocr_line' id='line_1_95' title="bbox 588 4815 2147 4884; baseline -0.001 -15"><span class='ocrx_word' id='word_1_697' title='bbox 588 4818 774 4884; x_wconf 77' lang='lat' dir='ltr'><strong>reliqui</strong></span> <span class='ocrx_word' id='word_1_698' title='bbox 800 4817 992 4870; x_wconf 77' lang='lat' dir='ltr'><strong>oratio.</strong></span> <span class='ocrx_word' id='word_1_699' title='bbox 1019 4815 1281 4881; x_wconf 70' lang='lat' dir='ltr'><strong>Amplius,</strong></span> <span class='ocrx_word' id='word_1_700' title='bbox 1313 4815 1356 4868; x_wconf 90' lang='lat' dir='ltr'><strong>si</strong></span> <span class='ocrx_word' id='word_1_701' title='bbox 1387 4832 1505 4868; x_wconf 91' lang='lat' dir='ltr'><strong>eum</strong></span> <span class='ocrx_word' id='word_1_702' title='bbox 1536 4816 1606 4868; x_wconf 90' lang='lat' dir='ltr'><strong>sit</strong></span> <span class='ocrx_word' id='word_1_703' title='bbox 1631 4817 1983 4884; x_wconf 84' lang='lat' dir='ltr'><strong>compositum</strong></span> <span class='ocrx_word' id='word_1_704' title='bbox 2009 4816 2147 4884; x_wconf 91' lang='lat' dir='ltr'><strong>quod</strong></span> 
     </span>
    </p>
   </div>
   <div class='ocr_carea' id='block_1_96' title="bbox 588 4903 2156 4974">
    <p class='ocr_par' dir='ltr' id='par_1_96' title="bbox 588 4903 2156 4974">
     <span class='ocr_line' id='line_1_96' title="bbox 588 4903 2156 4974; baseline -0.003 -14"><span class='ocrx_word' id='word_1_705' title='bbox 588 4907 865 4968; x_wconf 86' lang='lat' dir='ltr'><strong>delinitur,</strong></span> <span class='ocrx_word' id='word_1_706' title='bbox 915 4905 1313 4974; x_wconf 77' lang='lat' dir='ltr'><strong>:eqnimembris</strong></span> <span class='ocrx_word' id='word_1_707' title='bbox 1351 4906 1522 4958; x_wconf 85' lang='lat' dir='ltr'><strong>oratio</strong></span> <span class='ocrx_word' id='word_1_708' title='bbox 1549 4903 1850 4973; x_wconf 79' lang='lat' dir='ltr'><strong>aSsignetur</strong></span> <span class='ocrx_word' id='word_1_709' title='bbox 1892 4904 2156 4959; x_wconf 90' lang='lat' dir='ltr'><strong>delinitio.</strong></span> 
     </span>
    </p>
   </div>
   <div class='ocr_carea' id='block_1_97' title="bbox 588 4995 2162 5068">
    <p class='ocr_par' dir='ltr' id='par_1_97' title="bbox 588 4995 2162 5068">
     <span class='ocr_line' id='line_1_97' title="bbox 588 4995 2162 5068; baseline -0.004 -15"><span class='ocrx_word' id='word_1_710' title='bbox 588 4998 1008 5068; x_wconf 70' lang='lat' dir='ltr'><strong>Aiquimembris</strong></span> <span class='ocrx_word' id='word_1_711' title='bbox 1032 5008 1205 5050; x_wconf 89' lang='lat' dir='ltr'><strong>autem</strong></span> <span class='ocrx_word' id='word_1_712' title='bbox 1230 4996 1421 5049; x_wconf 90' lang='lat' dir='ltr'><strong>dicitur</strong></span> <span class='ocrx_word' id='word_1_713' title='bbox 1443 4995 1616 5049; x_wconf 83' lang='lat' dir='ltr'><strong>oratio</strong></span> <span class='ocrx_word' id='word_1_714' title='bbox 1646 5010 1765 5049; x_wconf 87' lang='lat' dir='ltr'><strong>esse</strong></span> <span class='ocrx_word' id='word_1_715' title='bbox 1797 4995 2010 5063; x_wconf 89' lang='lat' dir='ltr'><strong>quando</strong></span> <span class='ocrx_word' id='word_1_716' title='bbox 2031 5003 2162 5063; x_wconf 91' lang='lat' dir='ltr'><strong>quot</strong></span> 
     </span>
    </p>
   </div>
   <div class='ocr_carea' id='block_1_98' title="bbox 589 5086 2160 5157">
    <p class='ocr_par' dir='ltr' id='par_1_98' title="bbox 589 5086 2160 5157">
     <span class='ocr_line' id='line_1_98' title="bbox 589 5086 2160 5157; baseline -0.004 -14"><span class='ocrx_word' id='word_1_717' title='bbox 589 5094 785 5145; x_wconf 87' lang='lat' dir='ltr'><strong>l&#39;nerint</strong></span> <span class='ocrx_word' id='word_1_718' title='bbox 809 5090 1125 5157; x_wconf 79' lang='lat' dir='ltr'><strong>Composita,</strong></span> <span class='ocrx_word' id='word_1_719' title='bbox 1158 5098 1231 5140; x_wconf 93' lang='lat' dir='ltr'><strong>tot</strong></span> <span class='ocrx_word' id='word_1_720' title='bbox 1261 5097 1315 5142; x_wconf 91' lang='lat' dir='ltr'><strong>et</strong></span> <span class='ocrx_word' id='word_1_721' title='bbox 1339 5089 1387 5140; x_wconf 86' lang='lat' dir='ltr'><strong>in</strong></span> <span class='ocrx_word' id='word_1_722' title='bbox 1411 5088 1657 5141; x_wconf 88' lang='lat' dir='ltr'><strong>oratione</strong></span> <span class='ocrx_word' id='word_1_723' title='bbox 1681 5087 1894 5139; x_wconf 88' lang='lat' dir='ltr'><strong>nomina</strong></span> <span class='ocrx_word' id='word_1_724' title='bbox 1922 5094 1972 5137; x_wconf 91' lang='lat' dir='ltr'><strong>et</strong></span> <span class='ocrx_word' id='word_1_725' title='bbox 1999 5086 2160 5138; x_wconf 82' lang='lat' dir='ltr'><strong>verba</strong></span> 
     </span>
    </p>
   </div>
   <div class='ocr_carea' id='block_1_99' title="bbox 588 5176 2155 5242">
    <p class='ocr_par' dir='ltr' id='par_1_99' title="bbox 588 5176 2155 5242">
     <span class='ocr_line' id='line_1_99' title="bbox 588 5176 2155 5242; baseline -0.004 -6"><span class='ocrx_word' id='word_1_726' title='bbox 588 5184 813 5236; x_wconf 80' lang='lat' dir='ltr'><strong>fuerint:</strong></span> <span class='ocrx_word' id='word_1_727' title='bbox 839 5195 1056 5234; x_wconf 84' lang='lat' dir='ltr'><strong>necesse</strong></span> <span class='ocrx_word' id='word_1_728' title='bbox 1072 5190 1152 5233; x_wconf 90' lang='lat' dir='ltr'><strong>est</strong></span> <span class='ocrx_word' id='word_1_729' title='bbox 1167 5181 1307 5233; x_wconf 88' lang='lat' dir='ltr'><strong>enim</strong></span> <span class='ocrx_word' id='word_1_730' title='bbox 1334 5181 1383 5232; x_wconf 94' lang='lat' dir='ltr'><strong>in</strong></span> <span class='ocrx_word' id='word_1_731' title='bbox 1419 5179 1611 5231; x_wconf 85' lang='lat' dir='ltr'><strong>talibus</strong></span> <span class='ocrx_word' id='word_1_732' title='bbox 1631 5177 1865 5242; x_wconf 87' lang='lat' dir='ltr'><strong>ipsorum</strong></span> <span class='ocrx_word' id='word_1_733' title='bbox 1884 5176 2155 5230; x_wconf 90' lang='lat' dir='ltr'><strong>nominum</strong></span> 
     </span>
    </p>
   </div>
   <div class='ocr_carea' id='block_1_100' title="bbox 586 5269 2161 5337">
    <p class='ocr_par' dir='ltr' id='par_1_100' title="bbox 586 5269 2161 5337">
     <span class='ocr_line' id='line_1_100' title="bbox 586 5269 2161 5337; baseline -0.004 -9"><span class='ocrx_word' id='word_1_734' title='bbox 586 5277 1055 5328; x_wconf 85' lang='lat' dir='ltr'><strong>commutationem</strong></span> <span class='ocrx_word' id='word_1_735' title='bbox 1095 5273 1206 5327; x_wconf 88' lang='lat' dir='ltr'><strong>ﬁeri</strong></span> <span class='ocrx_word' id='word_1_736' title='bbox 1237 5285 1322 5325; x_wconf 85' lang='lat' dir='ltr'><strong>aut</strong></span> <span class='ocrx_word' id='word_1_737' title='bbox 1357 5273 1591 5324; x_wconf 91' lang='lat' dir='ltr'><strong>omnium</strong></span> <span class='ocrx_word' id='word_1_738' title='bbox 1625 5279 1713 5322; x_wconf 88' lang='lat' dir='ltr'><strong>aut</strong></span> <span class='ocrx_word' id='word_1_739' title='bbox 1744 5269 2068 5337; x_wconf 89' lang='lat' dir='ltr'><strong>aliquorum,</strong></span> <span class='ocrx_word' id='word_1_740' title='bbox 2097 5284 2161 5323; x_wconf 93' lang='lat' dir='ltr'><strong>co</strong></span> 
     </span>
    </p>
   </div>
   <div class='ocr_carea' id='block_1_101' title="bbox 586 5361 2156 5436">
    <p class='ocr_par' dir='ltr' id='par_1_101' title="bbox 586 5361 2156 5436">
     <span class='ocr_line' id='line_1_101' title="bbox 586 5361 2156 5436; baseline -0.004 -16"><span class='ocrx_word' id='word_1_741' title='bbox 586 5386 618 5436; x_wconf 89' lang='lat' dir='ltr'><strong>q</strong></span> <span class='ocrx_word' id='word_1_742' title='bbox 662 5369 728 5422; x_wconf 93' lang='lat' dir='ltr'><strong>Od</strong></span> <span class='ocrx_word' id='word_1_743' title='bbox 760 5370 885 5420; x_wconf 91' lang='lat' dir='ltr'><strong>nihil</strong></span> <span class='ocrx_word' id='word_1_744' title='bbox 911 5368 1056 5436; x_wconf 90' lang='lat' dir='ltr'><strong>plura</strong></span> <span class='ocrx_word' id='word_1_745' title='bbox 1079 5380 1216 5418; x_wconf 90' lang='lat' dir='ltr'><strong>nunc</strong></span> <span class='ocrx_word' id='word_1_746' title='bbox 1238 5380 1395 5432; x_wconf 87' lang='lat' dir='ltr'><strong>quam</strong></span> <span class='ocrx_word' id='word_1_747' title='bbox 1425 5363 1570 5431; x_wconf 85' lang='lat' dir='ltr'><strong>prius</strong></span> <span class='ocrx_word' id='word_1_748' title='bbox 1595 5361 1807 5415; x_wconf 89' lang='lat' dir='ltr'><strong>nomina</strong></span> <span class='ocrx_word' id='word_1_749' title='bbox 1837 5361 1976 5414; x_wconf 90' lang='lat' dir='ltr'><strong>dicta</strong></span> <span class='ocrx_word' id='word_1_750' title='bbox 2002 5370 2156 5423; x_wconf 90' lang='lat' dir='ltr'><strong>sunt;</strong></span> 
     </span>
    </p>
   </div>
   <div class='ocr_carea' id='block_1_102' title="bbox 585 5453 2160 5526">
    <p class='ocr_par' dir='ltr' id='par_1_102' title="bbox 585 5453 2160 5526">
     <span class='ocr_line' id='line_1_102' title="bbox 585 5453 2160 5526; baseline -0.004 -16"><span class='ocrx_word' id='word_1_751' title='bbox 585 5475 770 5512; x_wconf 74' lang='lat' dir='ltr'><strong>verum</strong></span> <span class='ocrx_word' id='word_1_752' title='bbox 796 5466 1004 5526; x_wconf 81' lang='lat' dir='ltr'><strong>Oportet</strong></span> <span class='ocrx_word' id='word_1_753' title='bbox 1031 5474 1150 5512; x_wconf 89' lang='lat' dir='ltr'><strong>eum</strong></span> <span class='ocrx_word' id='word_1_754' title='bbox 1180 5457 1266 5524; x_wconf 92' lang='lat' dir='ltr'><strong>qui</strong></span> <span class='ocrx_word' id='word_1_755' title='bbox 1292 5455 1498 5519; x_wconf 90' lang='lat' dir='ltr'><strong>deﬁnit,</strong></span> <span class='ocrx_word' id='word_1_756' title='bbox 1534 5453 1829 5506; x_wconf 90' lang='lat' dir='ltr'><strong>orationem</strong></span> <span class='ocrx_word' id='word_1_757' title='bbox 1864 5468 1960 5521; x_wconf 92' lang='lat' dir='ltr'><strong>pro</strong></span> <span class='ocrx_word' id='word_1_758' title='bbox 1991 5453 2160 5505; x_wconf 82' lang='lat' dir='ltr'><strong>nomi-</strong></span> 
     </span>
    </p>
   </div>
   <div class='ocr_carea' id='block_1_103' title="bbox 587 5527 2159 5615">
    <p class='ocr_par' dir='ltr' id='par_1_103' title="bbox 587 5527 2159 5615">
     <span class='ocr_line' id='line_1_103' title="bbox 587 5527 2159 5615; baseline -0.004 -14"><span class='ocrx_word' id='word_1_759' title='bbox 587 5552 744 5604; x_wconf 74' lang='lat' dir='ltr'><strong>nitus</strong></span> <span class='ocrx_word' id='word_1_760' title='bbox 765 5545 1064 5615; x_wconf 72' lang='lat' dir='ltr'><strong>assignare,</strong></span> <span class='ocrx_word' id='word_1_761' title='bbox 1101 5527 1336 5600; x_wconf 76' lang='lat' dir='ltr'><strong>maxime</strong></span> <span class='ocrx_word' id='word_1_762' title='bbox 1363 5545 1578 5615; x_wconf 78' lang='lat' dir='ltr'><strong>quidem</strong></span> <span class='ocrx_word' id='word_1_763' title='bbox 1607 5544 1853 5597; x_wconf 86' lang='lat' dir='ltr'><strong>omnibus</strong></span> <span class='ocrx_word' id='word_1_764' title='bbox 1875 5584 1888 5607; x_wconf 92' lang='lat'><strong>,</strong></span> <span class='ocrx_word' id='word_1_765' title='bbox 1925 5542 2065 5611; x_wconf 90' lang='lat' dir='ltr'><strong>quod</strong></span> <span class='ocrx_word' id='word_1_766' title='bbox 2115 5544 2159 5595; x_wconf 89' lang='lat' dir='ltr'><strong>si</strong></span> 
     </span>
    </p>
   </div>
   <div class='ocr_carea' id='block_1_104' title="bbox 589 5635 2154 5704">
    <p class='ocr_par' dir='ltr' id='par_1_104' title="bbox 589 5635 2154 5704">
     <span class='ocr_line' id='line_1_104' title="bbox 589 5635 2154 5704; baseline -0.002 -15"><span class='ocrx_word' id='word_1_767' title='bbox 589 5655 714 5704; x_wconf 89' lang='lat' dir='ltr'><strong>non,</strong></span> <span class='ocrx_word' id='word_1_768' title='bbox 763 5650 814 5692; x_wconf 88' lang='lat' dir='ltr'><strong>at</strong></span> <span class='ocrx_word' id='word_1_769' title='bbox 842 5642 1030 5693; x_wconf 84' lang='lat' dir='ltr'><strong>saltem</strong></span> <span class='ocrx_word' id='word_1_770' title='bbox 1065 5639 1114 5691; x_wconf 92' lang='lat' dir='ltr'><strong>in</strong></span> <span class='ocrx_word' id='word_1_771' title='bbox 1149 5638 1406 5704; x_wconf 76' lang='lat' dir='ltr'><strong>plurimis.</strong></span> <span class='ocrx_word' id='word_1_772' title='bbox 1439 5637 1526 5690; x_wconf 83' lang='lat' dir='ltr'><strong>Sic</strong></span> <span class='ocrx_word' id='word_1_773' title='bbox 1557 5638 1696 5689; x_wconf 81' lang='lat' dir='ltr'><strong>enim</strong></span> <span class='ocrx_word' id='word_1_774' title='bbox 1728 5646 1782 5689; x_wconf 88' lang='lat' dir='ltr'><strong>et</strong></span> <span class='ocrx_word' id='word_1_775' title='bbox 1812 5637 1863 5688; x_wconf 90' lang='lat' dir='ltr'><strong>in</strong></span> <span class='ocrx_word' id='word_1_776' title='bbox 1895 5635 2154 5702; x_wconf 87' lang='lat' dir='ltr'><strong>simplici-</strong></span> 
     </span>
    </p>
   </div>
   <div class='ocr_carea' id='block_1_105' title="bbox 590 5727 2160 5793">
    <p class='ocr_par' dir='ltr' id='par_1_105' title="bbox 590 5727 2160 5793">
     <span class='ocr_line' id='line_1_105' title="bbox 590 5727 2160 5793; baseline 0 -16"><span class='ocrx_word' id='word_1_777' title='bbox 590 5728 687 5778; x_wconf 80' lang='lat' dir='ltr'><strong>bus</strong></span> <span class='ocrx_word' id='word_1_778' title='bbox 735 5730 824 5793; x_wconf 88' lang='lat' dir='ltr'><strong>qui</strong></span> <span class='ocrx_word' id='word_1_779' title='bbox 857 5746 1047 5781; x_wconf 76' lang='lat' dir='ltr'><strong>nomen</strong></span> <span class='ocrx_word' id='word_1_780' title='bbox 1080 5737 1402 5790; x_wconf 89' lang='lat' dir='ltr'><strong>commutat,</strong></span> <span class='ocrx_word' id='word_1_781' title='bbox 1450 5744 1551 5780; x_wconf 89' lang='lat' dir='ltr'><strong>non</strong></span> <span class='ocrx_word' id='word_1_782' title='bbox 1583 5727 1898 5780; x_wconf 87' lang='lat' dir='ltr'><strong>deﬁniturus</strong></span> <span class='ocrx_word' id='word_1_783' title='bbox 1929 5735 2012 5780; x_wconf 89' lang='lat' dir='ltr'><strong>est</strong></span> <span class='ocrx_word' id='word_1_784' title='bbox 2057 5741 2068 5775; x_wconf 90' lang='lat'>:</span> <span class='ocrx_word' id='word_1_785' title='bbox 2104 5734 2160 5777; x_wconf 88' lang='lat' dir='ltr'><strong>ut</strong></span> 
     </span>
    </p>
   </div>
   <div class='ocr_carea' id='block_1_106' title="bbox 590 5814 2151 5883">
    <p class='ocr_par' dir='ltr' id='par_1_106' title="bbox 590 5814 2151 5883">
     <span class='ocr_line' id='line_1_106' title="bbox 590 5814 2151 5883; baseline 0.004 -20"><span class='ocrx_word' id='word_1_786' title='bbox 590 5827 685 5883; x_wconf 87' lang='lat' dir='ltr'><strong>pro</strong></span> <span class='ocrx_word' id='word_1_787' title='bbox 718 5817 889 5868; x_wconf 88' lang='lat' dir='ltr'><strong>tunica</strong></span> <span class='ocrx_word' id='word_1_788' title='bbox 921 5825 1141 5870; x_wconf 87' lang='lat' dir='ltr'><strong>vestem.</strong></span> <span class='ocrx_word' id='word_1_789' title='bbox 1175 5814 1416 5882; x_wconf 82' lang='lat' dir='ltr'><strong>Amplius</strong></span> <span class='ocrx_word' id='word_1_790' title='bbox 1441 5825 1613 5869; x_wconf 90' lang='lat' dir='ltr'><strong>autem</strong></span> <span class='ocrx_word' id='word_1_791' title='bbox 1640 5816 1809 5883; x_wconf 88' lang='lat' dir='ltr'><strong>majus</strong></span> <span class='ocrx_word' id='word_1_792' title='bbox 1842 5821 2151 5881; x_wconf 88' lang='lat' dir='ltr'><strong>peccatum,</strong></span> 
     </span>
    </p>
   </div>
   <div class='ocr_carea' id='block_1_107' title="bbox 2270 4624 3846 4695">
    <p class='ocr_par' dir='ltr' id='par_1_107' title="bbox 2270 4624 3846 4695">
     <span class='ocr_line' id='line_1_107' title="bbox 2270 4624 3846 4695; baseline -0.001 -16"><span class='ocrx_word' id='word_1_793' title='bbox 2270 4628 2320 4679; x_wconf 92' lang='lat' dir='ltr'><strong>in</strong></span> <span class='ocrx_word' id='word_1_794' title='bbox 2345 4628 2524 4695; x_wconf 90' lang='lat' dir='ltr'><strong>aliquo</strong></span> <span class='ocrx_word' id='word_1_795' title='bbox 2551 4627 2736 4678; x_wconf 82' lang='lat' dir='ltr'><strong>falsum</strong></span> <span class='ocrx_word' id='word_1_796' title='bbox 2768 4626 2952 4679; x_wconf 89' lang='lat' dir='ltr'><strong>dicunt</strong></span> <span class='ocrx_word' id='word_1_797' title='bbox 2979 4642 2994 4679; x_wconf 91' lang='lat'><strong>:</strong></span> <span class='ocrx_word' id='word_1_798' title='bbox 3026 4635 3084 4679; x_wconf 92' lang='lat' dir='ltr'><strong>ut</strong></span> <span class='ocrx_word' id='word_1_799' title='bbox 3109 4628 3152 4678; x_wconf 90' lang='lat' dir='ltr'><strong>si</strong></span> <span class='ocrx_word' id='word_1_800' title='bbox 3184 4625 3304 4693; x_wconf 90' lang='lat' dir='ltr'><strong>quis</strong></span> <span class='ocrx_word' id='word_1_801' title='bbox 3336 4624 3650 4678; x_wconf 86' lang='lat' dir='ltr'><strong>medicinam</strong></span> <span class='ocrx_word' id='word_1_802' title='bbox 3685 4624 3846 4678; x_wconf 85' lang='lat' dir='ltr'><strong>disci-</strong></span> 
     </span>
    </p>
   </div>
   <div class='ocr_carea' id='block_1_108' title="bbox 2269 4714 3822 4784">
    <p class='ocr_par' dir='ltr' id='par_1_108' title="bbox 2269 4714 3822 4784">
     <span class='ocr_line' id='line_1_108' title="bbox 2269 4714 3822 4784; baseline -0.001 -15"><span class='ocrx_word' id='word_1_803' title='bbox 2269 4719 2461 4784; x_wconf 74' lang='lat' dir='ltr'><strong>plinam</strong></span> <span class='ocrx_word' id='word_1_804' title='bbox 2487 4718 2624 4770; x_wconf 83' lang='lat' dir='ltr'><strong>entis</strong></span> <span class='ocrx_word' id='word_1_805' title='bbox 2655 4718 2807 4770; x_wconf 83' lang='lat' dir='ltr'><strong>dixit.</strong></span> <span class='ocrx_word' id='word_1_806' title='bbox 2846 4715 2975 4769; x_wconf 85' lang='lat' dir='ltr'><strong>Nam</strong></span> <span class='ocrx_word' id='word_1_807' title='bbox 3017 4717 3062 4770; x_wconf 92' lang='lat' dir='ltr'><strong>si</strong></span> <span class='ocrx_word' id='word_1_808' title='bbox 3100 4716 3294 4769; x_wconf 92' lang='lat' dir='ltr'><strong>nullius</strong></span> <span class='ocrx_word' id='word_1_809' title='bbox 3324 4717 3526 4768; x_wconf 88' lang='lat' dir='ltr'><strong>entium</strong></span> <span class='ocrx_word' id='word_1_810' title='bbox 3558 4714 3822 4768; x_wconf 85' lang='lat' dir='ltr'><strong>medicina</strong></span> 
     </span>
    </p>
   </div>
   <div class='ocr_carea' id='block_1_109' title="bbox 2265 4806 3845 4876">
    <p class='ocr_par' dir='ltr' id='par_1_109' title="bbox 2265 4806 3845 4876">
     <span class='ocr_line' id='line_1_109' title="bbox 2265 4806 3845 4876; baseline -0.001 -15"><span class='ocrx_word' id='word_1_811' title='bbox 2265 4821 2344 4862; x_wconf 74' lang='grc' dir='ltr'><strong>εει</strong></span> <span class='ocrx_word' id='word_1_812' title='bbox 2373 4809 2674 4875; x_wconf 86' lang='lat' dir='ltr'><strong>disciplina,</strong></span> <span class='ocrx_word' id='word_1_813' title='bbox 2701 4808 3044 4861; x_wconf 78' lang='lat' dir='ltr'><strong>manifestum</strong></span> <span class='ocrx_word' id='word_1_814' title='bbox 3077 4806 3327 4876; x_wconf 88' lang='lat' dir='ltr'><strong>quoniam</strong></span> <span class='ocrx_word' id='word_1_815' title='bbox 3359 4815 3465 4859; x_wconf 89' lang='lat' dir='ltr'><strong>tota</strong></span> <span class='ocrx_word' id='word_1_816' title='bbox 3487 4806 3660 4859; x_wconf 91' lang='lat' dir='ltr'><strong>oratio</strong></span> <span class='ocrx_word' id='word_1_817' title='bbox 3692 4821 3845 4860; x_wconf 80' lang='lat' dir='ltr'><strong>men-</strong></span> 
     </span>
    </p>
   </div>
   <div class='ocr_carea' id='block_1_110' title="bbox 2267 4896 3840 4966">
    <p class='ocr_par' dir='ltr' id='par_1_110' title="bbox 2267 4896 3840 4966">
     <span class='ocr_line' id='line_1_110' title="bbox 2267 4896 3840 4966; baseline -0.002 -14"><span class='ocrx_word' id='word_1_818' title='bbox 2267 4901 2362 4952; x_wconf 67' lang='lat' dir='ltr'><strong>das</strong></span> <span class='ocrx_word' id='word_1_819' title='bbox 2394 4909 2502 4963; x_wconf 88' lang='lat' dir='ltr'><strong>est;</strong></span> <span class='ocrx_word' id='word_1_820' title='bbox 2533 4899 2578 4953; x_wconf 91' lang='lat' dir='ltr'><strong>si</strong></span> <span class='ocrx_word' id='word_1_821' title='bbox 2621 4910 2795 4954; x_wconf 89' lang='lat' dir='ltr'><strong>autem</strong></span> <span class='ocrx_word' id='word_1_822' title='bbox 2836 4898 3062 4966; x_wconf 78' lang='lat' dir='ltr'><strong>alicujus</strong></span> <span class='ocrx_word' id='word_1_823' title='bbox 3115 4897 3364 4965; x_wconf 90' lang='lat' dir='ltr'><strong>quidem,</strong></span> <span class='ocrx_word' id='word_1_824' title='bbox 3396 4896 3621 4964; x_wconf 84' lang='lat' dir='ltr'><strong>alicujus</strong></span> <span class='ocrx_word' id='word_1_825' title='bbox 3662 4906 3840 4950; x_wconf 80' lang='lat' dir='ltr'><strong>autem</strong></span> 
     </span>
    </p>
   </div>
   <div class='ocr_carea' id='block_1_111' title="bbox 2273 4987 3844 5061">
    <p class='ocr_par' dir='ltr' id='par_1_111' title="bbox 2273 4987 3844 5061">
     <span class='ocr_line' id='line_1_111' title="bbox 2273 4987 3844 5061; baseline -0.004 -15"><span class='ocrx_word' id='word_1_826' title='bbox 2273 5008 2409 5058; x_wconf 92' lang='lat' dir='ltr'><strong>non,</strong></span> <span class='ocrx_word' id='word_1_827' title='bbox 2438 4992 2490 5044; x_wconf 93' lang='lat' dir='ltr'><strong>in</strong></span> <span class='ocrx_word' id='word_1_828' title='bbox 2519 4993 2696 5061; x_wconf 90' lang='lat' dir='ltr'><strong>aliquo</strong></span> <span class='ocrx_word' id='word_1_829' title='bbox 2736 4991 2961 5044; x_wconf 82' lang='lat' dir='ltr'><strong>mendax</strong></span> <span class='ocrx_word' id='word_1_830' title='bbox 3005 5007 3016 5041; x_wconf 89' lang='lat'><strong>:</strong></span> <span class='ocrx_word' id='word_1_831' title='bbox 3051 5004 3175 5042; x_wconf 89' lang='lat' dir='ltr'><strong>nam</strong></span> <span class='ocrx_word' id='word_1_832' title='bbox 3221 4995 3432 5057; x_wconf 91' lang='lat' dir='ltr'><strong>oportet</strong></span> <span class='ocrx_word' id='word_1_833' title='bbox 3459 4987 3528 5040; x_wconf 89' lang='lat' dir='ltr'><strong>de</strong></span> <span class='ocrx_word' id='word_1_834' title='bbox 3561 4987 3741 5054; x_wconf 91' lang='lat' dir='ltr'><strong>omni,</strong></span> <span class='ocrx_word' id='word_1_835' title='bbox 3772 4987 3844 5040; x_wconf 84' lang='lat' dir='ltr'><strong>si-</strong></span> 
     </span>
    </p>
   </div>
   <div class='ocr_carea' id='block_1_112' title="bbox 2271 5079 3842 5149">
    <p class='ocr_par' dir='ltr' id='par_1_112' title="bbox 2271 5079 3842 5149">
     <span class='ocr_line' id='line_1_112' title="bbox 2271 5079 3842 5149; baseline -0.002 -14"><span class='ocrx_word' id='word_1_836' title='bbox 2271 5083 2480 5149; x_wconf 91' lang='lat' dir='ltr'><strong>quidem</strong></span> <span class='ocrx_word' id='word_1_837' title='bbox 2531 5096 2624 5149; x_wconf 90' lang='lat' dir='ltr'><strong>per</strong></span> <span class='ocrx_word' id='word_1_838' title='bbox 2669 5095 2761 5145; x_wconf 90' lang='lat' dir='ltr'><strong>se,</strong></span> <span class='ocrx_word' id='word_1_839' title='bbox 2807 5090 2860 5135; x_wconf 91' lang='lat' dir='ltr'><strong>et</strong></span> <span class='ocrx_word' id='word_1_840' title='bbox 2910 5095 3014 5134; x_wconf 92' lang='lat' dir='ltr'><strong>non</strong></span> <span class='ocrx_word' id='word_1_841' title='bbox 3069 5080 3365 5134; x_wconf 87' lang='lat' dir='ltr'><strong>secundum</strong></span> <span class='ocrx_word' id='word_1_842' title='bbox 3397 5079 3644 5133; x_wconf 88' lang='lat' dir='ltr'><strong>accidens</strong></span> <span class='ocrx_word' id='word_1_843' title='bbox 3701 5081 3842 5134; x_wconf 87' lang='lat' dir='ltr'><strong>emis</strong></span> 
     </span>
    </p>
   </div>
   <div class='ocr_carea' id='block_1_113' title="bbox 2269 5169 3837 5241">
    <p class='ocr_par' dir='ltr' id='par_1_113' title="bbox 2269 5169 3837 5241">
     <span class='ocr_line' id='line_1_113' title="bbox 2269 5169 3837 5241; baseline -0.002 -15"><span class='ocrx_word' id='word_1_844' title='bbox 2269 5187 2388 5226; x_wconf 89' lang='lat' dir='ltr'><strong>esse</strong></span> <span class='ocrx_word' id='word_1_845' title='bbox 2432 5171 2656 5239; x_wconf 86' lang='lat' dir='ltr'><strong>dicitur,</strong></span> <span class='ocrx_word' id='word_1_846' title='bbox 2689 5171 3139 5241; x_wconf 88' lang='lat' dir='ltr'><strong>quemadmodum</strong></span> <span class='ocrx_word' id='word_1_847' title='bbox 3187 5172 3238 5223; x_wconf 90' lang='lat' dir='ltr'><strong>in</strong></span> <span class='ocrx_word' id='word_1_848' title='bbox 3285 5170 3400 5223; x_wconf 89' lang='lat' dir='ltr'><strong>aliis</strong></span> <span class='ocrx_word' id='word_1_849' title='bbox 3441 5184 3500 5224; x_wconf 90' lang='lat' dir='ltr'><strong>se</strong></span> <span class='ocrx_word' id='word_1_850' title='bbox 3538 5169 3735 5224; x_wconf 88' lang='lat' dir='ltr'><strong>habent</strong></span> <span class='ocrx_word' id='word_1_851' title='bbox 3777 5187 3837 5224; x_wconf 91' lang='lat' dir='ltr'><strong>ea</strong></span> 
     </span>
    </p>
   </div>
   <div class='ocr_carea' id='block_1_114' title="bbox 2270 5261 3837 5332">
    <p class='ocr_par' dir='ltr' id='par_1_114' title="bbox 2270 5261 3837 5332">
     <span class='ocr_line' id='line_1_114' title="bbox 2270 5261 3837 5332; baseline -0.003 -16"><span class='ocrx_word' id='word_1_852' title='bbox 2270 5279 2388 5332; x_wconf 66' lang='lat' dir='ltr'><strong>quire</strong></span> <span class='ocrx_word' id='word_1_853' title='bbox 2436 5264 2500 5316; x_wconf 91' lang='lat' dir='ltr'><strong>ad</strong></span> <span class='ocrx_word' id='word_1_854' title='bbox 2554 5263 2754 5331; x_wconf 87' lang='lat' dir='ltr'><strong>aliquid</strong></span> <span class='ocrx_word' id='word_1_855' title='bbox 2800 5272 2967 5326; x_wconf 90' lang='lat' dir='ltr'><strong>sunt,</strong></span> <span class='ocrx_word' id='word_1_856' title='bbox 3027 5279 3146 5316; x_wconf 85' lang='lat' dir='ltr'><strong>nam</strong></span> <span class='ocrx_word' id='word_1_857' title='bbox 3213 5278 3372 5316; x_wconf 91' lang='lat' dir='ltr'><strong>omne</strong></span> <span class='ocrx_word' id='word_1_858' title='bbox 3436 5261 3837 5328; x_wconf 84' lang='lat' dir='ltr'><strong>disciplinatum</strong></span> 
     </span>
    </p>
   </div>
   <div class='ocr_carea' id='block_1_115' title="bbox 2271 5353 3838 5423">
    <p class='ocr_par' dir='ltr' id='par_1_115' title="bbox 2271 5353 3838 5423">
     <span class='ocr_line' id='line_1_115' title="bbox 2271 5353 3838 5423; baseline -0.002 -15"><span class='ocrx_word' id='word_1_859' title='bbox 2271 5357 2334 5408; x_wconf 91' lang='lat' dir='ltr'><strong>ad</strong></span> <span class='ocrx_word' id='word_1_860' title='bbox 2377 5354 2709 5423; x_wconf 79' lang='lat' dir='ltr'><strong>disciplinam</strong></span> <span class='ocrx_word' id='word_1_861' title='bbox 2742 5354 2958 5408; x_wconf 83' lang='lat' dir='ltr'><strong>dicitur.</strong></span> <span class='ocrx_word' id='word_1_862' title='bbox 3007 5355 3262 5409; x_wconf 88' lang='lat' dir='ltr'><strong>Similiter</strong></span> <span class='ocrx_word' id='word_1_863' title='bbox 3308 5362 3483 5407; x_wconf 90' lang='lat' dir='ltr'><strong>autetn</strong></span> <span class='ocrx_word' id='word_1_864' title='bbox 3520 5361 3574 5406; x_wconf 88' lang='lat' dir='ltr'><strong>et</strong></span> <span class='ocrx_word' id='word_1_865' title='bbox 3599 5353 3650 5405; x_wconf 91' lang='lat' dir='ltr'><strong>in</strong></span> <span class='ocrx_word' id='word_1_866' title='bbox 3688 5353 3838 5414; x_wconf 87' lang='lat' dir='ltr'><strong>aliis,</strong></span> 
     </span>
    </p>
   </div>
   <div class='ocr_carea' id='block_1_116' title="bbox 2265 5441 3838 5514">
    <p class='ocr_par' dir='ltr' id='par_1_116' title="bbox 2265 5441 3838 5514">
     <span class='ocr_line' id='line_1_116' title="bbox 2265 5441 3838 5514; baseline -0.003 -16"><span class='ocrx_word' id='word_1_867' title='bbox 2265 5462 2328 5498; x_wconf 84' lang='lat' dir='ltr'><strong>eo</strong></span> <span class='ocrx_word' id='word_1_868' title='bbox 2357 5445 2496 5513; x_wconf 86' lang='lat' dir='ltr'><strong>quod</strong></span> <span class='ocrx_word' id='word_1_869' title='bbox 2526 5453 2909 5498; x_wconf 85' lang='lat' dir='ltr'><strong>convertuntur</strong></span> <span class='ocrx_word' id='word_1_870' title='bbox 2931 5443 3109 5497; x_wconf 87' lang='lat' dir='ltr'><strong>omnia</strong></span> <span class='ocrx_word' id='word_1_871' title='bbox 3141 5446 3205 5496; x_wconf 85' lang='lat' dir='ltr'><strong>ad</strong></span> <span class='ocrx_word' id='word_1_872' title='bbox 3251 5444 3469 5514; x_wconf 87' lang='lat' dir='ltr'><strong>aliquid.</strong></span> <span class='ocrx_word' id='word_1_873' title='bbox 3498 5442 3667 5497; x_wconf 80' lang='lat' dir='ltr'><strong>Omne</strong></span> <span class='ocrx_word' id='word_1_874' title='bbox 3694 5441 3838 5497; x_wconf 86' lang='lat' dir='ltr'><strong>enim</strong></span> 
     </span>
    </p>
   </div>
   <div class='ocr_carea' id='block_1_117' title="bbox 2267 5536 3840 5608">
    <p class='ocr_par' dir='ltr' id='par_1_117' title="bbox 2267 5536 3840 5608">
     <span class='ocr_line' id='line_1_117' title="bbox 2267 5536 3840 5608; baseline -0.003 -16"><span class='ocrx_word' id='word_1_875' title='bbox 2267 5539 2692 5608; x_wconf 87' lang='lat' dir='ltr'><strong>dsciplinatum,</strong></span> <span class='ocrx_word' id='word_1_876' title='bbox 2724 5537 2789 5591; x_wconf 92' lang='lat' dir='ltr'><strong>ad</strong></span> <span class='ocrx_word' id='word_1_877' title='bbox 2821 5540 3040 5608; x_wconf 88' lang='lat' dir='ltr'><strong>aliquid.</strong></span> <span class='ocrx_word' id='word_1_878' title='bbox 3073 5538 3334 5591; x_wconf 71' lang='lat' dir='ltr'><strong>Onerum</strong></span> <span class='ocrx_word' id='word_1_879' title='bbox 3385 5537 3430 5590; x_wconf 87' lang='lat' dir='ltr'><strong>si</strong></span> <span class='ocrx_word' id='word_1_880' title='bbox 3488 5537 3531 5590; x_wconf 91' lang='lat' dir='ltr'><strong>is</strong></span> <span class='ocrx_word' id='word_1_881' title='bbox 3575 5536 3685 5605; x_wconf 80' lang='lat' dir='ltr'><strong>(qui</strong></span> <span class='ocrx_word' id='word_1_882' title='bbox 3734 5549 3840 5589; x_wconf 90' lang='lat' dir='ltr'><strong>non</strong></span> 
     </span>
    </p>
   </div>
   <div class='ocr_carea' id='block_1_118' title="bbox 2269 5627 3838 5697">
    <p class='ocr_par' dir='ltr' id='par_1_118' title="bbox 2269 5627 3838 5697">
     <span class='ocr_line' id='line_1_118' title="bbox 2269 5627 3838 5697; baseline -0.001 -18"><span class='ocrx_word' id='word_1_883' title='bbox 2269 5646 2360 5697; x_wconf 88' lang='lat' dir='ltr'><strong>per</strong></span> <span class='ocrx_word' id='word_1_884' title='bbox 2409 5645 2504 5695; x_wconf 85' lang='lat' dir='ltr'><strong>se,</strong></span> <span class='ocrx_word' id='word_1_885' title='bbox 2583 5629 2676 5681; x_wconf 83' lang='lat' dir='ltr'><strong>sed</strong></span> <span class='ocrx_word' id='word_1_886' title='bbox 2749 5631 3042 5683; x_wconf 90' lang='lat' dir='ltr'><strong>secundum</strong></span> <span class='ocrx_word' id='word_1_887' title='bbox 3113 5629 3360 5681; x_wconf 88' lang='lat' dir='ltr'><strong>accidens</strong></span> <span class='ocrx_word' id='word_1_888' title='bbox 3425 5627 3838 5696; x_wconf 84' lang='lat' dir='ltr'><strong>assignationem</strong></span> 
     </span>
    </p>
   </div>
   <div class='ocr_carea' id='block_1_119' title="bbox 2267 5717 3838 5790">
    <p class='ocr_par' dir='ltr' id='par_1_119' title="bbox 2267 5717 3838 5790">
     <span class='ocr_line' id='line_1_119' title="bbox 2267 5717 3838 5790; baseline -0.002 -20"><span class='ocrx_word' id='word_1_889' title='bbox 2267 5720 2412 5786; x_wconf 89' lang='lat' dir='ltr'><strong>l&#39;eeit.)</strong></span> <span class='ocrx_word' id='word_1_890' title='bbox 2462 5729 2604 5773; x_wconf 89' lang='lat' dir='ltr'><strong>recte</strong></span> <span class='ocrx_word' id='word_1_891' title='bbox 2628 5719 2940 5790; x_wconf 85' lang='lat' dir='ltr'><strong>assignavit,</strong></span> <span class='ocrx_word' id='word_1_892' title='bbox 2972 5735 3075 5774; x_wconf 92' lang='lat' dir='ltr'><strong>non</strong></span> <span class='ocrx_word' id='word_1_893' title='bbox 3114 5720 3179 5772; x_wconf 92' lang='lat' dir='ltr'><strong>ad</strong></span> <span class='ocrx_word' id='word_1_894' title='bbox 3211 5735 3370 5772; x_wconf 92' lang='lat' dir='ltr'><strong>unum</strong></span> <span class='ocrx_word' id='word_1_895' title='bbox 3395 5760 3408 5783; x_wconf 90' lang='lat'><strong>,</strong></span> <span class='ocrx_word' id='word_1_896' title='bbox 3457 5717 3550 5772; x_wconf 89' lang='lat' dir='ltr'><strong>sed</strong></span> <span class='ocrx_word' id='word_1_897' title='bbox 3581 5717 3646 5770; x_wconf 88' lang='lat' dir='ltr'><strong>ad</strong></span> <span class='ocrx_word' id='word_1_898' title='bbox 3690 5717 3838 5785; x_wconf 83' lang='lat' dir='ltr'><strong>plura</strong></span> 
     </span>
    </p>
   </div>
   <div class='ocr_carea' id='block_1_120' title="bbox 2268 5808 3838 5882">
    <p class='ocr_par' dir='ltr' id='par_1_120' title="bbox 2268 5808 3838 5882">
     <span class='ocr_line' id='line_1_120' title="bbox 2268 5808 3838 5882; baseline -0.004 -16"><span class='ocrx_word' id='word_1_899' title='bbox 2268 5811 2682 5882; x_wconf 80' lang='lat' dir='ltr'><strong>unumquodque</strong></span> <span class='ocrx_word' id='word_1_900' title='bbox 2710 5828 2891 5870; x_wconf 87' lang='lat' dir='ltr'><strong>eorum</strong></span> <span class='ocrx_word' id='word_1_901' title='bbox 2924 5827 3040 5882; x_wconf 69' lang='lat' dir='ltr'><strong>quae</strong></span> <span class='ocrx_word' id='word_1_902' title='bbox 3073 5813 3136 5867; x_wconf 87' lang='lat' dir='ltr'><strong>ad</strong></span> <span class='ocrx_word' id='word_1_903' title='bbox 3169 5810 3365 5881; x_wconf 86' lang='lat' dir='ltr'><strong>aliquid</strong></span> <span class='ocrx_word' id='word_1_904' title='bbox 3395 5810 3670 5876; x_wconf 90' lang='lat' dir='ltr'><strong>dicuntur,</strong></span> <span class='ocrx_word' id='word_1_905' title='bbox 3705 5808 3838 5862; x_wconf 72' lang='lat' dir='ltr'><strong>assi~</strong></span> 
     </span>
    </p>
   </div>
  </div>
