4248 6272
359 330 462 384 985

1232 329 1624 389 TOPICORUM
1668 333 2113 392 ARISTOTELIS
2154 335 2727 395 INTERPRETATIO.

3511 341 3616 400 986

358 447 559 514 gnavit,
585 443 717 500 nihil
746 444 889 499 enim
923 440 1173 515 prohibet
1199 442 1372 508 idem,
1415 452 1470 498 et
1498 460 1614 509 ens,
1645 454 1697 498 et
1723 445 1933 509 album,
1963 452 2018 513 Α
2045 444 2139 499 sed
2184 446 2327 515 quod
2359 461 2423 500 ex
2474 448 2560 502 his
2589 456 2693 515 est,
2747 445 2880 501 dixit
2927 430 2977 502 id
3007 462 3126 504 esse
3166 449 3307 518 quod
3336 448 3611 520 deﬁnitur,

360 548 413 590 et
445 538 641 591 bonum
680 549 831 600 esse;
872 549 1038 604 quare
1063 533 1151 604 qui
1182 533 1248 588 ad
1290 533 1560 603 quodlibet
1584 533 1771 588 horum
1800 536 1935 588 assi-

361 627 559 693 gnavit,
590 635 738 680 recte
779 624 1104 694 assignavit,
1145 624 1407 693 siquidem
1437 622 1483 677 is
1515 624 1607 693 qui
1643 624 1934 678 secundum

360 717 611 772 accidens
639 706 964 787 assignavit,
996 725 1143 771 recte
1170 714 1476 783 assignavit.
1527 715 1790 769 Prteterea
1837 730 1936 768 au-

363 820 472 865 tem
501 810 831 880 impossibile
858 820 939 865 est
965 810 1272 880 huiusmodi
1309 812 1609 866 orationem
1663 811 1934 879 propriam

361 902 618 970 assignati
646 916 788 965 esse,
814 916 934 955 nam
965 916 1074 957 non
1106 902 1279 956 solum
1305 902 1568 956 medicina
1586 944 1601 969 ,
1627 902 1720 956 sed
1753 902 1937 971 plures

362 992 587 1045 aliarum
616 990 1018 1059 disciplinarum
1047 990 1114 1045 ad
1163 1005 1261 1045 ens
1293 991 1546 1046 dicuntur
1587 1008 1601 1045 :
1630 1006 1795 1060 quare
1832 1006 1935 1045 una

361 1095 584 1148 quaeque
604 1080 740 1134 entis
767 1080 1050 1150 disciplina
1079 1080 1215 1145 erit;
1249 1081 1586 1135 manifestum
1609 1080 1769 1150 igitur
1797 1096 1935 1150 quo-

363 1172 500 1225 niam
525 1170 646 1224 talis
687 1171 886 1225 nullius
912 1180 999 1226 est
1026 1172 1323 1241 disciplina:
1352 1170 1623 1237 deﬁnitio,
1664 1172 1934 1239 prOpriam

359 1265 499 1316 enim
526 1272 708 1317 etnon
737 1277 1082 1317 communem
1129 1270 1341 1331 oportet
1381 1261 1747 1316 deﬁnitionem
1790 1275 1931 1315 esse.

358 1352 692 1420 Quandoque
713 1362 892 1407 autem
923 1352 1185 1407 deﬁniunt
1210 1367 1313 1405 non
1337 1366 1480 1414 rem,
1508 1351 1602 1404 sed
1636 1365 1747 1404 rem
1798 1350 1936 1404 bene

358 1458 417 1497 se
447 1443 731 1499 habentem
761 1453 855 1498 aut
885 1443 1197 1512 perfectam.
1230 1443 1375 1497 Talis
1415 1453 1593 1497 autem
1625 1451 1679 1496 et
1701 1442 1935 1497 rhetoris

358 1546 413 1589 et
435 1536 567 1590 luris
588 1537 871 1600 terminus,
886 1536 930 1589 si
953 1536 1020 1590 sit
1042 1535 1227 1589 rhetor
1244 1534 1478 1604 quidem,
1494 1534 1581 1603 qui
1601 1542 1775 1602 potest
1794 1532 1934 1602 quod

362 1630 416 1680 in
473 1641 791 1695 unoquoque
837 1635 919 1679 est
947 1624 1241 1679 verisimile
1284 1624 1665 1688 considerare,
1711 1633 1763 1677 et
1804 1622 1935 1676 nihil

363 1716 800 1784 pIzetermittere;
857 1715 942 1767 fur
971 1722 1147 1767 autem
1186 1712 1277 1776 qui
1307 1714 1443 1765 clam
1472 1710 1639 1765 sumit
1670 1726 1685 1764 :
1730 1711 1935 1779 perspi-

359 1820 517 1859 cuum
549 1804 691 1858 enim
723 1804 971 1873 quoniam
1003 1817 1122 1856 cum
1154 1801 1273 1855 talis
1300 1813 1553 1870 uterque,
1602 1800 1687 1854 hic
1714 1800 1931 1870 quidem
1964 1825 2013 1885 Β
2039 1800 2474 1907 ἑδυηωίξρδληθέ,

360 1898 531 1949 Ιιοιιιιδ
559 1896 760 1958 rhetor,
794 1894 883 1947 ille
912 1902 1087 1946 autem
1135 1891 1307 1945 bonus
1336 1893 1419 1944 tur
1446 1890 1548 1945 erit
1579 1905 1595 1943 :
1639 1905 1743 1944 non
1788 1892 1933 1945 enim

356 1985 446 2052 qui
491 1984 629 2038 clam
669 1983 862 2050 sumit,
894 1982 988 2036 sed
1028 1982 1121 2050 qui
1148 1981 1258 2034 vult
1281 1981 1417 2034 clam
1450 1994 1663 2034 sumere
1702 1979 1786 2033 l'ur
1827 1992 1931 2034 est.

358 2074 587 2128 ltursum
612 2075 656 2127 si
680 2074 819 2143 quod
845 2082 1060 2141 propter
1077 2086 1135 2126 se
1161 2070 1464 2140 eligendum
1489 2078 1595 2135 est,
1620 2080 1675 2122 ut
1700 2072 1933 2124 activum

358 2168 439 2219 vel
472 2165 802 2229 eﬁ'ectivum.
831 2165 915 2219 vel
942 2164 1184 2233 quolibet
1212 2164 1371 2217 modo
1408 2172 1628 2231 propter
1652 2163 1793 2216 aliud
1831 2147 1934 2217 eli-

356 2255 587 2321 gendum
607 2255 898 2323 assignavit
924 2272 937 2308 :
962 2265 1015 2307 ut
1040 2256 1129 2322 qui
1150 2254 1413 2322 justitiam
1442 2253 1616 2320 legum
1639 2267 1933 2307 conserva-

358 2346 517 2399 tivam
539 2345 691 2407 dixit,
710 2354 797 2397 aut
820 2345 1134 2411 sapientiam
1158 2344 1455 2397 eil'ectivam
1482 2340 1781 2399 felicitatis:
1812 2357 1933 2396 nam

356 2436 783 2491 conservativum
811 2445 864 2489 et
885 2434 1184 2489 eﬁ‘ectivum
1209 2449 1392 2489 eorum
1420 2442 1543 2487 sunt
1565 2449 1684 2502 qua:
1715 2444 1937 2502 propter

358 2530 499 2581 aliud
550 2529 839 2596 eliguntur.
901 2529 982 2581 An
1041 2528 1171 2581 nihil
1226 2527 1441 2596 quidem
1492 2525 1739 2594 prohibet
1789 2525 1933 2595 quod

358 2626 578 2685 propter
601 2632 661 2672 se
690 2618 995 2685 eligendum
1025 2625 1128 2685 est,
1181 2628 1234 2670 et
1263 2626 1482 2685 propter
1509 2616 1653 2669 aliud
1685 2631 1806 2671 esse
1835 2616 1937 2670 eli-

358 2709 622 2776 gendum;
674 2716 908 2762 attamen
936 2708 1068 2763 nihil
1100 2706 1273 2761 minus
1299 2707 1536 2775 peccavit
1559 2707 1647 2776 qui
1678 2708 1757 2761 sic
1794 2705 1935 2761 deﬁ-

360 2802 492 2856 nivit
514 2800 653 2871 quod
679 2810 893 2870 propter
918 2816 977 2855 se
995 2811 1079 2854 est
1101 2799 1403 2869 eligendum
1437 2816 1451 2852 :
1485 2815 1606 2852 nam
1652 2798 1935 2868 unicuique

358 2893 659 2958 Optimum,
713 2891 765 2943 in
818 2890 1115 2944 substantia
1167 2890 1438 2953 maxime,
1508 2889 1701 2943 melius
1754 2900 1932 2943 autem

358 2983 502 3052 quod
566 2991 787 3051 propter
830 2997 889 3037 se
936 2981 1273 3050 eligendum,
1317 2997 1475 3052 quam
1520 2982 1660 3051 quod
1714 2994 1935 3052 propter

358 3073 535 3136 aliud;
572 3086 740 3141 quare
771 3071 824 3126 id
854 3082 909 3125 et
934 3071 1298 3127 deﬁnitionem
1327 3071 1597 3141 Oportebit
1652 3073 1819 3144 magis
1856 3073 1934 3129 si-

356 3177 390 3232 g
432 3162 630 3217 iﬁcare.

959 3251 1186 3310 CAPUT
1242 3253 1330 3311 Vl.

801 3363 882 3419 De
908 3365 1204 3435 deﬁnitione
1238 3363 1338 3419 loci
1365 3365 1479 3421 alii.

427 3478 882 3534 Considerandum
910 3489 1087 3533 autem
1121 3489 1203 3534 est
1227 3487 1282 3533 et
1309 3479 1353 3533 si
1387 3479 1433 3534 is
1464 3478 1553 3547 qui
1584 3476 1810 3548 alicujus
1833 3478 1934 3533 de-

358 3570 649 3625 ﬁnitionem
677 3571 991 3640 assignavit,
1028 3579 1120 3624 aut
1154 3570 1289 3633 hmc,
1322 3577 1413 3624 aut
1442 3570 1581 3638 quod
1609 3578 1781 3625 estex
1816 3570 1930 3638 his,

358 3668 449 3713 aut
479 3660 578 3714 hoc
606 3676 726 3713 cum
753 3660 844 3714 illo
865 3659 1129 3714 deﬁnivit.
1153 3659 1284 3712 Nam
1317 3660 1361 3712 si
1394 3659 1506 3713 haec
1534 3659 1771 3727 quidem,
1799 3660 1936 3714 acci-

357 3751 451 3803 det
480 3750 717 3819 utriSque
745 3759 800 3804 et
822 3750 991 3804 neutri
1025 3752 1221 3814 inesse,
1259 3758 1316 3803 ut
1339 3750 1383 3803 si
1406 3750 1692 3819 justitiam,
1730 3761 1934 3818 tempe-

356 3842 583 3894 rantiam
610 3849 663 3894 et
681 3838 1040 3894 fortitudinem
1068 3839 1397 3907 deﬁniverit;
1446 3855 1565 3893 nam
1596 3840 1640 3893 si
1671 3841 1779 3893 sint
1805 3840 1932 3903 duo,

360 3939 588 3996 uterque
616 3941 795 3981 autem
837 3930 1063 3982 alterttm
1095 3928 1289 3982 haheat
1309 3968 1325 3991 ,
1362 3930 1573 3997 utrique
1595 3928 1725 3997 justi
1753 3936 1929 3993 erunt,

359 4027 414 4073 rt
438 4001 650 4083 neuter,
676 4033 742 4072 eo
772 4019 911 4088 quod
942 4020 1151 4088 utrique
1169 4019 1380 4087 quidem
1415 4018 1615 4074 habent
1645 4019 1931 4088 justitiam,

359 4123 581 4180 uterque
612 4120 790 4164 autem
834 4126 938 4164 non
992 4111 1168 4165 habet.
1201 4110 1257 4165 Si
1305 4120 1481 4165 autem
1516 4112 1751 4165 nondum
1792 4111 1932 4179 quod

357 4200 557 4254 chtum
586 4208 670 4253 est
692 4197 976 4251 admodum
1014 4198 1301 4252 absurdum
1344 4201 1576 4264 videtur,
1624 4214 1690 4253 eo
1715 4200 1856 4269 quod
1880 4208 1935 4253 et

356 4290 409 4345 in
441 4290 559 4343 aliis
585 4289 790 4343 accidat
812 4288 1118 4358 hujusmodi
1149 4288 1301 4357 (nilnl
1322 4289 1464 4343 enim
1489 4289 1733 4357 prohibet
1761 4299 1934 4344 utros-

356 4397 461 4451 que
516 4383 713 4435 habere
760 4396 941 4445 unam,
993 4396 1113 4434 cum
1166 4390 1352 4434 neuter
1399 4380 1638 4448 haheat),
1690 4389 1924 4434 attamen

357 4473 622 4525 contraria
656 4472 828 4526 inesse
852 4472 1047 4537 eidem,
1088 4474 1307 4526 omnino
1346 4472 1633 4526 absurdum
1661 4473 1932 4527 videbitur

2042 539 2274 606 primum
2313 538 2527 606 quidem
2575 540 3018 595 considerandum
3060 542 3103 596 si
3154 558 3261 596 non
3313 553 3490 598 natum
3530 555 3618 602 est
3689 585 3696 591 -

2039 627 2309 696 quidpiam
2341 642 2504 681 unum
2534 626 2649 683 ﬁeri
2670 646 2736 683 ex
2776 630 2843 685 iis
2873 646 2991 700 quae
3022 633 3157 687 dicta
3190 642 3335 688 sunt.
3358 635 3611 701 Quaedam

2040 718 2182 772 enim
2205 718 2283 771 sic
2308 731 2369 771 se
2400 717 2600 772 habent
2627 720 2692 771 ad
2718 720 2966 785 invicem,
2998 732 3054 775 ut
3084 724 3211 777 nihil
3240 740 3308 778 ex
3344 728 3610 793 eispnum

2040 808 2311 876 quidpiam
2343 808 2454 876 ﬁat,
2486 819 2543 863 ut
2568 810 2724 895 linea.
2751 818 2807 864 et
2842 826 3112 867 numerus.
3145 815 3407 885 Amplius,
3438 817 3481 870 si
3523 819 3617 873 de-

2040 895 2251 950 ﬁnitum
2278 897 2495 965 quidem
2529 898 2582 951 in
2614 913 2721 951 uno
2752 899 2931 967 aliquo
2962 913 3141 954 natum
3168 915 3248 957 est
3278 906 3448 973 primo
3474 905 3612 972 ﬁeri,

2039 999 2107 1039 ex
2137 986 2330 1055 quibus
2352 995 2529 1041 autem
2557 988 2691 1041 dixit
2734 988 2904 1056 ipsum
2936 1004 3077 1057 esse,
3103 1007 3207 1045 non
3236 993 3414 1048 inuno
3445 998 3617 1064 primo

2038 1084 2163 1131 nata
2201 1086 2326 1130 sunt
2356 1077 2494 1143 ﬁeri,
2518 1078 2612 1132 sed
2655 1087 2939 1149 utrumque
2977 1081 3028 1134 in
3073 1091 3314 1152 utroque.
3347 1085 3476 1139 Nam
3507 1104 3620 1141 ma-

2038 1164 2289 1219 nifestum
2323 1168 2577 1234 quoniam
2622 1183 2727 1222 non
2780 1172 2883 1223 erit
2912 1185 2976 1224 ex
3009 1171 3074 1225 iis
3126 1173 3290 1239 illud;
3342 1175 3393 1228 in
3425 1178 3617 1244 quibus

2038 1254 2180 1309 enim
2206 1266 2407 1325 partes,
2436 1266 2492 1311 et
2518 1266 2686 1312 totum
2716 1275 2938 1317 necesse
2959 1272 3040 1316 est
3079 1263 3288 1329 inesse;
3315 1280 3479 1331 quare
3508 1283 3605 1322 nor

2038 1346 2092 1401 in
2126 1361 2232 1401 uno
2263 1356 2429 1401 totum
2482 1351 2656 1419 primo
2703 1366 2854 1417 esse,
2895 1354 2988 1407 sed
3046 1355 3098 1407 in
3131 1356 3390 1425 pluribus.

2109 1476 2166 1532 Si
2189 1488 2367 1532 autem
2393 1488 2446 1533 et
2476 1490 2655 1555 partes
2678 1490 2734 1535 et
2766 1491 2932 1536 totum
2969 1484 3021 1537 in
3074 1499 3180 1539 uno
3209 1486 3388 1555 aliquo
3416 1488 3612 1558 primo,

2037 1570 2485 1624 considerandum
2517 1572 2564 1625 si
2595 1587 2699 1625 non
2730 1575 2781 1626 in
2810 1573 3019 1640 eodem,
3041 1575 3132 1629 sed
3159 1576 3209 1629 in
3233 1577 3400 1632 altero
3422 1588 3611 1646 totum,

2039 1660 2171 1713 etin
2202 1660 2373 1714 altero
2420 1670 2617 1728 partes.
2664 1661 2795 1715 Nam
2847 1664 2897 1715 in
2930 1679 3037 1731 quo
3084 1674 3281 1729 totum,
3335 1668 3387 1721 in
3431 1669 3520 1721 illo
3559 1680 3614 1723 et

2039 1757 2218 1815 partes
2243 1763 2362 1803 esse
2404 1750 2670 1803 tidentur.
2718 1750 2969 1817 llursum,
2997 1753 3041 1806 si
3084 1768 3204 1807 cum
3235 1762 3347 1808 toto
3373 1769 3615 1810 corrum-

2518 1839 2560 1893 E
2608 1855 2871 1896 converso
2911 1842 3053 1896 enim
3112 1853 3323 1911 oportet
3347 1846 3610 1913 accidere,

1982 1984 1985 1985 ν
2037 1927 2276 1997 partibus
2321 1930 2608 1997 corruptis,
2643 1939 2811 1985 totum
2851 1933 3149 2003 corrumpi;
3185 1943 3294 1988 toto
3332 1950 3460 1989 vero
3488 1951 3613 1991 cor-

2038 2028 2217 2087 rupto,
2267 2036 2372 2073 non
2404 2035 2521 2074 necs
2538 2035 2626 2075 sse
2654 2030 2737 2075 est
2778 2030 2833 2076 et
2875 2032 3052 2091 partes
3080 2024 3368 2094 corrumpi.
3412 2028 3518 2079 Aut
3562 2026 3612 2080 si

2038 2120 2207 2166 totum
2239 2112 2453 2182 quidem
2485 2113 2679 2167 bonum
2708 2116 2787 2169 vel
2820 2116 3040 2182 malum,
3067 2124 3243 2185 partes
3273 2126 3449 2171 autem
3482 2133 3613 2172 neu-

2038 2212 2166 2267 trze;
2195 2214 2286 2256 aut
2318 2218 2348 2258 e
2375 2218 2657 2272 converso,
2688 2219 2867 2274 partes
2893 2206 3105 2274 quidem
3136 2206 3291 2261 home
3322 2209 3405 2262 vel
3432 2208 3607 2273 malae,

2039 2299 2206 2345 totum
2237 2300 2414 2346 autem
2440 2302 2705 2347 neutrum.
2737 2295 2867 2348 Nam
2898 2294 3067 2365 neque
3096 2311 3160 2350 ex
3189 2297 3394 2353 neutris
3431 2298 3606 2367 possi-

2036 2378 2146 2435 bile
2167 2381 2367 2437 bonum
2394 2382 2664 2452 quidpiam
2684 2384 2765 2438 vel
2790 2385 2984 2438 malum
3016 2370 3153 2451 ﬁeri,
3173 2402 3343 2457 neque
3360 2402 3425 2442 ex
3456 2388 3613 2442 bonis

2036 2479 2121 2528 vel
2152 2474 2308 2528 malis
2355 2483 2631 2532 neutrum.
2682 2477 2790 2530 Aut
2832 2476 2878 2529 si
2930 2478 3098 2547 magis
3130 2478 3342 2548 quidem
3384 2478 3612 2533 alterum

2038 2564 2236 2620 bonum
2268 2581 2427 2634 quam
2473 2568 2696 2622 alterum
2739 2569 2957 2633 malum,
2991 2570 3130 2638 quod
3170 2581 3346 2625 autem
3382 2585 3449 2626 ex
3498 2570 3609 2636 his,

2036 2669 2142 2709 non
2175 2659 2343 2725 magis
2368 2657 2566 2711 bonum
2597 2673 2756 2727 quam
2804 2659 3031 2725 malum,
3067 2667 3125 2715 ut
3164 2661 3210 2714 si
3254 2660 3613 2730 imprudentia

2037 2759 2101 2800 ex
2136 2745 2451 2803 fortitudine
2471 2757 2526 2803 et
2554 2748 2686 2802 falsa
2719 2749 3000 2819 opinione;
3034 2750 3204 2821 magis
3242 2750 3386 2805 enim
3418 2750 3615 2804 bonum

2037 2836 2295 2893 fortitudo
2318 2854 2477 2909 quam
2508 2841 2705 2894 malum
2746 2840 2881 2894 falsa
2930 2842 3130 2910 opinio.
3173 2844 3392 2912 Oportet
3415 2856 3541 2910 ergo
3563 2849 3618 2896 et

2036 2929 2179 3000 quod
2210 2946 2274 2985 ex
2303 2931 2386 2985 his
2428 2941 2512 2987 est
2540 2933 2691 3001 sequi
2724 2932 2850 2986 illud
2880 2932 3022 3001 quod
3068 2932 3236 3000 magis
3264 2942 3377 2998 est,
3415 2941 3468 2985 et
3493 2946 3613 2987 esse

2036 3022 2119 3076 vel
2148 3022 2465 3091 simpliciter
2497 3024 2719 3091 bonum,
2758 3023 2841 3077 vel
2874 3023 3042 3092 magis
3073 3023 3271 3077 bonum
3304 3039 3461 3091 quam
3501 3037 3615 3075 ma-

2040 3111 2171 3165 lum.
2198 3116 2279 3167 An
2300 3113 2401 3167 hoc
2421 3112 2636 3183 quidem
2666 3129 2769 3167 non
2795 3116 3177 3178 necessarium,
3204 3114 3305 3167 nisi
3327 3126 3611 3179 unumque

2035 3202 2106 3257 sit
2132 3218 2229 3272 per
2261 3219 2321 3258 se
2351 3204 2549 3258 bonum
2581 3204 2663 3259 vel
2701 3205 2937 3258 malum?
2967 3205 3133 3258 multa
3164 3206 3306 3260 enim
3336 3205 3612 3258 eﬁ'ectivo-

2035 3308 2152 3347 rum
2180 3309 2276 3362 per
2300 3310 2360 3348 se
2389 3294 2599 3364 quidem
2632 3309 2735 3349 non
2766 3306 2890 3349 sunt
2918 3296 3079 3359 bona,
3107 3295 3271 3348 mixta
3294 3304 3470 3349 autem
3492 3294 3611 3364 qui-

2034 3384 2261 3441 busdam
2289 3386 2421 3441 ﬁunt
2446 3388 2609 3452 bona,
2629 3396 2718 3441 aut
2739 3402 2769 3440 e
2798 3401 3060 3441 converso
3084 3396 3365 3456 utrumque
3393 3387 3609 3455 quidem

2034 3476 2254 3538 bonum,
2288 3477 2451 3530 mixta
2483 3486 2665 3530 autem
2698 3474 2896 3530 malum
2935 3476 3018 3531 vel
3060 3484 3330 3530 neutrum.
3381 3475 3607 3531 Maxime

2033 3575 2212 3621 autem
2240 3566 2579 3621 manifestum
2610 3567 2751 3636 quod
2784 3580 2923 3620 nunc
2944 3564 3142 3620 dictum
3170 3573 3253 3619 cst
3282 3566 3335 3618 in
3378 3564 3615 3621 salubri-

2035 3657 2133 3711 bus
2161 3665 2216 3711 et
2247 3657 2557 3723 morhiﬁcis,
2588 3674 2710 3712 nam
2740 3657 2982 3728 quaedam
3004 3657 3511 3712 medicamentorum
3533 3656 3614 3710 sic

2034 3763 2095 3803 se
2127 3749 2342 3812 habent,
2373 3758 2432 3803 ut
2459 3759 2746 3818 utrumque
2776 3750 2988 3817 quidem
3021 3752 3092 3803 sit
3120 3749 3340 3813 bonum,
3365 3748 3609 3803 siautem

2035 3850 2265 3909 utraque
2314 3839 2510 3893 dentur
2540 3834 2731 3905 mixta,
2763 3841 2981 3893 malum.
3014 3840 3265 3903 Rursum,
3297 3838 3341 3893 si
3386 3842 3525 3909 quod
3548 3854 3614 3893 ex

2036 3933 2260 3986 meliore
2289 3940 2343 3985 et
2379 3932 2562 4001 pejore
2591 3943 2695 3997 est,
2728 3948 2831 3984 non
2860 3942 2942 3985 est
2968 3941 3133 3983 tntum
3165 3929 3346 3999 pejore
3394 3930 3610 4000 quidem

2034 4021 2247 4083 melius,
2276 4019 2496 4072 meliore
2520 4026 2696 4071 autem
2727 4019 2899 4087 pejus.
2932 4020 3012 4071 An
3038 4033 3209 4085 neque
3231 4018 3333 4072 hoc
3359 4032 3613 4072 necessa-

2036 4113 2194 4173 rium,
2224 4110 2324 4163 nisi
2361 4125 2458 4178 per
2494 4124 2551 4163 se
2584 4110 2692 4163 sint
2732 4124 2795 4161 ex
2824 4108 3017 4176 quibus
3047 4109 3403 4176 componitur,
3426 4106 3610 4161 bona?

2036 4215 2157 4254 nam
2190 4201 2243 4254 in
2276 4201 2340 4253 iis
2372 4214 2488 4268 qua:
2522 4214 2625 4252 non
2659 4212 2755 4265 per
2776 4212 2836 4251 se
2876 4199 3207 4277 sunt'bona,
3240 4198 3373 4251 nihil
3420 4197 3611 4266 probi-

2035 4288 2126 4343 bet
2148 4298 2314 4343 totum
2347 4305 2450 4343 non
2478 4289 2591 4345 ﬁeri
2624 4288 2841 4353 bonum,
2873 4297 2930 4340 ut
2953 4287 3006 4341 in
3039 4287 3103 4341 iis
3133 4302 3251 4355 quae
3281 4286 3438 4341 modo
3467 4288 3611 4342 dicta

2036 4391 2179 4436 sunt.
2212 4381 2488 4450 Amplius,
2533 4383 2580 4435 si
2620 4381 2939 4451 cognomine
2971 4388 3055 4434 est
3088 4388 3259 4433 totum
3291 4379 3468 4435 alteri.
3496 4377 3610 4432 Non

2036 4480 2249 4538 oportet
2278 4473 2445 4534 enim,
2478 4482 2534 4523 ut
2575 4486 2747 4541 neque
2778 4472 2830 4524 in
2853 4470 3115 4540 syllahis:
3147 4469 3277 4523 nulli
3318 4469 3457 4524 enim
3504 4470 3614 4524 ele-

356 4578 495 4616 csse.
528 4562 747 4617 Accidet
774 4572 949 4617 autem
984 4565 1104 4629 hoc,
1124 4564 1167 4617 si
1191 4562 1275 4617 hic
1298 4563 1513 4632 quidem
1540 4563 1773 4630 ipsorum
1799 4574 1932 4617 tetn-
1956 4540 2010 4600 Ῑ)
2039 4571 2337 4621 mentorum
2363 4576 2427 4613 ex
2453 4560 2645 4629 quibus
2669 4560 3010 4628 componitur
3032 4558 3234 4629 syllaba
3274 4559 3610 4630 cognominis

358 4652 650 4719 perantiam
682 4662 735 4705 et
765 4652 1099 4706 timiditatem
1134 4652 1319 4717 habet,
1368 4652 1458 4705 ille
1485 4660 1663 4705 autem
1716 4653 1931 4707 fortitu-

354 4743 528 4795 dinem
580 4752 632 4797 et
676 4744 1127 4811 prodigalitatem,
1160 4758 1283 4796 nam
1316 4741 1524 4811 utrique
1578 4751 1632 4795 et
1666 4741 1928 4810 justitiam

353 4846 405 4889 et
444 4837 754 4903 iujustitiam
797 4834 1013 4889 habent.
1049 4834 1180 4889 Nam
1210 4835 1254 4888 si
1284 4833 1516 4902 justitia,
1568 4834 1925 4900 temperantia

354 4941 407 4983 ct
433 4928 683 4981 fortitudo
703 4937 808 4991 est,
841 4936 895 4980 et
923 4926 1183 4996 iujustitia
1213 4924 1474 4989 timiditas
1497 4935 1550 4979 et
1578 4924 1925 4993 prodigalitas

351 5018 475 5084 erit,
511 5026 564 5071 et
588 5018 807 5071 omnino
834 5031 1165 5086 quascunque
1213 5015 1277 5069 ad
1307 5015 1784 5086 argumentandum
1815 5014 1931 5069 ido-

352 5127 449 5165 nea
480 5112 619 5182 quod
649 5128 753 5166 non
798 5111 937 5166 idem
969 5118 1093 5165 sunt
1132 5118 1186 5165 et
1231 5117 1405 5179 partes
1432 5119 1486 5163 et
1525 5119 1715 5173 totum,
1748 5106 1928 5160 omnia

347 5204 497 5255 utilia
529 5202 595 5257 ad
627 5203 676 5256 id
729 5203 870 5270 quod
913 5202 1112 5257 dictum
1141 5212 1258 5267 est;
1290 5202 1498 5256 videtur
1522 5209 1698 5254 autem
1729 5199 1817 5269 qui
1846 5198 1928 5253 sic

351 5293 536 5345 definit
581 5303 782 5363 partes,
817 5293 910 5346 toti
942 5292 1158 5347 easdem
1189 5291 1370 5346 dicere
1392 5305 1536 5345 esse.
1574 5291 1805 5344 Maxime
1834 5304 1928 5342 au-

274 5370 280 5376 ’
347 5394 451 5436 tem
485 5383 899 5438 accommodata:
943 5385 1075 5436 ﬁunt
1102 5384 1394 5450 orationes,
1444 5383 1496 5435 in
1523 5382 1928 5450 quibuscunque

346 5474 625 5528 manifesta
658 5475 886 5542 partium
918 5485 999 5529 est
1025 5474 1368 5541 compositio.
1391 5471 1839 5541 quemadmodum
1872 5473 1924 5526 in

344 5574 505 5617 nomo
532 5573 585 5617 et
626 5564 678 5617 in
713 5564 925 5617 ceteris
963 5565 1190 5627 talibus;
1224 5563 1565 5617 manifestum
1607 5561 1751 5617 enim
1786 5577 1924 5631 quo-

344 5657 487 5710 niam
519 5670 638 5711 cum
696 5655 806 5708 sint
855 5664 1067 5722 partes,
1113 5655 1242 5711 nihil
1296 5655 1543 5724 prohibet
1594 5664 1760 5708 totum
1818 5670 1924 5711 non

344 5760 487 5811 esse,
517 5761 683 5817 quare
711 5759 819 5804 non
848 5744 986 5802 idem
1011 5755 1190 5816 partes
1214 5746 1328 5804 toti.
1354 5747 1407 5803 Si
1439 5753 1615 5802 autem
1646 5760 1751 5801 non
1785 5744 1921 5818 haec,

2028 4660 2140 4703 est.
2183 4650 2463 4718 Amplius,
2507 4652 2552 4705 si
2585 4666 2689 4703 non
2732 4650 2872 4705 dixit
2923 4650 3136 4704 modum
3189 4651 3608 4720 compositionis.

2037 4741 2153 4795 Non
2184 4742 2327 4794 enim
2351 4742 2625 4795 suiﬁciens
2646 4751 2727 4795 est
2756 4732 2821 4794 δτι
2844 4740 3273 4811 cognoscendum
3305 4739 3444 4811 quod
3470 4741 3615 4794 dicat

2038 4848 2103 4887 ex
2136 4834 2217 4885 his
2250 4848 2264 4885 :
2297 4848 2419 4887 nam
2447 4848 2553 4886 non
2576 4832 2715 4902 quod
2749 4848 2814 4886 ex
2848 4831 2949 4897 his,
3008 4832 3102 4887 sed
3132 4832 3271 4902 quod
3314 4833 3391 4885 sic
3416 4846 3481 4885 ex
3506 4831 3611 4893 his,

2034 4935 2113 4977 est
2136 4923 2398 4993 cujusque
2444 4926 2862 4993 compositorum
2891 4922 3207 4987 substantia.
3240 4933 3297 4977 ut
3326 4924 3375 4977 in
3415 4923 3611 4986 domo;

2036 5030 2142 5069 non
2184 5016 2325 5070 enim
2352 5017 2396 5070 si
2426 5016 2668 5086 quolihet
2715 5017 2876 5070 modo
2914 5024 3302 5086 componantur
3332 5017 3470 5078 lucc,
3512 5016 3613 5068 do-

2034 5124 2154 5163 mus
2183 5120 2283 5164 est.
2316 5109 2370 5163 Si
2400 5120 2578 5165 autem
2611 5110 2710 5163 hoc
2745 5124 2866 5162 cum
2898 5108 2989 5163 illo
3014 5108 3326 5177 assignavit,
3380 5107 3607 5175 primmn

2034 5200 2248 5271 quidem
2276 5202 2559 5256 dicendum
2588 5200 2729 5269 qttod
2754 5215 2872 5253 cum
2906 5200 3006 5254 hoc
3032 5200 3122 5253 illo
3147 5208 3239 5253 aut
3268 5198 3367 5252 hoc
3396 5209 3446 5252 et
3480 5197 3610 5250 illud

2033 5292 2251 5360 dicitur,
2282 5302 2373 5346 aut
2405 5291 2546 5361 quod
2596 5306 2659 5346 ex
2694 5291 2819 5345 illis.
2863 5291 2993 5344 Nam
3024 5290 3112 5360 qui
3143 5290 3273 5343 dicit
3324 5289 3430 5343 mel
3483 5303 3607 5342 cum

2034 5393 2167 5452 aqua
2192 5398 2207 5447 ;
2230 5383 2309 5437 vel
2335 5384 2438 5434 mcl
2469 5392 2523 5436 et
2546 5397 2749 5450 aquam“
2781 5380 2928 5445 diuit,
2958 5381 3040 5435 vel
3085 5380 3224 5449 quod
3252 5394 3315 5434 ex
3347 5379 3507 5432 melle
3556 5386 3612 5430 et

2037 5489 2195 5542 aqua,
2227 5488 2391 5541 quare
2413 5475 2457 5526 si
2500 5472 2719 5526 cuilibet
2748 5487 2931 5527 eorum
2961 5487 3080 5541 qua:
3121 5471 3259 5526 dicta
3306 5480 3432 5525 sunt
3462 5470 3604 5524 idem

2033 5563 2369 5620 conﬁtebitur
2397 5577 2517 5617 esse
2549 5563 2651 5617 hoc
2681 5578 2801 5616 cum
2835 5562 2948 5627 illo,
2992 5562 3178 5617 eadem
3215 5561 3495 5617 conveniet
3524 5560 3578 5613 di

2034 5669 2159 5711 cere
2198 5669 2317 5724 quze
2362 5653 2580 5722 quidem
2624 5652 2687 5707 ad
2719 5664 3000 5722 utrumque
3043 5654 3233 5708 horum
3277 5653 3422 5723 prius
3461 5652 3607 5708 dicta

2034 5754 2175 5801 sunt.
2209 5743 2471 5814 Amplius,
2497 5743 2751 5801 dividenti
2777 5743 2984 5815 quoties
3002 5743 3197 5800 dicitur
3227 5743 3452 5800 alterum
3480 5758 3605 5799 cum
