4248 6272
611 383 713 439 987

1823 374 1931 429 ΑΝ.
1974 368 2178 426 MANL.
2220 364 2370 418 SEV.
2415 367 2631 422 BOETII

3762 363 3865 418 988

615 497 806 560 altero,
833 488 1279 548 considerandum
1307 487 1350 540 si
1382 486 1532 541 nullo
1579 486 1739 561 modo
1771 486 1873 540 hoc
1897 499 2017 539 cum
2048 483 2143 537 illo
2172 498 2185 533 :

2298 482 2456 550 plius,
2486 484 2528 534 si
2552 481 2802 536 similiter
2855 487 2937 535 est
2986 477 3277 535 verisimile
3319 495 3476 535 omne
3508 484 3863 550 compositum

546 580 549 583 ’
619 586 748 639 utsi
778 583 970 635 dicitur
990 581 1217 633 alterum
1261 592 1380 631 cum
1424 577 1619 641 altero,
1669 584 1764 629 aut
1794 583 1852 629 ut
1905 576 1959 627 in
2014 572 2193 640 aliquo

614 674 804 729 eodem
834 671 1162 737 susceptivo,
1192 678 1247 721 ut
1268 666 1472 733 justitia
1495 676 1548 719 et
1574 664 1830 718 fortitudo
1880 663 1935 717 in
1992 662 2192 724 anima;

614 772 706 817 aut
730 760 931 813 in‘loco
976 758 1188 820 eodem,
1237 768 1325 809 aut
1375 759 1426 808 in
1485 764 1726 822 tempore
1783 753 1999 816 eodem,
2047 751 2193 805 nullo

615 859 799 904 autem
830 849 988 901 modo
1009 862 1191 900 verum
1222 846 1292 899 sit
1318 844 1461 913 quod
1510 844 1707 897 dictum
1739 851 1820 896 est
1841 842 1893 895 in
1944 841 2048 900 his,
2081 854 2195 892 ma-

616 939 867 993 nifestum
893 948 975 991 est
1000 936 1247 1005 quoniam
1274 936 1469 989 nullius
1501 935 1604 989 erit
1634 933 1901 1000 assignata
1931 931 2191 992 deﬁnitio,

614 1044 681 1084 eo
704 1028 841 1096 quod
872 1028 1017 1081 nullo
1045 1027 1202 1080 modo
1233 1026 1333 1079 hoc
1355 1041 1474 1079 cum
1499 1026 1591 1078 illo
1612 1031 1713 1078 est.
1735 1023 1792 1077 Si
1815 1031 1996 1075 autem
2021 1021 2194 1073 diviso

614 1117 828 1186 quoties
857 1116 1054 1169 dicitur
1082 1116 1308 1169 alterum
1341 1130 1461 1169 cum
1507 1114 1701 1177 altero,
1754 1127 1945 1164 verum
1987 1109 2089 1163 erit
2140 1109 2194 1163 in

614 1206 806 1259 eodem
839 1215 1079 1274 tempore
1127 1216 1413 1273 utrumque
1461 1218 1603 1268 esse,
1645 1200 2093 1255 considerandum
2149 1198 2194 1252 si

613 1295 876 1363 contingit
922 1311 1028 1349 non
1060 1296 1124 1348 ad
1157 1296 1401 1349 eumdem
1443 1302 1727 1361 utrumque
1763 1291 1868 1345 dici
1902 1290 2061 1344 ﬁnem
2090 1306 2105 1341 :
2139 1297 2197 1343 ut

615 1384 664 1439 si
695 1386 1063 1439 fortitudinem
1095 1386 1337 1438 deﬁnivit
1362 1384 1638 1437 audaciam
1670 1397 1791 1435 cum
1820 1389 1963 1435 recta
1999 1379 2193 1433 intelli-

614 1476 816 1543 gentia,
841 1476 1100 1543 contingit
1125 1476 1268 1529 enim
1299 1474 1574 1526 audaciam
1601 1471 1817 1545 quidem
1847 1469 2049 1522 habere
2070 1480 2194 1535 spo-

618 1565 808 1631 liandi,
850 1575 1048 1619 rectam
1081 1574 1255 1617 autem
1312 1564 1719 1631 intelligentiam
1761 1559 1903 1615 circa
1937 1558 2192 1631 salubria,

616 1655 716 1710 sed
748 1655 980 1708 nondum
1011 1654 1162 1707 fortis
1191 1654 1282 1722 qui
1327 1654 1378 1707 in
1420 1654 1607 1706 eodem
1638 1659 1902 1719 tempore,
1952 1663 2073 1702 cum
2104 1648 2194 1701 illo

614 1743 721 1799 hoc
746 1744 927 1798 habet.
958 1745 1220 1813 Amplius,
1270 1744 1313 1797 si
1344 1751 1399 1797 et
1426 1742 1492 1795 ad
1525 1742 1665 1795 idem
1712 1741 1870 1795 ambo
1919 1739 2189 1802 dicuntur,

2296 572 2737 640 compositionem
2773 584 2915 633 esse,
2954 571 3036 623 vel
3064 570 3304 635 nullum;
3335 572 3642 625 animalium
3688 582 3864 627 autem

2299 661 2712 730 unumquodque
2741 675 2862 713 cum
2889 660 2957 712 sit
2987 660 3362 727 compositum,
3404 676 3508 713 non
3536 671 3618 714 est
3650 674 3867 729 Compo-

2294 756 2437 816 sitio,
2473 768 2643 821 neque
2681 752 2921 820 profecto
2964 751 3189 804 aliorum
3230 752 3650 819 compositorum
3700 752 3865 805 ullum

2294 846 2612 915 compositio
2636 846 2759 899 erit.
2792 844 3043 907 Rursum,
3078 846 3123 897 si
3156 844 3402 897 similiter
3431 844 3482 896 in
3517 844 3696 911 aliquo
3744 854 3866 899 nata

2294 944 2418 988 sunt
2464 948 2585 988 esse
2631 933 2923 997 contraria,
2978 932 3215 985 deﬁnivit
3258 941 3439 985 autem
3479 947 3577 1001 per
3612 934 3867 999 alterum,

2296 1025 2637 1079 manifestum
2668 1023 2917 1094 quoniam
2943 1040 3045 1077 non
3078 1024 3338 1078 deﬁnivit.
3368 1024 3421 1078 Si
3448 1040 3494 1077 at
3520 1034 3626 1077 tem
3660 1040 3765 1078 non
3795 1024 3867 1077 ita
3898 1058 3905 1078 ι

2296 1125 2399 1179 est,
2446 1116 2623 1184 plures
2653 1115 2857 1169 accidet
2900 1114 3140 1181 ejusdem
3171 1113 3511 1167 deﬁnitiones
3548 1129 3703 1178 esse;
3738 1114 3868 1184 quid

2297 1210 2439 1262 enim
2472 1208 2642 1275 magis
2668 1208 2754 1275 qui
2788 1222 2884 1274 per
2910 1207 3009 1260 hoc
3034 1198 3190 1274 quam
3221 1208 3309 1275 qui
3351 1222 3445 1274 per
3471 1208 3695 1261 alterum
3727 1208 3871 1262 deﬁ-

2300 1298 2452 1350 niens
2499 1295 2674 1349 dixit?
2704 1310 2770 1348 eo
2809 1293 2950 1363 quod
2999 1295 3245 1347 similiter
3296 1305 3517 1363 utraque
3574 1306 3696 1348 nata
3744 1306 3873 1350 sunt

2297 1386 2411 1439 ﬁeri
2437 1386 2489 1438 in
2520 1385 2730 1438 eodem.
2760 1384 2908 1437 Talis
2938 1393 3114 1436 autem
3160 1383 3352 1436 anima:
3380 1396 3463 1437 est
3508 1384 3767 1453 deﬁnitio,
3798 1386 3873 1439 si-

2296 1475 2510 1544 quidem
2559 1482 2642 1527 est
2681 1473 2978 1526 substantia
3027 1472 3321 1539 disciplinae
3370 1473 3696 1541 susecptiva,
3748 1491 3871 1530 nam

2298 1564 2544 1617 similiter
2582 1572 2636 1617 et
2686 1562 2997 1630 ignorantia:
3037 1572 3121 1615 est
3158 1562 3481 1630 suseeptiva.
3528 1562 3751 1631 Oportet
3777 1580 3874 1619 au-

2298 1662 2404 1708 tem
2431 1653 2475 1707 si
2499 1666 2603 1705 non
2628 1650 2694 1705 ad
2722 1660 2885 1704 totam
2923 1652 3117 1705 habeat
3152 1652 3343 1721 aliquis
3392 1656 3750 1722 argumentari
3779 1656 3873 1711 de-

2298 1742 2611 1805 ﬁnitionem,
2657 1754 2723 1794 eo
2749 1739 2891 1809 quod
2942 1754 3047 1792 non
3080 1747 3202 1793 nota
3235 1741 3305 1794 sit
3354 1750 3479 1805 tota,
3523 1743 3590 1796 ad
3640 1743 3869 1813 aliquam

617 1832 756 1887 utad
785 1833 1119 1886 medicativa.
1152 1832 1289 1885 Nihil
1333 1832 1477 1885 enim
1508 1830 1757 1898 prohibet
1800 1837 1855 1883 et
1902 1829 2187 1882 audaciam
2219 1836 2269 1896 Β
2298 1832 2524 1900 partium
2553 1829 2912 1898 argumentari
2941 1829 2986 1881 si
3027 1829 3097 1883 sit
3141 1839 3286 1896 nota,
3319 1839 3373 1884 et
3412 1846 3518 1885 non
3559 1833 3698 1887 bene
3744 1835 3872 1890 assi-

612 1922 921 1990 quamdam,
946 1931 999 1974 et
1027 1929 1227 1973 rectam
1277 1920 1673 1989 intelligentiam
1707 1918 1905 1972 habere
1937 1918 2004 1971 ad
2032 1917 2195 1970 medi-

615 2010 816 2075 cativa,
842 2018 1079 2064 attamen
1109 2025 1208 2063 nec
1234 2010 1312 2062 sic
1354 2009 1506 2061 fortis
1534 2008 1626 2077 qui
1667 2008 1770 2061 hoc
1806 2021 1928 2060 cum
1978 2006 2069 2059 illo
2102 2007 2196 2059 ha-

616 2097 741 2163 bet;
776 2113 949 2166 neque
973 2101 1113 2152 enim
1144 2098 1209 2150 ad
1254 2098 1477 2151 alterum
1507 2112 1694 2150 eorum
1725 2108 2010 2163 utrumque
2040 2110 2197 2162 opor-

619 2194 697 2239 tet
734 2186 859 2250 dici,
893 2202 1063 2255 neque
1091 2186 1156 2239 ad
1186 2186 1325 2240 idem
1354 2187 1707 2254 quodcunque
1732 2185 1822 2249 sit,
1865 2184 1961 2238 sed
1988 2184 2052 2237 ad
2085 2186 2195 2239 for-

620 2275 864 2328 titudinis
894 2276 1076 2339 ﬁnetn,
1118 2284 1177 2329 ut
1232 2275 1297 2327 ad
1351 2275 1653 2342 praeliorum
1704 2273 1961 2341 pericula,
2013 2281 2107 2325 aut
2152 2274 2198 2326 si

615 2368 746 2437 quid
781 2369 950 2436 magis
996 2377 1079 2423 est
1108 2359 1248 2421 illius
1280 2368 1419 2421 ﬁnis.
1455 2366 1708 2433 Quaedam
1742 2375 1920 2418 autem
1962 2365 2040 2417 sic
2062 2368 2199 2419 assi-

620 2464 902 2526 gnatorum
921 2458 1066 2534 nullo
1098 2458 1257 2511 modo
1278 2459 1377 2511 sub
1405 2458 1600 2510 dictam
1623 2456 1824 2509 cadunt
1845 2456 2198 2524 divisionem,

623 2553 683 2599 ut
710 2547 755 2599 si
786 2548 865 2599 ira
897 2548 1111 2600 tristitia
1155 2556 1238 2601 est
1282 2562 1404 2600 cum
1460 2545 1710 2614 Opinione
1739 2545 2155 2612 parvipendendi
2181 2563 2198 2599 :

627 2649 753 2688 nam
785 2636 925 2704 quod
958 2646 1174 2703 propter
1198 2636 1505 2703 huiusmodi
1533 2634 1838 2701 Opinionem
1870 2634 2085 2686 tristitia
2120 2633 2194 2697 ﬁt,

622 2726 729 2782 hoc
756 2728 871 2781 vult
898 2726 1172 2790 indicare;
1206 2737 1424 2794 pr0pter
1450 2725 1549 2777 hoc
1598 2732 1775 2777 autem
1828 2723 1946 2776 ﬁeri
1972 2722 2196 2791 aliquid,

624 2831 732 2871 non
773 2823 857 2871 est
884 2816 1022 2870 idem
1058 2817 1104 2869 ei
1133 2814 1275 2884 quod
1305 2823 1387 2867 est
1415 2813 1515 2867 hoc
1540 2813 1753 2882 quidem
1784 2826 1907 2867 cum
1949 2811 2042 2864 illo
2080 2824 2203 2864 esse

623 2907 915 2975 secundum
968 2906 1133 2960 ullum
1174 2906 1440 2959 dictorum
1491 2904 1796 2958 modorum.
1844 2904 2103 2966 ltursum,
2153 2903 2201 2955 si

622 2995 816 3051 horum
847 2998 1302 3065 compositionem
1353 2996 1488 3049 dixit
1535 3003 1753 3048 totum:
1818 3002 1876 3047 ut
1906 2993 2099 3046 anima:
2146 3000 2203 3045 et

623 3086 862 3152 corporis
908 3086 1354 3153 compositionem
1402 3083 1619 3137 animal.
1684 3082 1922 3136 Primum
1986 3080 2199 3149 quidem

2297 1931 2454 1993 gnata
2480 1929 2753 1989 appareat,
2768 1934 2889 1981 nam
2913 1929 3059 1988 parte
3079 1921 3486 1989 interempta,et
3506 1930 3615 1977 tota
3630 1924 3871 1981 deﬁnitio

2297 2011 2637 2065 interimitur.
2664 2009 3007 2077 Quaecunque
3034 2018 3208 2063 autem
3238 2010 3481 2065 obscurre
3520 2022 3644 2066 sunt
3685 2014 3872 2069 deﬁni-

2298 2106 2502 2159 tionum
2534 2103 2840 2158 emendanti
2870 2110 2921 2156 et
2951 2102 3306 2156 conformanti
3328 2103 3395 2156 ad
3426 2105 3869 2165 manifestandum

2299 2194 2497 2263 aliquid
2562 2204 2616 2247 et
2679 2192 2978 2247 habendum
3040 2202 3439 2261 argumentum,
3498 2196 3577 2249 sic
3630 2197 3875 2253 conside-

2301 2286 2547 2339 randum.
2597 2285 2827 2338 Necesse
2857 2292 2939 2337 est
2966 2284 3108 2337 enim
3151 2284 3561 2350 reSpondentem
3590 2296 3681 2339 aut
3705 2290 3874 2342 susci-

2302 2391 2427 2444 pere
2460 2375 2597 2443 quod
2630 2383 2896 2442 sumptum
2922 2383 3003 2427 est
3034 2373 3100 2425 ab
3150 2372 3531 2442 interrogante,
3582 2384 3673 2428 aut
3721 2392 3873 2431 eum-

2300 2468 2420 2518 dem
2465 2463 2741 2516 declarare
2770 2461 2897 2529 quid
2928 2470 3127 2513 temere
3174 2470 3259 2514 est
3298 2470 3567 2516 ostensum
3616 2478 3645 2515 a
3684 2463 3874 2519 deﬁni-

2302 2553 2467 2606 tione.
2496 2551 2765 2619 Amplius,
2797 2549 3251 2617 quemadmodum
3291 2551 3344 2602 in
3375 2551 3876 2621 congregationibus

2300 2642 2660 2709 solentlegem
2690 2641 2961 2704 inducere,
2988 2642 3104 2695 etsi
3130 2642 3199 2695 sit
3230 2642 3420 2696 melior
3441 2659 3558 2711 qua:
3586 2645 3870 2713 inducitur,

2302 2733 2565 2787 interimit
2591 2732 2936 2794 anteriorem,
2972 2732 3049 2785 sic
3084 2740 3139 2785 et
3168 2732 3219 2785 in
3254 2732 3653 2788 deﬁnitionibus
3681 2735 3877 2790 facien-

2301 2827 2449 2891 dum,
2469 2835 2521 2880 et
2550 2824 2787 2879 delinitio
2813 2824 2915 2876 alia
2945 2824 3183 2878 ferenda.
3202 2823 3333 2877 Nam
3358 2826 3403 2879 si
3425 2837 3645 2895 apparet
3667 2829 3874 2894 melior,

2301 2925 2357 2971 ct
2397 2916 2565 2981 magis
2618 2913 2960 2967 manifestum
3008 2914 3150 2982 quod
3202 2914 3493 2981 deﬁnitur,
3542 2919 3880 2984 perspicuum

2301 3009 2553 3077 quoniam
2585 3008 2903 3074 interempta
2950 3007 3055 3060 erit
3092 3020 3210 3075 quae
3266 3008 3439 3074 posita
3486 3018 3590 3074 est,
3639 3024 3703 3063 eo
3735 3011 3879 3078 quod

2302 3115 2409 3153 non
2462 3105 2588 3153 sunt
2637 3097 2879 3167 ejusdem
2922 3097 3108 3165 plures
3156 3095 3519 3152 deﬁnitiones.
3564 3101 3645 3153 Ad
3693 3114 3881 3154 omnes

623 3175 1073 3230 considerandum
1102 3176 1148 3229 si
1176 3190 1281 3228 non
1312 3174 1446 3228 dixit
1470 3172 1642 3242 qualis
1678 3171 2023 3238 compositio;
2070 3179 2127 3224 ut
2156 3170 2200 3222 si
2229 3190 2276 3252 ρ
2308 3198 2485 3242 amem
2536 3185 2874 3241 ἀθηηίιίοηεε
2926 3199 3034 3238 non
3095 3186 3375 3239 mmmam
3441 3186 3763 3241 elementum
3814 3188 3883 3243 ad

624 3278 838 3320 carnem
883 3265 1169 3332 deﬁniens,
1217 3274 1308 3319 aut
1348 3278 1428 3329 os,
1465 3265 1599 3332 ignis
1639 3272 1693 3316 ct
1734 3262 1877 3316 aeris
1931 3269 1987 3315 et
2039 3268 2202 3315 terra:

625 3357 761 3411 dixit
789 3357 1257 3424 compositionem.
1290 3354 1404 3408 Non
1434 3354 1581 3407 enim
1626 3351 1822 3405 sufﬁcit
1851 3349 2201 3416 compositio-

626 3461 748 3500 nem
778 3447 983 3511 dicere,
1016 3446 1109 3499 sed
1141 3461 1259 3513 quae
1282 3454 1334 3498 et
1362 3444 1536 3512 qualis
1560 3441 2046 3496 determinandum.
2084 3439 2198 3493 Non

627 3537 769 3593 enim
795 3538 1037 3605 quolibet
1068 3536 1226 3589 modo
1254 3534 1567 3603 compositis
1596 3534 1679 3585 liis
1709 3546 1834 3586 caro
1865 3532 1940 3592 ﬁt,
1977 3530 2073 3584 sed
2122 3530 2199 3583 sic

626 3626 842 3696 quidem
870 3624 1181 3691 compositis
1207 3638 1356 3691 caro,
1385 3623 1463 3675 sic
1491 3636 1622 3676 vero
1650 3636 1734 3674 os.
1772 3620 1993 3673 Videtur
2020 3626 2198 3673 autem

627 3729 804 3783 neque
835 3728 956 3768 esse
979 3713 1195 3766 omnino
1226 3712 1598 3780 compositioni
1647 3712 1786 3766 idem
1818 3720 2060 3765 neutrum
2110 3725 2203 3765 eo-

626 3820 745 3860 rum
771 3821 893 3874 quze
926 3806 1066 3858 dicta
1114 3814 1263 3870 sunt,
1293 3820 1415 3859 nam
1444 3804 1821 3872 compositioni
1852 3803 1998 3856 omni
2026 3802 2201 3857 disso-

625 3895 758 3950 lutio
786 3896 1077 3955 contraria.
1100 3894 1367 3948 dictorum
1418 3903 1598 3947 autem
1646 3892 1844 3957 neutri,
1891 3892 2041 3946 nihil.
2074 3893 2203 3946 Am-

2259 3318 2267 3328 .
2309 3278 2568 3346 seipsum,
2605 3275 2831 3329 solerter
2859 3273 3083 3328 deﬁnire
3114 3277 3470 3343 propositum,
3518 3285 3608 3330 aut
3650 3285 3773 3344 apte
3802 3278 3882 3330 di-

2307 3378 2453 3423 ctum
2478 3367 2763 3422 terminum
2786 3378 3081 3420 assumere.
3114 3364 3343 3422 Necesse
3362 3376 3443 3422 est
3455 3368 3595 3421 enim
3620 3370 3780 3422 veluti
3810 3370 3881 3423 ad

2306 3458 2580 3526 exemplar
2610 3456 3061 3520 considerantem,
3108 3464 3162 3509 et
3189 3456 3331 3525 quod
3356 3456 3530 3511 minus
3558 3466 3639 3511 est
3668 3458 3731 3511 iis
3756 3436 3880 3527 quae

2306 3558 2518 3619 oportet
2550 3548 2749 3602 habere
2777 3547 3166 3611 deﬁnitionem,
3199 3558 3253 3601 et
3291 3547 3430 3616 quod
3467 3547 3766 3615 appositum
3797 3561 3885 3605 est

2310 3638 2599 3707 superﬂue,
2632 3637 2918 3705 inspicere,
2972 3644 3029 3689 ut
3077 3636 3243 3703 magis
3273 3636 3601 3704 argumentis
3644 3638 3884 3695 abunde-

2310 3744 2446 3782 mus.
2478 3730 2606 3794 Quae
2646 3728 2807 3798 igitur
2848 3725 2993 3781 circa
3033 3724 3369 3782 deﬁnitiones
3407 3734 3552 3793 sunt,
3592 3728 3646 3781 in
3678 3736 3891 3784 tantum

2306 3820 2446 3874 dicta
2473 3823 2600 3873 s‘nt.
2907 3828 2917 3838 ‘

634 3986 3883 4024 ____________________._______________.__—————~_-

1755 4091 2099 4174 LIBER
2173 4084 2783 4167 SEPTIMUS.

1143 4299 1367 4355 CAPUT
1407 4296 1691 4353 PRIMUM.

1050 4387 1128 4443 De
1158 4388 1331 4442 eodem
1358 4397 1403 4440 et
1433 4388 1629 4439 diverso
1660 4385 1776 4437 loci.

2310 4295 2487 4339 autem
2529 4292 2582 4337 et
2618 4293 2844 4350 quorum
2883 4276 3107 4332 alterum
3150 4276 3391 4330 maxime
3439 4274 3634 4328 dicitur
3662 4274 3889 4342 quodvis

2314 4390 2455 4440 esse,
2487 4374 2530 4426 si
2561 4380 2616 4427 et
2643 4372 2871 4424 alterum
2902 4369 3137 4436 ipsorum
3165 4364 3458 4421 secundum
3487 4364 3627 4419 idem
3656 4364 3886 4417 maxime

698 4483 883 4539 Utrum
917 4487 1096 4534 autem
1127 4478 1265 4533 idem
1312 4492 1377 4530 an
1422 4478 1689 4530 diversum
1735 4470 2026 4527 secundum
2073 4483 2204 4539 pro-
2229 4449 2284 4508 θ
2311 4464 2524 4518 dicitttr.
2557 4461 2709 4516 Sicut
2736 4459 3065 4512 Xenocrates
3095 4457 3304 4510 beatam
3326 4454 3486 4508 vitam
3514 4463 3567 4507 et
3592 4453 3884 4506 studiosam

624 4574 954 4641 priissimum
995 4585 1177 4624 eorum
1218 4569 1331 4639 (qui
1362 4569 1487 4622 dicti
1517 4576 1639 4621 sunt
1666 4565 1732 4620 de
1761 4564 1973 4622 eodem)
2018 4562 2205 4617 modo-

622 4676 766 4726 rum,
794 4661 1076 4714 dicendum
1110 4658 1409 4727 (dicebatur
1437 4664 1611 4711 autem
1643 4654 2008 4723 propriissime
2037 4652 2200 4717 idem,

623 4751 764 4819 quod
797 4765 1020 4803 numero
1063 4748 1274 4816 unum),
1313 4746 1756 4801 considerandum
1785 4754 1963 4799 autem
2007 4758 2076 4798 ex
2117 4757 2206 4796 ca-

624 4840 802 4904 sibus,
847 4847 902 4893 et
940 4838 1263 4906 coniugatis,
1306 4847 1360 4891 et
1400 4838 1677 4905 oppositis.
1727 4835 1858 4889 Nam
1913 4835 1958 4890 si
2000 4835 2204 4902 justitia

628 4929 771 4983 idem
804 4937 887 4982 est
920 4926 1235 4990 fortitudini,
1265 4936 1319 4980 et
1343 4926 1517 4993 justus
1547 4926 1691 4989 forti,
1722 4934 1777 4979 et
1800 4925 1944 4993 juste
1975 4925 2201 4986 fortiter,

626 5020 876 5076 similiter
903 5027 1081 5071 autem
1109 5025 1162 5070 et
1191 5017 1242 5069 in
1271 5018 1549 5085 oppositis.
1618 5016 1748 5068 Nam
1781 5016 1823 5067 si
1853 5014 1965 5067 hmc
1992 5015 2200 5081 eadem,

622 5117 680 5164 et
702 5110 945 5179 opposita
969 5107 1072 5172 his,
1095 5106 1277 5160 eadem
1309 5108 1598 5161 secundum
1627 5105 1915 5173 quamlibet
1943 5103 2202 5156 dictarum

623 5200 1039 5268 oppositionum.
1087 5196 1227 5249 Nihil
1272 5195 1413 5249 enim
1444 5195 1621 5247 diﬁ'ert
1649 5193 1749 5246 hoc
1788 5193 1871 5247 vel
1910 5193 2009 5245 hoc
2043 5194 2203 5246 modo

625 5289 931 5358 oppositum
982 5300 1219 5354 sumere,
1265 5299 1331 5339 eo
1358 5283 1500 5353 quod
1531 5283 1669 5335 idem
1712 5290 1813 5335 est.
1864 5282 2090 5333 Rursum
2135 5296 2200 5335 ex

621 5379 880 5434 eﬁ'ectivis
926 5386 981 5432 et
1006 5374 1344 5443 corruptivis,
1374 5383 1425 5427 et
1454 5371 1883 5441 generationibus
1936 5380 1989 5425 et
2018 5385 2203 5424 corru-

624 5470 911 5538 ptionibus,
940 5476 995 5521 et
1026 5467 1243 5521 omnino
1271 5480 1335 5519 ex
1370 5464 1432 5518 iis
1468 5478 1586 5531 quae
1620 5462 1866 5515 similiter
1904 5476 1963 5515 se
2008 5462 2200 5514 habent

620 5560 849 5610 alterum
916 5554 983 5608 ad
1032 5554 1278 5608 alterum.
1338 5552 1471 5605 Nam
1501 5562 1832 5620 quaecunque
1884 5548 2200 5615 simpliciter

622 5643 836 5709 eadem,
871 5643 1030 5697 etiam
1076 5640 1451 5711 generationes
1496 5653 1681 5711 eorum
1730 5647 1783 5692 ct
1830 5636 2201 5704 corruptiones

620 5733 854 5796 easdem,
894 5741 948 5787 et
990 5732 1233 5788 effectiva
1284 5739 1339 5786 et
1373 5730 1698 5800 corruptiva.
1742 5728 2197 5785 Considerandum

2305 4552 2598 4623 assignavit
2616 4549 2881 4615 eamdem,
2902 4562 2966 4602 eo
2983 4546 3124 4615 quod
3143 4544 3382 4599 omnium
3404 4542 3631 4596 vitarum
3654 4541 3887 4594 maxime

2306 4644 2548 4713 eligenda
2578 4641 2815 4698 studiosa
2854 4648 2908 4693 et
2938 4639 3115 4701 beata,
3143 4650 3307 4691 unum
3337 4635 3481 4689 enim
3518 4634 3751 4698 maxime
3786 4632 3887 4685 eli-

2305 4733 2535 4804 gendum
2589 4740 2643 4786 et
2680 4730 2994 4784 maximum.
3042 4725 3299 4781 Similiter
3349 4732 3405 4778 et
3447 4723 3501 4777 in
3542 4722 3661 4777 aliis
3703 4720 3888 4790 hujus-

2308 4824 2469 4877 modi.
2530 4824 2752 4890 Oportet
2781 4827 2957 4872 autem
2986 4825 3269 4883 utrumque
3298 4827 3459 4867 unum
3490 4825 3712 4865 numero
3740 4825 3883 4877 esse,

2307 4914 2447 4984 quod
2500 4912 2694 4966 dicitur
2746 4909 3043 4983 maximum
3088 4914 3147 4959 et
3186 4903 3419 4957 maxime
3460 4900 3791 4971 eligendum;
3837 4902 3883 4953 si

2307 5011 2483 5055 autem
2514 5014 2653 5063 non,
2684 5013 2789 5052 non
2820 4999 2921 5052 erit
2952 5005 3224 5049 ostensum
3255 4993 3395 5061 quod
3427 4990 3590 5045 idem.
3646 4990 3760 5044 Non
3793 5003 3889 5042 ne-

2306 5090 2599 5145 cessarium
2646 5088 2812 5152 enim,
2842 5087 2884 5141 si
2931 5082 3207 5140 fortissimi
3237 5081 3547 5136 Graecorum
3584 5088 3709 5133 sunt
3732 5077 3887 5132 Pelo-

2311 5181 2552 5250 ponnesii
2592 5190 2646 5233 et
2699 5174 3110 5239 Lacedaemonii,
3151 5172 3368 5227 eosdem
3400 5186 3523 5225 esse
3551 5169 3886 5238 Peloponne-

2305 5274 2415 5326 sios
2448 5268 2888 5332 Lacedaemoniis,
2914 5282 2980 5321 eo
3002 5263 3143 5334 quod
3179 5278 3284 5318 non
3315 5274 3451 5314 unus
3477 5273 3700 5313 numero
3731 5257 3887 5312 Pelo-

2307 5362 2595 5431 ponnesios
2631 5370 2685 5414 et
2716 5356 3183 5417 Lacedaemonius,
3230 5352 3322 5407 sed
3361 5349 3630 5405 contineri
3672 5349 3887 5418 quidem

2306 5456 2529 5509 alterum
2562 5452 2629 5505 ab
2654 5452 2826 5505 altero
2846 5448 3229 5511 necessarium,
3255 5452 3315 5497 ut
3330 5438 3725 5496 Lacedaemonii
3740 5453 3768 5490 a
3786 5438 3885 5492 Pe-

2307 5542 2671 5611 l0ponnesiis;
2716 5539 2762 5595 si
2806 5547 2984 5593 autem
3015 5551 3141 5601 non,
3173 5532 3381 5588 accidet
3428 5529 3620 5598 seipsis
3660 5527 3885 5580 invicem

2306 5648 2424 5689 esse
2453 5634 2725 5699 meliores,
2757 5632 2803 5686 si
2843 5644 2950 5684 non
2979 5626 3321 5684 continentur
3366 5620 3523 5676 alteri
3568 5618 3636 5672 ab
3662 5617 3842 5672 alteris
3868 5634 3882 5667 :

2306 5741 2527 5785 necesse
2552 5734 2633 5784 est
2661 5725 2805 5782 enim
2835 5720 3258 5793 Peloponnesios
3287 5716 3549 5797 meliores.
3567 5727 3688 5771 esse
3725 5723 3895 5781 quam
