4248 6272
386 409 490 464 989

1276 396 1667 453 TOPICORUM
1709 392 2158 451 ARISTOTELIS
2198 391 2765 450 INTERPRETATIO.

3535 393 3637 447 990

385 514 843 579 lacedtemonios,
873 512 920 568 si
953 525 1060 567 non
1088 508 1427 565 continentur
1455 507 1609 562 alteri
1654 507 1721 561 ab
1762 505 1964 568 alteris,
1996 506 2044 564 Α
2074 511 2250 571 potest
2276 503 2500 556 alterum
2530 504 2647 557 sine
2674 504 2844 558 altero
2872 517 3022 569 esse,
3078 519 3181 560 non
3206 512 3309 561 erit
3333 504 3475 562 enim
3497 502 3638 557 idem

388 625 511 664 nam
541 607 791 662 omnibus
814 603 1034 673 reliquis
1058 610 1181 657 sunt
1205 600 1475 655 meliores.
1502 598 1761 653 Similiter
1787 607 1963 650 autem

386 707 442 755 et
462 694 898 753 Lacedwmonios
928 706 1147 747 necesse
1175 700 1258 745 est
1285 690 1533 743 meliores
1560 702 1678 741 esse
1701 687 1967 755 Polopon-

388 787 583 849 nesiis,
619 786 739 839 nam
777 792 832 837 et
871 783 957 836 isti
996 781 1246 835 omnibus
1274 778 1485 833 caeteris
1528 786 1652 831 sunt
1691 776 1964 843 meliores,

390 891 555 945 quare
595 890 654 929 se
696 875 922 927 invicem
972 864 1224 924 meliores
1267 868 1418 922 ﬁunt.
1462 865 1795 919 Manifestum
1840 880 1969 933 ergo

389 968 642 1035 quoniam
682 980 841 1018 unum
874 947 1101 1016 numero
1130 974 1251 1014 esse
1281 967 1516 1028 oportet,
1544 958 1683 1026 quod
1709 960 1967 1026 optimum

388 1067 444 1111 et
488 1057 772 1108 maximum
823 1052 1055 1114 dicitur,
1109 1049 1153 1102 si
1203 1049 1399 1101 debeat
1449 1046 1593 1115 quod
1647 1044 1788 1100 idem
1863 1047 1969 1099 sint

386 1150 618 1205 ostendi.
649 1149 870 1216 Propter
895 1146 1036 1215 quod
1062 1142 1391 1198 Xenocrates
1417 1155 1524 1193 non
1556 1138 1697 1191 idem
1728 1138 1970 1205 assignas

385 1242 497 1295 vit:
530 1254 637 1294 non
668 1239 814 1293 enim
860 1252 966 1291 uno
1011 1248 1237 1289 numero
1278 1233 1430 1286 beata
1459 1238 1513 1283 et
1554 1227 1789 1282 studiosa
1836 1230 1964 1292 vita,

385 1338 710 1404 quapropter
742 1344 849 1382 non
888 1325 1249 1380 necessarium
1286 1322 1529 1376 eamdem
1562 1332 1702 1384 esse,
1732 1332 1797 1370 eo
1828 1316 1969 1384 quod

387 1424 559 1477 ambae
611 1423 844 1475 maxime
898 1416 1193 1485 eligendae,
1253 1413 1346 1468 sed
1400 1412 1567 1464 altera
1623 1408 1721 1461 sub
1776 1408 1965 1460 altera.

386 1514 619 1567 Rursum
651 1507 1101 1565 considerandum
1155 1506 1200 1559 si
1230 1504 1319 1558 cui
1360 1503 1587 1557 alterum
1618 1498 1780 1561 idem,
1812 1505 1866 1549 et
1895 1498 1971 1549 al-

388 1613 584 1658 terum.
612 1601 745 1655 Nam
776 1599 821 1653 si
847 1614 951 1654 non
976 1604 1103 1651 sunt
1129 1596 1286 1649 ambo
1314 1593 1487 1648 eidem
1516 1590 1724 1653 eadem,
1750 1591 1971 1644 manife-

385 1702 527 1747 stum
562 1691 812 1760 quoniam
855 1702 955 1742 nec
993 1686 1095 1740 sibi
1125 1686 1373 1740 invicem.
1419 1682 1660 1751 Amplius
1697 1693 1872 1737 autem
1901 1696 1969 1735 ex

387 1782 454 1836 iis
481 1795 601 1850 quae
631 1780 716 1833 his
744 1777 1019 1842 accidunt,
1048 1783 1103 1830 et
1130 1775 1323 1843 quibus
1354 1772 1468 1827 haec
1497 1773 1759 1834 accidunt,
1790 1771 1967 1825 consi-

2070 592 2135 645 ad
2161 592 2324 646 idem.
2351 593 2512 663 lgitur
2535 592 2638 647 loci
2670 601 2747 647 tot
2774 593 3041 648 dicuntur.

2698 705 2923 760 CAPUT
2963 707 3025 759 ll.

2430 794 2506 847 De
2532 795 2709 848 eadem
2738 796 3032 863 deﬁnitione
3062 796 3159 849 loci
3182 796 3292 849 alii.

2142 881 2322 936 Palam
2378 893 2557 937 autem
2603 898 2665 936 ex
2715 885 2779 936 iis
2824 899 2942 950 quae
2988 885 3127 937 dicta
3179 893 3336 950 sunt,
3392 886 3645 954 quoniam

2070 988 2256 1027 omnes
2287 973 2377 1042 qui
2419 973 2485 1026 ad
2526 974 2663 1026 idem
2694 982 2817 1026 sunt
2847 973 3154 1026 destructivi
3190 974 3322 1036 loci,
3348 984 3403 1028 et
3435 976 3500 1028 ad
3539 984 3648 1029 ter-

2071 1064 2272 1117 minum
2300 1065 2454 1117 utiles
2483 1073 2629 1128 sunt,
2662 1064 3107 1132 quemadmodum
3141 1065 3284 1131 prius
3314 1066 3511 1119 dictum
3541 1075 3643 1121 est.

2069 1153 2199 1205 Nam
2242 1154 2285 1206 si
2316 1162 2420 1207 non
2455 1153 2600 1206 idem
2645 1153 2843 1206 indicet
2882 1163 2934 1206 et
2967 1168 3159 1205 nomen
3202 1163 3256 1207 et
3301 1156 3500 1219 oratio,
3536 1172 3649 1209 ma-

2070 1244 2318 1298 nifestum
2345 1248 2596 1313 quoniam
2624 1263 2727 1301 non
2760 1251 2861 1303 erit
2892 1249 3130 1302 deﬁnitio
3158 1250 3423 1316 assignate
3451 1250 3644 1304 oratio.

2069 1334 2561 1390 Constructivorum
2615 1348 2795 1391 autem
2848 1340 3088 1391 locorum
3156 1339 3332 1409 nullus
3390 1339 3530 1391 utilis
3580 1340 3646 1391 ad

2072 1428 2375 1482 terminum.
2430 1429 2545 1482 Non
2592 1432 2733 1484 enim
2775 1431 2969 1484 sufﬁcit
3010 1431 3292 1485 ostendere
3334 1431 3471 1485 idem
3503 1431 3644 1499 quod

2070 1518 2168 1571 sub
2189 1520 2429 1573 oratione
2454 1530 2507 1573 et
2538 1522 2752 1574 nomine
2775 1531 2855 1574 est
2876 1521 2940 1573 ad
2961 1522 3371 1575 construendum
3394 1522 3643 1590 quoniam

2069 1605 2326 1671 deﬁnitio,
2380 1609 2473 1661 sed
2526 1618 2581 1661 et
2628 1611 2728 1662 alia
2776 1619 2989 1677 Oportet
3036 1612 3212 1663 omnia
3262 1611 3456 1664 habere
3506 1613 3647 1678 (qua:

2072 1704 2331 1761 prmcepta
2362 1695 2510 1764 sunt)
2540 1698 2936 1763 definitionem;
2982 1700 3285 1752 interimere
3332 1700 3489 1767 igitur
3519 1698 3647 1753 deﬁ-

2071 1783 2325 1838 nitionem
2349 1786 2424 1838 sic
2445 1796 2498 1839 et
2525 1804 2620 1855 per
2643 1787 2759 1841 llch
2785 1805 2998 1857 semper
3030 1788 3359 1842 tentandum.
3390 1790 3445 1843 Si
3466 1797 3645 1844 autem

385 1870 703 1928 derandum.
734 1870 866 1921 Nam
896 1877 1228 1936 qumeunque
1253 1863 1405 1917 alteri
1436 1861 1703 1925 accidunt,
1734 1870 1787 1915 et
1816 1858 1961 1913 alteri

2073 1884 2383 1928 construere
2415 1876 2696 1941 volumus,
2739 1878 2963 1945 primum
3005 1880 3214 1947 quidem
3262 1880 3400 1931 scire
3437 1886 3647 1946 oportet

383 1971 596 2033 oportet
625 1961 910 2026 accidere,
943 1967 995 2013 et
1024 1958 1216 2027 quibus
1264 1957 1487 2011 alterum
1530 1970 1715 2010 eorum
1750 1955 1960 2017 accidit,

384 2064 440 2108 et
463 2055 688 2107 alterum
719 2065 904 2105 eorum
933 2055 1144 2116 oportet
1173 2046 1451 2110 accidere;
1485 2049 1528 2099 si
1558 2054 1733 2099 autem
1766 2045 1963 2113 aliquid

385 2159 571 2199 eorum
616 2143 895 2205 dissonet,
945 2138 1237 2194 dilucidum
1292 2140 1540 2207 quoniam
1593 2153 1696 2191 non
1752 2138 1961 2191 eadem.

293 2236 311 2254 '
388 2232 694 2288 Videndum
731 2239 908 2285 autem
947 2236 999 2282 et
1028 2229 1077 2284 si
1108 2242 1213 2281 non
1244 2228 1296 2281 in
1327 2242 1434 2281 uno
1462 2242 1659 2295 genere
1704 2226 1962 2292 praedica-

387 2322 553 2377 menti
584 2330 825 2389 utraque,
865 2318 959 2373 sed
1001 2317 1103 2370 hoc
1145 2316 1360 2385 quidem
1387 2316 1574 2384 quale,
1610 2315 1740 2368 illud
1785 2325 1961 2366 autem

385 2418 662 2479 quantum;
692 2409 781 2461 vel
811 2407 876 2461 ad
919 2406 1120 2475 aliquid
1168 2406 1388 2459 indicet.
1436 2405 1692 2470 Rursum,
1723 2405 1767 2456 si
1800 2418 1963 2472 genus

386 2501 626 2569 utrisque
669 2514 777 2553 non
826 2497 989 2558 idem,
1038 2495 1130 2549 sed
1178 2494 1280 2549 hoc
1310 2495 1522 2563 quidem
1564 2495 1785 2559 bonum,
1831 2494 1961 2547 illud

384 2598 563 2644 autem
599 2589 821 2652 malum,
860 2595 951 2640 aut
982 2587 1081 2639 hoc
1114 2585 1328 2653 quidem
1372 2587 1561 2648 virtus,
1606 2584 1733 2637 illud
1785 2592 1961 2636 autem

387 2679 629 2734 scientia.
677 2679 783 2730 Aut
807 2676 850 2729 si
882 2690 1047 2745 genus
1077 2674 1289 2743 quidem
1318 2674 1481 2739 idem,
1514 2673 1831 2727 diﬁ‘erentize
1870 2688 1965 2725 au-

388 2780 495 2825 tem
522 2783 627 2823 non
657 2766 860 2822 eaedem
891 2765 958 2820 de
984 2776 1211 2832 utroque
1238 2762 1615 2831 praedicantur,
1644 2761 1741 2815 sed
1771 2761 1837 2815 de
1864 2760 1964 2814 hoc

385 2859 599 2929 quidem
662 2856 913 2927 quoniam
979 2852 1393 2921 contemplativa
1439 2852 1695 2917 scientia,
1751 2851 1819 2905 de
1872 2852 1963 2919 illo

361 2958 563 3005 autem
611 2949 863 3017 quoniam
907 2944 1113 3009 activa;
1162 2944 1405 2997 similiter
1443 2950 1622 2996 autem
1657 2950 1711 2995 et
1741 2942 1795 2995 in
1821 2942 1960 2995 aliis.

383 3038 629 3107 Amplius
657 3046 833 3090 autem
856 3048 922 3088 ex
943 3034 1131 3103 magis,
1163 3033 1205 3086 si
1236 3034 1339 3087 hoc
1364 3031 1577 3098 quidem
1607 3030 1827 3097 suscipit
1853 3046 1965 3083 ma-

380 3129 485 3199 gis,
510 3128 636 3182 illud
666 3135 844 3182 autem
876 3141 1002 3192 non,
1027 3132 1118 3179 aut
1144 3122 1190 3179 si
1214 3122 1373 3177 ambo
1404 3122 1701 3192 suscipiunt
1727 3122 1961 3191 quidem,

2062 1966 2311 2031 quoniam
2366 1968 2543 2022 nullus
2585 1972 2665 2023 vel
2722 1973 2876 2039 pauci
2934 1971 3314 2047 disputantium
3359 1964 3643 2027 termi'num

2062 2056 2371 2125 syllogismo
2410 2058 2691 2128 colligunt,
2732 2064 2823 2114 sed
2877 2078 3066 2117 omnes
3127 2064 3447 2131 principium
3499 2063 3643 2132 quod

2065 2148 2168 2200 tale
2210 2157 2293 2201 est
2329 2152 2617 2219 accipiunt,
2653 2160 2711 2205 ut
2738 2154 2826 2221 qui
2874 2155 3012 2207 circa
3056 2155 3419 2221 geometriam,
3446 2162 3499 2207 et
3544 2169 3644 2208 nu-

2063 2251 2264 2302 meros,
2293 2248 2347 2291 et
2384 2240 2515 2292 alias
2563 2242 2862 2307 liujusmodi
2904 2244 3237 2311 disciplinas.
3271 2244 3476 2297 Deinde
3506 2257 3643 2311 quo-

2064 2326 2203 2380 niam
2263 2340 2450 2383 exacte
2513 2332 2724 2400 quidem
2794 2334 3010 2387 alterius
3078 2344 3159 2388 est
3242 2336 3440 2404 negotii
3504 2335 3641 2388 assi-

2063 2430 2246 2483 gnare,
2281 2428 2334 2470 et
2373 2420 2498 2485 quid
2552 2431 2634 2473 est
2686 2424 2966 2487 terminus,
2995 2432 3050 2476 et
3096 2424 3362 2492 quomodo
3417 2422 3641 2478 deﬁnire

2063 2519 2290 2573 Oportet.
2324 2511 2474 2564 Nunc
2519 2524 2719 2579 autem,
2774 2526 3027 2583 quantum
3074 2516 3266 2569 sufﬁcit
3304 2517 3369 2569 ad
3408 2530 3641 2583 praesen-

2067 2605 2169 2651 tem
2218 2601 2521 2666 utilitatem,
2573 2612 2776 2655 tantum
2830 2605 3002 2657 solum
3051 2606 3332 2658 dicendum
3390 2605 3639 2672 quoniam

2064 2690 2315 2756 possibile
2365 2693 2479 2745 fieri
2523 2680 2882 2762 deﬁnitionis,
2931 2704 2985 2750 et
3031 2696 3148 2764 ejus
3188 2695 3327 2764 quod
3368 2676 3637 2763 qnid”es't_,

2065 2793 2183 2833 esse
2242 2780 2629 2849 syllogismum.
2706 2784 2838 2837 Nam
2899 2787 2945 2839 si
3012 2786 3269 2840 terminus
3330 2768 3423 2840 est
3468 2785 3640 2840 oratio

2065 2882 2184 2935 quae
2222 2868 2347 2937 quid
2387 2878 2469 2923 est
2509 2885 2628 2925 esse
2672 2873 2749 2925 rei
2798 2872 3019 2937 indicat,
3061 2885 3113 2926 et
3156 2882 3365 2941 oportet
3413 2888 3474 2928 ea
3520 2888 3640 2942 qua:

2073 2957 2125 3010 in
2152 2962 2378 3012 termino
2410 2971 2694 3027 ponuntur,
2749 2965 2799 3015 in
2833 2978 2897 3016 eo
2919 2964 3057 3031 quod
3089 2964 3213 3031 quid
3237 2973 3321 3017 est
3349 2964 3415 3017 de
3441 2978 3498 3017 re
3526 2963 3639 3017 sola

2068 3048 2366 3115 prredicari,
2398 3051 2753 3117 pmdicantur
2802 3062 2979 3104 autem
3025 3054 3134 3106 sola
3163 3054 3214 3106 in
3242 3068 3306 3106 eo
3335 3053 3473 3121 quod
3512 3052 3639 3121 quid

2067 3148 2168 3204 est,
2193 3154 2383 3206 genera
2413 3152 2463 3193 et
2486 3139 2816 3193 differentiae.
2838 3141 3167 3194 Manifestum
3182 3142 3430 3211 quoniam
3452 3141 3497 3193 si
3520 3140 3639 3209 quis

384 3235 493 3274 ηοη
537 3220 695 3273 Simul
743 3227 938 3273 amem.
992 3218 1061 3274 U‘
1102 3218 1191 3287 (Ιυί
1236 3216 1403 3285 magis
1444 3223 1610 3281 3mm:
1657 3230 1762 3269 non
1792 3215 1961 3284 magis
1986 3221 2033 3285 C
2063 3239 2317 3282 sumatea
2348 3245 2465 3298 qua:
2490 3232 2661 3283 solum
2690 3232 2757 3285 de
2785 3247 2843 3284 re
2878 3232 2929 3284 in
2961 3247 3025 3286 eo
3054 3232 3195 3300 quod
3222 3231 3349 3300 quid
3373 3240 3456 3285 est
3496 3244 3637 3298 prae-

384 3311 718 3380 concupiscit
748 3325 1028 3378 venerem,
1060 3325 1229 3379 quare
1260 3325 1368 3364 non
1404 3309 1544 3363 idem
1568 3322 1721 3361 amor
1754 3317 1808 3363 et
1836 3323 1966 3362 con-

384 3400 714 3468 cupiscentia
767 3400 1002 3455 veneris.
1077 3400 1321 3469 Amplius
1377 3414 1443 3454 ex
1496 3398 1858 3466 appositione,
1918 3400 1963 3453 si

383 3494 558 3550 eidem
602 3503 884 3565 utrumque
923 3494 1247 3563 appositum,
1279 3508 1383 3547 non
1429 3493 1554 3547 facit
1598 3491 1738 3546 idem
1771 3501 1961 3546 totum.

383 3585 488 3639 Aut
526 3584 571 3638 si
602 3584 792 3640 eodem
835 3584 902 3639 ab
934 3594 1161 3651 utroque
1200 3583 1443 3649 sublato,
1474 3582 1613 3651 quod
1650 3582 1964 3650 relinquitur

384 3682 466 3729 est
492 3676 737 3731 alterum.
790 3674 860 3729 Ut
902 3674 945 3729 si
983 3674 1203 3743 duplum
1235 3673 1443 3728 dimidii
1469 3682 1523 3728 et
1552 3673 1851 3740 multiplum
1884 3674 1964 3727 di-

385 3765 537 3818 midii
583 3764 722 3819 idem
764 3764 960 3819 dixerit
988 3779 1148 3818 esse:
1190 3763 1400 3818 sublato
1438 3763 1581 3816 enim
1624 3762 1691 3816 ab
1739 3775 1963 3830 utroque

384 3854 630 3923 dimidio,
660 3855 863 3923 reliqua
891 3855 1027 3908 idem
1063 3861 1334 3922 oporteret
1375 3852 1647 3917 indicare;
1692 3867 1798 3904 non
1827 3852 1963 3905 indi-

384 3950 511 3995 cant
546 3950 747 4009 autem,
790 3956 914 3997 nam
942 3942 1158 4013 duplum
1189 3948 1245 3998 et
1282 3934 1582 4011 multiplum
1623 3956 1728 3995 non
1773 3942 1961 3995 eadem

387 4031 715 4101 signiﬁcant.

456 4140 916 4197 Considerandum
957 4150 1132 4197 autem
1167 4156 1273 4196 non
1318 4142 1488 4196 solum
1534 4142 1581 4196 si
1625 4140 1733 4208 jam
1761 4139 1960 4209 aliquid

383 4231 580 4297 accidit
624 4232 955 4301 impossibile
986 4246 1079 4301 per
1107 4233 1458 4301 positionem,
1488 4232 1583 4286 sed
1623 4240 1677 4285 et
1719 4231 1763 4284 si
1796 4231 1963 4298 possi-

383 4324 489 4379 bile
517 4325 587 4379 sit
615 4339 681 4377 ex
707 4325 1073 4392 suppositione
1096 4323 1345 4377 existere.
1406 4320 1865 4389 Quemadmodum
1897 4320 1961 4372 iis

383 4414 475 4481 qui
504 4429 731 4468 vacuum
759 4423 812 4469 et
840 4414 1053 4483 plenum
1079 4429 1204 4468 aere
1234 4413 1371 4468 idem
1418 4414 1599 4467 dicunt
1643 4428 1793 4475 esse;
1840 4426 1960 4464 nam

386 4505 728 4560 manifestum
773 4508 1022 4575 quoniam
1063 4508 1109 4561 si
1148 4517 1302 4561 exeat
1336 4522 1451 4570 aer,
1487 4521 1712 4559 vacuum
1749 4503 1959 4573 quidem

2066 3318 2230 3373 dicari
2260 3331 2491 3388 oportet,
2543 3322 2682 3389 quod
2724 3322 2837 3374 bare
2882 3321 3083 3373 habens
3127 3322 3331 3383 oratio,
3375 3320 3635 3373 terminus

2068 3422 2133 3461 ex
2153 3411 2469 3463 necessitate
2497 3410 2616 3468 erit.
2646 3426 2749 3463 non
2780 3414 2920 3464 enim
2946 3412 3204 3478 contingit
3226 3410 3367 3463 aliud
3395 3424 3514 3464 esse
3530 3417 3641 3463 ter-

2065 3502 2287 3565 minum,
2313 3517 2377 3554 eo
2409 3502 2549 3569 quod
2590 3503 2718 3554 nihil
2749 3503 2889 3556 aliud
2941 3503 2992 3555 in
3029 3518 3093 3555 eo
3124 3502 3263 3570 quod
3293 3500 3415 3568 quid
3459 3508 3540 3554 est
3569 3499 3638 3554 de

2064 3607 2121 3645 re
2151 3593 2496 3660 praedicatur;
2524 3594 2659 3661 quod
2695 3594 2854 3661 igitur
2895 3594 3145 3661 possibile
3176 3602 3260 3647 est
3288 3607 3355 3645 ex
3409 3590 3639 3644 termino

2064 3683 2425 3752 syllogiSmum
2458 3685 2570 3736 fieri
2600 3683 2958 3737 manifestum.
2976 3684 3050 3736 Ex
3073 3684 3263 3744 quibus
3282 3691 3457 3735 autem
3479 3694 3640 3749 opor-

2068 3786 2140 3832 tet
2188 3790 2522 3841 construere,
2579 3779 2988 3832 determinatum
3034 3787 3115 3831 est
3167 3776 3380 3847 quidem
3429 3774 3483 3827 in
3520 3774 3641 3829 aliis

2065 3868 2396 3936 diligentius,
2446 3868 2510 3919 ad
2559 3869 2880 3935 propositam
2930 3877 3105 3920 autem
3138 3866 3445 3919 metltodum
3477 3855 3655 3918 iidem.

2068 3958 2169 4011 loci
2200 3959 2378 4013 utiles.
2406 3958 2797 4025 inspiciendum
2816 3959 2956 4009 enim
2986 3959 3035 4009 in
3068 3957 3345 4009 contrariis
3364 3966 3416 4009 et
3446 3956 3641 4009 in‘aliis

2066 4048 2347 4115 oppositis,
2391 4057 2443 4099 et
2488 4056 2623 4097 totas
2667 4048 2957 4108 orationes,
3005 4052 3061 4096 et
3111 4043 3400 4097 secundum
3434 4054 3637 4109 partem

2066 4135 2446 4189 consideranti.
2477 4133 2605 4186 Nam
2636 4134 2681 4186 si
2702 4134 2943 4200 Opposita
2967 4132 3246 4199 oppositre,
3269 4140 3322 4184 et
3348 4145 3464 4183 eam
3497 4130 3660 4200 (quas

2066 4224 2201 4277 dicta
2227 4220 2331 4290 est)
2368 4222 2620 4290 propositi
2663 4236 2881 4275 necesse
2903 4230 2983 4273 est
3008 4234 3151 4274 esse.
3174 4219 3430 4283 Quoniam
3460 4226 3639 4273 autem

2066 4312 2457 4366 contrariorum
2507 4313 2685 4380 plures
2729 4311 3144 4378 complexiones,
3168 4308 3424 4363 sumenda
3447 4315 3528 4361 est
3571 4322 3640 4364 ex

2066 4406 2349 4457 contrariis
2382 4404 2763 4472 qualiscunque
2793 4404 3023 4457 maxime
3054 4401 3328 4471 apparebit
3366 4399 3637 4453 contraria

2066 4500 2331 4565 deﬁnitio;
2362 4509 2496 4553 totas
2528 4501 2681 4565 igitur
2701 4499 3061 4561 deﬁnitiones,
3080 4494 3527 4564 quemadmodum
3551 4491 3633 4545 di-

384 4610 492 4647 non
520 4594 725 4659 minus,
758 4595 850 4649 sed
880 4597 1048 4664 magis
1076 4596 1208 4661 erit,
1238 4596 1453 4663 plenutn
1490 4603 1665 4648 autem
1697 4609 1822 4647 aere
1859 4607 1961 4645 non
1991 4591 2044 4649 D
2069 4602 2210 4645 ctum
2243 4602 2342 4656 est,
2378 4592 2847 4645 considerandum.
2882 4589 3182 4644 Secundum
3217 4596 3418 4656 partem
3460 4575 3638 4640 autem

322 4740 329 4745 ,
383 4686 609 4755 amplius
638 4687 770 4753 erit;
801 4702 963 4756 quare
992 4688 1268 4755 supposito
1314 4688 1493 4753 aliquo
1518 4678 1638 4740 Sine
1664 4700 1814 4748 vero,
1844 4684 1963 4737 sive

383 4774 518 4830 falso
574 4775 729 4848 (nihil
782 4777 923 4831 enim
970 4777 1180 4847 refert),
1238 4777 1285 4832 si
1341 4778 1568 4831 alterum
1621 4775 1957 4840 interimitur,

380 4865 607 4919 alterum
648 4876 827 4921 autem
868 4882 1002 4931 non,
1048 4869 1292 4935 profecto
1323 4882 1429 4921 non
1460 4866 1598 4920 idem
1630 4874 1772 4920 sunt.
1833 4864 1961 4919 Uni-

381 4954 662 5010 versaliter
691 4966 867 5010 autem
895 4956 1122 5013 dicendo
1152 4973 1217 5012 ex
1247 4957 1310 5011 iis
1338 4973 1456 5027 quae
1484 4956 1671 5027 quovis
1702 4955 1861 5008 modo
1889 4954 1956 5008 de

382 5053 606 5112 utroque
634 5046 1010 5113 praedicantur,
1042 5056 1095 5101 et
1123 5047 1189 5102 de
1217 5049 1407 5116 quibus
1435 5047 1548 5101 lmc
1579 5046 1955 5115 przedicantur,

382 5135 828 5191 considerandum
852 5137 897 5190 si
922 5136 1118 5193 alicubi
1146 5137 1442 5194 dissonent.
1473 5138 1602 5192 Nam
1630 5150 1958 5207 quiscunque

381 5222 450 5278 de
479 5224 651 5285 altero
679 5227 1059 5295 praedicantur,
1100 5237 1153 5281 et
1193 5229 1260 5283 de
1288 5230 1456 5283 altero
1485 5230 1758 5296 praedicari
1798 5240 1956 5296 opor-

382 5322 479 5382 tet,
528 5325 583 5369 et
626 5316 693 5369 de
733 5316 929 5384 quibus
968 5318 1196 5372 alterum
1240 5320 1579 5387 praedicatur,
1629 5329 1683 5372 et
1729 5318 1956 5370 alterum

379 5402 661 5471 prmdicari
700 5414 932 5471 oportet.
964 5404 1229 5473 Amplius,
1263 5408 1385 5475 quia
1426 5407 1788 5473 multipliciter
1817 5406 1956 5458 idem

379 5489 598 5555 dicitur,
641 5491 1093 5548 considerandum
1135 5496 1180 5549 si
1214 5497 1507 5550 secundum
1536 5496 1698 5549 alium
1728 5495 1959 5563 aliquem

381 5576 598 5631 modum
632 5581 821 5634 eadem
852 5591 995 5635 sunt.
1049 5583 1179 5638 Nam
1211 5585 1391 5652 specie
1414 5586 1496 5639 vel
1525 5600 1721 5655 genere
1749 5584 1957 5649 eadem,

381 5679 489 5717 non
527 5680 750 5722 necesse
780 5678 864 5723 est
895 5684 1117 5724 numero
1144 5673 1331 5727 eadem
1372 5688 1521 5739 esse;
1561 5673 1960 5728 consideramus

378 5764 557 5811 autem
608 5762 783 5811 utrum
831 5757 909 5814 sic
958 5758 1168 5828 eadem,
1214 5778 1279 5817 an
1324 5778 1427 5820 non
1476 5762 1573 5817 sic.
1621 5763 1885 5831 Amplius,
1913 5764 1958 5820 si

2071 4684 2171 4737 hoc
2202 4693 2378 4749 pacto,
2412 4682 2637 4749 primum
2669 4680 2879 4749 quidem
2913 4683 3161 4748 quoniam
3194 4679 3513 4745 assignatum
3543 4690 3637 4745 ge-

2070 4787 2168 4825 nus
2198 4782 2344 4825 recte
2374 4771 2696 4838 assignatum
2726 4778 2827 4821 est.
2850 4769 2981 4822 Nam
3012 4768 3056 4821 si
3075 4769 3399 4821 contrarium
3431 4768 3482 4820 in
3506 4780 3637 4819 con-

2071 4862 2253 4927 trario,
2290 4863 2619 4929 propOsitum
2642 4858 2824 4911 autem
2873 4874 2979 4911 non
3016 4868 3097 4911 est
3124 4858 3175 4911 in
3219 4858 3431 4921 eodem,
3469 4855 3638 4909 mani-

2071 4955 2266 5009 festum
2296 4952 2549 5021 quoniam
2583 4952 2633 5004 in
2674 4950 2944 5003 contrario
2980 4950 3103 5011 erit,
3126 4942 3190 5002 eo
3229 4948 3368 5016 quod
3420 4960 3639 4999 necesse

2063 5054 2145 5099 est
2160 5045 2431 5099 contraria
2460 5042 2512 5095 in
2545 5042 2732 5095 eodem
2761 5056 2960 5109 genere
2994 5039 3077 5092 vel
3118 5040 3169 5091 in
3217 5036 3497 5091 contrariis
3545 5051 3639 5104 ge-

2066 5135 2282 5189 neribus
2312 5150 2453 5189 esse.
2496 5134 2562 5186 Et
2589 5132 2911 5186 diﬁerentias
2960 5130 3171 5198 quidem
3221 5128 3515 5182 contrarias
3567 5125 3637 5178 de

2066 5226 2354 5280 contrariis
2380 5224 2703 5281 arbitramur
2728 5221 3025 5291 praedicari,
3060 5229 3116 5272 ut
3141 5219 3208 5272 de
3232 5218 3353 5270 albo
3370 5226 3422 5270 et
3444 5217 3595 5284 nigro
3619 5232 3633 5268 :

2068 5334 2189 5372 nam
2220 5318 2348 5371 illud
2382 5317 2596 5385 quidem
2623 5315 3051 5385 di~gregativum,
3079 5311 3178 5363 hoc
3207 5318 3382 5363 autem
3408 5321 3636 5376 congre—

2065 5409 2297 5477 gativum
2330 5410 2467 5461 visus
2496 5422 2511 5471 ;
2537 5421 2701 5474 quare
2732 5407 2775 5458 si
2803 5406 2868 5458 de
2896 5402 3162 5457 contrario
3191 5400 3474 5455 contrariae
3497 5414 3637 5467 prae—

2067 5497 2337 5563 dicantur,
2363 5495 2429 5548 de
2461 5494 2736 5563 proposito
2757 5508 2875 5561 qua:
2900 5491 3180 5559 assignatas
3215 5498 3338 5543 sunt
3377 5488 3636 5556 praadica-

2068 5587 2295 5650 buntur;
2354 5592 2680 5652 quaprOpter
2736 5584 2855 5651 quia
2906 5591 2959 5635 et
3006 5596 3174 5650 genus
3226 5591 3280 5635 et
3318 5580 3629 5637 diﬁ‘erentire

2067 5685 2210 5731 recte
2237 5673 2504 5743 assignata
2550 5682 2693 5741 sunt,
2728 5671 3063 5725 manifestum
3097 5672 3345 5739 quoniam
3382 5669 3627 5724 deﬁnitio

2069 5766 2170 5824 erit
2211 5777 2329 5834 qua:
2364 5758 2632 5832 assignato
2663 5770 2766 5817 cst.
2798 5762 2880 5816 An
2902 5775 3005 5818 non
3043 5761 3398 5825 necessarium
3438 5769 3522 5817 cst
3566 5762 3635 5818 de
