4248 6272
544 333 641 393 991

1788 322 1897 377 AN.
1940 317 2147 374 MANL.
2189 313 2340 369 SEV.
2383 314 2605 372 BOE'HI
2678 384 2679 387 η

3709 328 3813 386 992

544 449 831 505 contrariis
862 439 1192 498 differentias
1228 436 1533 507 prmdicuti,
1580 436 1678 489 nisi
1714 435 1765 490 in
1796 436 1985 490 eodem
2037 445 2127 501 ge-
2155 428 2210 487 A
2236 438 2436 498 ponunt
2466 429 2614 484 ideas
2653 444 2793 497 esse,
2822 432 3266 501 quemadmodum
3299 433 3448 504 prius
3474 436 3675 493 dictum
3704 451 3808 496 est.

550 555 682 595 nere
703 539 809 592 sint
834 531 1142 589 contraria?
1171 545 1396 599 quorum
1419 537 1594 581 autem
1627 542 1822 597 genera
1858 535 1977 579 sunt
2002 539 2130 578 con-

547 630 727 695 traria,
762 625 892 680 nihil
928 621 1175 692 prohibet
1204 619 1448 674 eamdem
1480 618 1833 673 differentiam
1865 616 1932 670 de
1963 615 2129 669 utris-

548 736 652 789 que
677 717 803 783 dici,
834 724 892 770 ut
920 715 988 769 de
1014 712 1218 783 justitia
1250 721 1303 767 ει
1336 713 1621 781 injustitia:
1651 727 1770 764 nam
1796 710 1883 764 illa
1913 708 2127 777 quidem

548 811 742 871 virtus,
776 809 889 860 lucc
914 814 1089 860 autem
1118 803 1303 857 vilium
1330 804 1539 857 animm.
1585 802 1762 868 Quare
1801 800 1853 855 id
1885 799 2025 869 quod
2048 808 2129 852 est

549 902 745 963 anima,
780 898 1079 952 differentia
1120 895 1188 951 de
1228 896 1469 964 utrisque
1516 894 1732 961 dicitur,
1777 909 1843 947 eo
1897 892 2036 961 quod
2079 901 2131 946 et

554 993 797 1062 corporis
844 1001 926 1045 est
956 991 1126 1043 virtus
1155 997 1211 1043 et
1245 988 1465 1052 vitium;
1499 986 1593 1042 sed
1640 986 1741 1039 hoc
1779 1000 1963 1039 verum
1988 983 2131 1053 quod

549 1087 973 1148 contrariorum,
1003 1091 1094 1135 aut
1121 1081 1424 1144 contrariae,
1450 1089 1540 1133 aut
1570 1078 1775 1132 eardem
1816 1076 2133 1131 differentia

558 1186 712 1240 sunt;
742 1175 783 1228 si
814 1189 942 1241 ergo
968 1173 1036 1227 de
1066 1171 1338 1226 contrario
1370 1168 1639 1223 contraria
1688 1168 2025 1237 prmdicatur,
2068 1166 2135 1220 de

553 1268 659 1321 boc
683 1278 858 1320 autem
896 1280 1026 1328 non,
1056 1265 1399 1317 manifestum
1441 1261 1690 1330 quoniam
1716 1273 1835 1329 qua:
1883 1258 2022 1311 dicta
2052 1263 2136 1310 est

554 1358 623 1410 de
656 1356 754 1409 hoc
785 1355 1183 1424 prtcdiCabitur.
1228 1352 1608 1407 Universaliter
1659 1360 1839 1403 autem
1881 1348 2135 1412 dicendo,

557 1449 600 1500 si
630 1447 870 1500 deﬁnitio
897 1455 981 1501 est
1004 1462 1067 1500 ex
1096 1461 1292 1513 genere
1315 1455 1369 1499 ct
1396 1442 1735 1507 differentiis,
1765 1442 1809 1496 si
1838 1441 2137 1495 sitcontra-

554 1539 622 1594 rit
671 1537 913 1591 deﬁnitio
952 1537 1270 1603 manifesta,
1334 1545 1389 1589 et
1435 1550 1554 1602 qua:
1599 1532 1854 1600 prepositi
1897 1529 2137 1584 deﬁnitio

557 1628 837 1683 manifesta
867 1626 989 1679 erit.
1021 1624 1151 1679 Nam
1185 1625 1439 1693 quoniam
1469 1622 1797 1676 contrarium
1848 1621 1900 1673 in
1944 1620 2135 1673 eodem

557 1733 780 1784 genere,
804 1722 887 1770 vet
920 1716 972 1769 in
1005 1716 1298 1777 contrario,
1323 1713 1569 1768 similiter
1594 1720 1770 1765 autem
1812 1719 1864 1764 et
1887 1710 2140 1764 differen-

2229 520 2492 589 Amplius,
2523 521 2567 574 si
2599 536 2693 591 per
2716 522 3082 591 metaphoram
3122 524 3257 579 dixit
3286 540 3481 581 nomen
3506 568 3523 595 ,
3555 531 3638 585 vel
3669 532 3809 586 idem

2230 613 2297 667 de
2326 613 2515 668 eodem
2560 613 2869 682 praedicavit
2915 626 2974 669 ut
3015 616 3312 684 diversum,
3346 629 3400 672 ct
3440 622 3484 673 si
3530 622 3647 691 quis
3677 624 3812 679 alius

2234 703 2534 757 communis
2561 713 2613 758 et
2637 703 2829 759 efﬁcax
2854 704 3119 772 locorum,
3147 708 3239 761 illo
3268 709 3545 764 utendum.

2843 840 3069 896 CAPUT
3109 841 3195 896 ΙΙΙ.

2274 925 2351 981 De
2378 931 2763 984 constructione
2795 940 2841 985 ct
2867 934 3204 988 destructione
3232 936 3626 1006 prrzdicatorum
3654 938 3774 992 loci.

2307 1060 2569 1127 Quoniam
2623 1073 2799 1117 autem
2850 1064 3123 1121 difﬁcilius
3164 1076 3245 1122 est
3291 1080 3601 1127 construere
3651 1089 3816 1142 quam

2234 1149 2514 1204 destruere
2544 1152 2856 1219 terminum,
2888 1168 2951 1208 ex
2973 1144 3039 1208 iis
3062 1171 3180 1225 qua:
3210 1168 3387 1226 postea
3410 1161 3671 1227 dicentur,
3696 1179 3816 1219 ma-

2240 1240 2516 1294 nifestum.
2550 1240 2681 1294 Nam
2714 1258 2872 1297 nosse
2900 1246 3069 1313 ipsum
3092 1288 3105 1310 ,
3149 1256 3203 1300 ct
3230 1264 3443 1304 sumere
3478 1254 3545 1305 ab
3581 1253 3817 1309 interro-

2236 1332 2482 1400 gantibus
2511 1332 2816 1401 bujusmodi
2842 1336 3235 1404 propositiones
3259 1354 3363 1392 non
3390 1339 3566 1407 facile,
3590 1352 3647 1397 ut
3674 1347 3819 1411 quod

2239 1437 2428 1476 eorum
2482 1440 2602 1491 quae
2652 1421 2861 1479 snnt'iu
2894 1427 3162 1495 assignata
3194 1431 3435 1484 oratione
3476 1432 3577 1487 hoc
3603 1435 3818 1503 quidem

2239 1530 2427 1583 genus,
2454 1516 2583 1569 illud
2608 1528 2787 1571 autem
2819 1517 3139 1584 diﬁ'erentia,
3164 1532 3217 1575 et
3238 1522 3447 1590 quodin
3470 1539 3535 1578 eo
3559 1527 3685 1595 quid
3713 1542 3815 1593 est,

2239 1621 2408 1674 genus
2434 1617 2490 1660 et
2512 1606 2831 1662 differentiae
2865 1609 3241 1677 prmdicantur.
3287 1613 3417 1668 Sine
3446 1614 3527 1667 his
3565 1632 3692 1671 vero
3722 1618 3821 1673 im—

2242 1700 2497 1768 possibile
2546 1710 2629 1761 est
2657 1701 2983 1757 deﬁnitionis
3031 1705 3399 1773 syllogismum
3444 1708 3580 1775 fieri,
3627 1725 3746 1763 nam
3773 1712 3821 1766 si

559 1810 647 1861 tite
670 1820 760 1860 aut
790 1809 1075 1861 contraria:
1108 1807 1173 1861 de
1204 1805 1511 1869 contrariis,
1566 1814 1655 1856 aut
1699 1802 1899 1856 etedem
1949 1801 2131 1869 prmdi-

2258 1791 2491 1859 quaedam
2521 1803 2571 1846 et
2603 1793 2705 1846 alia
2734 1794 2786 1847 in
2810 1810 2873 1848 eo
2891 1795 3030 1862 quod
3062 1797 3189 1865 quid
3213 1807 3298 1852 est
3324 1799 3392 1853 de
3419 1816 3479 1855 re
3510 1803 3819 1869 praedicant.

559 1908 766 1961 cantur,
791 1898 1083 1951 dilucidum
1132 1897 1387 1966 quoniam
1428 1895 1495 1949 de
1537 1892 1831 1963 proposito,
1863 1902 1955 1945 aut
1999 1893 2139 1946 idem

564 2006 732 2060 genus
771 1990 1148 2059 praedicabitur
1189 1989 1331 2058 quod
1383 1990 1451 2043 de
1479 1989 1775 2051 contrario;
1827 1986 2141 2042 differentia:

563 2092 743 2133 autem
800 2080 1105 2145 contrariae,
1134 2081 1218 2134 vel
1250 2093 1459 2145 omnes,
1516 2078 1604 2130 vel
1651 2078 1871 2140 aliquae;
1922 2076 2141 2145 reliquae

563 2180 739 2225 autem
763 2170 963 2225 caedem
987 2179 1078 2224 aut
1099 2179 1308 2235 contra,
1327 2170 1644 2224 differentia:
1672 2168 1883 2238 quidem
1914 2168 2141 2234 eaedem,

563 2277 764 2333 genera
794 2278 922 2317 vero
945 2263 1234 2328 contraria,
1263 2264 1526 2316 autainbo
1553 2261 1841 2327 contraria,
1866 2268 1921 2315 et
1948 2275 2143 2329 genera

562 2354 941 2408 etdill'erentire
969 2372 980 2405 ε
1016 2369 1134 2409 nam
1158 2353 1344 2408 eadem
1368 2368 1489 2408 esse
1517 2354 1676 2407 ambo
1708 2368 1811 2407 non
1844 2354 2141 2423 contingit;

565 2442 613 2497 si
644 2453 821 2496 autem
852 2457 1042 2507 secus,
1086 2443 1326 2498 deﬁnitio
1371 2445 1558 2497 eadem
1590 2444 1983 2496 contrariorum
2021 2444 2143 2496 erit.

568 2535 832 2603 Amplius,
863 2550 927 2589 ex
970 2535 1182 2589 casibus
1210 2544 1264 2589 et
1291 2535 1609 2605 conjugatis.
1642 2535 1875 2589 Necesse
1896 2542 1980 2589 est
2001 2534 2142 2588 enim

568 2623 825 2693 cdnsequi
863 2643 1055 2695 genera
1097 2629 1404 2697 generibus,
1436 2637 1495 2682 et
1516 2629 1771 2683 terminos
1803 2627 2065 2693 terminis,
2092 2636 2150 2681 ut

571 2717 615 2770 si
645 2716 843 2771 oblivio
884 2726 967 2771 est
992 2718 1232 2771 scientiae
1272 2718 1513 2785 amissio,
1546 2727 1601 2772 et
1637 2718 1875 2787 oblivisci
1903 2719 2149 2772 amittere

568 2806 848 2890 scien‘tiam
887 2807 1016 2870 erit,
1054 2818 1109 2861 et
1152 2808 1373 2861 oblitum
1411 2822 1532 2862 esse
1575 2808 1819 2862 amisisse
1843 2808 2146 2863 scientiam.

569 2897 691 2954 Uno
735 2897 892 2967 igitur
922 2898 1157 2962 quolibet
1186 2914 1371 2953 eurum
1399 2915 1517 2968 qum
1559 2900 1694 2953 dicta
1723 2909 1843 2953 sunt
1874 2899 2150 2964 confesso,

572 3005 793 3045 neces~e
823 3000 904 3043 est
932 2999 984 3043 et
1014 2991 1219 3059 reliqua
1248 2991 1514 3045 conﬁteri.
1541 2992 1798 3046 Similiter
1826 3001 2002 3044 autem
2036 3000 2087 3045 et
2107 2992 2151 3045 si

573 3079 847 3148 corruptio
870 3079 1153 3134 dissolutio
1193 3080 1536 3145 substantia,
1581 3093 1634 3135 et
1665 3096 2009 3149 corrumpere
2038 3080 2150 3135 dis-

2247 1880 2512 1935 incertum
2544 1891 2813 1947 utrumne,
2836 1900 2958 1954 qua:
2982 1887 3125 1941 dicta
3161 1898 3266 1953 est,
3305 1903 3373 1944 an
3414 1891 3516 1945 alia
3544 1893 3662 1962 ejus
3691 1895 3823 1949 deﬁ-

2245 1974 2381 2027 nitio
2425 1982 2527 2041 est,
2577 1989 2642 2029 eo
2670 1975 2812 2045 quod
2858 1976 3115 2035 deﬁnitio,
3147 1989 3229 2033 est
3257 1981 3429 2036 oratio
3457 1984 3598 2051 quod
3624 1996 3704 2040 est
3736 1987 3822 2042 in-

2246 2065 2454 2121 dicans.
2509 2067 2847 2123 Manifestum
2893 2082 3072 2125 autem
3122 2080 3178 2127 et
3225 2074 3386 2129 etiam
3431 2091 3495 2131 ex
3536 2077 3654 2144 his,
3698 2095 3823 2134 nam

2246 2157 2455 2213 facilius
2496 2174 2659 2213 unum
2701 2161 3023 2216 concludere
3062 2177 3221 2231 quam
3269 2165 3459 2231 multa,
3496 2167 3823 2224 interimenti

2246 2249 2459 2319 quidem
2482 2252 2681 2305 sufﬁcit
2700 2252 2765 2305 ad
2786 2268 2948 2306 unum
2978 2252 3269 2309 disserere.
3298 2256 3466 2311 Unum
3488 2259 3625 2312 enim
3648 2261 3822 2329 quod-

2248 2358 2475 2412 cumque
2504 2344 2595 2407 sit,
2631 2343 2985 2409 destruentes,
3013 2346 3386 2416 interempturi
3420 2340 3599 2405 sumus
3632 2353 3820 2406 termi-

2246 2450 2405 2497 uum;
2439 2442 2493 2487 at
2522 2436 2872 2500 construenti,
2899 2437 3079 2491 omnia
3123 2453 3346 2495 necesse
3385 2450 3465 2495 est
3501 2452 3819 2500 construere

2249 2527 2391 2596 quod
2428 2527 2613 2593 insint,
2663 2542 2784 2597 quae
2834 2529 2886 2581 in
2929 2531 3159 2584 termino
3204 2541 3347 2586 sunt.
3400 2534 3660 2603 Amplius,
3696 2552 3826 2592 con-

2251 2617 2477 2673 struenti
2515 2618 2728 2688 quidem
2778 2620 3151 2675 universaliter
3195 2624 3535 2678 sta'uendum
3582 2627 3830 2697 syllogis-

2253 2726 2399 2764 mum
2446 2710 2595 2778 (nam
2641 2720 2857 2779 oportet
2877 2711 2946 2766 de
2969 2713 3136 2780 omni,
3164 2714 3231 2767 de
3255 2730 3362 2784 quo
3384 2732 3602 2781 nomen,
3634 2718 3830 2786 praedi-

2253 2801 2364 2855 cari
2395 2810 2448 2854 et
2483 2801 2802 2863 terminum,
2831 2812 2885 2857 et
2923 2805 3086 2857 etiam
3123 2806 3299 2858 adhuc
3326 2811 3563 2861 converti
3611 2807 3679 2863 de
3726 2826 3835 2879 quo

2254 2889 2550 2945 orationem
2581 2900 2633 2945 et
2662 2905 2878 2955 nomen,
2904 2893 2950 2946 si
2971 2894 3160 2948 debeat
3188 2897 3437 2965 proprius
3459 2914 3579 2954 esse
3598 2901 3837 2969 assigna-

2258 2991 2343 3035 tus
2369 2982 2677 3051 terminus),
2703 2981 2998 3038 destruenti
3020 3000 3145 3039 vero
3168 3001 3274 3041 non
3301 3003 3523 3045 necesse
3552 2992 3839 3046 ostendere

2257 3071 2634 3126 universaliter
2669 3089 2682 3125 :
2712 3073 2910 3127 sufﬁcit
2938 3073 3078 3128 enim
3110 3077 3397 3133 ostendere
3427 3080 3567 3148 quod
3593 3080 3660 3134 de
3703 3095 3838 3148 quo-

572 3170 784 3224 solverc
829 3171 1219 3237 substantiam,
1268 3180 1324 3224 ct
1369 3173 1674 3240 eorruptive
1716 3172 2064 3237 dissolulive,
2104 3170 2151 3225 si
2179 3156 2225 3218 C
2257 3164 2397 3232 piam
2428 3179 2614 3218 eorum
2654 3164 2917 3231 qumrsub
2966 3166 3183 3220 nomine
3236 3178 3363 3221 sunt
3408 3172 3579 3223 oratio
3609 3186 3713 3223 non
3741 3186 3835 3225 ve-

576 3261 940 3329 corrnptivnm
986 3262 1361 3315 dissolutivum
1395 3263 1705 3317 substantiae
1731 3302 1746 3327 ,
1788 3271 1842 3317 et
1878 3264 2157 3331 corruptio

577 3352 893 3405 substantia:
943 3353 1245 3406 dissolutio.
1288 3354 1547 3407 Similiter
1594 3364 1771 3406 autem
1817 3360 1867 3406 et
1917 3353 1969 3405 in
2014 3353 2155 3407 aliis.

580 3443 757 3509 Quare
799 3458 903 3497 uno
943 3445 1131 3511 quovis
1158 3454 1371 3513 sumpto
1396 3485 1410 3509 ,
1441 3454 1497 3498 et
1542 3445 1747 3514 reliqua
1776 3445 1954 3498 omnia
1984 3446 2155 3499 conli-

581 3540 795 3585 teantur
835 3543 1066 3599 Oportet.
1118 3533 1184 3585 Et
1227 3550 1295 3587 ex
1351 3535 1599 3587 similiter
1635 3550 1694 3588 se
1733 3535 2047 3588 habentibus
2091 3536 2157 3588 ad

580 3624 829 3679 invicem.
874 3623 1003 3677 Nam
1033 3624 1077 3677 si
1110 3624 1328 3678 salubre
1354 3634 1434 3678 est
1460 3624 1762 3679 effectivum
1797 3624 2041 3679 sanitatis
2062 3666 2077 3689 ,
2105 3634 2162 3679 et

580 3713 758 3768 habile
779 3712 1078 3767 effectivum
1105 3713 1259 3767 bona:
1284 3714 1609 3768 habitudinis
1637 3716 1760 3778 erit,
1786 3726 1839 3770 et
1864 3715 2158 3784 adjutivum

581 3806 881 3859 elfectivum
906 3806 1030 3859 boni
1058 3820 1212 3859 :nam
1244 3805 1493 3860 similiter
1522 3809 1939 3877 unumquodque
1974 3823 2160 3863 eorum

581 3909 701 3963 qua:
742 3895 881 3949 dicta
932 3904 1058 3948 sunt
1109 3896 1174 3947 ad
1218 3910 1374 3949 suum
1413 3898 1569 3950 tinem
1602 3912 1660 3950 se
1689 3896 1873 3962 habet;
1920 3911 2089 3965 quare
2116 3900 2159 3951 si

584 3986 743 4039 unius
781 4001 965 4039 eorum
998 3986 1238 4040 deﬁnitio
1285 3997 1367 4041 est
1407 3986 1714 4042 cll'ectivum
1756 4003 1876 4043 esse
1923 3989 2068 4054 ﬁnis,
2109 3998 2165 4045 et

584 4076 913 4145 reliquorum
944 4076 1198 4146 cujusque
1250 4078 1327 4131 sic
1365 4078 1465 4131 erit
1489 4078 1752 4132 deﬁnitio.
1784 4079 2024 4147 Amplius
2051 4121 2065 4140 ,
2095 4095 2161 4134 ex

586 4180 652 4219 eo
676 4166 815 4235 quod
847 4176 930 4221 cst
960 4169 1127 4236 magis
1167 4178 1222 4221 et
1263 4170 1510 4223 similiter
1533 4209 1548 4235 ,
1590 4171 1732 4238 quod
1763 4182 1844 4224 εει
1880 4173 2124 4225 similiter
2145 4215 2161 4237 ,

585 4258 797 4325 quoties
825 4259 1086 4327 contingit
1110 4271 1425 4314 construere
1452 4262 1585 4312 duas
1616 4260 1680 4313 ad
1704 4260 1810 4313 duo
1845 4275 2165 4330 Comparari.

589 4360 721 4404 tem.
765 4350 832 4404 Ut
858 4352 901 4403 si
928 4355 1095 4418 magis
1128 4352 1241 4405 hrcc
1271 4351 1428 4419 hujus
1457 4367 1613 4420 quam
1656 4354 1753 4405 ista
1782 4354 1935 4407 istius
1980 4355 2167 4409 defirni-

591 4440 686 4506 tio,
720 4439 820 4491 ista
846 4449 1025 4493 autem
1051 4456 1170 4508 qua:
1200 4440 1398 4503 minus,
1428 4442 1665 4494 deﬁnitio
1692 4453 1790 4506 est,
1821 4453 1876 4495 et
1904 4444 2016 4498 haec
2046 4460 2167 4513 qua:

2258 3257 2522 3324 ritieatur,
2540 3264 2594 3311 et
2624 3258 2840 3311 tametsi
2897 3256 3201 3312 universale
3245 3268 3493 3329 oporteat
3532 3259 3835 3324 destruere,

2258 3365 2364 3404 non
2396 3359 2574 3402 tamen
2598 3348 2839 3402 converti
2871 3348 3231 3402 necessarium
3280 3359 3333 3403 et
3378 3350 3431 3403 in
3472 3350 3798 3404 destruendo
3821 3366 3867 3413 ς,

2260 3455 2380 3494 nam
2415 3440 2613 3494 sufﬁcit
2651 3439 2950 3494 destruenti
2987 3439 3307 3501 universale.
3364 3441 3649 3496 ostendere
3693 3441 3843 3509 quod

2259 3531 2327 3585 de
2356 3531 2535 3600 aliquo
2556 3545 2743 3585 eorum
2772 3530 2839 3585 de
2865 3530 3060 3601 quibus
3091 3546 3286 3586 nomen
3327 3531 3645 3601 prtedicatur
3666 3532 3844 3585 oratio

2263 3639 2368 3677 non
2416 3608 2757 3691 praedicatur,
2791 3634 2846 3677 at
2891 3639 3205 3679 econverso
3243 3639 3348 3678 non
3395 3623 3755 3678 necessarium
3787 3630 3847 3676 ut

2262 3716 2595 3779 ostendatur,
2641 3718 2784 3784 quod
2824 3714 2892 3769 de
2924 3715 3119 3783 quibus
3142 3716 3318 3769 oratio
3345 3730 3451 3769 non
3500 3714 3842 3782 pra'dicatur,

2265 3821 2439 3874 neque
2471 3820 2663 3861 nomen
2691 3806 3031 3874 pradicetnr.
3062 3806 3305 3875 Amplius
3335 3806 3518 3870 etiam,
3546 3806 3589 3858 si
3621 3805 3762 3858 omni
3791 3805 3845 3859 ei

2266 3897 2406 3951 inest
2429 3897 2570 3967 quod
2598 3899 2698 3951 sub
2725 3898 2942 3951 nomine
2965 3908 3064 3961 est,
3106 3906 3163 3951 at
3201 3913 3306 3951 non
3357 3897 3479 3956 soli.
3529 3896 3848 3964 interempta

2266 3999 2348 4042 est
2373 3988 2651 4043 deﬁnitio:
2684 3988 2934 4043 similiter
2970 3997 3149 4042 autem
3195 3996 3251 4043 et
3280 3989 3419 4041 circa
3471 3987 3743 4055 proprium
3794 3994 3850 4037 et

2267 4096 2435 4151 genus
2479 4096 2539 4135 se
2573 4080 2752 4138 habet.
2787 4081 2842 4133 In
2900 4081 3140 4149 utrisque
3183 4081 3327 4134 enim
3385 4080 3659 4133 destruere
3690 4092 3849 4147 quam

2269 4182 2580 4227 construere
2614 4172 2817 4225 facilius
2860 4181 2965 4226 est.
3016 4171 3088 4225 De
3117 4171 3337 4240 proprio
3387 4169 3599 4237 quidem
3631 4168 3852 4220 manife-

2268 4271 2431 4324 stum,
2464 4261 2629 4315 exiis
2677 4276 2796 4329 qua:
2835 4259 2979 4314 dicta
3028 4270 3176 4324 sunt,
3224 4275 3346 4313 nam
3381 4268 3439 4311 ut
3464 4258 3753 4326 plurimum
3799 4257 3853 4307 in

2269 4353 2641 4422 complexione
2668 4353 2943 4421 proprium
2983 4354 3307 4421 assignatur,
3359 4366 3525 4420 quare
3572 4350 3855 4403 destruere

2270 4444 2483 4513 quidem
2531 4453 2635 4509 est,
2670 4459 2832 4497 unum
2875 4442 3223 4504 interimenti,
3272 4442 3601 4496 construeuti
3650 4449 3854 4501 autem,

591 4529 759 4595 magis
786 4568 801 4593 ,
839 4538 891 4583 et
921 4529 964 4582 si
996 4530 1242 4583 similiter
1268 4530 1383 4584 lucc
1414 4530 1571 4599 lmjns
1593 4573 1607 4595 ,
1650 4540 1706 4585 et
1752 4533 1851 4586 ista
1901 4535 2050 4587 istius
2074 4574 2089 4598 ,
2122 4535 2167 4588 si
2194 4514 2249 4574 Ῑ)
2276 4535 2454 4589 omnia
2484 4535 2895 4588 ratiocinatione
2924 4534 3181 4604 colligere
3210 4548 3427 4587 necesse
3456 4540 3561 4587 est.
3591 4530 3734 4584 Pene
3764 4546 3859 4591 an-

590 4618 756 4671 altera
785 4619 1007 4673 alterius
1027 4660 1040 4682 ,
1073 4630 1126 4674 et
1155 4621 1356 4690 rt-ltqua
1400 4622 1646 4690 reliquae.
1683 4622 1795 4677 lina
1825 4634 2004 4678 autem
2041 4624 2172 4677 deti-

590 4709 722 4762 nitio
750 4708 815 4763 ad
839 4709 943 4762 duo
967 4720 1298 4778 comparata,
1332 4723 1420 4764 aut
1443 4711 1650 4768 duabus
1678 4713 2079 4768 deﬁnitionibus
2104 4715 2170 4769 ad

594 4815 777 4864 unum,
802 4800 1107 4870 neutiquam
1132 4801 1275 4855 utilis
1298 4818 1359 4856 ea
1386 4819 1505 4872 qua:
1529 4820 1593 4857 ex
1629 4806 1794 4872 magis
1818 4816 1899 4860 εει
1927 4805 2171 4861 conside-

592 4894 747 4946 ratio.
794 4891 925 4946 Nam
966 4878 1136 4961 neque
1166 4909 1324 4948 unam
1353 4896 1578 4949 duorum
1600 4938 1614 4961 ,
1650 4912 1821 4965 neque
1848 4898 1980 4952 duas
2029 4899 2175 4967 ejus-

594 4983 716 5037 dem
740 4983 1075 5038 definitiones
1101 4986 1355 5052 possibile
1370 4997 1605 5041 estesse.
1631 4987 1764 5043 Sunt
1786 5000 1962 5042 autem
1982 5004 2178 5057 oppor-

597 5075 859 5129 tunissimi
889 5076 1121 5129 locorum
1147 5117 1162 5141 ,
1194 5090 1248 5131 ει
1278 5079 1367 5146 qui
1400 5094 1539 5132 nunc
1569 5080 1697 5132 dicti
1724 5088 1883 5143 sunt,
1909 5088 1961 5133 et
1991 5079 2081 5148 qui
2111 5095 2178 5134 ex

594 5169 835 5229 casibus,
881 5178 935 5221 ct
966 5171 1053 5237 qui
1096 5185 1158 5223 ex
1184 5172 1537 5239 conjugatis,
1578 5172 1829 5239 quocirca
1872 5179 1925 5225 et
1966 5180 2181 5237 oportet

598 5260 829 5315 tnaxime
858 5260 1102 5315 detinere
1132 5271 1184 5315 et
1210 5271 1482 5331 promptos
1516 5262 1716 5317 habere
1746 5262 1866 5317 hos.
1896 5262 2182 5318 Utilissimi

598 5353 740 5404 enim
765 5352 828 5406 ad
853 5354 1102 5422 plurima.
1135 5355 1374 5408 Aliorum
1404 5363 1581 5409 autem
1609 5355 1660 5409 hi
1694 5357 1781 5425 qui
1806 5358 2035 5412 maxime
2057 5366 2184 5411 sunt

599 5456 931 5497 communes.
982 5444 1111 5498 Nam
1161 5446 1231 5499 ilii
1283 5446 1514 5500 maxime
1556 5447 1882 5517 reliquorum
1925 5448 2186 5502 efficacis-

601 5531 762 5601 simi,
793 5543 851 5588 ut
889 5535 1152 5603 inspicere
1189 5537 1239 5589 in
1278 5536 1636 5607 singularibus
1661 5577 1678 5604 ,
1723 5546 1775 5592 et
1814 5538 1865 5592 in
1902 5537 2185 5608 speciebus

606 5623 984 5697 considerare,
1018 5627 1058 5681 si
1089 5627 1374 5682 conveniat
1402 5628 1642 5682 deﬁnitio
1665 5673 1677 5697 ,
1704 5644 1769 5684 eo
1795 5630 1934 5699 quod
1964 5627 2184 5683 univoca

603 5714 818 5780 species
868 5726 979 5781 est;
1031 5728 1111 5773 cst
1156 5730 1331 5774 autem
1381 5719 1523 5773 utilis
1570 5721 1655 5776 hic
1705 5721 1853 5777 locus
1880 5720 1945 5775 ad
1974 5734 2068 5776 eos
2097 5718 2191 5789 qui

2281 4637 2383 4682 tem
2413 4635 2467 4681 et
2495 4627 2699 4696 reliqua
2726 4626 2905 4679 omnia
2936 4640 3272 4695 qutccunque
3306 4624 3371 4677 ad
3410 4623 3774 4677 deﬁnitionem
3806 4631 3861 4676 et

2278 4720 2357 4773 ad.
2409 4718 2679 4788 proprium
2720 4717 3003 4773 conveniet
3046 4717 3172 4781 dici,
3226 4731 3346 4769 nam
3384 4723 3439 4768 et
3476 4715 3618 4767 omni
3649 4720 3861 4781 oportet

2279 4812 2419 4881 quod
2465 4813 2565 4865 sub
2616 4810 2833 4865 nomine
2861 4818 2966 4873 est,
3009 4808 3341 4864 construemi
3379 4816 3677 4859 monstrare
3726 4818 3862 4873 quo-

2282 4904 2425 4958 niam
2458 4905 2622 4971 inest,
2651 4902 2956 4957 destruenti
3004 4910 3182 4954 autem
3226 4899 3421 4953 sufﬁcit
3451 4896 3738 4952 ostendere
3768 4894 3860 4948 uni

2282 5009 2387 5048 non
2418 4995 2627 5059 inesse;
2656 4994 2700 5048 si
2733 5008 2861 5047 vero
2888 5001 2942 5047 et
2968 4990 3115 5045 omni
3141 4993 3301 5053 inest,
3331 4999 3386 5042 at
3409 5003 3514 5041 non
3546 4987 3668 5050 soli,
3697 4988 3859 5040 etiam

2284 5085 2329 5140 si
2360 5084 2685 5140 destructum
2719 5083 2799 5149 ﬁt,
2846 5082 3069 5152 perinde
3101 5096 3164 5136 ac
3214 5092 3266 5135 et
3299 5082 3349 5133 in
3383 5078 3694 5132 definitione
3722 5078 3866 5131 dice-

2283 5177 2459 5232 batur.
2493 5175 2567 5229 De
2594 5190 2793 5245 genere
2809 5184 3007 5241 autem,
3036 5172 3285 5243 quoniam
3310 5179 3621 5227 construere
3649 5169 3863 5238 quidem

2282 5280 2507 5322 necesse
2539 5273 2622 5321 est
2646 5281 2751 5319 uno
2770 5266 2949 5329 modo,
2975 5265 3064 5333 qui
3091 5264 3235 5317 omni
3261 5261 3494 5316 ostendit
3537 5262 3735 5321 inesse.
3767 5261 3865 5313 de-

2289 5358 2522 5412 struenti
2548 5366 2729 5411 autem
2752 5356 3059 5423 dupliciter,
3085 5369 3206 5408 nam
3236 5354 3348 5407 sive
3379 5350 3531 5414 nulli,
3563 5351 3681 5403 sive
3708 5348 3867 5401 alicui

2292 5459 2568 5504 ostensum
2596 5450 2667 5503 sit
2696 5464 2802 5502 non
2826 5448 3025 5512 inesse,
3079 5448 3455 5514 interemptum
3501 5452 3584 5498 est
3626 5440 3766 5509 quod
3814 5442 3868 5493 in

2293 5540 2575 5609 principio.
2608 5539 2737 5594 Item
2765 5538 3099 5602 construenti
3127 5537 3343 5607 quidem
3374 5550 3479 5590 non
3511 5532 3711 5589 sufﬁcit
3739 5546 3872 5602 quo-

2295 5632 2435 5685 niam
2464 5630 2606 5685 inest
2627 5630 2931 5695 ostendere,
2955 5629 3047 5684 sed
3082 5638 3136 5683 et
3163 5626 3414 5697 quoniam
3452 5634 3510 5679 ut
3538 5638 3708 5696 genus
3734 5623 3873 5675 inest

2295 5721 2710 5793 ostendendum,
2757 5721 3053 5778 destruenti
3107 5727 3284 5775 autem
3337 5716 3534 5774 sufﬁcit
3584 5711 3872 5771 ostendero
