4248 6272
418 342 520 399 993

1284 327 1679 385 TOPICORUM
1716 324 2163 385 ARISTOTELIS
2200 322 2773 379 INTLRI’BETATIO.

3570 330 3673 383 99$

419 474 523 511 non
564 457 760 519 inesse,
806 453 887 506 vel
940 448 1115 515 alicui,
1166 447 1248 503 vel
1309 446 1460 500 nulli.
1512 444 1730 497 Videtur
1777 450 1980 507 autem,
2016 441 2335 504 Atantum;
2365 453 2527 508 quare
2576 454 2682 494 non
2730 441 2984 510 possibile
3012 457 3080 500 ex
3120 446 3240 503 aliis
3270 449 3337 505 ad
3383 451 3486 507 alia
3517 469 3675 525 argu-

417 544 866 617 quemadmodum
893 542 944 596 in
967 542 1107 604 aliis,
1138 551 1481 604 corrumpere
1509 550 1668 605 quam
1701 534 1877 587 facere
1899 532 1987 586 fa-

416 639 595 703 cilius,
618 639 696 693 sic
729 646 783 691 et
831 636 884 690 in
917 635 1023 698 his,
1049 635 1328 687 destruere
1355 641 1511 701 quam
1557 637 1892 682 construere.
1938 626 1993 679 ln

418 732 693 785 accidente
715 744 843 783 vero
869 726 1174 780 universale
1204 723 1416 792 quidem
1464 720 1674 774 facilius
1717 718 1995 772 destruere

418 837 578 891 quam
600 832 928 873 construere.
952 815 1084 868 Nam
1108 810 1440 867 construenti
1466 809 1681 879 quidem
1705 806 1996 860 ostenden-

418 912 545 965 dum
581 911 831 980 quoniam
862 906 1030 969 omni,
1063 903 1359 956 destruenti
1388 911 1567 955 autem
1593 900 1789 954 sufficit
1813 907 1995 952 osten-

418 998 545 1053 dere
571 1000 657 1050 uui
691 1012 793 1049 non
837 996 1030 1047 inesse.
1082 992 1411 1046 Particulare
1458 1005 1586 1044 vero
1630 1004 1661 1044 e
1708 1001 1993 1049 converso,

420 1105 538 1141 nam
572 1086 777 1141 facilius
802 1092 1116 1137 construere
1143 1096 1301 1148 quam
1326 1079 1624 1133 destruere.
1652 1073 1996 1131 Construenti

416 1176 557 1230 enim
579 1184 662 1229 sat
692 1183 775 1227 est
806 1173 1089 1226 ostendere
1117 1169 1276 1223 alicui
1308 1170 1504 1232 inesse,
1548 1164 1848 1220 destrucnli
1895 1180 1996 1217 au-

421 1278 523 1319 tem
550 1264 936 1319 ostendendum
987 1262 1240 1330 quoniam
1273 1258 1407 1313 nulli
1438 1260 1598 1311 inest.
1658 1254 1995 1310 Manifestum

418 1368 594 1409 autem
622 1370 725 1424 qua
757 1356 824 1407 de
861 1367 1026 1406 causa
1047 1350 1288 1404 omnium
1330 1348 1636 1401 facillimum
1678 1354 1761 1399 est
1816 1345 1998 1398 tcrmi-

419 1460 545 1498 num
569 1444 868 1498 destruere.
902 1442 1136 1495 Plurima
1184 1438 1325 1493 enim
1358 1446 1485 1491 sunt
1508 1437 1625 1504 ipso
1654 1435 1776 1488 data
1812 1434 2000 1488 multo-

420 1550 539 1587 rum
561 1534 849 1599 dictorum,
880 1547 945 1585 ex
988 1529 1227 1599 pluribus
1252 1538 1428 1582 autem
1459 1528 1615 1581 citius
1664 1526 1721 1579 fit
1750 1525 1998 1595 syllogis-

419 1618 559 1688 mus,
589 1639 710 1676 nam
739 1620 1031 1676 verisimile
1056 1621 1108 1672 in
1137 1619 1316 1672 multis
1346 1618 1513 1685 magis
1539 1630 1697 1686 quam
1730 1614 1783 1669 in
1814 1613 1998 1683 paucis

418 1723 694 1782 peccatum
717 1712 859 1764 fieri.
884 1707 1150 1776 Amplius,
1170 1706 1249 1785 ad
1293 1705 1578 1759 terminum
1624 1704 1837 1772 quidem
1868 1717 1999 1756 con-

2103 526 2348 591 mentari,
2378 527 2478 581 nisi
2526 529 2580 582 in
2610 528 2922 586 deﬁnitione
2963 533 3158 590 solum.
3206 536 3540 596 Manifestum
3574 546 3676 614 igi-

2098 625 2183 670 tur
2208 618 2456 686 quoniam
2477 617 3041 677 facillimum-omnium
3063 633 3163 689 est,
3184 629 3469 685 terminum
3495 633 3676 689 interi-

2098 697 2293 773 mere,
2324 717 2637 763 construere
2666 721 2845 766 autem
2884 712 3292 787 dilﬁcillimum,
3328 736 3449 776 nam
3493 734 3548 778 et
3587 726 3674 780 illa

2098 803 2310 862 oportet
2333 797 2511 849 omnia
2540 799 2948 856 ratiocinatione
2991 807 3262 877 colligere,
3296 821 3349 865 et
3399 817 3541 883 quod
3590 817 3677 871 in-

2097 894 2222 939 sunt
2252 901 2370 955 qure
2398 886 2535 940 dicta
2565 899 2712 954 sunt,
2736 900 2788 944 et
2817 894 2958 959 quod
2982 911 3147 962 genus
3173 902 3314 967 quod
3345 906 3674 974 assignatum

2056 987 2064 995 '
2097 988 2199 1042 est,
2229 980 2477 1048 quodque
2506 984 2721 1051 prepria
2747 984 3010 1051 deﬁnitio,
3038 1000 3091 1043 et
3118 992 3293 1047 adhuc
3338 1009 3532 1061 praeter
3561 1004 3676 1057 haec

2097 1070 2241 1159 quod
2274 1069 2472 1124 indicat
2500 1072 2627 1140 quid
2654 1083 2868 1129 estesse
2890 1079 3084 1143 oratio,
3112 1090 3166 1134 et
3192 1083 3305 1136 haec
3322 1087 3485 1153 probe
3509 1107 3673 1159 opor-

2099 1158 2175 1210 tet
2206 1158 2419 1250 fecisse.
2448 1161 2690 1215 Aliorum
2720 1173 2897 1219 autem
2928 1170 3201 1238 proprium
3234 1176 3463 1229 maxime
3492 1158 3676 1250 hujus-

2099 1246 2263 1301 modi.
2298 1247 2428 1301 Nam
2475 1250 2782 1307 interimere
2824 1254 3041 1323 quidem
3083 1257 3313 1330 facilius,
3348 1278 3414 1317 eo
3442 1246 3582 1333 Quod
3608 1286 3677 1327 ex

2098 1336 2341 1403 pluribus
2362 1338 2679 1410 plerumque
2711 1342 2790 1399 fit.
2821 1344 3149 1403 Construcre
3193 1359 3372 1405 autem
3421 1355 3675 1411 difticilli-

2100 1443 2264 1490 mum,
2310 1431 2560 1499 quoniam
2611 1435 2774 1489 multa
2816 1448 3029 1505 oportet
3082 1451 3347 1511 astruere,
3395 1457 3451 1502 et
3501 1451 3676 1506 adhuc

2098 1519 2351 1585 quoniam
2376 1522 2478 1574 soli
2513 1520 2673 1587 inest,
2705 1533 2754 1579 et
2784 1529 3035 1595 quoniam
3071 1536 3370 1589 conversim
3421 1541 3676 1604 przedica-

2100 1615 2187 1661 tur
2213 1608 2281 1662 de
2310 1624 2389 1663 re.
2452 1609 2785 1669 Facillimum
2841 1626 3020 1672 autem
3072 1624 3307 1678 omnium
3361 1640 3675 1686 construere

2097 1701 2367 1755 accidens.
2392 1702 2524 1757 Nam
2554 1705 2606 1759 in
2630 1706 2749 1760 aliis
2767 1709 2979 1777 quidem
3012 1726 3116 1766 non
3146 1715 3318 1770 solum
3348 1719 3542 1787 inesse,
3579 1724 3673 1778 scd

420 1805 593 1871 ungit,
626 1812 678 1855 ει
709 1817 805 1869 ρει.
832 1800 934 1853 alia
965 1798 1326 1868 argumentari
1381 1799 1519 1864 (sive
1562 1798 1702 1850 enim
1744 1810 1849 1849 non
1875 1810 1999 1863 pro-
2025 1829 2073 1887 Β
2101 1802 2153 1843 et
2210 1792 2457 1861 quoniam
2496 1795 2574 1848 sic
2626 1796 2771 1850 inest
2814 1801 3239 1868 ostendendum,
3290 1806 3341 1859 in
3398 1811 3675 1868 accidente

417 1895 533 1963 pria
557 1892 625 1945 sit
650 1891 913 1956 definitio,
955 1890 1069 1945 sive
1137 1904 1242 1941 non
1286 1903 1455 1956 genus
1491 1887 1629 1956 quod
1670 1886 1989 1954 assignatur,

416 1986 531 2040 sive
559 2001 664 2040 non
696 1985 833 2038 inest
855 1982 1069 2052 aliquod
1088 1996 1271 2035 eorum
1294 1996 1413 2049 quae
1435 1988 1559 2032 sunt
1586 1980 1636 2031 in
1660 1978 1989 2042 delinitione,

416 2077 738 2145 interempta
766 2075 825 2128 ﬁt
850 2071 1135 2142 definitio),
1158 2072 1224 2126 ad
1254 2072 1359 2126 alia
1391 2080 1568 2125 autem
1596 2084 1765 2139 neque
1785 2084 1846 2124 ea
1873 2084 1993 2138 quae

417 2187 484 2225 ex
502 2170 762 2233 terminis,
791 2183 965 2236 neque
990 2168 1093 2220 alia
1118 2166 1376 2234 contingit
1406 2164 1584 2217 omnia
1607 2162 1988 2232 argumentari,

416 2263 531 2315 sola
556 2262 697 2315 enim
723 2274 785 2312 ea
808 2273 927 2327 qua:
955 2257 1023 2310 ad
1061 2256 1329 2319 accidens,
1352 2253 1653 2309 communia
1674 2260 1798 2305 sunt
1820 2251 1994 2305 omni-

416 2350 518 2405 bus
566 2348 855 2420 praedictis.
901 2348 1080 2411 Inesse
1123 2346 1262 2400 enim
1310 2351 1526 2413 oportet
1578 2342 1992 2410 unumquodque

413 2454 597 2496 eorum
620 2453 739 2509 qua:
764 2437 902 2492 dicta
925 2446 1077 2499 sunt;
1097 2436 1140 2488 si
1166 2444 1345 2489 autem
1371 2450 1472 2486 non
1492 2434 1834 2501 utprOprium
1855 2431 1995 2485 inest

415 2544 604 2599 genus,
658 2529 895 2583 nondum
943 2528 1324 2594 interemptum
1372 2532 1456 2578 est
1510 2537 1696 2591 genus.
1732 2521 1993 2576 Similiter

416 2630 594 2676 autem
620 2628 676 2675 et
705 2618 975 2689 prOprium
1004 2630 1112 2669 non
1140 2617 1501 2670 necessarium
1533 2626 1768 2682 ntgenus
1792 2616 1987 2677 inesse,

403 2725 590 2780 .neque
633 2710 884 2764 accidens
924 2718 982 2763 ut
1023 2722 1191 2777 genus
1218 2715 1310 2759 aut
1338 2706 1633 2773 prop'ittm,
1672 2705 1764 2757 sed
1812 2703 1989 2755 inesse

1494 2830 3501 2856 ________________._______._—____

2100 1898 2231 1937 vero
2259 1885 2507 1952 quoniam
2533 1886 2671 1940 inest
2704 1888 2984 1955 duntaxat,
3019 1893 3217 1948 sufficit
3248 1902 3553 1956 ostendere.
3578 1905 3678 1958 De-

2100 1987 2313 2031 struere
2343 1986 2520 2032 autem
2548 1978 2915 2036 difficillimum
2955 1993 3039 2038 est
3067 1988 3334 2058 accidens,
3370 1994 3491 2059 quia
3517 2011 3674 2063 quam

2102 2072 2423 2139 paucissima
2442 2071 2493 2125 in
2515 2086 2580 2127 eo
2606 2074 2726 2125 data
2745 2082 2889 2139 sunt,
2914 2092 3020 2131 non
3050 2080 3190 2133 enim
3224 2086 3591 2153 consiguificat
3618 2089 3675 2143 in

2102 2162 2385 2235 accidente
2409 2163 2678 2230 quomodo
2701 2163 2859 2219 inest.
2890 2165 3068 2232 Quare
3095 2170 3147 2222 in
3184 2172 3309 2225 aliis
3338 2174 3550 2242 quidem
3577 2178 3674 2231 du-

2103 2252 2315 2320 pliciter
2360 2252 2671 2306 interimere
2712 2254 2990 2325 contingit,
3046 2258 3130 2313 vel
3171 2265 3504 2318 ostendendo
3532 2270 3673 2336 quod

2098 2358 2205 2396 non
2235 2344 2394 2409 inest,
2420 2342 2501 2397 vel
2528 2343 2668 2412 quod
2696 2358 2799 2398 non
2831 2347 2909 2399 sic
2936 2347 3108 2415 inest;
3138 2349 3193 2405 in
3235 2356 3511 2412 accidente
3542 2375 3673 2414 vero

2099 2447 2206 2486 non
2236 2434 2495 2501 contingit
2523 2434 2829 2491 interimere
2875 2438 2975 2492 nisi
3006 2443 3339 2497 ostendendo
3385 2449 3525 2515 quod
3566 2466 3671 2505 non

2099 2524 2258 2577 inest.
2291 2522 2418 2576 Loci
2449 2539 2542 2590 per
2570 2540 2704 2593 quos
2729 2527 2931 2597 copiosi
2969 2530 3173 2585 erimus
3201 2533 3267 2585 ad
3295 2535 3503 2601 singula
3526 2554 3671 2607 qua:-

2100 2628 2203 2683 quc
2233 2614 2623 2680 problematum
2646 2618 3029 2686 argumentari,
3060 2618 3173 2675 fere
3193 2621 3524 2680 sufficienter
3564 2643 3669 2681 an-

2101 2702 2364 2756 numerati
2393 2711 2538 2760 sunt.

3569 2842 3656 2855 -η

1550 2898 1891 2979 LIBER.
1963 2894 2537 2978 OCTAVUS.

938 3104 1162 3162 CAPUT
1195 3099 1475 3156 PRIMUM.

669 3200 790 3255 Loci
817 3199 885 3252 ad
923 3195 1277 3250 instruendum
1324 3194 1739 3257 interrogantem.

489 3292 617 3348 Post
644 3292 756 3345 haec
782 3300 958 3343 autem
988 3286 1055 3338 de
1090 3283 1277 3337 ordine
1313 3290 1365 3333 et
1386 3293 1616 3348 quonam
1647 3284 1802 3345 pacto
1832 3288 1993 3342 Opor-

417 3388 868 3450 tctintermgare,
914 3377 1219 3432 dicendum.
1265 3374 1493 3441 Oportet
1544 3379 1721 3423 autem
1764 3368 1991 3435 primum

416 3476 631 3545 quidem
661 3489 782 3527 eum
832 3472 919 3540 qui
964 3470 1298 3534 interrogare
1336 3464 1495 3516 debet
1529 3460 1703 3514 locum
1750 3458 1990 3512 invenire

417 3565 557 3619 unde
583 3564 649 3617 sit
678 3559 1157 3631 argumentandum
1185 3571 1199 3619 ;
1223 3554 1519 3608 secundum
1550 3562 1726 3603 autem
1758 3550 1992 3602 interro-

416 3669 541 3723 gare
570 3667 622 3708 et
649 3655 900 3706 ordinare
954 3649 1161 3717 singula
1211 3645 1350 3713 apud
1404 3643 1674 3710 seipsum;
1730 3641 1991 3708 reliquom

418 3762 544 3799 vero
572 3756 627 3799 et
650 3751 860 3798 tertium
891 3743 1073 3795 dicere
1100 3740 1213 3808 jam
1245 3736 1433 3789 eadem
1461 3736 1529 3787 ad
1561 3734 1811 3787 alterum.
1841 3730 1993 3797 Quod

417 3848 594 3890 autem
626 3836 859 3889 inveniat
891 3834 1087 3897 locum,
1121 3829 1375 3883 similiter
1404 3825 1707 3895 philosophi
1739 3836 1794 3877 et
1820 3823 1992 3877 duale-

419 3926 541 3979 ctici
573 3923 954 3985 consideratio,
984 3920 1211 3973 subinde
1242 3933 1369 3972 vero
1412 3918 1500 3970 illa
1541 3915 1796 3969 ordinare
1834 3922 1888 3967 et
1920 3915 1994 3966 in-

423 4027 715 4082 terrogare,
771 4012 1038 4080 proprium
1091 4007 1392 4072 dialectici;
1432 4006 1498 4059 ad
1560 4007 1785 4059 alterum
1847 4004 1990 4057 enim

390 4158 393 4161 ,
422 4121 582 4159 omne
628 4103 766 4174 quod
805 4104 910 4156 tale
944 4110 1045 4155 est.
1099 4099 1419 4166 Philosopho
1441 4108 1619 4150 autem
1651 4105 1705 4149 et
1733 4093 1993 4163 quazrenti

425 4212 519 4265 pcr
549 4198 780 4264 seipsum
817 4194 947 4247 nihil
972 4207 1114 4247 curae
1142 4198 1227 4245 est
1272 4190 1315 4243 si
1356 4205 1481 4243 vera
1513 4187 1728 4257 quidem
1780 4186 1890 4239 sint
1940 4194 1995 4239 ct

421 4296 549 4340 nota
578 4300 674 4352 per
703 4299 820 4352 qu:c
860 4282 1219 4353 syllogismus,
1247 4288 1301 4333 ct
1331 4293 1436 4331 non
1474 4287 1633 4347 ponat
1663 4290 1724 4329 ea
1755 4290 1873 4343 qua:
1905 4289 1993 4326 re-

425 4376 673 4444 spondet,
704 4391 769 4430 eo
795 4375 934 4444 quod
968 4373 1260 4442 propinqua
1290 4371 1417 4449 sint
1462 4370 1567 4423 illis
1617 4384 1735 4437 qure
1777 4374 1988 4421 suntex

2017 3105 2064 3167 (ζ
2094 3104 2263 3149 terum
2286 3104 2386 3161 est,
2419 3110 2641 3153 necesse
2667 3106 2748 3153 est
2771 3106 2827 3153 et
2853 3098 2956 3153 illis
2977 3101 3074 3155 uti.
3099 3094 3439 3157 Necessarias
3482 3104 3665 3172 igitur,

2098 3203 2194 3257 per
2223 3203 2357 3258 quas
2380 3190 2435 3242 fit
2463 3190 2821 3260 syllogismus,
2849 3206 2952 3244 non
2971 3194 3148 3245 statim
3178 3194 3665 3261 przeordinandum,

2091 3278 2187 3333 sed
2231 3279 2534 3333 abeundum
2584 3280 2650 3333 ad
2707 3296 2955 3347 suprema
2993 3299 3005 3331 :
3038 3291 3095 3335 ut
3146 3297 3250 3336 non
3292 3285 3523 3350 postulet
3552 3287 3668 3351 quis

2092 3370 2485 3423 contrariorum
2530 3370 2775 3423 eamdem
2830 3369 3190 3438 disciplinam,
3224 3374 3267 3424 si
3312 3372 3412 3426 hoc
3439 3375 3669 3429 volucrt

2093 3475 2330 3525 sumere,
2362 3461 2455 3514 sed
2495 3462 2901 3529 oppositorum;
2935 3462 3108 3530 posito
3131 3463 3272 3516 enim
3304 3462 3425 3528 hoc,
3454 3475 3506 3518 et
3535 3480 3671 3534 quo-

2097 3552 2238 3605 niam
2277 3551 2667 3605 contrariorum
2700 3551 2889 3605 eadem
2921 3552 3197 3620 disciplina
3229 3554 3539 3622 syllogismo
3559 3556 3671 3608 cul-

2096 3644 2247 3713 liget,
2277 3658 2344 3698 eo
2365 3643 2505 3712 quod
2534 3658 2599 3697 ex
2625 3646 2886 3713 opposit‘s
2942 3653 3068 3697 sunt
3118 3648 3405 3699 contraria.
3460 3648 3515 3700 Si
3546 3662 3675 3700 vero

2097 3737 2239 3791 illam
2266 3752 2372 3789 non
2406 3744 2566 3803 ponat
2614 3751 2710 3802 per
2754 3735 3137 3800 inductionem,
3185 3737 3504 3791 sumendum
3542 3754 3672 3806 pro-

2097 3826 2315 3907 ponenti
2337 3830 2391 3880 iu
2413 3825 2819 3905 particularibus
2845 3829 3153 3881 contrariis.
3183 3828 3311 3881 Nam
3340 3839 3430 3882 aut
3450 3846 3541 3897 per
3565 3832 3674 3900 syl-

2095 3917 2405 3983 logismum,
2433 3923 2524 3969 aut
2572 3930 2671 3982 per
2699 3916 3059 3969 inductionem
3086 3919 3417 3970 necessarias
3460 3934 3676 3971 sumen-

2095 4009 2250 4071 dum,
2284 4018 2375 4060 aut
2406 4008 2499 4060 has
2521 4009 2735 4073 quidem
2778 4007 3108 4071 inductione,
3145 4008 3262 4061 illas
3292 4019 3469 4063 autem
3510 4013 3676 4081 syllo-

2096 4099 2287 4167 gismo.
2315 4097 2659 4163 Quaecunque
2686 4105 2862 4149 autem
2888 4096 3039 4150 valde
3063 4097 3359 4151 manifestae
3386 4108 3528 4165 sunt,
3558 4102 3673 4153 illas

2096 4201 2307 4255 quoque
2334 4194 2542 4252 oportet
2578 4199 2923 4252 praeponere,
2971 4200 3090 4237 nam
3142 4186 3552 4241 immanifestius
3590 4199 3676 4243 cst

2098 4293 2311 4349 semper
2358 4277 2409 4330 in
2431 4276 2681 4331 abscessu
2717 4288 2773 4331 et
2816 4276 3127 4331 inductione
3184 4277 3323 4347 quod
3364 4289 3671 4334 secuturum

2099 4377 2200 4432 est,
2230 4378 2285 4422 ct
2315 4368 2474 4421 simul
2503 4368 2645 4436 ipsas
2667 4369 2994 4421 necessarias
3019 4383 3339 4437 proponere,
3373 4378 3426 4423 et
3452 4370 3539 4436 qui
3567 4387 3673 4426 non

424 4465 706 4533 principio,
751 4473 806 4518 et
852 4463 1136 4532 pryvideat
1177 4460 1316 4528 quod
1347 4458 1689 4512 subsecutum
1743 4465 1848 4518 est,
1897 4455 1989 4508 sed
2022 4458 2074 4516 D
2100 4469 2272 4529 potest
2303 4458 2395 4512 illo
2421 4458 2602 4522 modo,
2634 4472 2849 4513 sumere
2870 4473 2991 4512 esse
3020 4467 3284 4526 paratum,
3311 4475 3428 4527 qua:
3459 4475 3586 4513 vero
3609 4462 3673 4514 ηιι

423 4554 653 4608 fortasse
677 4565 729 4607 et
752 4553 985 4607 Studiose
1011 4563 1153 4619 aget,
1206 4548 1456 4618 quoniam
1488 4548 1719 4601 maxime
1770 4556 1906 4601 noue
1935 4557 1988 4599 et

424 4645 735 4713 pmpinqum
775 4651 900 4697 sunt
934 4643 1239 4710 dignitates,
1270 4654 1334 4692 ex
1386 4638 1493 4691 illis
1536 4637 1677 4690 enim
1712 4635 1991 4689 scientiﬁci

422 4732 741 4802 syllogismi.
801 4731 927 4784 Loci
962 4731 1120 4796 igitur
1164 4727 1305 4781 unde
1334 4733 1580 4793 oporteat
1607 4738 1823 4777 sumere
1862 4723 1995 4777 όιεῑί

420 4834 543 4876 sunt
570 4825 732 4891 prius.
763 4821 837 4874 De
866 4820 1050 4873 ordine
1071 4826 1249 4872 autem
1279 4825 1333 4870 et
1356 4814 1768 4882 interrogatione
1802 4814 1989 4867 dicen-

421 4912 545 4965 dum
592 4910 878 4965 dividendo
911 4910 1308 4978 propositiones
1334 4921 1663 4976 quacunque
1728 4905 2001 4958 sumendas

423 5015 544 5057 sunt
575 5005 639 5056 ad
664 5004 1021 5067 necessarias,
1064 5002 1391 5057 necessaria)
1420 5008 1595 5053 autem
1626 4997 1877 5052 dicuntur
1905 5012 1999 5065 per

424 5110 555 5164 quas
582 5096 920 5165 syllogismus
951 5094 1034 5148 fit.
1090 5094 1220 5160 Quze
1268 5101 1447 5146 autem
1479 5091 1546 5142 ab
1574 5090 1657 5143 his
1695 5098 1997 5150 sumuntur,

423 5206 650 5263 quatuor
676 5203 820 5250 sunt.
852 5197 961 5251 Aut
986 5194 1131 5248 enim
1160 5193 1331 5262 gratia
1376 5191 1717 5254 inductiouis,
1762 5199 1820 5242 ut
1847 5188 1997 5242 vide-

425 5297 508 5339 tur
538 5285 861 5348 universale,
894 5295 986 5337 aut
1020 5284 1087 5337 ad
1116 5282 1537 5351 magnitudinem
1589 5281 1868 5344 orationis,
1908 5289 1999 5331 aut

423 5377 491 5431 ad
518 5379 928 5432 occultationem
959 5374 1342 5438 conclusionis,
1368 5382 1457 5425 aut
1481 5372 1764 5424 dilucirlior
1796 5372 1854 5422 lit
1881 5384 1999 5423 ora-

427 5468 536 5530 tio;
568 5476 763 5530 prteter
788 5466 883 5519 has
907 5474 1081 5518 autem
1124 5463 1267 5515 nulla
1299 5472 1376 5515 est
1411 5460 1730 5515 assumenda
1761 5462 2002 5527 proposi-

426 5558 522 5620 tio,
551 5561 644 5611 sed
690 5573 786 5626 per
824 5557 924 5610 has
971 5570 1164 5624 augere
1192 5563 1249 5609 et
1295 5555 1622 5621 interrogare
1669 5552 2000 5605 tentandum.

426 5655 562 5703 Sunt
580 5654 760 5703 autem
790 5664 907 5717 qua:
927 5647 992 5700 ad
1011 5645 1447 5711 occultationem,
1477 5642 1787 5701 certaminis
1814 5644 2004 5711 gratia,

426 5740 519 5795 scd
546 5740 669 5811 qui)
692 5754 850 5795 omne
875 5739 1036 5808 (quod
1067 5735 1371 5806 huiusmodi
1402 5734 1505 5805 cst)
1539 5734 1805 5804 negotium
1835 5733 1900 5789 ad
1923 5736 2002 5791 al—

2098 4552 2192 4604 has
2222 4561 2447 4617 sumpta:
2470 4559 2615 4615 sunt,
2646 4548 2967 4616 accipienda:
2990 4550 3202 4617 quidem
3248 4550 3458 4604 illarum
3482 4552 3673 4619 gratia.

2098 4641 2439 4709 Unaquaeque
2469 4649 2646 4693 autem
2700 4653 2883 4692 earum
2927 4638 3027 4692 hoc
3055 4640 3213 4693 modo
3254 4641 3508 4693 utendum
3534 4642 3677 4693 indu-

2099 4742 2303 4786 centem
2333 4729 2547 4799 quidem
2581 4745 2608 4782 a
2656 4729 3010 4798 singularibus
3063 4729 3130 4783 ad
3181 4730 3531 4794 universalia,
3563 4741 3615 4784 et
3643 4749 3670 4783 ει

2104 4824 2243 4877 notis
2273 4821 2338 4875 ad
2371 4822 2571 4891 ignota,
2618 4831 2740 4873 nota
2786 4828 2964 4872 autem
3015 4820 3182 4889 magis
3210 4836 3328 4889 qua:
3377 4822 3667 4874 secundum

2105 4929 2342 4975 sensum,
2372 4911 2453 4965 vel
2476 4912 2811 4979 simpliciter,
2837 4910 2921 4965 vel
2954 4911 3337 4977 multipliciter,
3371 4913 3453 4965 vel
3487 4913 3670 4964 multi-

2105 5005 2295 5059 tudini.
2319 5004 2685 5058 Occuhantem
2716 5017 2845 5056 vero
2869 5003 3275 5057 ratiocinatione
3310 5002 3675 5072 prmcolligere

2104 5105 2313 5164 oportet
2332 5111 2396 5149 ea
2446 5110 2542 5163 per
2565 5109 2683 5163 qua:
2705 5093 3045 5163 syllogi~mus
3072 5093 3188 5162 ejus
3214 5093 3354 5161 quod
3384 5108 3447 5146 ex
3479 5093 3680 5161 princi-

2103 5187 2193 5254 pio
2222 5194 2305 5240 est
2332 5186 2490 5240 debet
2519 5186 2653 5250 fieri,
2681 5195 2735 5239 et
2752 5184 2876 5238 haec
2905 5193 2963 5237 ut
2989 5186 3294 5250 plurimum.
3337 5184 3452 5237 Erit
3499 5192 3675 5237 autem

2104 5278 2225 5343 hoc,
2254 5280 2297 5333 si
2328 5278 2449 5347 quis
2503 5293 2607 5332 non
2648 5277 2819 5332 solum
2866 5278 3213 5340 necessarias,
3264 5277 3356 5331 sed
3408 5287 3459 5330 et
3492 5292 3674 5331 earum

2104 5369 2261 5441 (quin
2311 5368 2376 5421 ad
2426 5368 2541 5422 illas
2590 5377 2715 5422 sunt
2763 5368 2956 5435 utiles)
2992 5367 3220 5437 aliquam
3264 5369 3676 5439 syllogiztiverit.

2104 5458 2371 5522 Amplius,
2403 5456 2774 5511 conclusiones
2798 5471 2901 5510 non
2933 5455 3138 5521 dicere,
3169 5456 3261 5509 sed
3296 5468 3477 5525 postea
3515 5459 3701 5510 ratio:

2110 5548 2378 5604 cinalione
2400 5546 2656 5615 colligere
2702 5532 3019 5611 subitarias,
3076 5546 3153 5599 sic
3188 5547 3329 5599 enim
3370 5546 3678 5615 longissime

2109 5641 2361 5696 abscedet
2381 5638 2448 5693 ab
2476 5653 2539 5694 ea
2566 5637 2708 5707 (qua:
2737 5651 2800 5691 ex
2834 5634 3115 5705 principio)
3143 5637 3438 5705 positione;
3464 5637 3678 5689 univi-r-

2107 5734 2291 5789 saliter
2322 5738 2499 5785 autem
2530 5727 2647 5809 dice
2670 5726 2776 5793 :do,
2808 5726 2884 5783 sic
2929 5734 3139 5798 oportet
3184 5740 3303 5781 eum
3343 5727 3680 5795 interrogare
