4248 6272
627 250 729 306 995

1843 253 1956 309 AN.
1998 257 2201 312 MANL.
2242 260 2392 314 ξεν.
2434 263 2649 321 ΒΟΕἹἮ

3768 278 3873 335 996

615 364 704 431 qui
728 363 936 419 occulte
961 362 1270 431 interrogat,
1296 368 1357 415 ut
1396 361 1721 431 interrogata
1745 364 1888 418 omni
1929 367 2192 435 oratione,
2222 370 2279 427 Α
2301 370 2549 427 similiter
2577 390 2643 427 ex
2673 374 2775 430 hoc
2802 379 3142 436 manifestum
3194 382 3266 439 sit
3287 386 3426 455 quod
3455 400 3870 446 consecuturum

615 464 670 507 et
701 470 766 509 eo
789 454 997 509 dicente
1018 453 1436 517 conclusionem,
1462 463 1735 521 quaeratur
1772 465 1990 522 propter
2031 456 2187 525 quid;

618 544 671 598 id
700 557 874 596 autem
906 544 1004 594 erit
1036 542 1266 595 maxime
1298 558 1392 609 per
1423 544 1750 597 antedictum
1785 545 1999 598 modum
2031 562 2189 601 :nam

620 635 730 688 sola
774 634 955 685 ultima
998 632 1137 685 dicta
1191 634 1555 698 conclusione,
1598 635 2008 692 immanifestum
2053 653 2189 706 quo-

617 723 775 777 modo
804 722 1016 785 accidit,
1046 737 1111 776 eo
1143 724 1282 790 quod
1314 739 1416 777 non
1458 716 1703 791 praevidit
1732 728 2066 793 restiondens
2123 746 2187 785 ex

614 812 808 880 quibus
832 812 1041 873 accidit,
1093 828 1194 865 non
1227 829 1323 880 per
1374 815 1617 867 membra
1656 815 1879 882 digestis
1922 818 2189 885 prioribus

612 903 969 972 syllogismis;
1015 904 1235 956 minime
1282 914 1458 957 autem
1518 920 1612 971 per
1668 906 1906 959 membra
1933 908 2191 974 digeritur

613 990 955 1060 syllogismus
979 993 1347 1059 conclusione,
1379 1008 1500 1045 eum
1546 1009 1655 1047 non
1705 996 1819 1061 ejus
1860 999 2190 1065 sumptiones

616 1091 905 1148 ponuntur,
937 1083 1030 1134 sed
1061 1096 1177 1133 cum
1207 1082 1292 1134 illa
1326 1092 1610 1135 sumuntur
1638 1098 1667 1135 a
1706 1084 1897 1149 quibus
1945 1088 2194 1156 syllogis-

614 1188 734 1225 mus
757 1171 835 1225 ﬁt.
870 1172 1010 1226 Utile
1033 1182 1210 1225 autem
1243 1182 1298 1226 et
1339 1189 1442 1227 non
1494 1173 1743 1226 continua
1794 1177 2054 1241 postulata
2102 1194 2190 1230 su-

615 1276 787 1324 mere,
812 1276 876 1313 ex
906 1261 1103 1328 quibus
1130 1261 1444 1329 syllogismi,
1479 1262 1572 1314 sed
1602 1262 1835 1315 vicissim
1865 1264 1928 1315 ad
1955 1265 2108 1316 aliam
2139 1274 2191 1319 et

618 1350 685 1402 ad
712 1351 867 1402 aliam
898 1350 1316 1403 conclusionem.
1359 1351 1491 1403 Nam
1526 1353 1712 1419 positis
1752 1356 2192 1409 convenientibus

610 1439 764 1505 juxta
795 1454 853 1492 se
885 1439 1131 1503 invicem,
1160 1441 1326 1507 magis
1353 1442 1492 1506 quod
1523 1442 1721 1493 accidit
1753 1458 1815 1495 ex
1857 1444 1987 1509 ipsis
2024 1442 2193 1497 mani-

612 1527 829 1581 festum.
854 1527 1077 1595 Oportet
1104 1539 1280 1580 autem
1315 1538 1368 1581 et
1388 1529 1698 1583 definitione
1725 1546 1936 1585 sumere
1966 1535 2046 1600 (in
2070 1534 2191 1603 qui-

614 1618 715 1671 bus
742 1618 988 1685 possibile
1013 1620 1114 1684 est)
1147 1620 1499 1672 universalem
1531 1621 1968 1688 propositionem,
2000 1639 2104 1675 non
2138 1624 2189 1677 in

2294 470 2395 526 est,
2420 472 2473 516 et
2497 474 2709 533 sumpto
2755 467 2876 534 hoc,
2900 483 3169 542 sumptum
3204 485 3287 530 est
3323 486 3378 531 et
3406 478 3554 533 illud.
3595 479 3659 534 Et
3701 481 3751 535 id
3787 483 3871 536 ul-

2294 552 2424 606 timo
2463 555 2790 624 interrogare
2835 562 2975 628 quod
3020 565 3252 619 maxime
3295 568 3404 620 vult
3457 583 3688 623 sumere.
3734 570 3869 626 Nam

2298 640 2528 695 maxime
2552 646 2717 708 prima
2747 655 2998 711 renuunt,
3031 664 3095 703 eo
3125 652 3265 719 quod
3299 654 3514 721 plurimi
3540 657 3870 727 interrogati-

2298 733 2428 787 tium
2462 737 2628 802 prima
2656 739 3003 808 interrogant,
3035 742 3177 796 circa
3216 760 3334 813 qua:
3381 747 3463 800 vel
3494 750 3723 803 maxime
3750 759 3867 805 stu-

2292 822 2440 878 dent.
2472 823 2552 877 Ad
2584 827 2838 893 quosdam
2868 839 3041 882 autem
3072 833 3239 898 prima
3271 850 3389 901 qua:
3412 838 3560 889 utilia
3589 848 3710 892 sunt
3741 855 3869 908 pro-

2295 924 2517 977 penere.
2552 912 2680 965 Nam
2716 918 2944 979 protervi
2971 922 3201 975 maxime
3232 925 3401 988 prima
3424 925 3732 997 admittunt,
3764 928 3868 983 nisi

2293 1000 2511 1051 omnino
2532 1000 2868 1055 manifestum
2893 1003 2959 1056 sit
2986 1006 3128 1071 quod
3158 1019 3464 1064 secuturum
3514 1021 3616 1077 est,
3657 1012 3712 1067 in
3760 1015 3869 1069 fine

2293 1096 2470 1141 autem
2494 1092 2844 1156 proterviunt.
2870 1092 3126 1149 Similiter
3153 1105 3327 1150 autem
3349 1108 3402 1153 et
3432 1103 3734 1171 quicunque
3768 1119 3867 1157 ar-

2293 1174 2558 1230 bitrantur
2584 1180 2723 1231 acuti
2752 1196 2872 1235 esse
2895 1184 2945 1235 in
2972 1188 3367 1255 respondendo,
3424 1202 3681 1258 ponentes
3717 1197 3866 1250 enim

2295 1265 2484 1331 prima,
2518 1267 2569 1319 in
2594 1267 2699 1322 fine
2720 1281 3017 1336 recantant,
3046 1283 3291 1342 tanquam
3335 1278 3462 1332 nihil
3501 1284 3753 1338 acciderit
3791 1301 3867 1340 ex

2295 1355 2357 1407 iis
2382 1371 2499 1423 qua:
2531 1358 2700 1425 posita
2747 1369 2901 1424 sunt;
2940 1373 3140 1429 ponunt
3163 1375 3337 1418 autem
3384 1380 3647 1437 prompte,
3691 1373 3866 1427 conﬂ-

2294 1444 2480 1500 dentes
2509 1446 2733 1513 babitui,
2770 1460 2822 1504 et
2866 1452 3184 1508 arbitrantes
3216 1457 3341 1510 nihil
3364 1473 3421 1513 se
3446 1474 3564 1514 esse
3591 1476 3863 1530 passuros.

2299 1533 2559 1603 Amplius,
2596 1540 2910 1608 prolongare
2947 1552 2999 1594 et
3039 1544 3380 1612 interponere
3433 1563 3549 1617 quin
3577 1551 3707 1606 nihil
3743 1565 3867 1609 sunt

2294 1625 2411 1676 usui
2464 1625 2529 1678 ad
2562 1627 2879 1696 orationem,
2934 1632 3392 1698 quemadmodum
3439 1639 3861 1710 pseudographia

611 1707 760 1775 ipsis,
791 1708 883 1760 sed
910 1709 958 1759 in
998 1709 1316 1774 conjugatis.
1351 1708 1483 1761 Nam
1532 1711 1809 1776 decipiunt
1857 1712 1987 1765 falsa
2023 1718 2188 1768 ratio-
2218 1729 2264 1785 B
2293 1723 2521 1767 utentes.
2570 1717 2695 1768 Nam
2721 1732 2837 1770 eum
2866 1720 2968 1771 sint
2994 1721 3164 1787 plura,
3191 1722 3603 1781 immanifestum
3649 1730 3700 1781 in
3753 1747 3864 1798 quo

611 1796 879 1849 cinatione
905 1796 1107 1863 seipsos
1136 1796 1367 1865 (quando
1408 1797 1457 1849 in
1484 1799 1765 1865 eotijugato
1805 1802 2031 1854 sumitur
2046 1803 2180 1855 defi-

610 1886 789 1953 uitio),
815 1887 860 1938 si
889 1900 989 1939 non
1017 1886 1314 1939 universale
1344 1888 1641 1939 concedunt
1666 1905 1677 1938 :
1706 1898 1761 1940 ut
1784 1891 1824 1940 si
1853 1903 2060 1956 OpOrlel
2093 1908 2182 1946 su-

610 1989 758 2029 mere
787 1977 925 2043 quod
983 1976 1069 2043 qui
1118 1977 1360 2028 irascitur
1400 1980 1605 2043 appetit
1662 1993 1897 2045 pmnam,
1944 1992 2183 2037 sumatur

608 2072 790 2116 autem
832 2063 908 2114 ira
936 2065 1206 2130 appetitus
1240 2078 1359 2118 esse
1386 2079 1559 2131 pceuae
1592 2076 1811 2136 propter
1842 2082 2183 2136 apparentem

607 2152 1096 2221 parvipensionem,
1149 2153 1487 2206 manifestum
1530 2164 1711 2209 autem
1779 2160 2027 2225 quoniam
2076 2162 2179 2217 hoc

605 2251 822 2308 sumpto
841 2242 1157 2294 habebimus
1184 2243 1479 2297 universale
1511 2246 1651 2311 quod
1702 2249 2097 2317 prmelegimus;
2131 2261 2186 2306 at

607 2330 688 2382 eis
712 2330 800 2396 qui
830 2330 882 2382 in
930 2330 1058 2397 ipsis
1106 2341 1413 2398 proponunt
1461 2347 1603 2401 sarpe
1647 2336 1839 2389 accidit
1890 2346 1947 2391 ut
1989 2340 2186 2394 abnuat

604 2418 956 2483 respondens,
989 2433 1053 2472 eo
1102 2420 1243 2487 quod
1276 2420 1441 2489 magis
1468 2437 1528 2475 se
1571 2424 1761 2478 habeat
1791 2426 1843 2478 in
1892 2442 1955 2481 ea
2008 2445 2064 2482 re
2106 2432 2185 2483 in-

605 2507 821 2571 stantia,
848 2518 903 2560 ut
933 2510 1072 2576 quod
1101 2525 1206 2562 non
1234 2513 1410 2564 omnis
1439 2514 1531 2581 qui
1561 2514 1811 2569 irascitur
1838 2522 2038 2586 appetit
2073 2537 2180 2588 pae-

605 2609 753 2658 nam,
784 2610 904 2646 nam
928 2598 1231 2661 parentibus
1270 2598 1551 2654 irascimur
1587 2605 1825 2671 quidem,
1854 2622 1957 2659 non
2006 2621 2180 2663 autem

602 2699 817 2753 poenam
846 2686 1164 2753 appetimus.
1192 2688 1440 2743 Fortasse
1462 2699 1639 2745 autem
1690 2711 1792 2747 non
1835 2712 1959 2750 vera
1991 2699 2180 2752 instan-

601 2772 675 2825 tia
703 2781 803 2838 est,
837 2788 955 2825 nam
987 2789 1016 2825 a
1047 2775 1363 2841 quibusdam
1408 2779 1685 2834 sufficiens
1743 2798 1901 2850 poena
1946 2796 2043 2851 est,
2088 2789 2181 2841 tri-

601 2864 731 2918 stari
759 2854 952 2924 solum,
984 2874 1037 2918 et
1070 2866 1245 2919 facere
1276 2869 1554 2935 poenitere,
1608 2886 1973 2929 verumtamen
2018 2879 2181 2932 habet

600 2954 804 3023 aliquid
831 2954 1146 3023 verisimile,
1181 2966 1241 3010 ut
1295 2974 1399 3012 non
1451 2961 1695 3017 videatur
1732 2966 2180 3039 irrationabiliter

599 3059 799 3111 negare
820 3046 1171 3112 propositum,
1206 3048 1257 3099 in
1298 3047 1391 3100 irae
1421 3060 1596 3103 autem
1615 3052 1948 3119 definitione,
1971 3071 2075 3110 non
2104 3059 2176 3111 si-

592 3134 799 3188 militer
823 3134 981 3188 facile
1012 3135 1315 3190 instantiam
1365 3138 1623 3195 invenire.
1676 3142 1939 3198 Prmterea
1983 3161 2176 3216 propo-

595 3241 726 3281 nere
777 3242 870 3294 par
912 3236 1016 3293 est,
1050 3238 1237 3282 nonut
1287 3239 1510 3298 propter
1562 3233 1756 3301 ipsum,
1813 3236 1905 3288 sed
1958 3237 2174 3291 alterius

597 3316 770 3385 gratia
801 3330 923 3369 eum
944 3317 1043 3383 qui
1088 3320 1364 3386 proponit.
1409 3320 1541 3374 Nam
1566 3322 1809 3377 devitant
1853 3341 1913 3378 ea
1944 3342 2062 3393 qua:
2110 3327 2175 3380 ad

595 3403 920 3469 positionem
977 3414 1100 3457 sunt
1152 3407 1319 3459 utilia.
1364 3408 1687 3476 Simpliciter
1727 3424 1899 3468 autem
1926 3416 2171 3481 dicendo,

592 3505 751 3557 quam
776 3492 1008 3545 maxime
1038 3493 1210 3546 facere
1233 3495 1452 3549 dubium
1517 3509 1694 3552 uttum
1744 3504 1882 3569 quod
1925 3506 2175 3571 proponi-

593 3590 704 3643 tur,
727 3596 791 3632 an
822 3583 1121 3648 oppositum
1154 3598 1369 3640 sumere
1401 3588 1528 3640 vult.
1556 3590 1684 3642 Nam
1718 3593 1881 3644 dubio
1911 3595 2175 3650 existente

593 3670 847 3739 quidnam
872 3670 937 3722 ad
963 3670 1279 3739 positionem
1313 3686 1395 3728 est
1423 3678 1572 3743 utile,
1598 3680 1769 3746 magis
1799 3682 1938 3747 quod
1963 3682 2063 3734 sibi
2095 3685 2173 3736 vi-

594 3760 752 3813 detur
780 3771 1002 3829 ponunt.
1058 3762 1303 3827 Amplius
1360 3780 1455 3833 per
1493 3767 1895 3822 similitudinem
1945 3771 2172 3825 interro-

593 3872 745 3926 gare.
765 3856 893 3910 Nam
919 3865 971 3908 et
1002 3857 1309 3924 verisimile,
1352 3870 1407 3914 et
1455 3864 1582 3916 latet
1626 3865 1793 3933 magis
1848 3868 2167 3937 universale,

596 3949 825 4016 utquod
855 3948 1302 4015 quemadmodum
1348 3952 1572 4006 scientia
1623 3965 1676 4007 et
1723 3957 2022 4024 ignorantia
2046 3975 2171 4011 con-

591 4038 874 4090 trariorum
908 4037 1116 4101 eadem,
1171 4037 1249 4092 sic
1298 4048 1353 4092 et
1381 4056 1573 4094 sensus
1594 4047 1985 4099 contrariorum
2007 4050 2167 4117 idem,

592 4138 684 4181 aut
702 4142 732 4180 e
757 4142 1038 4192 conversii,
1070 4137 1345 4197 postquam
1371 4146 1561 4185 sensus
1591 4136 1727 4187 idem
1749 4143 2168 4205 contrariorum,

589 4230 646 4275 et
662 4220 914 4283 scientia;
944 4220 1044 4273 hoc
1074 4232 1251 4274 autem
1277 4232 1360 4275 est
1389 4225 1564 4278 simile
1598 4226 1912 4293 inductioni,
1941 4244 2042 4282 non
2085 4240 2165 4283 ta-

586 4325 713 4365 men
743 4310 913 4375 idem;
945 4326 1065 4362 nam
1100 4311 1207 4363 illic
1234 4313 1446 4379 quidem
1479 4330 1507 4365 a
1554 4316 1914 4381 singularibus
1956 4322 2169 4373 univer-

586 4401 958 4459 salesumitur,
980 4399 1031 4451 in
1049 4401 1496 4454 similibusautem
1529 4420 1630 4455 nou
1657 4416 1737 4458 est
1760 4408 1898 4472 qund
1937 4411 2164 4462 sumitur

587 4490 908 4553 universale,
926 4490 1023 4541 sub
1043 4504 1147 4557 quo
1165 4491 1341 4542 omnia
1359 4492 1548 4543 similia
1564 4505 1708 4545 sunt.
1736 4499 1956 4561 oportet
1988 4509 2164 4551 autem

585 4579 827 4646 etipsum
848 4578 1392 4647 sihitnetquaudoque
1412 4581 1713 4635 instantiam
1737 4583 1895 4637 ferre.
1921 4587 2049 4639 Nam
2082 4588 2167 4640 in-

586 4679 836 4738 suspecte
869 4684 927 4722 se
960 4670 1156 4723 habent
1182 4671 1567 4737 respondentes
1595 4673 1659 4724 ad
1689 4689 1782 4726 eos
1805 4691 1891 4742 qui
1926 4677 2170 4731 videntur

579 4759 725 4826 juste
757 4759 1135 4827 argumentari.
1184 4759 1324 4813 Utile
1352 4774 1525 4815 autem
1558 4765 1736 4817 dicere
1765 4768 1902 4833 quod
1943 4783 2167 4823 consue-

583 4856 721 4913 tum,
751 4857 806 4902 et
851 4849 990 4916 quod
1019 4848 1213 4901 dicitur
1246 4851 1369 4903 tale.
1403 4851 1534 4904 Nam
1563 4855 1871 4922 pigrescunt
1896 4862 2167 4923 quodso-

582 4938 732 4991 litum
765 4947 847 4992 est
870 4939 1164 5001 dimovere,
1188 4940 1491 4993 instantiam
1528 4959 1631 4994 non
1684 4944 1963 5016 habentes,
1997 4949 2158 5003 simul

580 5037 759 5082 autem
787 5038 842 5083 et
868 5030 988 5097 quia
1030 5038 1248 5081 utuntur
1271 5041 1323 5082 et
1348 5030 1445 5097 ipsi
1479 5033 1695 5100 talibus,
1739 5049 1928 5090 cavent
1966 5054 2028 5092 ea
2071 5041 2157 5094 di-

581 5134 816 5172 movere.
854 5118 1114 5187 Amplius,
1148 5133 1252 5171 non
1304 5119 1505 5185 sedule,
1537 5138 1725 5191 agere,
1784 5126 1887 5179 etsi
1939 5130 2156 5184 omnino

579 5207 710 5261 utile
735 5209 824 5261 sit.
855 5207 984 5260 Nam
1012 5207 1268 5261 adversus
1296 5209 1487 5263 sedule
1522 5221 1763 5279 agentes,
1809 5216 1975 5284 magis
2016 5220 2158 5273 reni-

579 5308 782 5352 tuntur.
812 5298 880 5353 Et
913 5299 1050 5352 utin
1109 5299 1455 5355 similitudine
1498 5318 1801 5371 proponere
1844 5308 1987 5375 quod
2031 5323 2155 5378 pro-

580 5394 698 5452 pter
744 5386 886 5440 aliud
918 5386 1114 5455 aliquid
1157 5391 1490 5456 praponitur,
1546 5400 1600 5445 et
1653 5408 1759 5446 non
1810 5408 2027 5465 propter
2062 5415 2153 5455 se-

581 5477 918 5542 ipsum,utile
942 5485 1138 5544 ponent
1155 5480 1341 5547 magis.
1368 5480 1633 5550 Amplius,
1654 5486 1830 5540 nonid
1854 5503 2152 5557 proponere

581 5570 717 5631 quod
747 5576 955 5633 opontet
981 5584 1213 5636 sumere,
1243 5570 1337 5623 sed
1366 5573 1451 5625 cui
1493 5587 1849 5643 consequens,
1897 5579 1947 5632 id
1978 5590 2059 5635 est
2085 5598 2149 5636 ex

580 5657 909 5711 necessitate.
940 5659 1070 5713 Nam
1092 5668 1145 5715 et
1176 5662 1340 5731 magis
1369 5666 1692 5732 concedunt,
1744 5682 1809 5724 eo
1854 5672 1997 5737 quod
2032 5689 2137 5727 non

2204 3094 2249 3154 C

2294 1804 2483 1858 falsum
2516 1808 2604 1869 sit,
2640 1823 2803 1875 quare
2858 1823 2911 1863 et
2957 1812 3223 1865 oceultaut
3266 1815 3586 1885 quandoque
3632 1820 3862 1874 interro-

2268 1904 2495 1959 .gantes,
2525 1898 2576 1949 in
2614 1896 2875 1952 absconso
2902 1912 3258 1967 propoucutes
3300 1920 3360 1957 ea
3401 1922 3518 1972 quae
3542 1922 3634 1975 per
3655 1922 3713 1963 se
3745 1925 3867 1978 pro-

2294 1982 2460 2049 posita
2530 1999 2630 2037 neu
2679 1996 3042 2053 ponerentur;
3109 1990 3173 2043 ad
3241 1992 3648 2050 occultationem
3708 1998 3866 2067 igitur

2293 2070 2448 2124 dictis
2477 2082 2558 2126 est
2586 2076 2856 2127 utendum.

2908 2185 3133 2244 CAPUT
3174 2191 3234 2245 ll.

2523 2290 2629 2347 Pro
2654 2295 2980 2350 instructione
3012 2301 3363 2369 respondentis
3393 2306 3491 2358 loci
3521 2308 3631 2362 alii.

2360 2405 2440 2460 Ad
2453 2418 2694 2463 ornatum
2712 2426 2837 2465 vero
2861 2414 3164 2471 inductione
3182 2428 3237 2472 et
3256 2419 3516 2478 divisione
3538 2438 3721 2479 eorum
3735 2441 3859 2495 qua:

2288 2495 2464 2549 affinia
2479 2507 2619 2553 sunt.
2636 2499 2873 2556 lnductio
2895 2504 3056 2573 igitur
3074 2509 3231 2575 quale
3252 2512 3377 2578 quid
3392 2522 3472 2567 est
3499 2516 3858 2583 manifestum,

2286 2584 2523 2640 dividere
2551 2599 2727 2643 autem
2754 2592 3073 2660 hujusmodi,
3111 2608 3163 2649 ut
3194 2601 3469 2656 scientiam
3492 2606 3711 2659 scientia
3739 2622 3862 2662 esse

2288 2676 2584 2743 meliorem,
2600 2690 2689 2732 aut
2702 2697 2765 2735 eo
2776 2684 2916 2751 quod
2930 2687 3167 2741 exactior
3178 2698 3280 2753 est,
3295 2701 3385 2744 aut
3399 2695 3535 2762 quod
3553 2696 3857 2765 meliorum,

2285 2776 2339 2820 et
2361 2770 2499 2833 quod
2519 2772 2859 2828 scientiarum
2891 2776 3236 2847 alimquidem
3263 2789 3855 2856 suntcontemplativte,

2283 2858 2404 2911 alia:
2432 2870 2608 2914 autem
2640 2864 2841 2930 activae,
2871 2866 2997 2920 alia:
3021 2883 3182 2935 porro
3212 2871 3491 2942 effectivae,
3516 2893 3637 2931 nam
3668 2895 3859 2934 unum-

2283 2950 2531 3020 quodque
2572 2955 2752 3008 talium
2785 2968 3010 3011 coornat
3040 2961 3252 3026 quidem
3285 2967 3606 3032 orationem,
3652 2978 3707 3023 at
3752 2986 3855 3024 non

2283 3044 2642 3097 necessarium
2672 3056 2753 3099 est
2775 3055 2832 3100 ut
2858 3048 3065 3103 dicatur
3094 3052 3158 3103 ad
3175 3055 3689 3113 conclusionem.Ad
3720 3060 3857 3114 dilu-

2283 3130 2555 3185 ciditatem
2573 3143 2747 3188 autem
2767 3139 3011 3205 exempla
3036 3150 3090 3192 et
3110 3141 3486 3200 similitudines
3504 3148 3853 3206 afferendum.

2278 3221 2533 3291 Exempla
2562 3238 2739 3279 autem
2776 3231 3199 3297 accommodata,
3229 3243 3284 3288 et
3317 3250 3382 3289 ex
3410 3239 3601 3306 quibus
3632 3243 3853 3308 scimus,

2276 3311 2452 3377 qualia
2484 3314 2765 3381 Homerus,
2800 3333 2905 3371 non
2934 3321 3106 3388 qualia
3133 3323 3410 3391 Cherilus;
3444 3329 3519 3382 sic
3569 3334 3711 3384 enim
3744 3335 3857 3388 cla-

2276 3399 2386 3453 rius
2411 3402 2511 3455 erit
2542 3404 2680 3470 quod
2716 3410 3049 3473 proponitur.
3093 3411 3357 3469 Utendum
3387 3428 3561 3473 autem
3592 3421 3644 3474 iu
3673 3423 3851 3477 disse-

2276 3492 2464 3554 rendo,
2493 3493 2799 3561 syllogismo
2829 3499 3039 3564 quidem
3066 3501 3133 3554 ad
3160 3503 3463 3561 dialecticos
3485 3511 3652 3579 magis
3688 3527 3850 3581 quam

2275 3580 2339 3630 ad
2364 3581 2788 3648 multitudinem;
2823 3587 3124 3644 inductione
3152 3607 3278 3645 vero
3303 3604 3483 3650 contra
3514 3599 3580 3652 ad
3612 3602 3857 3657 multisu~

2276 3668 2451 3723 dinem
2478 3677 2661 3740 magis.
2692 3675 2898 3729 Dictum
2924 3688 3004 3732 est
3024 3691 3194 3735 autem
3219 3693 3273 3738 et
3294 3684 3359 3739 de
3386 3687 3469 3741 liis
3489 3700 3544 3743 et
3569 3693 3735 3759 prius.
3762 3694 3857 3749 Est

2274 3770 2449 3813 autem
2475 3762 2525 3814 in
2556 3764 2818 3832 aliquibus
2848 3770 3062 3837 quidem
3098 3773 3366 3831 inducenti
3397 3781 3651 3846 possibile
3686 3785 3852 3839 inter-

2275 3869 2460 3921 rogare
2498 3858 2821 3923 universale,
2859 3863 2909 3914 in
2957 3864 3223 3932 aliquibus
3250 3883 3379 3923 vero
3424 3886 3530 3926 non
3573 3873 3747 3941 facile,
3785 3891 3854 3932 eo

2274 3947 2413 4014 quod
2452 3964 2555 4002 non
2610 3953 2843 4017 positum
2883 3955 2951 4007 sit
2980 3957 3416 4018 similitudinibus
3448 3980 3639 4020 nomen
3680 3971 3853 4023 omni-

2272 4035 2371 4090 bus
2387 4052 2690 4106 commune,
2716 4042 2807 4095 sed
2831 4046 3042 4111 quando
3061 4058 3274 4115 oportet
3294 4053 3591 4108 universale
3612 4072 3847 4125 sumere,

2273 4127 2349 4179 sic
2390 4127 2442 4180 in
2483 4130 2731 4183 omnibus
2777 4134 2969 4188 talibus
3006 4151 3125 4191 esse
3155 4138 3357 4194 dicunt.
3388 4141 3443 4195 ld
3470 4154 3646 4198 autem
3672 4147 3851 4203 deter-

2275 4218 2476 4272 minare
2507 4220 2873 4275 difﬁcillimum
2919 4236 3031 4289 est,
3079 4230 3251 4295 qualia
3294 4242 3498 4287 suntea
3528 4250 3645 4303 qua:
3677 4228 3855 4305 profe-

2273 4315 2461 4357 ruutur
2494 4307 2816 4375 hujusmodi,
2850 4320 2902 4364 et
2923 4316 3097 4383 qualia
3130 4333 3259 4384 non,
3290 4331 3342 4374 et
3376 4335 3589 4392 propter
3616 4326 3718 4382 hoc
3752 4344 3855 4385 sa:-

2272 4410 2562 4462 penumero
2587 4399 2847 4455 dissident
2895 4403 2944 4456 in
2974 4405 3447 4481 disputationibus,
3500 4416 3587 4468 alii
3633 4418 3852 4485 quidem

2274 4485 2508 4539 dicentes
2534 4488 2721 4542 similia
2751 4506 2873 4545 esse
2902 4509 3020 4562 quae
3051 4512 3157 4551 non
3189 4510 3313 4554 sunt
3344 4504 3557 4570 similia,
3592 4507 3680 4561 alii
3722 4524 3854 4564 vero

2274 4575 2577 4631 dubitantes
2597 4594 2713 4647 quae
2760 4592 2885 4635 sunt
2914 4586 3107 4638 similia
3146 4604 3251 4643 non
3284 4606 3403 4647 esse
3433 4594 3645 4649 similia.
3674 4599 3852 4662 Quare

2276 4670 2582 4722 tentandum
2615 4670 2665 4723 in
2703 4673 2951 4728 omnibus
2990 4678 3181 4732 talibus
3220 4682 3391 4748 ipsum
3440 4688 3651 4741 nomina
3694 4689 3851 4742 effin-

2271 4774 2418 4827 gere,
2442 4770 2500 4814 ut
2543 4778 2712 4830 neque
2737 4767 3079 4834 reSpondenti
3111 4772 3267 4826 liceat
3287 4774 3531 4831 dubitare
3571 4781 3710 4848 quod
3742 4796 3847 4838 non

2273 4850 2516 4905 similiter
2550 4854 2691 4920 quod
2745 4856 3229 4927 iulertur,dicitur,
3279 4880 3452 4934 neque
3499 4869 3847 4941 interroganti

2267 4942 2600 5010 calumniari,
2627 4956 2681 4999 ut
2712 4948 2958 5003 similiter
2984 4951 3151 5021 dicto,
3196 4970 3261 5008 eo
3283 4960 3424 5024 quod
3475 4960 3625 5024 plura
3656 4977 3842 5018 eorum

2266 5022 2384 5104 qua:
2426 5035 2530 5091 n‘dn
2562 5041 2815 5098 similiter
2856 5044 3124 5114 dicuntur,
3172 5050 3419 5105 similiter
3447 5053 3692 5108 videntur
3714 5057 3841 5111 diei.

2265 5127 2489 5193 Quando
2509 5141 2685 5187 autem
2710 5136 2981 5193 inducenti
3004 5141 3054 5192 in
3088 5140 3328 5207 pluribus
3359 5160 3462 5198 non
3491 5146 3704 5202 dederit
3725 5152 3846 5204 uni-

2264 5220 2492 5286 versale,
2524 5229 2644 5277 tunc
2669 5224 2872 5294 justum
2914 5238 2998 5282 est
3040 5229 3331 5298 efﬂagitare
3357 5235 3686 5304 instantiam,
3734 5256 3841 5294 non

2263 5307 2474 5365 dicente
2514 5321 2691 5368 autem
2725 5317 2839 5384 ipso
2868 5318 2921 5371 in
2953 5320 3219 5389 aliquibus
3248 5322 3347 5387 sic,
3386 5339 3489 5378 non
3526 5326 3727 5394 justum
3760 5337 3843 5383 est

2261 5403 2574 5472 efflagitare,
2608 5406 2659 5460 iu
2703 5402 3105 5479 aliquibusnon
3148 5412 3246 5465 sic.
3272 5413 3493 5482 Oportet
3521 5418 3664 5471 enim
3688 5418 3843 5472 indu-

2260 5504 2467 5549 centem
2491 5498 2633 5565 prius
2655 5500 2733 5553 sic
2752 5501 3057 5557 instantiam
3088 5502 3402 5574 efﬂagitare.
3427 5506 3835 5576 Etﬂagitandum

2257 5595 2431 5641 autem
2463 5588 2746 5647 instantias
2777 5611 2886 5649 non
2932 5596 2985 5651 in
3026 5612 3092 5652 eo
3122 5600 3261 5666 quod
3304 5600 3620 5669 proponitur
3667 5601 3835 5667 ferre,

2257 5675 2358 5732 nisi
2386 5693 2549 5737 unum
2580 5690 2782 5738 tantum
2814 5686 2882 5741 sit
2911 5686 3230 5757 hujusmodi,
3266 5697 3321 5745 ut
3347 5689 3574 5748 dualitas
3627 5696 3833 5763 parium
