4248 6272
377 257 475 313 997

1241 246 1627 303 TOPICORUM
1667 246 2115 302 ARISTOTELIS
2153 243 2723 301 INTERPRETATIO.

3505 237 3608 296 998

382 378 721 420 numerorum
752 362 897 417 solus
919 361 1144 430 primus.
1176 358 1307 412 Nam
1346 365 1554 426 oportet
1594 365 1647 410 et
1693 369 1815 411 cum
1847 357 1937 424 qui
1964 360 2014 419 Α
2043 356 2254 425 quidem
2280 356 2552 419 accidere,
2599 354 2966 422 interrogabit,
3013 352 3101 408 ille
3140 362 3314 408 autem
3368 351 3601 419 negabit,

378 459 541 510 instat
569 456 624 509 in
650 458 819 509 altero
846 450 1151 506 instantiam
1176 448 1336 515 ferre,
1365 456 1456 499 aut
1482 445 1659 501 dicere
1680 445 1820 513 quod
1845 445 1944 498 hoc

379 553 551 601 solum
584 548 687 600 tale
727 553 828 599 est.
860 542 938 598 Ad
971 557 1063 595 eos
1091 551 1263 593 autem
1291 540 1377 607 qui
1417 538 1615 591 instant
1636 535 1941 601 universali,

382 652 487 690 non
517 638 567 688 iu
594 636 777 687 eodem
809 642 985 686 autem
1013 630 1316 684 inStantiam
1341 626 1539 690 ferunt,
1571 626 1662 680 sed
1693 626 1745 679 in
1777 625 1945 694 aequi-

382 743 515 782 voco
536 728 615 797 (ut
642 725 780 795 quod
812 724 1000 777 habeat
1030 720 1222 787 aliquis
1255 735 1356 770 non
1388 732 1541 770 suum
1572 717 1828 780 colorem,
1858 714 1944 767 vel

383 820 600 887 pedem,
634 817 716 870 vel
745 828 978 874 manum,
1015 809 1230 863 habebit
1257 808 1398 861 enim
1432 808 1599 874 pictor
1644 820 1749 859 non
1793 819 1946 860 suum

383 909 637 971 colorem,
655 917 705 959 et
728 920 884 959 cocus
907 902 1093 971 pedem
1120 916 1221 951 non
1244 897 1444 965 suum),
1463 896 1745 950 dividendo
1763 910 1946 950 revera

386 1001 440 1056 in
466 1001 652 1053 talibus
683 994 1110 1063 interrogandum
1137 1000 1239 1045 est.
1272 990 1400 1043 Nam
1434 990 1631 1042 latente
1653 988 1950 1055 :equivoca-

386 1090 552 1153 tione,
578 1088 711 1140 bene
732 1085 1040 1137 viderentur
1067 1081 1266 1133 instare
1297 1078 1665 1145 propositioni.
1689 1077 1745 1130 Si
1774 1084 1950 1129 autem

387 1193 492 1231 non
523 1178 574 1229 in
603 1176 893 1244 azquivoco,
936 1171 1028 1224 sed
1084 1170 1137 1223 in
1169 1170 1357 1222 eodem
1404 1168 1608 1220 instans
1658 1166 1952 1234 przepediat

387 1266 877 1333 interrogationem,
921 1267 1132 1327 oportet
1180 1258 1518 1311 auferentem
1568 1256 1618 1308 id
1652 1255 1704 1308 in
1734 1270 1840 1323 quo
1867 1256 1952 1308 in-

387 1356 577 1410 stantia
602 1363 699 1419 est,
726 1364 1022 1420 proponere
1051 1348 1334 1414 reliquum,
1364 1344 1663 1397 universale
1686 1343 1948 1408 faciendo,

390 1446 560 1499 donec
605 1452 775 1494 sumat
804 1438 945 1508 quod
993 1438 1119 1490 utile
1163 1446 1265 1488 est.
1297 1433 1439 1489 Utiu
1486 1432 1776 1496 oblivione,
1805 1439 1859 1485 et
1902 1431 1954 1485 in

389 1535 611 1587 oblitum
646 1546 783 1593 εεδρ,
818 1545 923 1581 non
970 1527 1109 1580 enim
1142 1524 1439 1579 concedunt
1492 1537 1611 1575 eum
1646 1522 1733 1589 qui
1780 1519 1957 1573 amisit

392 1621 747 1689 disciplinam,
798 1618 1016 1670 oblitum
1060 1630 1200 1677 esse,
1254 1628 1319 1666 eo
1367 1612 1507 1680 quod
1538 1621 1849 1665 transeunte
1898 1623 1957 1663 re

2043 446 2259 498 omnino
2287 458 2391 497 non
2437 443 2646 497 videtur
2694 444 2806 498 fieri
2856 444 3222 513 syllogismus.
3268 443 3382 497 Non
3429 450 3607 494 autem

2043 549 2201 589 omne
2239 533 2539 587 universale
2568 532 2844 587 dialectica
2886 516 3177 602 propositio
3223 548 3362 591 esse.
3398 541 3454 584 ut
3483 529 3609 599 quid

2046 636 2127 681 est
2154 624 2348 679 homo?
2369 633 2459 677 aut
2501 632 2630 693 quot
2660 625 2829 677 modis
2860 625 3055 678 dicitur
3081 625 3311 678 bonum?
3356 633 3437 677 est
3465 623 3609 675 enim

2046 715 2318 769 dialectica
2364 712 2677 781 propositio,
2728 712 2793 765 ad
2842 728 2996 781 quam
3046 722 3129 767 est
3156 713 3500 780 re~pondere,
3534 710 3614 763 sic

2049 804 2133 857 vel
2164 818 2303 867 non;
2332 786 2396 855 ad
2442 802 2824 855 dictas'autem
2872 816 2977 854 non
3009 812 3121 862 est;
3154 816 3318 870 quare
3349 816 3451 854 non
3492 808 3616 853 sunt

2048 892 2340 946 dialecticae
2370 890 2669 959 huiusmodi
2718 890 3182 959 interrogationes,
3234 891 3335 943 nisi
3368 891 3481 958 ipse
3523 889 3616 942 de-

2050 982 2342 1035 terminans
2370 981 2451 1035 vel
2482 980 2921 1045 divideusdicat,
2953 990 3032 1045 ut,
3066 990 3289 1048 putasne
3310 982 3503 1034 bonum
3536 980 3615 1034 sic

2050 1072 2134 1126 vel
2165 1086 2269 1125 non
2301 1071 2377 1125 sic
2414 1071 2645 1125 dicitur?
2688 1086 2812 1125 nam
2853 1071 2919 1125 ad
2956 1070 3077 1123 talia
3106 1069 3274 1124 facilis
3319 1072 3616 1138 responsio,

2051 1161 2134 1214 vel
2166 1161 2499 1225 affirmando,
2534 1161 2619 1215 vel
2650 1160 2921 1237 negando;
2958 1168 3283 1229 quapropter
3308 1161 3617 1213 tentandum

2054 1252 2130 1305 sic
2174 1267 2471 1321 proponere
2513 1251 2817 1320 hujusmodi
2856 1254 3298 1321 pr0positionum.
3332 1252 3496 1307 Simul
3526 1266 3623 1305 au-

2056 1350 2160 1395 tem
2192 1351 2245 1395 et
2267 1344 2468 1410 justum
2497 1341 2726 1396 fortasse
2750 1326 2932 1397 abillo
2964 1344 3312 1411 interrogare,
3352 1352 3481 1412 quot
3508 1356 3624 1397 mo-

2057 1432 2136 1485 dis
2165 1431 2358 1485 dicitur
2388 1432 2608 1497 bonum,
2641 1433 2851 1501 quando
2882 1432 2985 1486 hoc
3031 1432 3301 1487 dividente
3347 1441 3401 1487 et
3428 1448 3624 1502 propo-

2008 1586 2016 1591 ,
2059 1532 2236 1586 nente,
2263 1522 2406 1574 nullo
2428 1522 2585 1575 modo
2607 1518 2949 1577 concesserit.
2982 1522 3229 1591 Quisquis
3258 1532 3433 1576 autem
3461 1538 3621 1577 unam

2060 1614 2353 1667 orationem
2375 1614 2539 1677 multo
2558 1622 2795 1681 tempore
2818 1616 3127 1681 interrogat,
3149 1615 3288 1667 male
3310 1615 3619 1680 interrogat.

394 1713 571 1766 amisit
609 1708 818 1778 quidem
862 1705 1215 1773 disciplinam,
1258 1703 1453 1755 oblitus
1498 1710 1672 1753 autem
1705 1711 1808 1753 non
1838 1707 1949 1765 est;
1988 1720 2035 1779 Β
2061 1705 2188 1758 Nam
2213 1705 2254 1757 si
2280 1703 2600 1772 reSpondeat
2626 1704 2836 1773 quidem
2860 1705 2908 1757 ei
2931 1705 3273 1773 interrogatio
3300 1706 3436 1771 quod
3463 1705 3626 1757 inter-

395 1801 675 1856 dicendum
714 1807 887 1851 autcm
943 1795 1203 1848 auferenti
1251 1794 1301 1845 id
1350 1795 1401 1846 in
1433 1807 1536 1860 quo
1564 1791 1811 1844 instantia
1853 1800 1954 1855 est,

392 1890 654 1958 reliquum
692 1904 703 1937 :
740 1896 796 1939 ut
823 1887 867 1939 si
916 1891 1257 1952 permanente
1286 1897 1347 1935 re
1396 1881 1573 1933 amisit
1601 1880 1955 1946 disciplinam,

396 1980 599 2034 idcirco
622 1977 842 2031 oblitum
871 1988 1008 2028 esse.
1039 1973 1295 2027 Similiter
1342 1981 1519 2024 autem
1569 1980 1621 2022 et
1665 1978 1851 2021 contra
1882 1968 1962 2020 in-

397 2076 621 2132 stantes,
655 2066 901 2134 quoniam
950 2064 1137 2130 majori
1170 2065 1309 2115 bono
1338 2060 1509 2127 majus
1530 2058 1812 2127 opponitur
1842 2072 1962 2111 ma-

394 2160 532 2226 lum,
581 2157 853 2226 proferunt
895 2155 1036 2208 enim
1068 2153 1314 2221 quoniam
1348 2150 1558 2203 sanitati
1586 2148 1774 2201 minori
1822 2147 1963 2199 bono

400 2265 555 2319 quam
586 2249 721 2302 bona
765 2244 1013 2299 habitudo
1033 2285 1047 2309 ,
1078 2241 1247 2310 majus
1276 2242 1471 2294 malum
1503 2239 1807 2307 opponitur,
1839 2252 1963 2290 nam

400 2339 769 2411 mgritudinem
818 2335 989 2403 majus
1035 2348 1153 2386 esse
1199 2332 1395 2385 malum
1443 2331 1580 2382 mala
1636 2327 1961 2381 habitudine.

401 2426 760 2482 Auferendum
788 2425 945 2493 igitur
966 2432 1020 2476 et
1048 2422 1097 2474 in
1118 2420 1217 2474 hoc
1238 2421 1287 2472 iu
1308 2434 1413 2488 quo
1438 2417 1688 2470 instantia
1715 2425 1817 2482 est,
1843 2430 1963 2469 nam

402 2518 599 2579 ablato,
631 2516 794 2583 magis
821 2524 1000 2582 ponet,
1034 2523 1092 2566 ut
1130 2512 1379 2581 quoniam
1408 2510 1596 2577 majori
1629 2510 1769 2563 bono
1797 2508 1967 2575 majus

405 2608 601 2662 malum
629 2607 935 2674 Opponilur,
969 2603 1069 2657 nisi
1104 2602 1343 2656 conferat
1370 2600 1595 2653 alterum
1626 2600 1691 2651 ad
1714 2599 1963 2662 alterum,

405 2696 845 2765 quemadmodum
870 2695 1007 2747 bona
1038 2690 1287 2745 habitudo
1307 2689 1373 2742 ad
1402 2688 1706 2742 sanitatem.
1730 2687 1845 2740 Non
1876 2701 1966 2740 so-

406 2790 515 2842 lum
545 2798 720 2842 autem
750 2800 813 2839 eo
846 2786 1075 2837 instante
1103 2784 1204 2834 hoc
1225 2779 1551 2843 faciendum,
1581 2778 1674 2831 sed
1708 2787 1760 2830 et
1785 2778 1829 2830 si
1854 2776 1969 2829 sine

407 2877 657 2932 instantia
708 2885 881 2943 negat,
924 2888 988 2929 eo
1016 2873 1155 2942 quod
1206 2870 1496 2940 praevideat
1523 2868 1725 2938 aliquid
1762 2868 1967 2921 talium.

409 2969 539 3021 Nam
566 2966 741 3019 ablato
769 2981 833 3018 eo
863 2968 915 3017 in
941 2979 1045 3032 quo
1075 2962 1326 3016 instantia
1357 2971 1468 3025 εει,
1493 2959 1847 3026 compelletur
1872 2971 1969 3025 po-

2061 1802 2298 1863 rogatur,
2324 1793 2666 1848 manifestum
2694 1794 2833 1863 quod
2859 1794 3054 1848 multas
3078 1795 3512 1862 interrogationes
3543 1795 3626 1848 in-

2062 1890 2319 1952 terrogat,
2348 1893 2439 1937 aut
2464 1884 2767 1951 frequenter
2796 1885 3039 1949 easdem;
3069 1902 3235 1954 quare
3264 1894 3355 1941 aut
3377 1897 3625 1953 nugatur,

2062 1982 2153 2029 aut
2175 1988 2278 2027 non
2310 1974 2467 2028 habet
2488 1975 2876 2045 syllogismum,
2902 1991 3022 2029 nam
3042 1991 3105 2030 ex
3125 1977 3305 2044 paucis
3326 1977 3500 2029 omnis
3520 1978 3631 2047 syl-

2063 2065 2337 2132 logismus.
2370 2064 2426 2119 Si
2456 2079 2587 2118 vero
2619 2080 2726 2119 non
2752 2067 3090 2133 respondeat,
3114 2066 3237 2133 quid
3287 2075 3376 2119 aut
3405 2082 3508 2119 non
3538 2066 3625 2120 in-

2063 2163 2265 2223 crepat,
2288 2163 2379 2208 aut
2406 2154 2663 2209 discedit?
2688 2157 2782 2210 Est
2807 2165 2978 2211 autem
3007 2160 3359 2226 argumentari
3391 2158 3627 2224 difficile,

2064 2254 2118 2299 et
2157 2245 2608 2301 sustinereyfacile
2655 2247 2795 2315 ipsas
2834 2248 3246 2317 suppositiones.
3279 2249 3412 2306 Sunt
3453 2230 3629 2303 autem

2066 2337 2219 2403 talia,
2251 2346 2305 2390 et
2341 2352 2459 2406 quae
2488 2346 2671 2391 natura
2704 2348 2826 2392 sunt
2854 2342 3053 2406 prima,
3084 2348 3139 2393 et
3183 2350 3300 2408 quae
3341 2348 3632 2408 postrema.

2065 2426 2197 2486 Nam
2223 2427 2389 2495 prima
2411 2428 2621 2496 quidem
2648 2430 2873 2483 termino
2892 2438 3069 2499 egent,
3096 2438 3362 2499 postrema
3388 2446 3512 2484 vero
3537 2446 3635 2500 per

2069 2517 2232 2571 multa
2266 2518 2617 2572 terminantur
2646 2517 2842 2572 volenti
2884 2520 3193 2574 continuum
3223 2535 3432 2574 sumere
3469 2536 3498 2573 a
3526 2523 3633 2589 pri-

2069 2608 2191 2674 mis,
2226 2618 2316 2661 aut
2356 2609 2660 2676 sophistica:
2689 2608 2935 2663 videntur
2977 2611 3498 2679 argumentationes:
3531 2611 3635 2663 im-

2066 2696 2318 2765 possibile
2336 2688 2480 2750 enim
2500 2698 2865 2752 demonstrare
2886 2700 3156 2768 quidpiam
3180 2709 3261 2754 est
3279 2717 3399 2754 eum
3422 2702 3509 2768 qui
3534 2716 3634 2754 non

2070 2787 2251 2854 incipit
2290 2802 2318 2839 a
2362 2787 2587 2854 propriis
2616 2786 2917 2855 principiis,
2962 2798 3017 2842 et
3066 2790 3334 2842 connectit
3364 2804 3530 2858 usque
3568 2790 3633 2843 ad

2070 2878 2253 2931 ultima
2287 2894 2301 2931 :
2335 2878 2557 2931 definire
2586 2872 2762 2931 autem
2804 2878 2953 2931 nihili
2986 2879 3187 2932 ducunt
3225 2881 3632 2947 respondentes,

2073 2981 2242 3034 neque
2264 2966 2309 3020 si
2332 2967 2665 3034 interrogans
2693 2966 2979 3031 definierit,
3005 2967 3287 3021 advertunt
3310 2984 3323 3032 ;
3358 2969 3498 3037 atqui
3530 2984 3636 3022 non

410 3073 561 3121 nere,
604 3071 670 3110 eo
716 3056 852 3124 quod
884 3069 986 3107 non
1041 3050 1326 3121 prtevideat
1357 3050 1407 3102 in
1438 3049 1663 3116 reliquo,
1716 3048 1766 3100 in
1795 3047 1970 3114 aliquo
1999 3041 2043 3102 C
2076 3053 2213 3107 facto
2261 3054 2542 3107 manifesto
2572 3053 2822 3121 quidnam
2866 3062 2949 3107 est
2990 3053 3128 3120 quod
3181 3057 3501 3122 propos'tum
3531 3065 3636 3120 est,

413 3164 518 3202 non
565 3149 642 3201 sic
670 3161 809 3200 esse.
853 3145 909 3199 Si
947 3154 1122 3197 autem
1168 3158 1271 3195 non
1305 3149 1481 3209 ponat,
1524 3138 1841 3206 efflagitatus
1893 3140 1974 3190 in-

412 3240 683 3300 stantiam,
711 3253 813 3291 non
848 3236 1063 3289 habebit
1088 3233 1376 3301 assignare.
1407 3231 1543 3284 Sunt
1573 3240 1746 3282 autem
1789 3229 1975 3297 hujus-

414 3330 554 3384 tuodi
622 3328 1034 3397 pr0positionum
1084 3337 1203 3392 qua}
1256 3322 1309 3375 in
1374 3321 1553 3387 aliquo
1620 3319 1762 3371 falsae
1809 3327 1974 3383 sunt,

416 3420 469 3471 in
518 3418 693 3485 aliquo
739 3423 915 3468 autem
966 3428 1147 3477 veras,
1200 3410 1357 3463 inhis
1406 3410 1548 3462 enim
1602 3422 1695 3475 par
1743 3416 1826 3460 est
1885 3422 1979 3460 au-

412 3509 577 3571 ferre,
625 3504 882 3572 reliquum
932 3510 1105 3555 autem
1158 3514 1339 3553 verum
1404 3498 1724 3566 relinquere.
1777 3498 1833 3552 Si
1885 3512 1979 3550 au-

415 3607 525 3649 tem
573 3598 623 3647 in
654 3594 856 3647 »multis
900 3590 1215 3660 proponenti
1283 3603 1389 3641 non
1449 3588 1585 3640 ferat
1649 3588 1977 3654 instantiam,

417 3683 789 3753 postulandum
822 3690 901 3734 est
950 3694 1166 3748 ponere.
1197 3677 1329 3730 Nam
1359 3677 1639 3730 dialectica
1677 3686 1759 3729 est
1787 3691 1981 3744 propo-

418 3774 542 3826 sitio
567 3773 633 3825 ad
672 3786 830 3840 quam
872 3770 950 3822 sic
979 3770 1028 3820 in
1057 3766 1297 3835 pluribus
1323 3781 1385 3820 se
1431 3766 1709 3818 habentem
1756 3779 1861 3818 non
1901 3773 1985 3819 est
2004 3812 2042 3833 ,ρ

420 3862 696 3916 instantia.
725 3858 948 3923 Quando
976 3865 1148 3909 autem
1175 3854 1432 3923 contingit
1474 3854 1616 3908 idem
1656 3862 1711 3907 et
1738 3855 1853 3907 sine
1879 3855 1982 3907 im-

422 3949 671 4021 possibili
724 3956 776 3999 et
829 3961 922 4015 per
975 3943 1301 4013 impossibile
1345 3943 1696 4011 syllogizare,
1757 3946 1984 3997 demon-

424 4039 615 4093 stranti
642 4036 853 4106 quidem
884 4042 937 4089 et
967 4050 1069 4087 non
1096 4034 1403 4098 disserenti,
1437 4034 1569 4089 nihil
1600 4034 1762 4087 refert
1792 4033 1875 4086 vel
1906 4034 1984 4087 sic

406 4128 509 4182 -vel
549 4127 640 4181 illo
669 4124 825 4179 modo
853 4124 1159 4194 syllogismo
1188 4122 1458 4190 colligere,
1485 4123 1755 4177 differenti
1805 4133 1984 4176 autem

405 4229 533 4278 ,non
580 4226 661 4269 est
688 4213 941 4268 utendum
989 4226 1083 4280 per
1110 4212 1435 4279 impossibile
1476 4212 1810 4281 syllogismo.
1844 4211 1976 4265 Nam

427 4313 475 4366 si
514 4310 631 4364 sine
671 4304 981 4372 impossibili
1021 4303 1234 4372 quidem
1284 4304 1594 4371 syllogismo
1622 4303 1988 4371 colligat,’mi-

2077 3160 2181 3198 non
2211 3144 2363 3198 facile
2395 3156 2475 3197 est
2498 3144 2877 3212 argumentari.
2907 3143 3133 3197 Maxime
3160 3153 3339 3197 autem
3366 3145 3506 3213 quod
3534 3147 3638 3199 tale

2077 3243 2156 3287 est
2181 3234 2320 3288 circa
2347 3233 2604 3302 principia
2636 3233 2862 3287 accidit:
2892 3248 3013 3286 nam
3036 3233 3137 3285 alia
3159 3233 3373 3300 quidem
3404 3248 3495 3301 per
3525 3235 3641 3289 haec

2078 3334 2459 3390 monstrantur,
2504 3325 2613 3392 ipsa
2663 3338 2790 3377 vero
2832 3339 2936 3376 non
2977 3323 3232 3385 contingit
3263 3337 3354 3390 per
3377 3324 3496 3385 alia,
3535 3324 3642 3378 sed

2078 3429 2299 3469 necesse
2325 3423 2406 3467 est
2441 3414 2746 3468 definitione
2778 3414 2959 3466 talium
3001 3413 3416 3480 unumquodque
3442 3426 3640 3480 cogno-

2080 3518 2251 3559 scere.
2279 3505 2412 3559 Suut
2439 3514 2616 3559 autem
2646 3504 2865 3559 difﬁcile
2915 3504 3378 3572 argumentabilia,
3430 3514 3483 3558 et
3526 3520 3646 3573 quae

2081 3596 2234 3649 valde
2263 3596 2556 3664 prOpinqua
2586 3604 2711 3648 sunt
2753 3594 3035 3663 principio.
3070 3593 3183 3647 Non
3224 3593 3366 3647 enim
3392 3593 3649 3661 contingit

2083 3692 2260 3758 plures
2290 3691 2355 3742 ad
2388 3690 2503 3743 ινα-ε
2532 3690 2765 3751 rationes
2795 3688 3055 3753 invenire,
3081 3702 3201 3741 cum
3227 3689 3334 3740 sint
3356 3700 3518 3754 pauca
3539 3700 3652 3739 me-

2084 3781 2191 3845 dia,
2222 3781 2515 3849 horumque
2539 3790 2592 3834 et
2620 3780 3023 3846 principiorum,
3056 3793 3149 3845 per
3186 3794 3304 3846 qua:
3325 3793 3543 3833 necesse
3571 3786 3655 3833 est

2085 3882 2382 3925 monstrare
2413 3886 2474 3923 ea
2500 3885 2618 3939 qua:
2644 3878 2762 3937 post
2781 3870 2870 3923 illa
2893 3878 3035 3922 sunt.
3069 3868 3440 3922 Termiuorum
3471 3877 3650 3924 autem

2086 3960 2304 4014 dillicile
2323 3957 2769 4026 argumentabiles
2792 3957 2825 4009 ii
2851 3956 3086 4009 omnium
3116 3958 3343 4009 maxime
3372 3966 3516 4022 sunt,
3540 3958 3657 4023 qui-

2071 4064 2295 4131 .cunque
2325 4056 2542 4101 utuntur
2573 4046 2766 4099 talibus
2792 4045 3114 4107 nominibus,
3146 4060 3265 4111 qua:
3289 4047 3513 4111 primum
3536 4044 3655 4113 qui-

2089 4138 2209 4192 dem
2255 4136 2605 4191 immanifesta
2652 4142 2795 4197 sunt,
2843 4133 3225 4201 simpliciterne
3273 4133 3538 4198 dicantur,
3583 4148 3653 4187 an

2090 4225 2475 4294 multipliciter,
2510 4224 2683 4277 adhuc
2729 4232 2905 4277 autem
2937 4238 3055 4291 quae
3112 4238 3281 4290 neque
3327 4231 3448 4275 nota
3480 4230 3656 4277 utrum

2097 4318 2337 4384 proprie,
2382 4330 2448 4368 an
2487 4313 2776 4379 secundum
2819 4311 3183 4380 metaphoram
3225 4312 3293 4365 de
3328 4312 3547 4367 definito
3576 4313 3661 4365 di-

430 4404 575 4456 nime
599 4401 687 4453 ίίθῑ
706 4410 762 4453 ιιι
784 4400 1055 4460 dlibilelll;
1085 4407 1141 4451 3|.
1168 4397 1383 4465 quando
1406 4411 1501 4465 per
1525 4399 1854 4465 impossibile
1881 4399 1989 4467 εγι-
2022 4368 2073 4428 D
2099 4368 2476 4462 Eaniur,'Nam
2515 4407 2636 4472 quia
2680 4373 2906 4459 ‘obscura
2955 4368 3101 4465 ἑυηι,
3149 4418 3251 4455 ηοη
3299 4402 3457 4457 habet
3504 4418 3660 4472 ιιι-ευ-

432 4493 665 4561 logizant
692 4490 829 4561 (nisi
844 4488 995 4541 valde
1025 4487 1365 4540 manifestum
1388 4489 1456 4539 sit
1478 4487 1668 4539 falsum
1693 4487 1861 4554 esse),
1886 4502 1995 4541 non

433 4580 761 4650 impossibile
788 4579 972 4632 dicunt
998 4584 1140 4638 esse,
1171 4590 1339 4644 quare
1368 4590 1474 4628 non
1521 4575 1580 4628 fit
1618 4575 1998 4643 interroganti-

433 4672 532 4725 bus
554 4668 692 4737 quod
719 4667 924 4721 volunt.
956 4667 1178 4734 Oportet
1203 4676 1378 4718 autem
1411 4678 1709 4731 praponere
1737 4678 1993 4731 quaecun-

435 4775 537 4829 que
565 4758 616 4812 in
650 4758 885 4826 pluribus
918 4757 1129 4826 quidem
1164 4756 1243 4810 sic
1280 4770 1339 4810 se
1368 4756 1579 4821 habent.
1615 4754 1871 4809 Instantia
1903 4771 1998 4810 au-

436 4864 543 4909 tem
591 4861 681 4905 aut
705 4853 921 4905 omnino
953 4866 1058 4903 nou
1100 4860 1201 4914 est,
1233 4857 1325 4901 aut
1364 4848 1556 4902 nonin
1601 4846 1884 4916 superficie
1918 4855 2001 4901 est

438 4943 767 5011 conspicere,
807 4956 930 4994 nam
959 4940 1047 5009 qui
1076 4954 1181 4993 non
1211 4948 1432 5007 possunt
1460 4937 1772 5004 conspicere
1794 4937 1848 4991 in
1878 4938 1998 5005 qui-

439 5033 540 5087 bus
569 5046 673 5084 non
717 5031 820 5097 sic,
866 5038 1116 5097 tanquam
1158 5043 1340 5083 verum
1386 5027 1600 5096 quidem
1631 5027 1724 5093 sit,
1772 5033 1998 5095 ponunt.

440 5122 555 5176 Non
576 5110 787 5188 oportet
815 5130 991 5173 autem
1018 5119 1415 5173 conclusionem
1437 5119 1905 5185 interrogationem
1930 5118 2007 5171 fa-

439 5224 585 5274 cere.
615 5208 863 5278 Alioquin
894 5219 1094 5272 autem,
1127 5223 1193 5262 eo
1223 5218 1498 5273 renuente,
1529 5222 1633 5268 non
1659 5208 1866 5262 videtur
1893 5206 2007 5261 fieri

442 5298 801 5369 syllogismus,
841 5311 963 5351 nam
991 5306 1045 5351 et
1074 5312 1217 5365 saepe
1246 5313 1367 5352 cum
1412 5312 1517 5351 non
1565 5298 1882 5364 interrogat,
1915 5297 2009 5350 sed

444 5398 501 5442 ut
529 5398 758 5453 Sequens
787 5387 967 5451 infert,
996 5393 1211 5454 negant,
1259 5396 1312 5442 et
1366 5388 1468 5440 hoc
1513 5386 1769 5439 facientes
1800 5400 1903 5438 non
1933 5385 2012 5439 vi-

446 5476 638 5527 dentur
668 5474 910 5542 redargui
936 5474 999 5528 iis
1035 5474 1126 5541 qui
1155 5489 1257 5529 non
1286 5475 1621 5542 conspiciunt
1648 5476 1786 5545 quod
1817 5474 2012 5530 accidit

447 5580 512 5620 ex
547 5563 608 5618 iis
638 5577 759 5632 qum
808 5552 977 5633 posita
1022 5574 1162 5620 sunt.
1194 5564 1416 5634 Quando
1468 5566 1625 5637 igitur
1671 5582 1777 5624 non
1831 5566 2011 5621 dicens

2100 4511 2299 4564 menta,
2345 4499 2468 4565 quia
2517 4511 2640 4550 vero
2691 4497 3001 4564 ignorantur
3039 4495 3084 4547 si
3114 4493 3312 4561 absque
3353 4498 3662 4562 metaphora

2099 4587 2290 4641 dicitur
2315 4586 2455 4651 quod
2484 4586 2588 4639 tale
2632 4596 2732 4649 est,
2766 4600 2870 4637 non
2898 4583 3055 4637 habet
3083 4583 3512 4655 quod’increpet.
3540 4584 3665 4641 Om-

2100 4676 2228 4729 nino
2272 4684 2445 4729 autem
2495 4688 2652 4727 omne
2698 4673 2971 4741 problema
3002 4673 3212 4739 quando
3259 4672 3474 4727 difficile
3502 4688 3664 4741 argu-

2102 4763 2412 4829 mentabile,
2438 4762 2525 4816 vel
2546 4763 2773 4815 termino
2800 4762 3039 4829 indigere
3067 4760 3431 4815 arbitrantium
3459 4748 3561 4826 est,
3581 4763 3667 4815 vel

2105 4859 2188 4905 est
2229 4866 2412 4905 eorum
2439 4866 2556 4920 quae
2586 4850 2969 4919 multipliciter,
2999 4850 3081 4903 vel
3108 4865 3291 4903 eorum
3319 4866 3433 4919 quae
3475 4865 3667 4904 secun-

2106 4939 2231 4992 dum
2277 4938 2638 5006 metaphoram
2670 4938 2735 4998 de
2764 4938 2982 4993 definito
3004 4952 3121 4992 esse
3150 4939 3414 5009 dicantur,
3449 4940 3531 4992 vel
3562 4954 3669 4992 non

2109 5027 2265 5096 longe
2293 5044 2323 5081 a
2369 5028 2663 5095 principiis,
2702 5029 2782 5082 vel
2814 5029 2936 5097 quia
2967 5044 3073 5080 non
3099 5027 3432 5081 manifestum
3461 5036 3540 5081 est
3564 5029 3672 5095 pri-

2110 5132 2254 5170 mum
2295 5116 2447 5170 nobis
2505 5117 2606 5171 hoc
2655 5117 2818 5180 idem,
2867 5115 3155 5173 secundum
3203 5131 3359 5183 quem
3407 5116 3673 5172 dictorum

2110 5206 2390 5259 modorum
2420 5218 2504 5261 est
2537 5207 2676 5276 quod
2717 5207 3099 5261 dubitationem
3128 5216 3361 5275 praestat.
3390 5207 3520 5261 Nam
3551 5223 3672 5262 cum

2114 5305 2196 5349 est
2219 5296 2529 5350 manifestus
2559 5297 2770 5363 modus,
2803 5298 3135 5351 manifestum
3168 5298 3415 5364 quoniam
3449 5307 3539 5351 aut
3577 5298 3676 5353 de-

2116 5384 2270 5439 finire
2294 5387 2577 5452 oportebit,
2609 5395 2699 5438 aut
2726 5385 2985 5452 dividere,
3014 5394 3105 5438 aut
3128 5385 3327 5438 medias
3357 5387 3679 5455 propositio-

2118 5492 2213 5533 nes
2256 5478 2510 5533 invenire.
2543 5476 2671 5531 Nam
2705 5493 2798 5545 per
2834 5478 2948 5533 haec
2998 5487 3362 5531 monSIrantur
3390 5478 3594 5531 ultima.
3626 5479 3679 5533 In

2120 5567 2302 5624 multis
2327 5574 2501 5624 autem
2536 5567 2885 5637 positionibus
2920 5568 3044 5638 (non
3076 5568 3210 5622 bene
3254 5566 3518 5637 assignata
3548 5568 3679 5623 defi-
