4248 6272
624 314 625 317 η
669 327 772 384 999

1915 331 2026 387 AN.
2067 330 2271 387 MANL.
2313 330 2464 386 SEV.
2509 332 2729 387 BOETII

3776 330 3919 388 1000

668 446 894 514 nitione)
936 458 1040 498 non
1090 443 1243 497 facile
1288 441 1564 511 disputare
1611 455 1674 495 ac
1724 445 2129 512 argumentari,
2181 455 2238 499 ut
2268 447 2494 512 Apacto
2537 451 2781 513 oporteat
2823 444 3125 512 conjectare
3164 445 3605 515 reSpondentem,
3635 466 3689 500 υ.
3727 446 3909 513 quzulua

669 545 845 590 utrum
872 537 959 589 uni
981 534 1419 598 contrarium,'an
1442 532 1884 602 plural‘lleﬁnitis
1905 543 2082 589 autem
2108 550 2238 589 con-

670 612 850 679 trariis
876 625 1051 693 aliquo
1073 622 1251 686 modo,
1285 623 1439 678 facile
1479 634 1560 677 est
1589 624 1872 679 ostendere
1902 633 2076 677 utrum
2107 640 2237 678 couu-

672 718 822 784 tiuugit
852 715 1003 783 plura
1049 714 1222 769 cidem
1272 729 1393 768 esse
1421 715 1707 781 contraria,
1759 729 1824 768 an
1869 730 1996 769 non.
2034 715 2235 768 Eodem

669 819 847 862 autem
878 806 1033 861 uuodo
1058 816 1110 860 et
1139 807 1190 859 in
1231 805 1351 859 aliis
1394 804 1706 859 deﬁnitione
1736 804 2114 871 indigentibus.
2144 801 2237 857 Vi-

667 900 862 952 dentur
882 908 1057 951 autem
1082 906 1134 951 et
1159 898 1214 950 in
1234 895 1532 963 disciplinis
1553 894 1794 963 quumdam
1822 896 1890 947 ob
1910 893 2233 947 deﬁnitionis

663 990 932 1045 defectuum
978 1006 1081 1042 uuon
1118 988 1271 1042 facile
1300 988 1551 1054 describi,
1583 994 1640 1039 ut
1668 996 1722 1039 et
1744 985 1994 1054 quoniam
2020 999 2139 1054 quae
2164 983 2232 1038 ad

667 1080 805 1133 latuus
834 1087 980 1134 secat
1005 1080 1213 1148 planum
1247 1077 1415 1140 linea,
1460 1074 1706 1129 sinuilitcr
1732 1075 1919 1128 d.vidit
1945 1083 1999 1128 et
2037 1074 2231 1128 lineam

664 1178 722 1225 et
749 1171 943 1234 locum,
971 1168 1279 1221 deﬁuuitiouue
1303 1175 1478 1221 autem
1501 1166 1661 1228 dicta,
1689 1164 1866 1218 statim
1891 1164 2231 1219 manifestum

662 1260 914 1328 estquod
962 1259 1177 1312 dicitur.
1208 1256 1339 1310 Nam
1370 1255 1611 1309 eamdem
1665 1244 1983 1309 ablationem
2038 1256 2233 1311 habent

663 1350 777 1404 loca
805 1358 861 1403 et
882 1348 1062 1413 lineze;
1091 1355 1174 1401 est
1198 1357 1374 1399 autem
1405 1344 1645 1398 deﬁuuitio
1670 1345 1785 1413 ejuus
1809 1344 2069 1399 orationis
2094 1349 2227 1401 haec.

661 1437 986 1505 Simpliciter
1010 1443 1186 1488 autem
1220 1433 1386 1502 prima
1430 1432 1844 1496 elementorum,
1893 1433 2079 1499 positis
2108 1431 2229 1500 qui-

658 1528 781 1582 dem
811 1525 1205 1581 dcﬁnitiouuibus
1256 1524 1483 1591 (utquid
1516 1523 1653 1577 linea
1684 1523 1768 1577 vel
1798 1523 1922 1592 quid
1954 1524 2225 1592 circulus),

657 1618 965 1672 facillimum
1013 1612 1321 1675 ostendere,
1346 1626 1530 1666 verum
1572 1627 1676 1665 non
1715 1613 1897 1665 multis
1939 1612 2003 1663 ad
2036 1628 2227 1665 unum-

655 1706 906 1776 quodque
930 1718 1114 1758 eorum
1145 1711 1226 1757 est
1252 1701 1637 1769 argumentari,
1693 1714 1758 1753 eo
1786 1699 1926 1769 quod
1970 1714 2075 1753 uuon
2101 1709 2227 1755 sunt

2339 533 2487 596 dare,
2515 541 2570 586 et
2594 533 2771 602 qualia
2802 547 2906 587 non
2926 572 2941 598 ,
2985 534 3051 587 ad
3101 535 3235 589 bene
3271 543 3364 588 aut
3390 548 3494 589 non
3526 534 3660 587 bene
3690 548 3913 587 servan—

2338 621 2457 675 dam
2489 622 2841 691 positionem;
2883 624 3133 692 quuoniam
3181 624 3440 693 ,inquaun,
3471 622 3604 676 nihil
3646 622 3905 676 habemus

2337 712 2587 766 traditum
2616 713 2683 766 ab
2721 713 2861 778 aliis,
2894 714 2993 781 ipsi
3026 714 3223 782 aliquid
3266 714 3447 768 dicere
3486 723 3770 767 teuutemus.
3802 711 3909 765 Ne-

2335 814 2487 857 cesse
2518 812 2600 856 est
2630 813 2804 857 autem
2838 806 3251 872 respondentem
3281 806 3551 859 sustinuere
3578 805 3868 857 orationem
3888 840 3904 863 ,

2335 891 2580 958 ponendo
2608 900 2699 944 aut
2726 892 3086 960 probabilem,
3118 902 3213 946 aut
3242 892 3645 965 im'probabileun
3681 891 3905 959 positio-

2334 995 2489 1044 nem,
2526 992 2617 1035 aut
2658 992 2931 1049 neutram,
2960 994 3013 1037 et
3048 993 3141 1037 aut
3177 984 3493 1052 siunpliciter
3536 984 3903 1052 probabilem,

2333 1080 2425 1125 aut
2450 1071 2849 1140 improbabilem
2868 1114 2882 1138 ,
2908 1085 2998 1127 aut
3024 1073 3456 1136 indeleruninate,
3482 1084 3541 1128 ut
3569 1075 3692 1129 huic
3715 1074 3905 1136 alicui,

2333 1162 2415 1215 vel
2441 1163 2551 1214 alii.
2584 1163 2722 1215 Nihil
2761 1172 2936 1217 autem
2964 1166 3642 1233 refertquomodocunquue,
3672 1165 3800 1219 dum
3834 1179 3906 1219 ea

2332 1252 2623 1322 probabilis
2660 1261 2752 1307 aut
2793 1254 3157 1321 improbabilis
3208 1258 3306 1320 sit;
3348 1272 3469 1309 nam
3516 1256 3653 1310 ideuu
3706 1255 3909 1309 moduus

2330 1343 2432 1397 erit
2472 1344 2608 1397 bene
2647 1344 3038 1411 respondendi,
3086 1347 3169 1399 vel
3215 1347 3408 1411 dauudi,
3452 1347 3538 1400 vel
3584 1362 3688 1399 non
3736 1345 3909 1399 dauudi

2329 1432 2470 1502 quod
2512 1432 2891 1501 interrogatum
2923 1443 3043 1487 est:
3073 1448 3195 1487 nam
3241 1448 3365 1487 cum
3408 1434 3778 1500 improbabilis
3820 1442 3904 1488 est

2330 1524 2545 1591 positio,
2572 1537 2791 1578 necesse
2813 1534 2898 1578 est
2919 1534 2973 1578 et
2993 1525 3389 1579 conclusionem
3416 1525 3739 1591 probabilem
3765 1525 3898 1589 ﬁeri,

2328 1628 2448 1667 cum
2480 1628 2609 1668 vero
2638 1614 2950 1682 probabilis,
2981 1614 3408 1682 improbabilem.
3443 1615 3575 1669 Nam
3599 1617 3897 1684 oppositum

2327 1719 2540 1772 semper
2585 1705 2864 1773 positionis
2910 1705 3243 1773 interrogans
3288 1705 3603 1770 concluudet;
3639 1706 3683 1758 si
3721 1716 3895 1759 anteuuu

656 1796 820 1850 mulua
851 1790 1051 1858 media;
1085 1793 1130 1847 si
1168 1800 1343 1846 autem
1386 1806 1491 1844 non
1541 1801 1804 1858 ponantuur
1843 1792 2221 1860 principioruun
2255 1792 2299 1851 Β
2328 1809 2500 1863 neque
2532 1794 2824 1863 probabile,
2869 1809 3043 1864 neque
3092 1794 3442 1861 improbabile
3481 1793 3623 1863 quod
3668 1796 3897 1862 positum

653 1889 1009 1951 deﬁnitiones,
1053 1885 1293 1950 difﬁcile,
1321 1885 1544 1938 fortasse
1573 1892 1749 1937 autem
1776 1884 1993 1937 omnino
2025 1885 2224 1952 impos-

652 1980 824 2034 sibile.
855 1980 1111 2033 Similiter
1133 1986 1310 2030 autem
1357 1976 1439 2029 luis
1483 1985 1538 2030 et
1579 1974 1630 2028 iuu
1663 1975 1726 2029 iis
1754 1990 1871 2042 qua:
1918 1984 2042 2029 stunt
2082 1976 2225 2030 circa

649 2070 922 2124 orationes
946 2083 1004 2121 se
1026 2067 1206 2121 habet.
1234 2065 1346 2120 Non
1378 2065 1535 2133 igitur
1557 2065 1726 2120 latere
1754 2074 1984 2133 oportet,
2010 2067 2223 2134 quando

649 2160 867 2215 difﬁcile
913 2156 1348 2228 argumentabilis
1390 2165 1473 2210 est
1505 2155 1715 2223 positio,
1756 2155 1895 2224 quod
1942 2170 2095 2224 passa
2140 2165 2222 2209 est

644 2246 846 2320 aliquid
868 2264 1053 2303 eorum
1085 2262 1204 2318 quae
1224 2246 1365 2301 dicta
1397 2254 1544 2311 sunt,
1575 2244 1788 2313 quuando
1816 2252 1993 2300 autem
2021 2246 2123 2299 erit
2155 2244 2220 2298 ad

644 2340 966 2410 dignitatem
994 2347 1048 2393 et
1098 2336 1538 2407 propositionem,
1568 2336 1739 2404 major
1768 2336 1921 2389 labor
1947 2337 2220 2403 disputare

645 2445 804 2498 quam
828 2428 895 2482 ad
918 2428 1258 2497 positionem.
1288 2424 1539 2480 Dubitare
1554 2435 1730 2479 auteun
1762 2425 1930 2494 possit
1952 2427 2215 2495 quispiam

645 2533 821 2577 utrum
853 2521 1094 2590 ponenda
1115 2520 1224 2574 sint
1245 2519 1390 2582 talia,
1414 2534 1483 2571 an
1508 2531 1612 2571 non
1637 2534 1650 2568 :
1677 2532 1797 2570 nam
1826 2517 1871 2569 si
1900 2530 2000 2571 non
2033 2526 2214 2586 pouuat,

643 2610 740 2665 sed
790 2618 974 2679 poscat
1019 2617 1073 2663 et
1117 2608 1186 2662 ad
1233 2608 1324 2661 illa
1373 2607 1668 2675 disputare,
1720 2607 1892 2675 majus
1930 2600 2217 2676 praecipiet

640 2715 799 2769 quam
830 2701 968 2770 quod
998 2701 1048 2753 in
1078 2698 1338 2769 principio
1379 2698 1607 2765 positum
1637 2706 1751 2761 est;
1799 2698 1844 2750 si
1874 2712 2002 2752 vero
2030 2707 2211 2765 ponat,

638 2791 825 2846 credet
852 2806 918 2844 ex
962 2790 1139 2844 minus
1175 2787 1546 2843 credibilibus.
1576 2786 1634 2841 Si
1665 2786 1825 2856 igituur
1861 2797 2074 2856 oportet
2104 2804 2212 2842 uuon

636 2880 905 2937 difﬁcilius
935 2880 1206 2950 problema
1232 2876 1430 2942 facere,
1468 2877 1805 2945 ponendum;
1837 2880 1879 2932 si
1907 2888 2085 2932 autem
2117 2893 2212 2947 per

633 2978 841 3031 notiora
875 2972 1208 3044 syllogizare,
1234 2985 1338 3024 non
1368 2969 1692 3038 ponendum.
1730 2972 1811 3023 An
1842 2969 2069 3023 discenti
2090 2970 2209 3037 qui-

630 3066 753 3122 dem
797 3079 905 3119 non
932 3062 1268 3133 ponendum,
1300 3059 1401 3115 nisi
1432 3061 1606 3115 notius
1635 3064 1724 3124 sit,
1752 3066 2046 3115 exercitato
2077 3075 2205 3116 vero

2327 1892 2435 1948 est,
2465 1892 2520 1937 et
2545 1884 2813 1937 conclusio
2836 1884 2937 1938 erit
2960 1884 3099 1937 talis.
3129 1884 3391 1951 Quoniam
3421 1893 3596 1938 auteun
3625 1884 3764 1938 bene
3787 1885 3897 1954 syl-

2326 1977 2583 2045 logizans,
2619 1991 2685 2031 ex
2734 1976 3183 2046 probabilioribus
3221 1987 3275 2031 et
3324 1977 3647 2047 notioribus,
3692 1993 3893 2048 propu-

2325 2069 2483 2122 sitnun
2531 2066 2911 2131 demonstrat,
2939 2069 3279 2123 unauuifestum
3321 2082 3406 2124 εει
3452 2070 3630 2140 quod,
3680 2067 3894 2140 quando

2324 2158 2636 2227 simpliciter
2681 2166 2764 2213 est
2817 2158 3165 2226 improbabile
3212 2160 3353 2228 quod
3404 2162 3736 2229 proponitur,
3784 2175 3893 2214 non

2323 2249 2554 2302 dandum
2581 2257 2662 2302 est
2686 2249 3057 2316 respouudeuti,
3088 2264 3187 2303 nec
3215 2250 3359 2319 quod
3389 2265 3497 2304 non
3529 2251 3737 2304 videtur
3764 2253 3893 2303 siun-

2322 2338 2558 2406 pliciter,
2608 2351 2709 2391 nec
2756 2337 2897 2404 quod
2952 2336 3159 2391 videtur
3202 2338 3449 2408 quidem,
3495 2340 3667 2393 minus
3711 2350 3891 2395 autem

2319 2427 2665 2480 conclusiouue
2704 2426 2935 2480 videtur.
2966 2427 3097 2480 Nam
3139 2442 3260 2482 cum
3293 2429 3652 2498 improbabilis
3678 2438 3761 2481 est
3792 2442 3889 2496 po-

2319 2517 2473 2581 sitio,
2513 2518 2806 2585 probabilis
2846 2528 2930 2572 est
2969 2519 3265 2573 conclusio.
3302 2521 3479 2587 Quare
3514 2528 3726 2589 Oportet
3765 2533 3888 2588 quas

2312 2618 2597 2687 sumuntur
2627 2608 2922 2678 probabilia
2961 2624 3082 2664 esse
3110 2611 3285 2664 omnia
3316 2618 3371 2663 et
3398 2611 3563 2679 magis
3588 2609 3883 2677 probabilia

2316 2716 2473 2757 uuam
2513 2702 2658 2771 quod
2698 2701 3034 2771 proponitur,
3076 2703 3121 2756 si
3162 2702 3320 2757 debet
3360 2716 3455 2770 per
3496 2704 3703 2757 notiora
3740 2702 3883 2773 quod

2313 2792 2487 2846 minus
2519 2801 2698 2845 notuun
2729 2802 2812 2846 est
2849 2792 3119 2846 concludi.
3150 2792 3327 2858 Quare
3363 2793 3409 2847 si
3441 2808 3612 2859 neque
3650 2795 3752 2848 tale
3794 2804 3881 2847 est

2312 2881 2582 2949 quidpiam
2622 2894 2807 2934 eorum
2834 2895 2956 2949 qua:
2984 2880 3395 2949 interrogantur,
3438 2898 3545 2936 non
3578 2882 3877 2950 ponendum
3900 2914 3915 2917 ν

2310 2978 2396 3026 est
2437 2969 2801 3038 respondenti.
2845 2969 3174 3039 Simpliciter
3200 2980 3374 3025 autem
3406 2972 3451 3025 si
3481 2980 3564 3025 est
3593 2972 3879 3040 probabitis

2308 3065 2523 3135 positio,
2556 3065 2844 3120 dilucidum
2868 3074 2979 3129 est,
3003 3067 3250 3135 quoniam
3274 3067 3547 3120 conclusio
3569 3066 3876 3133 simpliciter

631 3154 958 3224 ponendum,
990 3153 1035 3206 si
1064 3165 1249 3206 verum
1290 3150 1464 3204 solum
1511 3149 1787 3203 videatur?
1812 3150 1990 3215 Quare
2034 3150 2204 3203 mani-
2229 3144 2262 3207 C

2312 3155 2693 3223 improbabilis,
2728 3156 3031 3224 ponendum
3069 3156 3230 3224 igitur
3258 3168 3309 3209 et
3340 3171 3460 3224 quae
3490 3156 3733 3209 viileuutur
3759 3170 3873 3206 om-

626 3247 821 3301 fesmm
847 3244 1097 3313 quoniam
1129 3257 1235 3296 non
1263 3239 1511 3296 similiter
1539 3248 1593 3293 et
1636 3238 1982 3305 interroganti
2012 3247 2065 3292 et
2104 3239 2201 3292 do-

625 3334 767 3389 ceuuti
795 3331 1207 3387 exisuimandum
1235 3345 1355 3384 esse
1381 3327 1706 3398 ponendum.
1726 3330 1843 3392 Quo
1865 3337 2018 3394 pacto
2043 3327 2202 3394 igitur

623 3425 955 3490 interrogare
981 3432 1034 3476 et
1063 3420 1312 3475 ordinare
1341 3426 1578 3489 oportet,
1613 3430 1752 3487 pene
1777 3415 2051 3470 sufﬁciunt
2079 3429 2199 3484 quae

622 3513 761 3568 dicta
792 3520 935 3567 sunt.

1230 3619 1457 3674 CAPUT
1493 3618 1581 3675 Ill.

1098 3732 1220 3787 Loci
1246 3748 1339 3802 pro
1365 3732 1721 3802 respondente.
1932 3798 1933 3801 η

599 3833 623 3873 ιη
688 3826 765 3881 De
781 3823 1130 3892 responsione
1148 3832 1325 3877 autem
1351 3823 1576 3891 primum
1595 3822 1808 3891 quidem
1831 3821 2189 3879 determinan-

616 3916 744 3970 dum
782 3914 1049 3982 quodnam
1079 3923 1162 3968 est
1211 3928 1343 3982 opus
1380 3915 1516 3967 bene
1556 3914 1958 3982 respondentis,
2000 3931 2191 3985 queun-

613 4004 901 4059 admodum
933 3996 1067 4057 bene
1099 4003 1497 4071 interrogantis.
1525 4003 1620 4056 Est
1649 4012 1827 4057 autem
1858 4003 2194 4071 interrogan-

612 4096 683 4149 tis
708 4096 921 4165 quidem
947 4095 1025 4147 sic
1050 4094 1314 4147 deducere
1341 4093 1634 4147 orationenu
1651 4132 1667 4156 ,
1698 4102 1752 4145 ut
1779 4092 1937 4147 faciat
1963 4109 2191 4163 responf

611 4187 826 4241 dentem
864 4185 1043 4238 dicere
1072 4180 1479 4251 inopinabiliora
1508 4196 1666 4251 quam
1696 4197 1757 4236 ea
1802 4198 1920 4252 qua:
1967 4192 2191 4253 prapter

611 4277 925 4347 positionem
956 4284 1081 4328 sunt
1112 4273 1441 4336 necessaria;
1475 4272 1852 4339 respondentis
1899 4287 2029 4327 vero
2072 4288 2181 4326 non

610 4378 824 4438 propter
850 4382 909 4421 se
937 4379 1214 4434 apparere,
1245 4363 1486 4418 accidere
1526 4362 1878 4428 impossibile,
1912 4372 2003 4416 aut
2039 4363 2183 4432 quod

609 4471 803 4531 praeter
828 4459 1133 4528 opiuuioneun
1164 4463 1278 4518 est,
1306 4453 1400 4507 sed
1432 4461 1649 4520 propter
1672 4452 1987 4520 positionem
2014 4471 2027 4504 :
2060 4468 2179 4507 nam
2214 4492 2262 4552 ο

607 4551 831 4605 alteruum
878 4547 1105 4601 fortasse
1150 4552 1462 4614 peccatum,
1510 4556 1710 4611 ponere
1762 4541 1990 4610 primuuuuu
2038 4545 2179 4613 quod

608 4654 714 4695 non
745 4648 990 4709 oportet,
1020 4646 1076 4691 et
1116 4635 1348 4704 positum
1395 4648 1500 4686 uuon
1541 4647 1755 4686 servare
1793 4632 1970 4702 aliquo
1999 4633 2177 4687 modo.

606 4731 739 4797 Quia
766 4738 942 4783 auteuuu
971 4735 1097 4781 sunt
1125 4722 1534 4778 indeterminata
1566 4722 1631 4777 iis
1662 4723 1748 4791 qui
1782 4732 2002 4791 propter
2026 4739 2183 4778 exer-

605 4823 911 4875 citationem
943 4830 994 4873 et
1037 4816 1421 4882 experientiam
1461 4815 1733 4869 orationes
1780 4813 1983 4868 faciunt
2033 4816 2179 4885 (nam

604 4927 713 4967 non
751 4911 955 4965 eaedem
998 4907 1457 4962 considerationes
1497 4914 1552 4958 et
1582 4904 1944 4969 discentibus,
1978 4914 2032 4958 et
2080 4904 2180 4959 do-

604 5002 882 5064 centibus,
926 5010 980 5054 et
1022 4997 1475 5059 concertantibus,
1538 5009 1710 5062 neque
1757 4993 1838 5046 luis
1876 5002 1929 5045 et
1973 4994 2039 5047 iis
2083 4994 2177 5062 qui

603 5099 863 5146 exercent
906 5104 964 5144 se
1008 5087 1234 5142 invicem
1284 5084 1633 5153 unspectionis
1675 5083 1883 5151 gratia:
1924 5097 2047 5136 nam
2093 5083 2177 5137 di-

603 5182 774 5237 scenti
803 5179 1015 5249 quidem
1035 5176 1277 5247 ponenda
1298 5185 1421 5230 suuuut
1436 5187 1648 5241 semper
1675 5187 1735 5226 ea
1754 5187 1873 5240 qua:
1891 5172 2173 5239 videntur;

602 5286 775 5340 neque
812 5270 955 5324 enim
1003 5275 1227 5322 conatur
1268 5263 1462 5319 falsunu
1508 5263 1648 5318 ullus
1695 5261 1912 5326 docere,
1945 5276 2172 5317 concer-

600 5365 824 5419 tantium
866 5375 995 5417 vero
1024 5361 1437 5426 interrogantem
1486 5355 1699 5424 quidem
1744 5353 1912 5409 videri
1959 5355 2164 5424 aliquid

601 5453 777 5507 facere
819 5460 1031 5516 oportet
1072 5450 1309 5511 omnino,
1353 5444 1763 5515 respondentem
1805 5453 1981 5500 autem
2030 5444 2162 5499 nihil

599 5546 767 5600 videri
789 5544 1009 5610 pati),et
1030 5544 1081 5596 iuu
1112 5540 1400 5596 dialecticis
1421 5535 1888 5608 congressionibus
1912 5550 2033 5605 qua:
2059 5549 2165 5589 non

598 5632 1008 5687 concertationis
1035 5631 1231 5699 gratia,
1261 5627 1355 5682 sed
1384 5618 1743 5696 experimenti
1778 5634 1832 5679 et
1873 5623 2169 5692 inspectio-

599 5724 680 5777 uuis
707 5724 975 5778 orationes
1018 5720 1245 5785 faciunt,
1289 5717 1524 5773 nonduum
1568 5717 1902 5774 enucleatum
1934 5720 2016 5768 est
2061 5729 2167 5783 quo

2302 3246 2413 3311 nia,
2439 3256 2494 3301 et
2521 3260 2704 3299 eoruun
2735 3261 2852 3314 quae
2890 3260 2996 3299 non
3026 3246 3294 3311 videntur,
3324 3260 3654 3313 quaecunque
3696 3244 3870 3297 minus

2300 3352 2426 3397 sunt
2454 3341 2825 3411 improbabilia
2855 3340 3220 3395 conclusione.
3258 3340 3389 3394 Nam
3434 3340 3761 3393 sufuicieuuter
3790 3341 3870 3394 sic

2300 3432 2568 3486 videbitur
2596 3429 2951 3498 disceptatum
2979 3444 3120 3485 esse.
3146 3430 3401 3485 Similiter
3428 3438 3603 3481 auteun
3644 3428 3776 3493 erit,
3808 3438 3868 3481 et

2298 3521 2345 3574 si
2377 3534 2550 3590 nequue
2592 3520 2978 3589 improbabilis,
3012 3535 3181 3588 neque
3210 3518 3497 3588 probabilis
3525 3528 3607 3571 est
3645 3518 3865 3586 positio.

2295 3615 2427 3673 Nam
2466 3617 2545 3671 sic
2580 3628 2634 3671 et
2661 3631 2779 3685 qua:
2807 3616 3051 3671 videntur
3087 3616 3262 3669 omnia
3288 3613 3517 3668 dandum
3538 3655 3552 3679 ,
3581 3623 3638 3673 et
3676 3627 3865 3667 eoruun

2295 3721 2414 3773 quae
2447 3720 2552 3783 non
2597 3706 2866 3771 videntur,
2904 3719 3233 3775 quaecunque
3276 3705 3448 3758 minus
3490 3712 3617 3757 sunt
3656 3705 3863 3770 impro-

2294 3795 2488 3848 babilia
2530 3796 2900 3859 conclusione,
2941 3795 3019 3850 sic
3065 3797 3206 3849 enim
3250 3794 3635 3865 probabiliores
3672 3794 3865 3848 accidit

2293 3886 2562 3941 orationes
2602 3886 2736 3942 ﬁeri.
2769 3888 2826 3942 Si
2870 3886 3030 3956 igitur
3066 3887 3378 3956 simpliciter
3405 3887 3617 3957 qudem
3662 3887 3862 3956 prebe-

2293 3978 2401 4033 bile
2438 3978 2527 4033 vel
2556 3978 2907 4047 improbabile
2944 3980 3085 4047 quod
3132 3979 3368 4048 ponitur,
3399 3979 3463 4032 ad
3508 3992 3569 4033 ea
3613 3993 3734 4047 quae
3772 3977 3857 4030 vi-

2292 4068 2484 4123 deuutur
2524 4069 2838 4137 simpliciter
2887 4071 3213 4138 comparatio
3263 4068 3521 4123 facienda.
3565 4068 3622 4123 Si
3681 4078 3858 4121 autem

2292 4173 2397 4212 non
2436 4159 2747 4228 simpliciter
2777 4158 3053 4228 probabile
3090 4160 3175 4214 vel
3220 4159 3575 4228 improbabile
3602 4158 3674 4211 sit
3716 4157 3862 4227 quod

2290 4253 2525 4320 ponitur,
2553 4252 2645 4307 sed
2677 4251 3046 4320 respondenti,
3074 4251 3141 4303 ad
3165 4251 3423 4319 seipsum,
3450 4250 3595 4320 quod
3623 4249 3854 4319 videtur,

2290 4352 2343 4395 et
2390 4344 2527 4412 quoul
2584 4357 2689 4396 non
2739 4342 2947 4397 videtur
3002 4341 3321 4412 judicando,
3374 4341 3711 4410 poluenulum,
3768 4341 3855 4395 vel

2290 4446 2397 4484 non
2440 4432 2761 4498 pouuendum.
2800 4430 2857 4486 Si
2887 4446 3015 4485 vero
3042 4430 3261 4485 alterius
3302 4430 3608 4499 opinionem
3657 4438 3857 4484 tutetur

2286 4523 2642 4590 respondens,
2688 4520 3028 4576 manifestum
3073 4522 3323 4591 quoniam
3368 4520 3451 4593 ad,
3474 4520 3618 4574 illius
3659 4520 3858 4574 intelli-

2284 4613 2517 4682 gentiam
2550 4613 2874 4681 aspicieuudo,
2904 4628 3102 4682 ponere
3123 4613 3331 4681 singula
3356 4612 3516 4665 debet
3540 4620 3596 4666 et
3626 4627 3851 4682 negare;

2283 4719 2449 4776 quare
2479 4713 2534 4758 et
2571 4705 2659 4771 qui
2692 4715 2881 4758 curant
2926 4713 3207 4759 extraneas
3236 4704 3516 4771 Opiniones
3546 4709 3629 4767 (ut
3656 4704 3854 4757 bonum

2285 4805 2336 4850 et
2370 4794 2566 4848 nualum
2603 4808 2723 4849 esse
2763 4795 2936 4861 idem,
2964 4793 3412 4863 quemadmodum
3446 4794 3744 4847 Heraclitus
3773 4794 3859 4847 in-

2284 4886 2419 4955 quit)
2449 4901 2552 4939 non
2597 4886 2726 4940 dant
2764 4901 2871 4940 uuon
2917 4888 3106 4940 adesse
3131 4886 3287 4939 simul
3331 4886 3599 4939 contraria
3638 4886 3848 4947 eidem,

2284 4992 2388 5032 non
2418 4977 2667 5030 videntur
2694 4977 2772 5031 eis
2814 4977 2948 5039 hate,
2975 4976 3070 5030 sed
3112 4977 3233 5044 quia
3275 4976 3569 5030 secundum
3614 4976 3859 5029 Heracli~

2284 5076 2395 5121 tum
2432 5067 2510 5120 sic
2547 5066 2850 5120 diceuudum.
2885 5066 3110 5121 Faciunt
3139 5067 3241 5121 luoc
3274 5077 3452 5120 autem
3493 5075 3548 5120 et
3575 5066 3665 5133 quui
3690 5069 3863 5118 susci-

2282 5158 2433 5227 piunt
2462 5156 2529 5210 ab
2558 5156 2783 5211 invicem
2815 5155 3127 5225 positiones,
3152 5155 3454 5224 conjectant
3477 5155 3622 5210 enim
3645 5170 3710 5208 ac
3733 5155 3777 5208 si
3811 5156 3856 5210 is

2279 5248 2423 5301 dicat
2447 5248 2538 5314 qui
2581 5247 2758 5315 ponit;
2804 5244 3143 5301 manifestuun
3193 5245 3352 5316 igitur
3390 5261 3508 5314 quae
3537 5245 3850 5314 conjectum

2278 5337 2403 5390 dum
2449 5334 2815 5403 respondenti,
2865 5335 2976 5388 sive
3013 5333 3326 5402 simpliciter
3381 5334 3684 5403 probabile,
3737 5318 3861 5388 sive

2275 5432 2431 5487 alicui
2461 5435 2689 5502 positum
2711 5440 2812 5487 est.
2841 5432 3103 5499 Quoniam
3131 5442 3309 5487 autem
3331 5444 3413 5487 est
3443 5449 3664 5488 necesse
3686 5450 3847 5488 nmuue

2274 5530 2415 5601 quod
2476 5531 2832 5599 interrogatur
2887 5538 2980 5584 aut
3024 5530 3327 5616 probabi'e.
3353 5539 3445 5584 aut
3488 5532 3845 5601 improbabile

2275 5637 2416 5689 esse,
2454 5634 2544 5676 aut
2591 5631 2869 5687 neutrum,
2930 5631 2985 5678 et
3022 5621 3089 5677 ad
3130 5624 3441 5679 orationem
3483 5633 3575 5679 aut
3626 5641 3731 5680 non
3784 5625 3851 5679 ad

2276 5714 2568 5787 orationem
2610 5713 2834 5769 attinere
2867 5713 3011 5784 quod
3044 5715 3424 5787 interrogatur,
3457 5716 3501 5771 si
3534 5716 3605 5772 sit
3634 5716 3853 5787 quidem
