4248 6272
397 361 526 425 1001

1252 346 1646 407 TOPICORUM
1688 341 2141 404 ARISTOTELIS
2181 340 2759 400 INTERPBETATlO.

3522 346 3664 403 {002

373 482 520 552 quod
550 478 778 543 videtur,
808 483 864 532 et
893 488 998 530 non
1025 473 1090 528 ad
1135 471 1430 526 oralionem
1449 511 1464 537 ,
1496 467 1728 524 dandum
1761 475 1845 521 est
1873 466 1957 521 di-
1988 469 2044 530 Α
2066 464 2370 518 contrarias
2401 462 2686 527 habemus,
2716 476 2851 533 quas
2876 461 3097 520 dil'licile
3120 470 3207 521 est
3243 464 3483 533 solvere,
3511 466 3663 522 velut

373 566 549 623 cendo
592 567 733 636 quod
778 566 1008 622 videtur.
1053 565 1171 619 Non
1212 563 1353 619 enim
1386 561 1707 617 interimitur
1755 560 1960 630 (posito

373 670 459 728 eo)
491 659 632 729 quod
666 659 721 713 in
762 657 1047 729 principio.
1090 657 1144 710 Si
1177 670 1303 709 vero
1346 668 1451 708 non
1477 652 1709 719 videtur,
1754 661 1810 706 et
1853 665 1960 705 non

373 753 439 806 ad
477 751 800 815 orationem,
829 748 1061 803 dandum
1090 745 1328 816 quidem,
1359 753 1415 798 et
1439 742 1962 815 consignilicandum

373 843 514 910 quod
556 857 662 896 non
706 838 952 922 videtur,.
971 837 1036 891 ad
1079 837 1462 891 devitationem
1509 834 1877 890 absurditatis.
1906 833 1964 890 Si

375 945 502 985 vero
531 930 600 984 sit
629 928 693 982 ad
743 928 1063 991 orationem,
1095 935 1149 980 et
1195 924 1460 992 videatur,
1494 925 1781 981 dicendum
1826 939 1992 995 quo--

374 1022 514 1076 niam
544 1021 752 1075 videtur
774 1019 1011 1089 quidem,
1045 1017 1140 1072 sed
1172 1016 1326 1073 valde
1355 1016 1711 1088 propinquum
1741 1015 1790 1072 ei
1821 1015 1962 1087 quod

373 1112 424 1166 in
452 1111 708 1181 principio
737 1119 850 1175 est,
878 1119 932 1164 et
973 1107 1300 1163 interimitur
1325 1109 1414 1177 (eo
1443 1106 1640 1177 posito)
1671 1107 1812 1177 quod
1844 1121 1965 1176 pro-

372 1203 600 1270 positum
643 1211 744 1256 est.
771 1201 828 1256 Si
867 1211 1045 1256 autem
1073 1200 1141 1255 ad
1187 1201 1486 1266 orationem
1527 1199 1775 1270 quidem,
1808 1198 1965 1255 valde

368 1305 546 1350 autem
596 1293 872 1363 probabile
915 1293 1281 1363 postulatum,
1319 1291 1602 1346 dicendum
1632 1289 1774 1361 quod
1819 1289 1963 1345 acci-

369 1385 447 1440 dit
480 1385 582 1438 hoc
623 1382 817 1452 posito,
867 1390 924 1436 at
972 1383 1127 1438 valde
1163 1381 1452 1437 absurdum
1494 1396 1614 1435 esse
1656 1380 1795 1449 quod
1842 1395 1966 1450 pro-

369 1475 603 1545 ponitur.
631 1472 689 1528 Si
712 1486 840 1527 vero
863 1486 1040 1542 neque
1064 1471 1359 1540 probabile,
1387 1485 1559 1540 neque
1588 1469 1960 1538 improbabile,

371 1567 418 1624 si
450 1565 585 1621 nihil
629 1565 845 1634 quidem
877 1565 943 1618 ad
979 1563 1312 1627 orationem,
1347 1562 1580 1617 dandutn
1613 1562 1745 1616 nihil
1787 1562 1965 1617 deter-

372 1653 647 1713 minando.
673 1654 731 1709 Si
771 1664 948 1708 autem
979 1651 1046 1707 ad
1086 1652 1404 1717 orationem,
1448 1650 1962 1719 consignilit-andum

372 1746 514 1818 quod
546 1743 873 1801 interimitur
922 1742 1123 1814 (posito
1154 1742 1241 1811 eo)
1273 1741 1415 1810 quod
1457 1740 1511 1794 in
1557 1739 1820 1808 principio
1859 1749 1960 1794 est.

2069 556 2334 622 Zenonis,
2366 555 2504 626 quod
2533 570 2640 610 non
2667 557 2930 626 contingit
2957 556 3195 622 moveri,
3227 571 3402 627 neque
3430 559 3658 616 stadium

2068 649 2424 720 pertransire,
2459 649 2554 704 sed
2611 664 2714 704 non
2747 662 2963 720 pr0pter
2993 651 3046 704 id
3085 666 3206 722 quae
3247 660 3377 706 sunt
3416 656 3660 721 opposi'a

2069 741 2156 796 his
2182 756 2287 795 non
2316 741 2645 811 ponendum.
2674 740 2732 798 Si
2759 741 2918 812 igitur
2964 743 3055 812 qui
3087 757 3261 813 neque
3290 754 3475 800 contra
3503 761 3661 814 argu-

2070 834 2302 890 mentari
2331 834 2524 904 habet,
2556 849 2732 904 neque
2757 834 2981 898 instare,
3013 849 3120 890 non
3151 835 3300 905 ponit
3329 837 3620 892 dilucidum
3642 880 3658 903 ,

2068 928 2322 995 quoniam
2351 926 2630 995 protervit.
2669 925 2767 980 Est
2796 925 2940 981 enim
2973 925 3027 979 in
3058 925 3508 995 disputationibus
3536 944 3660 997 pro-
3710 947 3724 956 ·

2069 1018 2241 1073 tervia
2293 1019 2576 1088 responsio
2621 1026 2818 1088 printer
2865 1016 3039 1072 dictos
3086 1017 3308 1086 modos,
3355 1020 3662 1091 syllogismi

2068 1108 2382 1164 destructio.
2416 1109 2697 1165 Sustinere
2738 1119 2916 1165 autem
2948 1117 3001 1163 et
3029 1109 3348 1179 positionem
3375 1121 3431 1166 et
3470 1111 3660 1169 deﬁni-

2068 1200 2294 1271 tionem,
2341 1201 2517 1272 ipsum
2550 1201 2653 1256 sibi
2695 1201 2796 1270 ipsi
2839 1208 3052 1269 oportet
3096 1197 3659 1271 pratargumentando.

2067 1291 2201 1347 Nam
2242 1307 2307 1347 ex
2339 1293 2533 1363 quibus
2577 1291 2893 1348 interimunt
2937 1291 3330 1363 interrogantes
3365 1293 3506 1364 quod
3536 1308 3661 1364 pro-

2068 1384 2306 1452 ponitur,
2339 1382 2687 1438 manil‘estum
2717 1383 2969 1454 quoniam
3000 1383 3066 1438 iis
3093 1382 3513 1441 adversantium.
3540 1387 3662 1442 Ino-

2069 1473 2356 1541 pinabilem
2399 1489 2528 1530 vero
2577 1476 3001 1545 suppositionem
3033 1477 3336 1532 cavendum
3367 1478 3659 1537 sustinere.

2069 1563 2185 1618 Erit
2213 1575 2388 1620 autem
2413 1567 2756 1636 inepinabilis
2778 1568 3144 1639 multipliciter
3166 1586 3289 1628 nam
3312 1582 3366 1627 et
3384 1589 3448 1628 ea
3471 1591 3534 1629 ex
3555 1592 3662 1646 qua

2069 1653 2270 1709 absona
2322 1657 2588 1727 contingit
2634 1658 2814 1714 dicere
2861 1658 2942 1730 (ut
2983 1660 3028 1713 si
3071 1661 3248 1715 omnia
3288 1661 3432 1718 dicat
3468 1665 3663 1735 aliquis

2070 1747 2313 1812 moveri,
2377 1757 2470 1802 aut
2515 1748 2707 1819 nihil),
2770 1758 2824 1804 et
2862 1765 3194 1822 quascunque
3250 1752 3448 1823 pejoris
3495 1757 3663 1812 moris

373 1828 504 1897 Nam
545 1839 625 1893 sic
653 1847 719 1894 et
767 1837 857 1906 qui
908 1835 1201 1905 reSpondet
1249 1835 1380 1889 nihil
1430 1835 1697 1889 videbitur
1745 1844 1963 1904 propter
1993 1848 2191 1909 Besse
2239 1839 2517 1909 eligenda,
2567 1851 2620 1896 et
2665 1856 2782 1910 qua:
2826 1843 3095 1896 contraria
3139 1847 3403 1911 consiliis,
3433 1858 3491 1902 ttt
3520 1849 3663 1917 quod

373 1933 471 1989 hoc
498 1931 638 2002 pati,
669 1929 932 2000 siquidem
965 1926 1261 1997 prtevidens
1315 1926 1555 1996 singula,
1590 1927 1861 1993 posuerit,
1907 1934 1962 1982 et

370 2025 461 2094 qui
497 2023 792 2091 interrogat
826 2020 1129 2089 assequitur
1159 2017 1532 2088 syllogismum
1579 2017 1764 2086 positis
1791 2015 1860 2069 ab
1895 2030 1962 2070 eo

370 2114 622 2170 omnibus
689 2111 1140 2182 probabiliorihus
1203 2109 1572 2164 conclusione.
1644 2108 1962 2178 Quicunque

375 2224 508 2264 vero
551 2223 655 2262 non
694 2222 760 2261 ex
807 2204 1257 2274 probabiliorihus
1305 2203 1655 2257 conclusione
1700 2211 1964 2256 conantur

371 2303 713 2375 syllogizare,
744 2298 1086 2369 perSpicuum
1124 2296 1378 2365 quoniam
1423 2311 1529 2350 non
1559 2295 1696 2350 bene
1739 2293 1962 2366 syllogi-

371 2402 526 2456 zant,
558 2404 723 2461 quare
765 2402 886 2443 cum
933 2386 1013 2442 sic
1059 2386 1431 2456 interrogant,
1476 2399 1583 2439 non
1630 2383 1960 2453 ponendum.

371 2479 631 2536 Similiter
652 2489 828 2534 autem
855 2487 906 2532 ct
941 2477 992 2532 in
1045 2477 1109 2531 iis
1148 2493 1267 2546 qua:
1298 2477 1529 2532 obscure
1555 2484 1611 2531 et
1652 2476 1962 2543 multiplici-

373 2583 454 2627 ter
484 2571 734 2626 dicuntur
773 2569 1160 2626 occurrendum
1201 2578 1304 2624 est.
1334 2568 1468 2623 Nam
1500 2569 1624 2638 quia
1655 2567 1839 2623 datum
1878 2577 1965 2624 est

374 2661 741 2731 respondenti,
775 2675 880 2715 non
910 2659 1159 2726 discenti,
1187 2657 1369 2714 dicere
1399 2673 1505 2713 non
1538 2657 1711 2722 disco,
1741 2667 1794 2713 et
1824 2659 1965 2714 mul-

373 2751 632 2822 tipliciter
674 2751 906 2815 dictum,
953 2765 1060 2804 non
1103 2763 1167 2804 ex
1220 2748 1544 2803 necessitate
1584 2747 1830 2802 conﬁteri
1874 2747 1963 2801 vel

363 2857 595 2914 negare,
625 2840 964 2896 manifestum
1007 2839 1260 2910 quoniam
1311 2841 1544 2910 primum
1589 2838 1805 2909 quidem
1860 2840 1964 2895 nisi

375 2935 594 3004 planum
638 2933 708 2986 sit
736 2931 877 3002 quod
917 2930 1131 2996 dicitur,
1177 2944 1286 2984 non
1311 2927 1671 2985 cunctandum
1715 2937 1773 2983 ut
1815 2927 1964 2983 dicat

376 3024 519 3080 haud
560 3024 820 3094 intelligo,
863 3037 985 3077 nam
1013 3036 1158 3091 saepe
1187 3036 1251 3076 ex
1278 3035 1345 3076 eo
1372 3021 1513 3090 quod
1545 3036 1649 3076 non
1680 3023 1826 3077 clare
1869 3022 1958 3076 in-

365 3116 769 3186 'terrogantibus
797 3113 957 3181 dant,
1000 3113 1234 3169 occurrit
1274 3112 1475 3182 aliquid
1504 3113 1748 3168 dilticile.
1783 3113 1835 3168 Si
1868 3129 1963 3168 au-

2068 1933 2317 2002 voluptas
2351 1933 2581 2001 bonum,
2611 1942 2665 1988 et
2695 1933 2942 2003 injuriam
2973 1935 3152 1992 facere
3184 1939 3376 1994 melius
3399 1957 3554 2010 quam
3584 1943 3664 1999 in-

2061 2023 2256 2093 juriam
2294 2025 2430 2091 pati,
2461 2041 2583 2079 nam
2627 2041 2731 2078 non
2763 2037 2819 2081 ut
2868 2027 3126 2082 orationis
3171 2030 3338 2096 gratia
3385 2035 3656 2088 sustinen-

2069 2123 2208 2180 tem,
2251 2115 2345 2170 sed
2391 2125 2447 2170 ut
2493 2131 2555 2171 ea
2608 2133 2726 2187 qua:
2771 2117 3050 2172 videantur
3093 2118 3358 2176 dicentem
3408 2125 3656 2182 oderunt.

2067 2206 2410 2274 Quaecunque
2438 2222 2564 2262 vero
2594 2210 2900 2264 orationum
2932 2211 3123 2266 falsum
3167 2214 3485 2284 syllogizant
3508 2257 3521 2279 ,
3553 2219 3660 2272 sol-

2070 2296 2304 2352 vendum
2355 2299 2720 2354 interimendo
2777 2300 2826 2354 id
2881 2309 3099 2371 propter
3145 2303 3287 2371 quod
3338 2305 3396 2357 lit
3440 2305 3658 2363 falsum.

2067 2389 2200 2444 Nam
2236 2406 2340 2446 non
2373 2392 2420 2446 is
2451 2393 2540 2463 qui
2573 2392 2806 2463 quodvis
2836 2391 3097 2450 interimit
3121 2395 3314 2460 solvit,
3347 2413 3413 2451 ne
3444 2398 3658 2466 quidem

2067 2479 2114 2535 si
2145 2480 2335 2535 falsum
2364 2491 2447 2536 est
2485 2483 2626 2552 quod
2672 2482 3029 2550 interimitur;
3066 2484 3265 2542 habere
3303 2489 3444 2542 enim
3489 2497 3663 2557 potest

2067 2572 2224 2641 plura
2255 2573 2384 2627 falsa
2416 2575 2627 2639 oratio,
2664 2585 2724 2629 ut
2762 2573 2808 2630 si
2848 2576 2968 2644 quis
3010 2586 3186 2631 sumat
3222 2578 3496 2634 sedentem
3538 2581 3663 2636 scri-

2070 2661 2220 2727 bere,
2268 2661 2545 2718 Socratem
2589 2679 2720 2719 vero
2762 2664 2972 2728 sedere,
3013 2667 3208 2722 accidit
3250 2669 3393 2722 enim
3439 2684 3504 2724 ex
3551 2671 3663 2738 his.

2070 2750 2353 2808 Socratem
2382 2753 2655 2820 scribere;
2690 2754 3013 2825 interempto
3057 2759 3219 2827 igitur
3257 2758 3530 2815 Socratem
3571 2776 3664 2818 se-

2067 2841 2221 2909 dere,
2264 2843 2398 2898 nihil
2438 2846 2609 2915 magis
2647 2846 2825 2901 soluta
2852 2852 2935 2902 εει
2961 2850 3153 2913 oratio,
3197 2852 3440 2919 quamvis
3469 2853 3662 2910 falsum

2067 2934 2136 2988 sit
2167 2937 2489 3005 postulatum
2510 2978 2524 3002 ,
2553 2938 2646 2993 sed
2680 2955 2784 2994 non
2819 2950 3039 3011 propter
3063 2941 3114 2995 id
3144 2943 3320 2999 oratio
3347 2944 3503 2999 falsa.
3528 2946 3662 3003 Nam

2069 3025 2116 3079 si
2145 3027 2266 3095 quis
2296 3027 2366 3081 sit
2393 3028 2608 3095 sedens,
2642 3045 2747 3085 non
2779 3031 3022 3087 scribens
3054 3043 3266 3098 autem,
3298 3050 3407 3091 non
3431 3037 3664 3106 amplius

2069 3118 2124 3171 in
2158 3120 2248 3173 tali
2295 3129 2418 3190 apte
2454 3123 2952 3178 accommodabitur
2988 3123 3178 3180 eadem
3216 3127 3443 3193 solutio;
3493 3145 3663 3200 quare

378 3216 486 3262 tem
527 3215 712 3261 notum
741 3204 954 3275 quidem
983 3204 1082 3270 sit,
1114 3204 1483 3274 multipliciter
1512 3213 1689 3260 autem
1721 3205 1957 3272 dictum;
1990 3221 2037 3285 ρ
2067 3223 2177 3264 non
2215 3209 2269 3264 id
2312 3211 2766 3281 interimendum,
2809 3214 2907 3269 sed
2937 3216 3214 3271 sedentem
3260 3219 3520 3285 scribere,
3552 3237 3660 3277 non

375 3296 423 3351 si
455 3296 505 3350 in
531 3295 778 3350 omnibus
802 3294 1015 3365 quidem
1041 3309 1228 3350 verum
1269 3296 1354 3350 vel
1384 3294 1576 3350 falsum
1604 3297 1676 3349 sit
1704 3297 1842 3366 quod
1877 3297 1960 3352 di-

374 3384 810 3453 citur,‘dandum
841 3383 1156 3454 simpliciter
1194 3383 1338 3453 quod
1384 3384 1601 3451 dicitur,
1630 3386 1714 3440 vel
1759 3400 1960 3456 negan-

376 3475 533 3541 dum;
565 3475 611 3529 si
639 3488 765 3529 vero
793 3475 847 3529 in
875 3476 1055 3544 aliquo
1086 3474 1301 3544 quidem
1341 3475 1415 3530 sit
1443 3491 1653 3542 verum,
1685 3477 1737 3531 in
1776 3477 1959 3547 aliquo

377 3575 554 3622 autem
595 3565 821 3631 falsum,
855 3565 1259 3636 significandum
1287 3576 1370 3622 est
1396 3567 1539 3638 quod
1588 3567 1956 3638 multipliciter

376 3659 595 3728 dicitur,
626 3668 680 3713 et
705 3659 828 3728 quia
857 3658 958 3714 hoc
981 3659 1198 3729 quidem
1243 3659 1466 3728 falsum,
1500 3660 1631 3715 illud
1660 3670 1838 3717 autem
1869 3677 1961 3719 ve-

379 3765 518 3805 rum.
550 3747 679 3804 Nam
709 3765 828 3804 cum
856 3750 1122 3818 posterius
1145 3749 1508 3819 distinguitur,
1540 3751 1956 3809 inimanii'estum

379 3841 424 3894 si
453 3848 509 3895 et
536 3839 591 3894 in
624 3839 888 3908 principio
913 3840 1218 3909 ambiguum
1254 3841 1730 3898 animadverterit.
1765 3843 1821 3899 Si
1865 3859 1962 3899 au-

382 3940 492 3986 tem
537 3944 643 3984 non
686 3929 994 3999 praeviderit
1021 3931 1272 3999 dubium,
1306 3933 1401 3988 sed
1448 3933 1504 3989 in
1549 3935 1778 3990 alterum
1820 3938 1964 4007 aspi-

381 4021 532 4076 ciens
559 4020 824 4089 posuerit,
852 4019 1136 4076 dicendum
1163 4023 1229 4076 ad
1259 4038 1379 4078 eum
1407 4025 1496 4094 qui
1523 4025 1580 4081 in
1607 4027 1836 4082 alterum
1864 4028 1964 4082 du-

383 4112 486 4177 cit,
519 4111 770 4182 quoniam
799 4125 907 4167 non
938 4112 1004 4167 ad
1035 4112 1087 4168 id
1115 4113 1385 4184 aspiciens
1427 4115 1585 4183 dedi,
1619 4117 1711 4172 sed
1738 4119 1806 4172 ad
1830 4118 1965 4174 alte-

382 4219 501 4260 rum
553 4218 761 4258 eorum.
813 4203 946 4258 Nam
999 4205 1238 4274 pluribus
1287 4208 1643 4265 existentibus
1693 4225 1812 4280 quae
1861 4211 1963 4267 sub

381 4296 571 4350 eodem
596 4297 835 4361 nomine,
865 4295 950 4351 vel
993 4296 1180 4353 eadem
1208 4299 1450 4355 oratione
1489 4309 1649 4369 sunt,
1682 4300 1853 4357 facilis
1882 4310 1966 4358 est

381 4386 723 4456 ambiguitas.
747 4385 805 4441 Si
831 4391 959 4442 vero
983 4397 1038 4443 et
1062 4388 1356 4445 dilucidum
1386 4392 1457 4446 sit
1487 4401 1540 4446 et
1564 4393 1792 4461 simplex
1818 4393 1963 4464 quod

386 4478 762 4547 interrogatur,
803 4489 894 4535 aut
921 4480 1022 4547 sic,
1056 4491 1147 4536 aut
1170 4485 1292 4550 jnon
1333 4484 1788 4552 respondendum.
1819 4487 1966 4556 Quo-

2063 3301 2209 3356 enim
2257 3304 2436 3358 omnis
2463 3305 2552 3374 qui
2581 3305 2736 3361 sedet
2775 3307 2981 3362 scribit.
3011 3308 3186 3364 Solvit
3215 3311 3378 3382 igitur
3415 3315 3662 3386 omnino,

2062 3392 2152 3462 qui
2178 3393 2434 3449 interimit
2461 3394 2513 3449 id
2545 3405 2764 3466 propter
2789 3398 2929 3466 quod
2960 3399 3018 3453 lit
3045 3400 3263 3468 falsum,
3291 3404 3439 3458 novit
3479 3417 3663 3464 autem

2063 3483 2389 3540 solutionem
2428 3485 2522 3556 qui
2561 3488 2665 3542 scit
2709 3488 2853 3558 quod
2899 3502 3120 3559 propter
3176 3491 3231 3547 id
3277 3493 3406 3549 falsa
3450 3501 3660 3569 orat'o,

2064 3575 2514 3644 quemadmodum
2559 3577 2613 3633 in
2655 3577 2718 3633 iis
2762 3594 2881 3649 qua
2927 3581 3061 3636 falso
3100 3581 3509 3655 describuntur;
3553 3605 3662 3646 non

2065 3667 2208 3722 enim
2246 3668 2444 3724 sullicit
2470 3667 2696 3737 instare,
2729 3687 2800 3728 ne
2828 3672 3043 3740 quidem
3085 3676 3130 3730 si
3178 3677 3372 3733 falsum
3401 3680 3472 3734 sit
3513 3681 3658 3751 quod

2066 3756 2417 3826 interimitur,
2443 3761 2537 3816 sed
2566 3772 2620 3818 et
2646 3762 2698 3817 id
2726 3772 2946 3834 propter
2967 3766 3108 3836 quod
3137 3767 3352 3838 falsum,
3379 3771 3664 3844 assignan-

2066 3847 2232 3904 dum:
2274 3851 2352 3907 sic
2399 3853 2545 3907 enim
2594 3854 2699 3909 erit
2746 3856 3090 3912 manifestum
3133 3867 3316 3916 utrum
3358 3863 3662 3930 praevidens

2067 3936 2384 4011 aliquid,’an
2411 3959 2515 3998 non
2532 3983 2548 4008 ,
2577 3943 2707 4000 facit
2732 3945 3064 4002 instantiam.

2684 4074 2911 4131 CAPUT
2948 4075 3038 4131 IV.

2163 4180 2290 4235 Loci
2315 4196 2605 4237 communes
2631 4201 2725 4256 pro
2746 4186 3096 4258 interrogante
3126 4200 3173 4245 et
3194 4197 3549 4265 respondente.

2141 4290 2238 4347 Est
2265 4300 2443 4348 autem
2474 4296 2773 4352 orationem
2806 4298 3098 4368 prohibere
3137 4303 3381 4360 concludi
3425 4310 3660 4376 quadru-

2068 4384 2302 4454 pliciter.
2350 4387 2483 4441 Nam
2537 4397 2628 4444 aut
2679 4390 3040 4448 interitnendo
3072 4393 3123 4448 id
3156 4407 3373 4466 propter
3417 4401 3559 4469 quod
3601 4405 3661 4460 lit

2070 4474 2285 4543 falsum,
2335 4488 2426 4532 aut
2460 4478 2525 4532 ad
2577 4480 3000 4552 interrogantem
3031 4484 3342 4543 instantiam
3388 4491 3657 4550 dicendo:

387 4569 528 4622 niam
549 4576 723 4623 autem
749 4570 925 4624 omnis
956 4573 1247 4642 propositio
1270 4574 1623 4645 syllogistica,
1654 4587 1744 4632 aut
1775 4593 1964 4634 earum

2070 4580 2215 4636 saepe
2243 4569 2386 4622 enim
2416 4584 2520 4624 non
2548 4571 2708 4626 solvit
2731 4573 2950 4642 quidem
2970 4616 2985 4638 ,
3017 4577 3107 4647 qui
3142 4586 3321 4634 tamen
3362 4582 3661 4656 interrogat

384 4660 561 4730 aliqua
596 4669 679 4719 est
720 4676 787 4716 ex
835 4663 1029 4733 quibus
1072 4666 1439 4736 syllogismus,
1487 4678 1578 4723 aut
1623 4682 1842 4742 propter
1869 4660 1998 4728 ali.’
2035 4676 2182 4725 .non
2223 4671 2402 4731 pateat
2452 4663 2660 4733 longius
2715 4665 3028 4734 producere.
3083 4669 3323 4726 Tertium
3368 4685 3545 4729 autem
3590 4680 3662 4735 ad

383 4766 541 4818 quam
562 4752 806 4821 illarum,
849 4755 1186 4810 manifestum
1214 4758 1358 4827 quod
1385 4760 1707 4830 quandoque
1744 4762 1965 4819 alterius

383 4843 550 4912 gratia
578 4851 823 4899 sumetur
847 4859 916 4899 ex
946 4861 1014 4901 eo
1044 4846 1187 4916 quod
1216 4847 1367 4918 plura
1397 4851 1587 4905 similia
1613 4853 1967 4924 interrogant.

383 4934 514 4989 Nam
545 4943 637 4990 aut
678 4950 775 5004 per
814 4936 1208 5008 inductionem,
1237 4949 1330 4996 aut
1371 4957 1469 5011 per
1514 4944 1919 5002 similitudinem
1947 4989 1964 5016 ,

385 5025 700 5095 plerumque
728 5026 1036 5085 universale
1065 5041 1313 5099 sumunt;
1347 5035 1632 5107 singularia
1663 5037 1822 5108 igitur
1853 5054 1969 5095 om-

385 5117 470 5171 nia
497 5117 820 5187 ponendum,
851 5120 898 5174 si
928 5121 1037 5176 sint
1065 5137 1192 5179 vera
1219 5133 1275 5180 et
1297 5126 1616 5195 probabilia.
1643 5129 1722 5184 Ad
1753 5130 1970 5187 univer-

384 5209 494 5263 sale
535 5219 714 5266 autem
763 5213 1077 5270 tentandum
1123 5215 1432 5274 instantiam
1471 5221 1633 5277 terre.
1680 5223 1812 5278 Nam
1851 5225 1969 5282 sine

385 5297 639 5353 instantia
663 5300 753 5355 vel
783 5315 902 5370 quae
944 5305 1044 5370 sit,
1092 5305 1175 5360 vel
1213 5323 1332 5375 qua:
1375 5309 1638 5378 videatur,
1685 5314 1969 5381 prohibere

383 5388 716 5454 orationem,
748 5394 1050 5459 protervire
1076 5403 1190 5461 est;
1219 5397 1264 5451 si
1303 5398 1461 5468 igitur
1488 5402 1668 5455 multis
1707 5418 1970 5474 apparen-

383 5480 528 5533 tibus
565 5493 670 5532 non
701 5479 913 5536 dederit
949 5483 1253 5541 universale
1293 5489 1383 5557 qui
1416 5503 1518 5543 non
1561 5491 1720 5546 habet
1758 5493 1967 5548 instan-

388 5567 548 5630 tiam,
591 5568 930 5625 manilestum
973 5583 1056 5628 est
1087 5577 1341 5645 quoniam
1395 5581 1670 5647 protervit.
1702 5585 1965 5654 Amplius,

383 5659 432 5714 si
461 5673 634 5729 neque
673 5669 862 5716 contra
906 5669 1269 5735 argumentari
1303 5669 1496 5726 habeat
1531 5674 1670 5742 quod
1721 5691 1826 5730 non
1879 5694 1970 5734 ve-

383 5762 502 5804 rum
520 5792 534 5818 ,
565 5749 735 5804 multo
764 5753 934 5821 magis
962 5755 1231 5813 videbitur
1259 5760 1572 5829 protervire,
1601 5765 1842 5832 quamvis
1872 5783 1972 5825 nec

384 5837 489 5895 hoc
514 5839 786 5896 sufliciat:
821 5855 944 5896 nam
988 5845 1293 5914 complures
1329 5850 1599 5908 orationes
1630 5854 1971 5924 opinionibus

667 5934 944 5999 Panos.
989 5938 1216 6009 LXIV.

2077 4753 2423 4821 interrogata,
2456 4753 2650 4809 accidit
2681 4757 2823 4811 enim
2857 4773 2923 4813 ex
2950 4759 3293 4831 interrogatis
3313 4765 3527 4834 quidem
3552 4785 3660 4826 non

2079 4842 2193 4897 ﬁeri
2225 4843 2367 4914 quod
2398 4845 2670 4913 volumus,
2703 4863 2770 4903 eo
2797 4850 2940 4920 quod
2986 4867 3095 4907 non
3145 4853 3284 4910 bene
3334 4858 3660 4931 interrogata

2079 4932 2211 4999 sint,
2231 4933 2413 4990 addito
2434 4944 2609 4992 autem
2627 4937 2826 5009 aliquo,
2848 4939 2962 4996 ﬁeri
2982 4943 3407 5002 conclusionem.
3425 4949 3481 5005 Si
3502 4952 3663 5021 igitur

2082 5040 2190 5081 non
2216 5027 2447 5098 amplius
2486 5037 2662 5099 potest
2691 5031 2990 5102 producere
3006 5035 3377 5107 interrogans,
3403 5040 3470 5094 ad
3495 5043 3664 5098 inter-

2071 5129 2351 5190 rogantem
2378 5123 2483 5178 erit
2509 5122 2804 5192 instantia;
2842 5127 2891 5183 si
2936 5139 3115 5185 autem
3150 5140 3360 5201 potest,
3393 5133 3460 5188 ad
3492 5135 3663 5192 inter—

2072 5225 2282 5284 rogata.
2333 5215 2591 5282 Quartum
2641 5229 2855 5286 autem,
2906 5222 3144 5291 pessima
3172 5233 3256 5279 est
3283 5225 3658 5286 instautiarum

2073 5317 2194 5372 qua:
2225 5311 2307 5358 est
2334 5304 2400 5358 ad
2430 5312 2676 5376 tempus,
2708 5323 2828 5364 nam
2873 5310 3090 5380 quidam
3131 5312 3324 5369 talibus
3353 5313 3552 5371 instant
3594 5319 3663 5374 ad

2072 5410 2193 5466 quae
2224 5395 2503 5466 disputare
2528 5401 2699 5470 pluris
2743 5411 2827 5458 est
2867 5405 3153 5476 temporis,
3183 5422 3344 5476 quam
3376 5415 3664 5479 praesentis

2076 5486 2514 5555 exercitationis;
2547 5491 2818 5547 instantiae
2840 5493 3023 5562 igitur,
3053 5506 3112 5552 ut
3145 5498 3348 5556 dictum
3377 5511 3459 5557 est
3489 5505 3661 5574 prius,

2075 5587 2302 5649 quatuor
2344 5581 2520 5637 modis
2563 5583 2714 5638 liunt.
2751 5585 2957 5642 Solutio
3002 5598 3182 5644 autem
3215 5600 3297 5647 est
3326 5608 3510 5650 earum
3539 5611 3662 5666 quae

2077 5671 2236 5726 dictas
2263 5679 2417 5740 sunt,
2453 5674 2622 5742 prima
2673 5683 2878 5733 tantum
2905 5723 2919 5747 ,
2955 5682 3176 5753 reliqua:
3205 5695 3385 5741 autem
3417 5687 3662 5758 prohibi-

2078 5762 2253 5818 tiones
2295 5763 2541 5834 qumdam
2574 5776 2627 5821 et
2658 5767 3042 5838 impedimenta
3091 5776 3519 5834 conclusionutn.
3579 5780 3664 5837 ln-

1999 5922 2009 5926 _
2078 5858 2312 5930 culpatis
2339 5875 2466 5919 vero
2495 5864 2756 5923 orationis
2830 5879 2885 5926 et
2927 5873 3221 5928 secundum
3245 5873 3423 5943 ipsam
3454 5877 3661 5934 oratio-

3187 5965 3267 6026 32
