4248 6272
608 330 744 409 totis

1827 351 1937 407 ΑΝ.
1980 348 2191 406 MANL.
2231 349 2383 406 SEV.
2421 349 2645 407 BOETII

3732 344 3875 404 10οι

609 486 727 524 nem
749 511 761 532 ,
787 476 841 524 et
863 479 1077 538 quando
1109 472 1466 535 .i.terrogatur
1494 479 1599 518 non
1626 464 1832 519 cadcm.
1871 466 2191 535 Plerumque
2218 469 2265 527 Α
2300 465 2366 519 tia
2400 481 2525 520 vero
2557 467 2599 518 si
2640 466 2838 523 additis
2886 465 3206 537 quibusdam
3237 466 3329 522 fiat
3360 466 3724 537 syllogismus,
3758 465 3877 520 hcec

609 564 748 616 enim
773 557 913 628 quod
945 572 1052 610 non
1082 556 1217 610 be'ne
1247 556 1547 625 disputatur
1579 556 1835 620 oratio,is
1854 559 1940 625 qui
1961 557 2190 611 interro-

609 662 762 721 gatur
778 657 859 705 est
881 664 1041 703 causa
1065 663 1130 703 eo
1147 648 1407 717 quodnon
1435 649 1699 703 concedat,
1722 663 1785 702 ex
1813 649 2002 717 quibus
2028 650 2191 717 probe

608 752 722 798 erat
754 742 1029 811 disputare
1065 741 1131 794 ad
1165 741 1512 806 positionem,
1550 756 1667 794 nam
1699 754 1801 794 non
1835 750 1917 794 cst
1949 742 1998 794 in
2021 741 2190 795 altero

608 836 725 889 solo
775 834 909 888 bene
958 832 1239 887 absolvere
1281 847 1568 886 commune
1615 846 1768 901 opus.
1821 818 2187 886 Necessarium

612 929 773 997 igitur
799 925 1121 997 quandoque
1147 925 1212 981 ad
1241 926 1530 991 dicentem,
1561 934 1614 979 et
1643 940 1745 980 non
1773 926 1837 980 ad
1870 926 2189 995 positionem

608 1022 971 1095 argumentari
999 1066 1013 1091 ,
1046 1021 1261 1093 quando
1287 1021 1334 1077 is
1363 1020 1452 1091 qui
1482 1021 1767 1091 respondet
1798 1021 2065 1075 contraria
2109 1022 2192 1075 in-

609 1117 895 1188 terroganti
912 1117 1165 1173 observat
1182 1114 1570 1179 corroborans;
1597 1114 1985 1185 prdtcrvientes
2008 1114 2189 1183 igitur,

609 1210 999 1277 altercatorias,
1048 1218 1102 1264 et
1132 1223 1237 1262 non
1286 1206 1597 1262 dialecticas
1624 1204 1826 1276 faciunt
1853 1205 2194 1261 exercitatio-

572 1306 580 1314 ’
609 1316 724 1359 nes.
760 1301 1002 1370 Amplius
1046 1308 1247 1365 autem,
1273 1299 1396 1369 quia
1428 1297 1832 1354 exercitationis
1886 1304 1941 1352 et
1982 1296 2195 1366 experi-

609 1393 778 1450 menti
806 1392 993 1463 gratia,
1047 1400 1103 1447 et
1152 1407 1260 1446 non
1298 1390 1560 1446 doctrina:
1591 1387 1894 1460 hujusmodi
1923 1399 2048 1445 sunt
2076 1404 2195 1444 ora-

609 1486 806 1550 tiones,
839 1483 1181 1555 perspicuum
1228 1481 1480 1551 quoniam
1524 1496 1630 1535 non
1653 1480 1825 1535 solum
1870 1495 2001 1534 vera
2032 1478 2197 1550 syllo-

578 1602 579 1605 η
610 1576 891 1649 gisandum
911 1616 927 1642 ,
978 1589 1162 1629 verum
1188 1572 1348 1628 etiam
1384 1572 1572 1626 falsum
1592 1612 1605 1633 .
1641 1585 1738 1626 nec
1769 1586 1866 1641 per
1894 1585 2017 1625 vera
2049 1584 2195 1624 sem-

609 1679 728 1742 per;
759 1670 854 1727 sed
884 1667 1204 1739 quandoque
1242 1676 1297 1721 et
1344 1680 1441 1736 per
1488 1663 1654 1730 falsa;
1691 1678 1833 1730 smpe
1880 1663 2023 1719 enim
2067 1676 2198 1715 vero

610 1760 788 1832 posito
808 1801 824 1827 ,
874 1753 1186 1814 interimere
1216 1769 1443 1812 necesse
1472 1764 1558 1810 est
1585 1754 1947 1823 disputantem
1980 1770 1993 1806 :
2033 1766 2198 1823 quare

2294 569 2471 614 autem
2502 561 2612 615 sint
2638 560 2905 616 deteriora
2937 561 3001 615 iis
3022 577 3142 631 qua:
3172 560 3594 629 interrogantur,
3621 568 3675 614 et
3698 561 3877 613 minus

2297 652 2586 720 probabilia
2639 652 2992 707 conclusione
3019 694 3032 716 ,
3069 651 3277 706 etiamsi
3313 651 3503 707 ablatis
3533 650 3877 719 quibusdam,

2296 759 2414 798 nam
2449 743 2766 813 quandoque
2818 754 3038 798 sumunt
3098 744 3247 811 plura
3309 742 3650 805 necessariis,
3711 755 3879 807 «piare

2296 840 2399 888 nun
2432 850 2497 889 eo
2527 835 2665 903 quod
2702 835 2814 890 hare
2844 844 2990 899 sunt,
3017 838 3075 888 tit
3104 834 3469 905 syllogismus.
3522 834 3762 901 Amplius
3786 873 3799 897 ,
3830 834 3880 895 si

2294 942 2362 982 ex
2399 927 2894 997 inopinabilioribus
2919 969 2933 991 ,
2962 938 3017 983 et
3053 929 3228 982 minus
3270 912 3619 981 credibilibns
3645 926 3871 979 conclu-

2296 1018 2449 1073 sione
2469 1060 2481 1084 ,
2513 1030 2603 1073 aut
2634 1019 2679 1074 si
2710 1035 2779 1074 ex
2809 1019 2952 1074 veris
2972 1060 2987 1085 ,
3021 1018 3113 1073 sed
3147 1017 3350 1087 majore
3379 1032 3541 1088 opera
3587 1016 3879 1085 indigenti-

2300 1110 2403 1165 bus
2428 1111 2805 1178 demonstrari,
2841 1127 2999 1182 quam
3049 1111 3352 1179 problema;
3398 1126 3502 1165 non
3533 1120 3747 1180 oportet
3778 1126 3883 1163 au-

2298 1216 2405 1260 tem
2436 1222 2500 1259 es
2544 1206 2793 1259 omnibus
2825 1205 3168 1274 problematis
3198 1205 3538 1275 syllogismos
3563 1204 3889 1258 existimare

2298 1294 2542 1350 similiter
2575 1293 2880 1361 probabiles
2919 1308 3041 1348 esse
3070 1302 3124 1348 et
3154 1292 3466 1353 suasibilcs;
3519 1300 3706 1344 natura
3734 1291 3889 1344 enim

2298 1383 2474 1439 statim
2512 1393 2637 1438 sunt
2663 1383 2838 1453 aliqua
2865 1383 3080 1454 quidem
3116 1384 3371 1447 faciliora,
3402 1382 3504 1437 alia
3532 1396 3659 1436 vero
3684 1380 3887 1435 diffici-

2300 1478 2438 1532 liora
2462 1492 2647 1532 eorum
2678 1494 2799 1547 quae
2824 1479 3244 1547 interrogantur,
3293 1492 3463 1546 quare
3507 1477 3551 1531 si
3597 1492 3661 1531 ex
3688 1476 3884 1544 aliqui-

2300 1571 2424 1637 bus,
2459 1580 2517 1625 ut
2554 1572 2666 1626 fieri
2705 1580 2914 1640 potest,
2942 1572 3173 1626 maxime
3196 1569 3583 1638 probabilibus,
3613 1571 3883 1638 conjectu-

2301 1676 2413 1715 ram
2442 1660 2652 1726 fecerit,
2682 1660 3010 1730 disputatum
3038 1660 3175 1715 bene
3204 1667 3306 1713 est.
3340 1658 3677 1714 Manifestum
3723 1657 3882 1727 igitur

2302 1753 2552 1823 quoniam
2582 1751 2843 1805 orationis
2885 1765 2989 1805 non
3021 1749 3207 1804 eadem
3235 1749 3551 1817 inculpatio,
3580 1758 3635 1803 et
3668 1749 3732 1803 ad
3767 1764 3884 1817 νιος

610 1851 960 1922 proponenda
984 1848 1151 1917 falsa,
1166 1848 1494 1919 quandoque
1520 1855 1697 1901 autem
1740 1852 1795 1900 et
1831 1845 1966 1899 falso
2000 1843 2195 1914 posito,
2226 1839 2278 1901 Β
2306 1842 2500 1907 blema,
2534 1851 2588 1897 et
2609 1842 2904 1897 secundum
2934 1858 3013 1898 se.
3049 1841 3181 1898 Nam
3212 1841 3341 1897 nihil
3370 1841 3666 1897 secundum
3690 1856 3748 1896 se
3768 1842 3886 1911 qui-

610 1941 1028 1998 interimendum
1060 1954 1157 2011 per
1187 1928 1341 2005 falsa,
1389 1937 1521 1993 nihil
1568 1937 1711 1992 enim
1753 1935 2003 2006 prohibet
2040 1934 2199 1990 alicui

612 2035 780 2091 videri
809 2048 926 2103 quae
964 2046 1071 2089 non
1120 2042 1249 2088 sunt
1285 2031 1456 2102 magis
1486 2045 1643 2100 quam
1679 2044 1837 2094 vera;
1870 2037 2201 2099 quapropter

612 2144 678 2183 ex
712 2127 776 2181 iis
804 2141 921 2197 qua:
973 2124 1048 2178 illi
1095 2122 1346 2177 videntur
1397 2120 1643 2176 oratione
1687 2117 1849 2185 facta,
1901 2118 2069 2189 magis
2098 2117 2203 2172 erit

582 2232 583 2237 ‘
614 2235 805 2276 suasus
835 2234 991 2291 quam
1022 2216 1257 2287 adjutus.
1301 2216 1537 2284 Oportet“
1574 2222 1754 2268 autem
1785 2227 1907 2267 eum
1938 2211 2029 2283 qui
2063 2209 2201 2266 bene

612 2310 892 2376 transfert,
923 2308 1206 2364 dialectice
1250 2314 1306 2361 et
1355 2320 1462 2360 non
1490 2303 1828 2360 contentiose
1865 2301 2197 2357 transferre:

616 2415 673 2459 ut
700 2390 1027 2474 geometram
1059 2398 1418 2470 geometrice,
1452 2397 1567 2451 sive
1598 2394 1788 2449 falsum
1811 2434 1826 2460 ,
1861 2395 1973 2448 sive
2013 2406 2200 2447 verum

616 2499 685 2551 sit
714 2493 855 2566 quod
886 2489 1311 2547 concludendum
1342 2495 1455 2553 est;
1489 2486 1675 2557 quales
1719 2496 1897 2540 autem
1929 2482 2201 2539 dialectici

615 2582 937 2657 syllogismi,
964 2581 1161 2637 dictum
1193 2588 1275 2634 est
1305 2578 1472 2649 prius.
1510 2576 1770 2644 Quoniam
1818 2585 1999 2631 autem
2030 2574 2201 2629 malus

614 2677 905 2747 particeps,
935 2673 1027 2743 qui
1049 2670 1272 2741 impedit
1297 2684 1583 2725 commune
1610 2684 1768 2738 opus,
1801 2676 1947 2738 patet
1972 2666 2115 2736 quod
2144 2675 2204 2722 et

612 2771 671 2826 in
717 2765 1083 2829 orationibus,
1116 2778 1238 2819 nam
1269 2776 1557 2818 commune
1585 2760 1856 2831 quidpiam
1888 2757 2031 2830 quod
2069 2774 2198 2828 pro-

614 2864 830 2934 ponitur
848 2871 902 2917 et
926 2860 977 2915 in
998 2857 1104 2914 illis
1126 2865 1225 2923 est,
1256 2863 1615 2925 praeterquam
1648 2853 1699 2907 in
1728 2851 2197 2916 concertantibus;

612 2952 699 3008 his
726 2958 903 3007 autent
935 2963 1041 3003 non
1080 2955 1164 3003 est
1208 2944 1459 3002 eumdem
1490 2944 1727 3013 utrisque
1760 2942 1919 2997 finem
1964 2942 2198 3009 assequi,

613 3058 736 3098 nam
756 3041 938 3111 plures
957 3053 1062 3094 uno
1086 3034 1418 3107 impossibile
1438 3042 1524 3090 est
1545 3034 1779 3088 vincere.
1811 3031 1998 3086 Diti'ert
2018 3040 2199 3085 autem

612 3132 748 3190 nihil
774 3131 890 3188 sive
921 3131 972 3185 in
1007 3125 1406 3199 respondendo,
1436 3125 1553 3179 sive
1580 3123 1633 3178 in
1666 3119 2054 3190 interrogando
2082 3119 2197 3187 fiat,

2303 1935 2425 1991 dem
2457 1937 2751 1990 orationem
2783 1936 3033 2007 prohibet
3058 1950 3179 1991 esse
3203 1935 3637 2004 vituperabilem,
3668 1933 3734 1989 ad
3761 1950 3888 2005 pro»

2304 2028 2475 2083 blema
2506 2037 2684 2083 autem
2718 2028 3057 2093 laudabilem,
3110 2039 3163 2085 et
3217 2045 3429 2084 rursum
3460 2046 3492 2083 e
3518 2029 3755 2095 diverso,
3800 2046 3888 2085 ses

2304 2116 2535 2173 cundum
2563 2134 2621 2173 se
2659 2118 2875 2188 quidem
2916 2118 3262 2187 laudabilem,
3297 2119 3365 2174 ad
3399 2120 3674 2189 problema
3706 2134 3887 2181 autem

2305 2207 2743 2276 vituperabilem,
2779 2208 2992 2277 quando
3046 2224 3111 2263 ex
3164 2209 3404 2277 pluribus
3447 2218 3531 2264 est
3579 2210 3730 2265 facile
3762 2224 3891 2266 cum

2306 2298 2675 2371 probabilibus
2698 2309 2805 2359 tum
2824 2302 2967 2355 veris
2988 2302 3331 2357 concludere.
3364 2301 3481 2356 Erit
3508 2311 3683 2357 autem
3713 2318 3889 2371 quan-

2305 2393 2482 2461 doque
2505 2393 2678 2446 oratio
2703 2392 2864 2447 etiam
2894 2394 3220 2449 concludens
3245 2410 3404 2466 quam
3433 2410 3534 2449 non
3557 2395 3891 2453 cmeiudeos

2304 2482 2568 2551 deterior,
2600 2482 2814 2555 quando
2853 2483 2941 2538 illa
2965 2485 3181 2555 quidem
3212 2502 3280 2541 ex
3307 2487 3554 2543 absurdis
3591 2489 3889 2553 concludit.

2304 2588 2425 2629 cum
2455 2588 2561 2628 non
2599 2574 2669 2629 sit
2711 2577 2813 2629 tale
2846 2575 3139 2643 problema,
3173 2576 3287 2630 haec
3311 2587 3489 2633 autem
3524 2578 3758 2649 indigeat
3789 2590 3878 2634 ta—

2305 2662 2445 2717 libus
2490 2678 2620 2733 qute
2660 2672 2787 2719 sunt
2840 2664 3133 2731 probabilia
3179 2676 3234 2722 et
3281 2681 3403 2722 vera
3431 2711 3447 2736 ,
3481 2678 3533 2723 et
3562 2671 3800 2723 nondum
3824 2683 3891 2730 ex

2306 2756 2594 2825 assumptis
2624 2757 2693 2810 sit
2722 2757 2915 2812 oratio.
2949 2758 3055 2812 Eos
3083 2770 3259 2814 autem
3289 2761 3378 2831 qui
3410 2776 3506 2831 per
3539 2762 3669 2817 falsa
3703 2779 3890 2822 verum

2306 2847 2662 2913 concludunt,
2709 2864 2817 2903 non
2856 2849 3063 2918 justum
3091 2860 3175 2905 est
3204 2852 3502 2921 inculpare.
3533 2853 3662 2909 Nam
3694 2854 3885 2909 falsum

2305 2937 2521 3007 quidem
2553 2953 2768 3008 semper
2788 2954 3009 2995 necesse
3042 2948 3122 2995 est
3160 2956 3253 3011 per
3275 2942 3404 2997 falsa
3438 2944 3778 3014 syllogizare,
3805 2960 3887 3000 re.

2308 3045 2429 3085 rum
2456 3040 2635 3086 autem
2663 3041 2747 3087 est
2767 3033 3090 3103 quandoque
3120 3049 3214 3101 per
3242 3036 3376 3091 falsa
3415 3036 3756 3110 syllogizarc,
3782 3052 3888 3093 meo

2307 3122 2557 3178 nifestum
2582 3133 2758 3180 autem
2794 3124 2845 3178 id
2873 3140 2938 3179 ex
2970 3126 3281 3197 Aaalyticis.
3305 3127 3439 3183 Cum
3462 3138 3639 3186 autem
3667 3130 3888 3186 demou-

613 3240 737 3281 nain
773 3232 829 3279 et
876 3222 965 3293 qui
1015 3220 1352 3277 contentiose
1390 3216 1707 3284 interrogat,
1747 3227 1907 3282 prave
1938 3212 2206 3280 diSputat;
2236 3203 2285 3267 C
2316 3215 2503 3270 stratio
2519 3214 2591 3269 sit
2609 3215 2830 3284 alicujus
2846 3215 2985 3271 dicta
3005 3217 3475 3288 oratio,sialiquid
3489 3219 3731 3275 estaliud
3753 3219 3894 3290 quod

616 3327 671 3375 et
694 3317 789 3389 qui
818 3316 873 3371 in
912 3312 1292 3384 respondendo
1324 3324 1429 3365 non
1458 3309 1551 3363 dat
1578 3306 1719 3378 quod
1747 3305 1978 3371 videtur,
2012 3320 2191 3374 neque

620 3406 849 3476 suscipit
872 3405 1156 3475 quicquam
1182 3400 1323 3473 quod
1345 3400 1821 3469 vult_interrogans
1850 3397 2201 3466 interrogare.

620 3498 958 3556 Ianifestum
990 3497 1149 3565 igitur
1176 3510 1242 3550 ex
1276 3494 1341 3548 iis
1369 3508 1491 3563 qua:
1522 3493 1662 3548 dicta
1694 3491 1841 3561 quod
1873 3507 1979 3545 non
2008 3491 2203 3546 simili-

618 3598 705 3646 ter
739 3586 1116 3655 inculpandum
1155 3592 1210 3640 et
1243 3581 1538 3638 secundum
1569 3584 1800 3651 seipsam
1831 3580 2129 3637 orationem
2153 3590 2209 3635 et

619 3684 1064 3749 interrogantem.
1112 3673 1244 3729 Nam
1294 3671 1424 3726 nihil
1474 3669 1728 3740 prohibet
1754 3670 2050 3725 orationem
2089 3669 2236 3739 qui--

621 3774 744 3828 dem
776 3784 997 3841 pravam
1025 3780 1147 3823 esse
1166 3806 1181 3832 ,
1216 3766 1635 3835 interrogantem
1664 3778 1793 3819 vero
1814 3803 1828 3831 ,
1860 3771 1915 3817 ut
1944 3762 2207 3835 possibile

618 3872 738 3930 est,
783 3860 985 3932 optime
1024 3866 1209 3914 contra
1256 3856 1671 3926 respondentem
1713 3853 2059 3931 disceptare,
2082 3869 2207 3910 nam

620 3962 809 4009 contra
830 3957 1113 4022 protervos
1136 3960 1240 4003 non
1265 3945 1519 4016 possibile
1542 3947 1769 4003 fortasse
1787 3944 1967 4001 Statim
1988 3960 2208 4001 sumere

619 4041 807 4114 quales
833 4038 952 4109 quis
977 4036 1121 4101 vult,
1153 4034 1249 4099 sed
1285 4034 1476 4106 quales
1520 4032 1635 4091 fieri
1678 4033 1934 4103 possibile
1976 4033 2207 4090 faciendi

620 4128 937 4205 syllogismi.
995 4127 1259 4196 Quoniam
1327 4134 1506 4182 autem
1579 4133 1664 4181 est
1730 4124 2203 4182 indeterminatum

619 4220 835 4293 quando
863 4218 1150 4283 contraria,
1177 4227 1232 4273 et
1258 4218 1476 4289 quando
1504 4231 1568 4272 ea
1607 4232 1727 4288 quze
1755 4228 1882 4271 sunt
1924 4217 1977 4272 in
2003 4217 2205 4286 princi-

617 4313 710 4384 pio
752 4319 973 4368 sumunt
1020 4312 1265 4366 homines
1308 4310 1456 4382 (nam
1500 4310 1818 4381 plerumque
1850 4324 1946 4378 per
1974 4324 2037 4364 se
2062 4310 2208 4378 ipsos

619 4405 864 4460 dicentes
892 4403 1165 4460 contraria
1196 4402 1419 4470 dicunt,
1452 4410 1506 4456 et
1537 4400 1835 4455 abnuentes
1869 4399 2045 4470 prius,
2078 4398 2209 4454 dant

618 4495 912 4565 posterius,
944 4509 1009 4549 eo
1038 4491 1179 4569 quod
1223 4490 1573 4560 interroganti
1603 4499 1659 4546 et
1686 4491 1953 4546 contraria
1999 4498 2054 4545 et
2088 4504 2208 4561 quae

2310 3305 2378 3361 ad
2399 3306 2801 3362 conclusionem
2817 3308 2965 3362 nullo
2979 3309 3139 3363 modo
3160 3324 3221 3364 se
3252 3310 3428 3377 habet,
3462 3326 3565 3365 non
3591 3312 3767 3366 eritex
3803 3311 3896 3365 illo

2311 3398 2679 3470 syllogismus;
2698 3399 2744 3454 si
2766 3410 2943 3455 autem
2960 3412 3233 3470 appareat,
3253 3403 3518 3471 sophisma
3530 3403 3654 3467 erit,
3675 3416 3781 3458 non
3798 3403 3894 3458 de-

2314 3490 2650 3544 monstratio.
2682 3490 2774 3545 Est
2805 3502 2983 3547 autem
3012 3493 3411 3562 pbilosophema
3426 3494 3641 3562 quidem
3670 3495 3895 3564 syllogi-

2313 3594 2459 3634 smus
2487 3580 2962 3649 demonstrativus,
2986 3584 3306 3653 epichirema
3334 3593 3515 3641 autem
3543 3586 3895 3656 syllogismus

2313 3672 2644 3739 dialecticus,
2672 3674 2948 3745 sophisma
2982 3692 3109 3731 vero
3131 3676 3469 3746 syllogismus
3497 3677 3891 3744 contemiosus,

2311 3777 2563 3833 aporema
2593 3774 2769 3821 autem
2793 3766 3139 3836 syllogismus
3170 3767 3483 3825 dialecticus
3516 3770 3895 3826 contradictio~

2314 3853 2417 3908 uis.
2438 3854 2493 3909 Si
2527 3870 2656 3911 vero
2681 3872 2749 3911 ex
2778 3856 3018 3928 utrisque
3044 3872 3165 3928 qua:
3199 3859 3475 3914 videantur
3495 3859 3692 3929 aliquid
3716 3870 3894 3915 osten-

2313 3945 2489 4010 datur,
2520 3961 2626 4002 non
2651 3957 2829 4003 autem
2853 3948 3103 4003 similiter
3135 3950 3443 4017 videantur,
3476 3953 3604 4007 nihil
3647 3952 3893 4021 prohibet

2313 4036 2454 4107 quod
2482 4038 2781 4093 ostenditur
2825 4041 2991 4108 magis
3019 4042 3190 4095 altero
3218 4041 3409 4096 videri.

2384 4130 2489 4186 Sed
2518 4131 2561 4187 si
2592 4131 2693 4187 hoc
2738 4131 2951 4200 quidem
3001 4133 3263 4199 videatur,
3306 4134 3434 4190 illud
3479 4145 3655 4191 autem
3698 4146 3891 4192 neutra

2312 4230 2483 4291 parte,
2514 4230 2606 4277 aut
2630 4222 2673 4276 si
2708 4220 2808 4276 hoc
2838 4221 3051 4291 quidem
3084 4223 3348 4290 videatur,
3401 4224 3530 4277 illud
3560 4234 3738 4279 autem
3779 4240 3887 4281 non

2310 4313 2592 4380 videatur;
2626 4314 2670 4368 si
2698 4313 2949 4370 similiter
2977 4314 3193 4385 quidem
3218 4355 3233 4380 ,
3269 4316 3522 4372 similiter
3554 4317 3735 4388 utique
3761 4319 3888 4384 erit,

2313 4415 2368 4463 et
2410 4421 2556 4471 non;
2589 4407 2634 4463 si
2661 4416 2840 4462 autem
2872 4408 3044 4478 magis
3068 4408 3321 4474 alterum,
3353 4418 3608 4477 sequetur
3636 4410 3778 4479 quod
3810 4417 3893 4464 est

2313 4499 2504 4570 magis.
2533 4498 2630 4555 Est
2668 4508 2845 4554 autem
2877 4498 3143 4570 quoddam
3172 4510 3227 4555 et
3275 4498 3415 4555 idem
3460 4500 3525 4554 ad
3555 4500 3895 4570 syllogismos

620 4587 679 4642 ίη
733 4585 995 4656 βτίηεῖρίο
1042 4583 1355 4655 Plerumque
1384 4581 1691 4652 Obediumb
1724 4597 1946 4637 necesse
1974 4590 2057 4636 εει
2087 4595 2209 4650 Ρω-
2235 4574 2290 4642 D
2316 4599 2615 4661 peccatum,
2645 4592 2858 4659 quando
2883 4593 3185 4649 ostenditur
3212 4607 3306 4661 per
3334 4593 3573 4663 longiora
3596 4594 3738 4663 quod
3764 4607 3895 4648 con-

621 4692 718 4732 vas
750 4676 865 4743 fieri
898 4674 1329 4744 diSpiitationes;
1358 4687 1519 4726 causa
1544 4681 1720 4727 autem
1752 4682 1835 4727 est
1864 4674 1952 4743 qui
1985 4686 2206 4743 respon-

623 4771 716 4826 det
738 4769 851 4823 haec
878 4768 1094 4838 quidem
1124 4781 1229 4821 non
1252 4766 1407 4830 dans,
1438 4764 1525 4818 illa
1554 4774 1731 4819 autem
1756 4764 1877 4818 talia
1902 4765 2067 4830 dans;
2099 4780 2210 4823 ma-

622 4866 874 4922 nifestum
918 4866 1075 4934 igitur
1103 4862 1353 4933 quoniam
1387 4876 1490 4915 non
1534 4861 1781 4916 similiter
1823 4860 2207 4931 inculpandum

627 4967 682 5014 et
724 4958 1121 5025 interrogantes
1171 4960 1224 5007 et
1273 4951 1569 5006 orationes.
1598 4950 1869 5006 Orationis
1908 4959 2085 5006 autem
2125 4968 2212 5009 se-

626 5050 860 5105 cundum
892 5048 1096 5116 seipsas
1124 5045 1361 5115 quinque
1404 5054 1532 5099 sunt
1563 5044 1978 5114 inculpationes.
2030 5044 2209 5101 Prima

626 5141 841 5209 quidem
893 5136 1106 5210 quando
1155 5152 1220 5191 ex
1272 5134 1616 5207 interrogatis
1669 5150 1775 5190 non
1824 5134 2207 5203 concluditur,

627 5248 801 5301 neque
816 5230 956 5303 quod
981 5229 1309 5301 propositum
1329 5235 1431 5293 est,
1457 5242 1632 5298 neque
1655 5227 1875 5283 omnino
1896 5226 2206 5301 quidquam,

626 5340 748 5380 cum
779 5326 889 5381 sint
928 5322 1015 5377 vel
1049 5321 1199 5389 falsa,
1229 5320 1315 5375 vel
1343 5318 1716 5390 inopinabilia,
1747 5335 1854 5390 quo
1885 5321 2093 5386 omnia,
2124 5328 2213 5376 aut

625 5420 878 5491 plurima,
910 5417 965 5471 in
1005 5414 1198 5484 quibus
1244 5412 1543 5469 consistere
1591 5411 1752 5466 debet
1797 5413 2108 5480 conclusio,
2158 5423 2214 5469 et

624 5504 802 5582 neque
830 5507 1019 5563 ablatis
1066 5504 1384 5576 quibusdam
1405 5545 1419 5569 ,
1463 5518 1635 5573 neque
1661 5502 1887 5570 additis,
1922 5519 2093 5575 neque
2127 5504 2210 5558 liis

626 5603 842 5671 quidem
888 5598 1115 5664 ablatis,
1156 5597 1262 5652 illis
1295 5611 1425 5651 vero
1452 5594 1667 5657 additis,
1704 5594 1759 5649 ﬁt
1789 5595 2081 5650 conclusio.
2114 5593 2212 5650 Se-

629 5693 803 5747 cunda
831 5696 1031 5753 autem,
1061 5689 1107 5745 si
1145 5687 1213 5743 ad
1244 5688 1562 5759 positionem
1594 5701 1696 5741 non
1728 5684 1817 5740 fiat
1838 5686 2205 5759 syllogismus,

631 5788 680 5834 et
713 5794 780 5831 es
813 5777 1030 5838 talibus.
1072 5787 1123 5832 et
1145 5794 1211 5833 eo
1241 5776 1400 5832 modo
1422 5792 1529 5843 quo
1551 5777 1753 5832 dictum
1783 5785 1865 5832 est
1889 5778 2052 5846 prius.
2080 5777 2211 5833 Ter-

2315 4685 2471 4754 tingit
2502 4698 2596 4754 per
2622 4684 2890 4750 breviora,
2920 4694 2975 4741 et
3003 4698 3124 4755 quae
3153 4685 3385 4740 orationi
3426 4695 3628 4741 assunt.
3660 4686 3726 4741 Ut
3750 4686 3893 4754 quod

2316 4784 2398 4831 cst
2427 4775 2608 4845 opinio
2658 4776 2825 4848 magis
2872 4776 3040 4831 altera
3083 4791 3242 4845 quam
3290 4777 3478 4843 altera,
3511 4778 3557 4832 si
3584 4778 3705 4846 quis
3750 4785 3897 4845 petat

2314 4870 2487 4939 ipsum
2516 4870 2767 4943 quodque
2797 4870 3031 4926 maxime
3058 4884 3199 4936 esse,
3244 4884 3366 4927 esse
3390 4880 3569 4927 autem
3600 4871 3893 4940 opinabiie,

2316 4961 2488 5031 ipsum
2516 4961 2659 5033 quod
2688 4976 2813 5018 vere
2842 4973 2961 5028 est;
2992 4977 3160 5033 quare
3185 4963 3539 5032 quorumdam
3570 4962 3743 5032 magis
3767 4977 3895 5018 esse

2317 5053 2520 5124 ipsum;
2553 5052 2618 5107 ad
2646 5053 2787 5123 quod
2842 5064 3020 5110 autem
3072 5055 3268 5124 magis,
3313 5055 3483 5124 magis
3507 5055 3702 5110 dicitur
3743 5069 3887 5117 esse.

2316 5158 2437 5199 esse
2464 5153 2642 5200 autem
2675 5153 2732 5201 et
2768 5145 2941 5216 ipsam
2970 5145 3279 5215 opinionem
3326 5159 3507 5201 veram
3530 5185 3545 5210 ,
3576 5159 3644 5198 an
3673 5144 3776 5199 erit
3801 5158 3894 5199 ac-

2318 5236 2574 5301 curatius,
2602 5250 2761 5305 quam
2786 5252 2879 5303 par
2905 5236 2975 5292 sit
2988 5238 3222 5307 .exigens
3244 5236 3525 5306 quaedam?
3554 5236 3782 5291 Petitum
3813 5241 3897 5289 est

2317 5338 2493 5381 autem
2543 5335 2599 5383 et
2628 5326 2795 5397 ipsam
2847 5328 3155 5397 epioioiiem
3214 5342 3392 5383 veram
3441 5342 3583 5395 esse,
3625 5336 3680 5380 et
3717 5326 3892 5395 ipsum

2316 5416 2565 5487 quodque
2594 5418 2824 5474 maxime
2846 5433 2985 5484 esse,
3007 5433 3071 5475 ac
3097 5419 3144 5475 si
3173 5420 3287 5488 ipsa
3308 5418 3490 5486 Opinio
3519 5433 3669 5481 vera.
3695 5417 3897 5473 certior

2315 5509 2415 5574 sit;
2449 5509 2541 5564 sed
2581 5525 2701 5579 qua:
2728 5512 2967 5581 nequitia
2996 5511 3169 5581 major
3190 5555 3205 5579 ,
3241 5526 3399 5580 quam
3426 5525 3545 5581 qua
3588 5511 3714 5565 facit
3751 5510 3895 5565 circa

2317 5598 2367 5654 id
2399 5600 2551 5670 cujus
2580 5610 2665 5657 est
2702 5602 2874 5656 oratio
2908 5604 3074 5657 latere
3096 5604 3355 5658 causam?
3385 5604 3569 5658 Oratio
3608 5613 3792 5658 autem
3813 5608 3900 5657 est

2321 5692 2603 5748 manifesta
2634 5708 2743 5748 uno
2781 5694 3000 5764 quidem
3030 5696 3212 5761 tnodo,
3250 5707 3305 5752 et
3335 5696 3725 5765 publicissimo,
3752 5694 3800 5750 si
3823 5693 3900 5749 sit

2316 5784 2644 5842 concludens
2671 5786 2771 5852 sic,
2820 5794 2878 5843 ut
2916 5787 3047 5844 nihil
3089 5799 3334 5856 oporteat
3384 5791 3737 5857 interrogare,
3789 5794 3903 5845 ulto
