4248 6272
377 354 518 413 1005

370 569 480 621 sint
528 581 594 622 ex
633 566 1227 637 quibusnecessarium
1268 578 1352 624 est
1379 571 1783 625 conclusionem
1815 587 1959 641 esse,

376 676 502 726 qua!
531 659 747 729 quidem
778 660 889 715 sint
913 676 1008 731 per
1031 663 1406 718 conclusiones
1449 665 1719 734 conclusa,
1749 666 1961 730 etiamsi

377 753 424 804 id
461 753 687 807 mittitur
705 752 1027 821 quod‘valde
1059 754 1331 821 probabile
1360 764 1460 808 est.

1002 864 1227 919 CAPUT
1269 865 1332 917 V.

492 954 597 1007 Pro
636 964 918 1026 opponente
956 966 1000 1009 et
1033 958 1373 1026 respondente
1402 960 1500 1011 loci
1539 974 1852 1013 communes.

444 1047 593 1101 Falsa
641 1056 816 1102 autem
866 1048 1041 1103 oratio
1085 1060 1310 1104 vocatur
1353 1052 1790 1120 quadrupliciter.
1846 1052 1969 1108 Uno

373 1139 585 1204 quidem
618 1138 798 1203 modo,
848 1139 1062 1208 quando
1092 1150 1316 1210 apparet
1345 1142 1672 1199 concludere
1701 1158 1822 1212 quae
1855 1160 1967 1199 non

367 1228 656 1289 coni-ludit,
690 1239 914 1283 vocatur
941 1239 1119 1284 autem
1161 1245 1446 1300 apparens,
1485 1234 1747 1304 litigiosus
1792 1237 1961 1306 syllo-

366 1318 585 1385 gismus.
622 1318 740 1372 Alio
766 1318 945 1383 modo,
993 1320 1208 1388 quando
1250 1322 1523 1376 concludit
1567 1323 1803 1392 quidem,
1855 1340 1962 1380 non

368 1420 546 1465 tamen
565 1410 631 1463 ad
657 1412 1011 1480 propositum,
1031 1413 1175 1481 quod
1201 1412 1396 1469 accidit
1426 1418 1656 1472 maxime
1684 1418 1735 1471 in
1759 1418 1820 1472 iis
1840 1433 1965 1487 quas

365 1503 433 1556 ad
476 1504 823 1573 impossibile
851 1503 1076 1559 ducunt.
1126 1506 1235 1560 Aut
1263 1507 1331 1561 ad
1372 1510 1701 1578 propositum
1746 1510 1961 1579 quidem

366 1595 657 1660 concludit,
694 1610 797 1649 non
852 1605 1028 1651 tamen
1069 1597 1363 1651 secundum
1412 1600 1682 1669 propriam
1722 1600 1963 1669 discipli-

368 1700 490 1738 nam
521 1704 533 1737 :
566 1685 665 1739 hoc
694 1695 871 1740 autem
896 1695 1011 1753 est,
1046 1687 1090 1740 si
1122 1701 1185 1742 ea
1215 1702 1334 1757 quae
1367 1704 1472 1742 non
1510 1700 1591 1743 est
1622 1690 1958 1745 medicinalis

367 1780 610 1835 videatur
654 1794 774 1835 esse
819 1781 1175 1849 medicinalis,
1209 1789 1302 1835 aut
1347 1783 1670 1853 geometrica
1702 1798 1823 1853 mm
1850 1798 1963 1839 non

1270 346 1673 423 Tortconun
1710 362 2163 425 ARISTOTELIS
2201 364 2781 429 lN’l’EBPRETATIO.

274 476 283 483 ‘
370 480 547 530 autem
574 480 630 531 et
674 474 767 545 qui
797 476 1034 531 maxime
1072 474 1302 540 dicitur.
1334 491 1455 533 cum
1486 486 1698 547 sumpta
1744 479 1963 548 quidem
1993 480 2308 547 ARursns,
2364 481 2409 534 si
2462 481 2582 551 quis
2633 482 2885 539 dividens
2939 489 3081 553 petat
3140 483 3450 554 problema,
3508 493 3567 542 ut
3621 488 3671 543 si

3526 366 3672 427 ιοίιο

2072 582 2286 642 Oportet
2336 573 2628 629 ostendere
2672 576 2990 631 medicinam
3034 581 3146 635 sani
3189 589 3243 634 et
3287 579 3415 650 trgri
3445 620 3459 644 ,
3513 591 3666 643 extra

2072 674 2357 731 utrumque
2382 663 2634 733 postulet,
2660 676 2751 720 aut
2779 667 2822 720 si
2854 670 2974 735 quis
3001 684 3186 725 eorum
3216 686 3335 741 quae
3364 684 3666 742 sequuntur

2070 770 2128 809 se
2172 754 2400 810 invicem
2441 771 2508 809 ex
2560 761 2882 813 necessitate
2929 760 3156 816 alterum
3212 773 3382 831 petat,
3422 772 3482 819 ut
3526 767 3667 825 latus

2070 847 2617 902 iucommensurabile
2656 864 2777 903 esse
2816 851 3103 917 diametro,
3135 855 3179 908 si
3208 866 3455 925 oporteat
3485 869 3672 914 osten-

2067 936 2199 992 dere
2229 938 2369 1007 quod
2411 938 2675 993 diameter
2704 939 2877 993 lateri.
2929 941 3229 1010 Aﬁqualiter
3255 953 3432 1000 autem
3457 956 3512 1002 et
3540 963 3673 1004 con-

2069 1029 2234 1083 traria
2265 1037 2454 1098 petunt
2502 1031 2550 1085 ci
2580 1030 2721 1101 quod
2768 1045 2831 1086 cx
2878 1033 3141 1101 principio
3171 1045 3273 1089 est.
3323 1037 3457 1092 Nam
3492 1042 3672 1109 primo

2067 1123 2279 1193 quidem
2310 1124 2354 1178 si
2401 1124 2521 1195 quis
2551 1125 2792 1194 apposita
2826 1134 2972 1196 petat
3012 1128 3308 1185 secundum
3354 1129 3672 1188 afﬁrmatio-

2070 1231 2191 1271 nem
2239 1225 2294 1271 et
2323 1217 2696 1285 negationem;
2750 1219 2990 1274 secundo
3039 1230 3219 1276 autem
3262 1224 3531 1279 contraria
3580 1240 3671 1282 se-

2066 1307 2299 1363 cundum
2349 1308 2776 1378 oppositionem,
2814 1320 2869 1365 ιιι
2913 1312 3110 1368 bonum
3149 1321 3204 1368 et
3243 1315 3441 1371 malum
3489 1315 3668 1383 idem;

2068 1400 2227 1453 tertio
2275 1412 2402 1453 vero
2437 1400 2483 1453 si
2533 1399 2652 1469 quis
2706 1400 3087 1457 universaliter
3131 1408 3451 1473 postulans,
3498 1407 3670 1478 partio

2064 1489 2317 1544 cnlariter
2346 1490 2559 1557 petierit
2584 1490 3092 1548 contradictionem.
3146 1495 3215 1551 Ut
3237 1496 3281 1550 si
3306 1498 3424 1566 quis
3445 1513 3669 1554 sumens

2064 1584 2457 1645 contrariorum
2489 1597 2647 1637 unam
2679 1583 3038 1654 disciplinam,
3064 1590 3180 1643 sani
3207 1600 3261 1644 et
3289 1594 3414 1661 aegri
3439 1593 3664 1653 alteram

2066 1688 2187 1727 csse
2218 1682 2392 1742 petat;
2426 1682 2519 1727 aut
2547 1673 2590 1727 si
2625 1673 2726 1730 hoc
2783 1686 2972 1745 petens
3016 1678 3067 1733 in
3115 1681 3403 1738 universali
3449 1686 3667 1753 opposi-

2068 1765 2272 1819 tionem
2303 1776 2473 1821 tentet
2502 1781 2738 1824 sumere.
2794 1768 3027 1824 Rursum
3058 1770 3106 1824 si
3133 1772 3252 1840 quis
3281 1782 3425 1841 petat
3450 1787 3668 1832 contra-

365 1881 446 1924 ost
469 1872 810 1939 geometrica,
835 1879 926 1926 aut
954 1871 1230 1927 dialectica
1261 1888 1379 1943 qua:
1408 1889 1513 1928 non
1539 1883 1624 1930 est
1647 1874 1955 1942 dialectica,

2063 1859 2203 1911 rium
2255 1860 2303 1914 ei
2355 1862 2498 1930 quod
2548 1875 2616 1915 ex
2668 1860 2993 1917 necessitate
3044 1863 3239 1919 accidit
3293 1880 3388 1934 per
3438 1882 3500 1921 ea
3543 1884 3667 1939 quas

364 1966 477 2021 sive
511 1979 713 2030 verum,
748 1964 861 2020 sive
891 1965 1078 2019 falsum
1111 1967 1181 2020 sit
1208 1968 1347 2037 quod
1381 1968 1595 2021 accidit.
1632 1969 1750 2021 Alio
1774 1978 1954 2023 autem

364 2060 545 2122 modo,
578 2060 622 2113 si
660 2074 756 2129 per
788 2059 917 2113 falsa
940 2074 1069 2114 non
1102 2060 1404 2126 concludit,
1442 2061 1600 2131 hujus
1643 2071 1820 2117 autem
1854 2063 1969 2116 erit

364 2150 679 2221 quandoque
706 2150 918 2220 quidem
942 2150 1218 2206 conclusio
1247 2152 1398 2215 falsa,
1431 2153 1753 2223 quandoque
1776 2165 1961 2210 autem

365 2252 660 2307 vera;nam
688 2243 877 2298 falsum
900 2240 1110 2313 quidem
1142 2258 1356 2315 semper
1377 2258 1472 2313 per
1504 2246 1631 2299 falsa
1660 2246 1954 2310 concludit,

363 2350 546 2390 verum
571 2343 749 2390 autem
778 2336 1031 2405 possibile
1051 2344 1134 2390 est
1157 2346 1211 2391 et
1239 2352 1342 2390 non
1372 2351 1469 2406 per
1496 2352 1642 2407 vera,
1677 2349 1732 2392 ut
1757 2339 1956 2393 dictum

296 2414 311 2421 “
363 2437 443 2483 est
471 2428 638 2497 prius.
690 2426 843 2495 Quod
873 2437 1050 2481 autem
1084 2427 1218 2482 falsa
1248 2429 1318 2481 sit
1346 2431 1538 2495 oratio,
1566 2429 1795 2484 dicentis
1828 2445 1956 2500 pec-

364 2531 538 2575 catum
571 2521 746 2589 potius
776 2528 857 2574 est
894 2533 1056 2590 quam
1086 2521 1373 2586 orationis;
1417 2530 1471 2574 at
1518 2522 1734 2590 nequid
1765 2522 1962 2577 dicens

365 2613 431 2668 tis
500 2626 743 2681 semper,
805 2612 900 2666 sed
959 2624 1079 2666 cum
1132 2612 1293 2667 lateat
1340 2613 1515 2681 ipsum
1565 2614 1709 2681 quod
1768 2614 1963 2667 falsam

364 2705 659 2758 orationem
692 2703 824 2758 dixit
857 2704 1112 2773 aliquam,
1134 2718 1200 2758 eo
1221 2706 1361 2773 quod
1388 2705 1455 2758 ab
1490 2706 1607 2773 ipso
1634 2705 1961 2775 suscipimus

366 2806 488 2848 cum
520 2793 759 2863 pluribus
789 2794 929 2847 veris
959 2793 1231 2862 quidpiam
1261 2794 1523 2861 amplius,
1557 2793 1602 2848 si
1634 2810 1697 2847 ex
1733 2795 1798 2848 iis
1837 2810 1958 2864 quae

364 2887 597 2941 maxime
614 2885 859 2939 videntur
877 2884 1140 2938 interth
1160 2884 1359 2953 aliquid
1381 2885 1795 2954 verorum(talis
1811 2887 1963 2940 enim

364 2978 601 3033 existens
645 2984 893 3031 verorum
941 2975 1331 3029 demonstratio
1378 2976 1512 3045 est),
1565 2985 1781 3044 Oportet
1825 2991 1963 3031 sane

365 3070 661 3140 positorum
688 3067 887 3137 aliquid
911 3081 1017 3121 non
1048 3081 1168 3122 esse
1196 3068 1435 3133 omnino,
1472 3083 1639 3134 quare
1664 3068 1767 3122 erit
1797 3068 1961 3137 hujus

364 3161 771 3217 demonstratio.
820 3160 877 3216 Si
916 3170 1095 3216 autem
1124 3176 1309 3216 verum
1347 3162 1633 3216 concludat
1676 3177 1769 3229 per
1798 3162 1952 3232 falsa,

364 3270 415 3310 et
466 3256 618 3311 valde
666 3255 916 3323 absurda,
972 3255 1333 3325 compluribus
1383 3256 1618 3310 deterior
1672 3256 1776 3310 erit
1829 3229 1950 3326 qum
1982 3229 2032 3295 θ

363 3350 556 3405 falsum
601 3350 948 3421 syllogizant;
981 3350 1085 3404 erit
1122 3358 1299 3403 autem
1331 3350 1481 3413 talis,
1520 3358 1574 3402 et
1603 3363 1720 3416 quas
1758 3348 1957 3403 falsum

364 3441 655 3497 concludit.
712 3442 889 3509 Quare
936 3442 1281 3497 manifestum
1323 3441 1473 3511 quod
1516 3442 1693 3510 prima
1734 3440 1951 3510 quidem

366 3532 724 3587 consideratio
775 3533 1035 3587 orationis
1087 3532 1382 3587 secundum
1434 3548 1494 3587 se
1546 3534 1716 3600 ipsam
1761 3543 1862 3596 est,
1908 3534 1952 3588 si

365 3623 664 3690 concludit;
698 3624 932 3679 secunda
963 3632 1169 3691 autem,
1200 3634 1373 3679 utrum
1408 3640 1594 3680 verum
1627 3640 1691 3678 an
1726 3624 1950 3690 falsum;

282 3712 297 3717 ’
367 3716 517 3783 tertia
547 3732 673 3772 vero
702 3732 765 3771 ex
799 3717 1046 3787 qualibus
1075 3717 1413 3786 quibusdam.
1470 3717 1598 3771 Nam
1634 3718 1675 3771 si
1708 3732 1771 3771 cx
1807 3717 1955 3771 falsis

365 3808 599 3879 quidem,
652 3808 1006 3877 epinabilibus
1034 3817 1233 3876 autem,
1279 3808 1643 3871 rationabilis;
1692 3810 1733 3862 si
1771 3817 1951 3863 autem

366 3898 720 3953 existentibus
765 3897 1007 3967 quidem,
1054 3899 1146 3953 sed
1201 3890 1637 3968 inopinabilibus,
1683 3915 1873 3968 prava;
1908 3903 1953 3956 si

370 4002 494 4045 vero
530 3999 583 4045 et
620 3988 749 4043 falsa
791 3998 845 4043 et
890 3989 1043 4043 valde
1088 3989 1428 4059 in0pinabilia
1475 3992 1609 4051 sint,
1660 3992 1952 4045 dilucidum

366 4082 508 4153 quod
543 4095 733 4149 prava,
773 4088 863 4133 aut
895 4061 1227 4149 simpliciter,
1266 4089 1357 4133 aut
1387 4082 1452 4134 ad
1498 4098 1631 4134 rem.
1685 4082 1735 4133 Id
1773 4090 1951 4135 autem

331 4229 335 4233 .
366 4175 507 4243 quod
539 4175 589 4229 in
626 4173 888 4244 principio
920 4182 974 4227 et
999 4173 1265 4228 contraria
1296 4187 1528 4243 quonam
1562 4180 1717 4243 pacto
1750 4178 1955 4243 peteret

369 4269 723 4337 interrogans,
765 4265 1060 4322 secundum
1099 4266 1381 4323 veritatem
1424 4268 1639 4336 quidem
1673 4268 1726 4321 in
1755 4267 1954 4337 Analy-

368 4364 490 4417 ticis
516 4362 716 4416 dictum
745 4369 848 4425 est,
881 4360 1174 4416 secundum
1205 4361 1513 4430 opinionem
1542 4374 1671 4415 vero
1703 4376 1844 4415 nunc
1866 4362 1951 4414 di-

314 4454 315 4457 “
369 4453 598 4508 cendum
630 4459 731 4506 est.
780 4451 964 4506 Petere
1005 4461 1185 4507 autem
1228 4452 1479 4507 videntur
1510 4454 1561 4506 id
1605 4453 1742 4522 quod
1776 4462 1859 4506 est
1900 4456 1950 4506 in

371 4544 633 4614 principio
681 4544 914 4613 quinque
972 4542 1167 4596 modis.
1251 4541 1685 4597 Manilestissinto
1736 4543 1951 4610 quidem

370 4647 422 4692 et
446 4637 642 4707 primo,
674 4636 719 4690 si
746 4636 869 4706 quis
909 4635 1138 4706 idipsum
1171 4635 1314 4705 quod
1375 4638 1658 4689 monstrari
1708 4643 1956 4703 oporteat

371 4738 536 4797 petat,
563 4727 663 4782 hoc
686 4734 863 4781 autem
897 4727 948 4780 in
975 4741 1043 4781 eo
1074 4728 1190 4794 ipso
1217 4726 1434 4796 quidem
1464 4741 1571 4780 non
1601 4725 1755 4781 facile
1786 4719 1965 4781 latere

371 4831 564 4892 potest,
615 4822 667 4875 in
718 4820 1031 4892 synonymis
1080 4828 1290 4886 autem,
1340 4826 1394 4873 et
1440 4819 1491 4873 in
1544 4817 1952 4887 quiimscunqne

369 4928 563 4969 nomen
611 4922 665 4968 et
712 4912 885 4968 oratio
936 4912 1074 4967 idem
1115 4912 1397 4981 significat,
1448 4912 1637 4978 magis.
1701 4910 1949 4965 Secundo

367 5017 566 5074 autem,
599 5007 815 5078 quando
855 5007 996 5077 quod
1024 5008 1419 5074 particulariter
1449 5014 1696 5075 eporteat
1724 5008 1951 5062 dentom-

367 5113 542 5154 strare
573 5099 948 5155 universalitcr
986 5100 1105 5167 quis
1135 5109 1297 5166 petat,
1334 5103 1504 5169 utqui
1551 5110 1957 5171 argumentatur

367 5191 508 5260 quod
561 5193 953 5247 contrariorum
983 5205 1090 5246 una
1120 5184 1431 5261 disciplina,
1466 5194 1703 5248 omnium
1736 5194 1957 5263 opposi-

369 5293 542 5337 torum
571 5283 928 5353 postulaverit
957 5296 1115 5336 unam
1147 5296 1287 5346 esse,
1319 5298 1439 5337 nam
1480 5285 1692 5337 videtur
1735 5286 1783 5338 id
1815 5284 1958 5354 quod

367 5374 652 5441 oportebat
679 5372 976 5428 secundum
1007 5386 1066 5426 se
1114 5373 1402 5428 ostendere
1448 5387 1569 5428 cum
1624 5375 1743 5428 aliis
1774 5384 1958 5443 petere

365 5460 629 5529 pluribus.
701 5459 923 5525 Temo,
979 5462 1024 5515 si
1080 5463 1201 5530 quis
1252 5463 1391 5529 quod
1453 5465 1827 5531 universaliter
1876 5474 1960 5519 est

364 5552 654 5611 ostendere
705 5554 1041 5621 propositum
1081 5551 1479 5621 particulariter
1509 5561 1675 5622 petat,
1710 5563 1764 5607 ut
1808 5555 1851 5607 si
1890 5555 1959 5610 de

364 5645 615 5701 omnibus
670 5642 960 5700 contrariis
1026 5643 1357 5713 prepositum
1408 5653 1530 5709 est,
1584 5645 1651 5699 de
1694 5645 1960 5713 aliquibus

366 5738 603 5809 postulet
662 5757 673 5791 :
736 5735 949 5791 videtur
1000 5735 1144 5791 enim
1205 5734 1289 5789 hic
1348 5736 1487 5806 quod
1546 5751 1667 5791 cum
1724 5738 1961 5806 pluribus

362 5830 648 5891 oportebat
700 5828 991 5885 ostendere
1050 5826 1340 5882 secundum
1405 5843 1464 5884 se
1536 5838 1684 5884 extra
1755 5839 1955 5901 petere.

2060 1951 2234 2018 posita
2261 1961 2407 2015 sunt,
2433 1951 2553 2007 etsi
2587 1951 2705 2021 quis
2731 1966 2794 2008 ea
2821 1953 3039 2022 quidem
3070 1969 3174 2009 non
3209 1971 3388 2012 sumat
3417 1973 3537 2027 qua:
3563 1973 3665 2028 op-

2062 2041 2256 2109 posita,
2283 2050 2339 2095 at
2360 2043 2463 2097 alia
2486 2051 2630 2111 petat
2657 2041 2784 2111 duo,
2816 2059 2884 2099 ex
2914 2046 3110 2115 quibus
3135 2048 3236 2102 erit
3261 2050 3503 2121 opposita
3530 2064 3665 2105 con-

2062 2133 2325 2188 tradictio.
2361 2132 2545 2189 Diliert
2567 2144 2744 2190 autem
2772 2138 3040 2193 contraria
3063 2153 3277 2194 sumere
3303 2141 3565 2195 tantillum
3591 2150 3665 2205 ab

2061 2239 2127 2278 eo
2154 2226 2293 2294 quod
2344 2234 2427 2279 est
2458 2225 2510 2278 in
2544 2226 2829 2296 principio,
2860 2231 3113 2298 quoniam
3154 2230 3312 2299 hujus
3339 2231 3553 2301 quidem
3576 2241 3666 2305 est

2064 2328 2340 2385 peccatum
2380 2316 2443 2372 ad
2483 2319 2887 2374 conclusionem
2929 2322 3076 2391 (nam
3109 2323 3174 2377 ad
3216 2323 3363 2387 illam
3395 2325 3664 2395 aspicient-

2064 2420 2163 2478 tes,
2205 2410 2345 2480 quod
2373 2411 2427 2465 in
2456 2411 2717 2481 principio
2738 2423 2822 2467 est
2862 2412 3092 2471 dicimus
3125 2417 3663 2485 petere);coutraria

2062 2519 2240 2561 autem
2284 2519 2405 2561 sunt.
2446 2508 2498 2561 in
2545 2507 3003 2576 propositionibus
3039 2525 3105 2565 eo
3136 2511 3280 2581 quod
3312 2512 3442 2581 ipsa:
3479 2512 3664 2583 aliquo

2063 2600 2223 2652 modo
2271 2614 2331 2654 se
2371 2598 2571 2654 habent
2611 2600 2678 2654 ad
2709 2601 2960 2656 invicem.
3002 2602 3083 2656 Ad
3112 2604 3448 2673 gymnasium
3477 2613 3663 2671 autem

2061 2703 2116 2747 et
2141 2695 2576 2751 exercitationem
2617 2696 2807 2752 talium
2842 2699 3148 2753 orationum
3181 2700 3414 2770 primum
3443 2701 3665 2772 quidem

2060 2795 2379 2841 convertere
2429 2801 2747 2843 assuescere
2796 2799 3013 2858 oportet
3059 2791 3354 2849 orationes.
3394 2793 3485 2850 Sic
3515 2794 3664 2857 enim

2061 2891 2115 2935 et
2160 2882 2225 2935 ad
2276 2881 2329 2936 id
2387 2882 2529 2951 quod
2579 2882 2777 2939 dicitur
2836 2884 3111 2953 copiosius
3167 2902 3264 2941 nos
3318 2885 3663 2957 habebimus,

2016 2985 2023 2992 '
2060 2984 2116 3028 et
2145 2974 2195 3027 in
2228 2974 2415 3042 paucis
2442 2974 2623 3043 plures
2651 2977 2887 3031 sciemus
2918 2978 3191 3033 orationes
3222 2996 3236 3033 :
3270 2994 3391 3034 nam
3419 2994 3657 3035 conver-

2062 3074 2176 3119 tere
2206 3075 2288 3119 est
2318 3074 2775 3122 transsumentem
2821 3069 3224 3125 conclusionem
3266 3087 3389 3127 cum
3431 3073 3661 3143 reliquis

2061 3158 2577 3226 interrogationibus
2607 3158 2923 3216 interimere
2953 3178 3119 3216 unum
3146 3164 3424 3233 quidpiam
3466 3181 3659 3231 eorum

2060 3265 2182 3317 qua:
2203 3249 2349 3304 dicta
2376 3260 2523 3305 sunt.
2574 3250 2809 3307 Necetse
2846 3262 2929 3308 est
2968 3256 3136 3319 enim,
3165 3257 3208 3309 si
3245 3257 3521 3313 conclusio
3549 3274 3659 3329 non

2056 3350 2169 3403 est,
2225 3356 2382 3394 unum
2420 3342 2655 3411 aliquam
2704 3342 3015 3399 interimere
3066 3346 3533 3416 propositionum,
3578 3351 3659 3407 si,

2058 3432 2272 3500 quidem
2303 3432 2553 3488 omnibus
2594 3434 2785 3502 positis
2815 3450 3038 3491 necesse
3079 3446 3195 3492 erat
3241 3440 3657 3499 cottclusionem

2058 3541 2199 3581 esse.
2267 3527 2347 3581 Ad
2394 3542 2610 3583 omnem
2664 3537 2845 3584 autem
2899 3531 3218 3597 positionem
3261 3542 3315 3586 et
3361 3534 3504 3603 quod
3555 3537 3660 3605 sic,

2058 3631 2110 3673 et
2140 3619 2281 3689 quod
2308 3634 2415 3673 non
2442 3622 2520 3674 sic
2548 3629 2927 3689 argumentum
2951 3612 3429 3689 considerandum,
3455 3637 3506 3680 et
3532 3642 3657 3683 eum

2062 3711 2356 3777 inveneris,
2387 3711 2711 3767 solutionem
2757 3714 2937 3767 statim
2971 3716 3338 3783 qumrendum.
3392 3718 3483 3774 Sic
3510 3720 3659 3779 enim

2059 3802 2215 3857 simul
2245 3803 2454 3859 accidet
2482 3811 2535 3857 et
2561 3805 2627 3858 ad
2657 3804 3114 3874 interrogandum,
3147 3817 3200 3863 et
3225 3809 3291 3863 ad
3318 3810 3658 3880 responden-

2060 3896 2186 3949 dum
2218 3896 2481 3957 exerceri,
2510 3904 2571 3952 et
2594 3896 2639 3949 si
2669 3897 2735 3949 ad
2768 3897 2970 3952 nullum
3006 3898 3166 3953 alium
3202 3901 3482 3969 habemus,
3514 3904 3657 3974 apud

2061 3986 2305 4054 nosipsos
2365 3988 2564 4040 sensim
2628 3988 2988 4056 comparanda
3057 3999 3182 4044 sunt
3237 4007 3357 4059 quae
3424 3992 3658 4053 attinent

2059 4077 2122 4131 ad
2152 4081 2318 4145 ipsam
2354 4076 2675 4145 positionem
2706 4088 3022 4154 argumenta
3054 4095 3067 4131 ι
3103 4095 3225 4132 nam
3274 4080 3325 4134 id
3358 4081 3423 4135 ad
3457 4099 3657 4154 cogen-

2059 4170 2185 4223 dum
2218 4167 2434 4223 multum
2481 4168 2688 4236 copiam
2732 4169 2957 4236 przcbet,
3008 4179 3063 4223 et
3112 4169 3176 4224 ad
3221 4170 3650 4241 redarguendum

2061 4277 2310 4329 magnum
2337 4260 2501 4315 habet
2522 4259 2917 4329 adjumentum,
2942 4252 3157 4330 quan'do
3181 4262 3443 4331 quispiam
3472 4281 3656 4335 prom-

2062 4366 2181 4421 pttts
2225 4364 2307 4409 est
2349 4353 2745 4424 argumentari,
2776 4352 2999 4423 etquod
3029 4354 3107 4408 sic
3136 4362 3190 4409 et
3215 4355 3357 4425 quod
3402 4371 3502 4408 non
3545 4358 3650 4425 sic,

2061 4462 2183 4500 nam
2227 4447 2292 4499 ad
2340 4445 2609 4505 contraria
2640 4444 2834 4499 accidit
2880 4445 3057 4500 facere
3100 4446 3551 4513 observationem,
3596 4459 3655 4519 es

2059 4540 2124 4591 ad
2157 4538 2547 4605 cognitionem,
2583 4545 2638 4591 et
2668 4551 2730 4590 ea
2762 4537 2903 4605 (qua:
2933 4537 3227 4591 secundum
3257 4538 3649 4609 philosophiam

2062 4629 2164 4697 est)
2194 4629 2439 4697 peritiam
2476 4642 2637 4696 posse
2675 4628 3010 4697 conspicere,
3045 4638 3100 4684 et
3139 4633 3485 4699 conspexisse
3526 4649 3651 4703 qua:

2062 4723 2129 4774 ab
2160 4732 2384 4787 utraque
2434 4719 2686 4774 accidunt
2722 4719 3110 4789 suppositione,
3144 4736 3250 4775 non
3298 4738 3518 4791 parvum
3569 4727 3651 4785 in,-

2061 4820 2459 4867 strumentum:
2500 4810 2760 4879 reliquum
2811 4810 2954 4866 enim
2993 4810 3208 4881 horum,
3260 4824 3407 4870 recte
3447 4816 3652 4886 eligere

2061 4904 2318 4967 alterum;
2362 4911 2574 4970 oportet
2619 4911 2800 4957 autem
2844 4904 2912 4958 ad
2962 4903 3014 4959 id
3043 4905 3185 4974 quod
3238 4906 3344 4961 tale
3401 4916 3484 4962 est
3528 4924 3653 4964 esse

2063 4999 2203 5051 bono
2232 4995 2461 5065 ingenio,
2490 4994 2668 5049 ethoc
2694 5004 2779 5049 est
2802 4996 3097 5052 secundum
3126 4997 3427 5067 veritatem,
3451 5000 3651 5063 bonum

2061 5088 2363 5158 ingenium,
2404 5101 2563 5157 posse
2607 5087 2744 5141 bene
2785 5086 2987 5157 eligere
3035 5103 3243 5154 verum,
3292 5097 3346 5143 et
3389 5088 3654 5162 dill‘ugere

2064 5180 2278 5245 falsum,
2311 5178 2452 5247 quod
2490 5179 2581 5248 qui
2619 5179 2724 5232 nati
2767 5187 2892 5234 sunt
2929 5180 3067 5235 bene
3097 5188 3321 5249 possunt
3352 5180 3516 5251 probe
3569 5180 3653 5235 fa-

2060 5283 2206 5335 cere,
2237 5284 2361 5324 nam
2408 5269 2499 5338 qui
2529 5278 2713 5323 amant
2741 5279 2797 5323 et
2825 5269 2914 5338 qui
2960 5268 3183 5334 odiunt,
3209 5270 3353 5341 quod
3381 5272 3652 5341 profertur

2062 5363 2215 5417 facile
2244 5363 2558 5418 discernunt
2584 5363 2868 5432 optimum.
2922 5363 2990 5417 Et
3016 5362 3083 5416 ad
3113 5377 3175 5418 ea
3202 5377 3324 5433 quas
3351 5364 3667 5434 saepissime

2062 5455 2304 5509 incidunt
2350 5454 2713 5522 problemata,
2757 5456 2901 5509 scire
2935 5463 3145 5524 oportet
3190 5455 3483 5529 orationes,
3512 5466 3568 5514 et
3612 5457 3664 5525 id

2058 5548 2292 5601 nmime
2335 5546 2405 5601 de
2444 5546 2633 5613 primis
2680 5546 3052 5614 positionibus.
3103 5545 3235 5602 Nam
3287 5549 3339 5605 in
3368 5549 3452 5608 his
3495 5550 3661 5623 fasti,-

2062 5641 2212 5694 diunt
2254 5651 2400 5708 saepe
2435 5638 2524 5707 qui
2572 5637 2919 5705 respondent.
2971 5639 3239 5709 Amplius,
3289 5642 3649 5700 terminornm

2063 5739 2314 5808 copiosos
2342 5750 2465 5793 esse
2490 5743 2733 5809 oportet,
2764 5743 2818 5791 et
2845 5735 3237 5805 probabilium,
3266 5747 3320 5793 et
3349 5738 3648 5809 primorum

2065 5845 2123 5886 se
2152 5830 2350 5887 habere
2380 5836 2657 5899 promptos
2684 5848 2695 5883 :
2721 5844 2845 5885 nam
2884 5844 2977 5899 per
3009 5829 3123 5885 haec
3165 5832 3298 5886 llunt
3325 5830 3645 5904 syllogismi.
