4248 6272
610 316 762 402 θἰοοῖι

1886 341 1999 398 ΑΝ.
2040 341 2247 399 ΜΑΝιι.
2288 341 2442 400 SEV.
2483 340 2706 399 BOETII

3760 351 3893 406 1008

620 469 954 525 Tentandum
985 438 1162 520 autem
1192 469 1248 520 et
1274 479 1341 542 ea
1370 463 1447 535 (in
1478 477 1599 533 quae
1628 448 1926 533 saepissime
1960 465 2201 519 incidunt
2231 468 2277 528 Α
2309 464 2523 519 versali.
2580 463 2900 519 Exercitatio
2946 471 3123 520 autem
3176 464 3417 522 facienda
3438 506 3454 533 ,
3502 468 3889 529 inductivarum

606 554 1027 627 disputationes)
1076 563 1279 611 tenere.
1326 554 1457 609 Nam
1491 554 1932 624 quemadmodum
1979 555 2030 610 in
2076 572 2201 625 geo-

614 649 805 705 metria
854 658 977 701 ante
1026 661 1162 715 epus
1211 653 1295 701 est
1342 647 1483 700 circa
1534 646 1797 700 elementa
1847 646 2197 700 exercitatum

615 732 755 806 esse,
789 748 843 793 et
883 738 933 792 in
968 737 1206 792 numeris
1254 740 1398 793 circa
1429 738 1686 807 capitales
1730 748 1975 807 prompte
2017 754 2075 792 se
2108 741 2199 791 ita-

612 834 762 895 bere,
802 842 855 887 et
886 832 1106 886 multum
1160 832 1323 886 refert
1362 830 1429 884 ad
1472 832 1570 884 hoc
1608 839 1662 885 et
1705 830 1869 884 alium
1912 845 2195 885 numerum

611 939 937 995 cognoscere
992 922 1431 991 multiplicatum,
1489 922 1739 976 similiter
1782 924 1995 992 quoque
2040 932 2094 977 et
2141 922 2194 976 in

611 1019 943 1073 orationibus
986 1024 1288 1085 promptum
1325 1030 1444 1071 esse
1484 1017 1547 1069 ad
1594 1016 1883 1085 principia,
1916 1027 1970 1071 et
2001 1032 2197 1085 propo-

609 1111 833 1165 sitiones
878 1107 1137 1163 memoria
1182 1108 1321 1162 scire
1350 1116 1561 1175 oportet
1594 1124 1607 1160 :
1642 1124 1761 1160 nam
1794 1108 2013 1176 perinde
2044 1123 2105 1161 ac
2137 1108 2192 1162 in

608 1203 886 1257 memoriae
926 1200 1168 1255 sensorio
1212 1200 1384 1254 solum
1435 1200 1533 1253 loci
1564 1200 1721 1267 positi
1764 1199 1943 1254 statim
1973 1198 2196 1253 ‘faciunt

606 1296 754 1366 ipsas
799 1309 888 1349 res
917 1308 1235 1356 memorare,
1268 1303 1319 1346 et
1351 1294 1466 1346 lucc
1521 1292 1723 1346 faciunt
1767 1292 1832 1346 ad
1872 1293 2194 1347 ratiocinan-

607 1388 733 1443 dum
767 1388 1168 1456 promptiorem,
1199 1401 1263 1438 eo
1292 1384 1433 1454 quod
1456 1385 1524 1438 ad
1555 1386 1932 1439 determinatas
1963 1385 2082 1440 illas
2111 1385 2196 1440 in-

605 1481 799 1550 spiciat
826 1474 1118 1535 secundum
1152 1494 1455 1533 numerum.
1491 1479 2020 1549 Propositionemque
2046 1495 2192 1535 com-

602 1589 817 1628 munem
860 1574 1027 1641 magis
1073 1585 1228 1639 quam
1270 1571 1586 1639 positionem
1632 1574 1684 1626 in
1710 1575 1967 1627 memoria
1991 1589 2194 1642 ponen-

601 1662 751 1718 dum.
781 1664 908 1717 Nam
947 1661 1327 1731 principiorum
1364 1669 1418 1715 et
1451 1661 1874 1730 suppositionum
1915 1663 2191 1732 copiosum

599 1754 723 1811 esse
745 1755 1105 1820 mediocriter,
1133 1752 1372 1807 difﬁcile.
1404 1753 1672 1823 Amplius,
1702 1755 1999 1809 orationem
2030 1772 2189 1811 unam

2304 555 2518 624 quidem
2550 555 2614 609 ad
2646 556 2860 619 rudem,
2903 556 3354 627 syllogisticarum
3397 569 3576 616 autem
3606 563 3670 617 ad
3701 580 3891 632 exper-

2304 661 2434 703 tum.
2486 650 2551 702 Et
2592 648 2902 704 tentandum
2948 648 3197 718 accipere
3238 651 3306 705 ab
3347 650 3413 706 iis
3450 652 3664 722 quidem
3709 658 3794 723 qui
3836 662 3887 712 in

2302 739 2623 809 syllogismis
2654 739 2763 793 triti
2794 748 2916 793 sunt
2942 739 3358 808 propositiones,
3384 741 3452 796 ab
3478 743 3541 798 iis
3566 759 3695 798 vero
3722 748 3885 814 quiin

2300 830 2697 885 inductionibus
2754 830 3155 896 similitudines,
3234 833 3286 887 in
3338 832 3439 889 hoc
3483 836 3625 889 enim
3679 838 3889 905 utrique

2299 923 2573 976 exercitati
2605 930 2751 977 sunt.
2797 922 3029 978 Omnino
3065 933 3243 979 autem
3282 928 3687 983 exercitationis
3719 934 3884 999 gratia

2298 1013 2723 1084 disceptantibus
2745 1015 3059 1069 tentandum
3089 1017 3277 1072 afferre
3307 1029 3398 1072 aut
3424 1019 3791 1089 syllogismum
3821 1021 3888 1075 de

2297 1105 2494 1175 aliquo,
2526 1115 2617 1160 aut
2646 1107 3095 1175 propositionem,
3140 1117 3233 1162 aut
3276 1106 3599 1165 solutidnem
3621 1151 3637 1175 ,
3666 1121 3758 1165 aut
3805 1112 3887 1165 in-

2296 1198 2569 1261 stantiam,
2606 1198 2717 1251 sive
2757 1207 2904 1253 recte
2940 1200 3059 1268 quis
3097 1198 3269 1266 dicat,
3311 1200 3425 1255 sive
3460 1216 3761 1270 perperam,
3800 1204 3884 1257 vel

2298 1288 2436 1355 ipse,
2471 1288 2555 1341 vel
2578 1288 2733 1354 alter,
2767 1298 2820 1342 et
2854 1289 2919 1344 ad
2947 1289 3219 1359 quidpiam
3249 1301 3490 1360 uterque.
3524 1294 3599 1346 Ex
3628 1293 3711 1347 liis
3736 1295 3885 1348 enim

2296 1379 2541 1443 facultas,
2592 1382 2907 1436 exercitatio
2946 1391 3124 1437 autem
3165 1382 3430 1437 facultatis
3458 1386 3649 1451 gratia,
3683 1394 3737 1439 ct
3782 1401 3885 1440 ma«

2297 1473 2442 1527 xime
2487 1474 2632 1527 circa
2687 1474 3078 1542 propositiones
3130 1484 3182 1528 et
3237 1473 3537 1528 instantius.
3600 1476 3693 1530 Est
3739 1479 3882 1534 enim

2298 1567 2382 1629 (ut
2406 1566 2719 1635 simpliciter
2739 1565 2938 1635 dicam)
2964 1566 3297 1633 dialecticus,
3331 1567 3690 1635 propositivus
3719 1579 3772 1623 et
3801 1570 3881 1626 iu-

2296 1658 2580 1711 stantivus.
2606 1656 2700 1710 Est
2729 1667 2904 1712 autem
2936 1672 3239 1726 preponere
3266 1657 3503 1727 quidem,
3524 1674 3685 1713 unum
3711 1658 3882 1716 facere

2296 1764 2415 1819 quae
2438 1758 2562 1804 sunt
2587 1749 2757 1818 plura.
2807 1750 3033 1819 Oportet
3055 1751 3197 1805 enim
3229 1765 3393 1804 unum
3420 1750 3643 1804 omnino
3671 1767 3880 1807 sumere

597 1847 781 1915 plures
805 1846 981 1900 facere
1009 1843 1449 1909 assuescendum,
1472 1846 1619 1899 velut
1648 1846 1681 1899 ii
1710 1847 1796 1913 qui
1826 1847 2188 1903 occultissime
2217 1848 2268 1910 B
2294 1842 2359 1894 ad
2400 1840 2541 1909 quod
2571 1850 2653 1895 est
2681 1841 2871 1895 0rali0-
2925 1840 3126 1896 Instare
3164 1851 3343 1895 autem
3384 1841 3526 1909 quod
3566 1857 3727 1896 unum
3766 1852 3879 1909 est,

596 1938 954 1993 abscondunt.
989 1937 1119 1991 Tale
1145 1922 1322 1992 autem
1354 1938 1458 1991 erit
1485 1938 1530 1991 si
1558 1937 1676 2008 quis
1703 1942 1860 2007 quam
1894 1940 2180 2008 plurimum

594 2028 850 2082 abscedat
890 2028 957 2080 ab
1000 2026 1259 2081 affinitate
1308 2041 1494 2081 eorum
1537 2026 1604 2082 de
1633 2028 1826 2097 quibus
1855 2038 1934 2083 est
1974 2031 2178 2095 oratio;

592 2124 752 2177 erunt
778 2130 957 2175 autem
981 2121 1219 2190 potiores
1244 2121 1543 2174 orationum
1574 2121 1900 2176 universales
1926 2123 2178 2186 maxime,

591 2230 712 2285 qum
743 2215 792 2269 id
827 2215 934 2283 pati
964 2215 1187 2283 possint,
1220 2224 1279 2269 ut
1309 2214 1556 2283 quoniam
1588 2230 1691 2268 non
1715 2224 1798 2269 est
1823 2231 1923 2269 una
1950 2216 2178 2285 plurium

589 2304 870 2376 disciplina
904 2324 918 2361 :
950 2306 1027 2362 sic
1064 2306 1209 2361 enim
1259 2316 1309 2361 et
1352 2306 1403 2359 in
1450 2306 1511 2359 iis
1557 2321 1675 2375 qua:
1710 2315 1835 2359 sunt
1862 2306 1927 2359 ad
1958 2305 2178 2376 aliquid,

589 2407 648 2454 ct
694 2398 746 2452 in
777 2398 1092 2464 contrariis,
1131 2405 1185 2451 et
1227 2395 1521 2466 coniugatis
1550 2405 1654 2450 est.
1730 2394 1954 2465 Oportet
2000 2405 2179 2450 autem

587 2500 643 2545 et
680 2490 949 2545 reminisci
995 2490 1321 2543 universales
1366 2488 1540 2542 facere
1588 2488 1863 2543 orationes
1894 2528 1908 2552 ,
1963 2488 2178 2543 tametsi

583 2581 749 2636 fuerit
795 2581 1074 2649 disputans
1124 2580 1539 2648 particulariter.
1591 2579 1681 2634 Sic
1729 2581 1871 2634 enim
1917 2589 1971 2635 et
1999 2583 2178 2649 plures

585 2668 770 2728 licebit
809 2687 971 2725 unam
1006 2669 1203 2736 facere,
1237 2670 1485 2725 similiter
1516 2682 1695 2726 autem
1733 2680 1789 2727 et
1816 2673 1957 2742 apud
1997 2673 2181 2728 rheto-

585 2763 752 2820 resin
781 2762 1291 2833 enthyrnematibus.
1341 2761 1603 2815 Eumdem
1653 2772 1830 2816 autem
1862 2779 2020 2832 quam
2068 2777 2179 2817 ma-

578 2853 727 2909 xime
775 2853 982 2921 fugere,
1024 2860 1211 2906 contra
1261 2851 1567 2906 universale
1628 2851 1772 2907 ferre
1819 2854 2173 2924 syllogismos.

584 2946 652 3000 Et
704 2960 918 3013 semper
966 2952 1181 3012 oportet
1249 2942 1593 2998 considerare
1650 2944 1959 3010 orationes,
2026 2946 2071 2999 si
2124 2947 2175 3000 in

578 3037 821 3108 pluribus
847 3034 1222 3089 communibus
1252 3032 1608 3104 disputantur.
1667 3034 1799 3088 Nam
1832 3050 2023 3090 omnes
2051 3051 2175 3105 par-

581 3130 836 3185 licularcs
888 3128 943 3182 in
991 3126 1279 3182 universali
1320 3125 1608 3194 disputata:
1652 3135 1797 3191 sunt,
1840 3138 1895 3182 et
1940 3128 2080 3182 inest
2121 3128 2173 3182 in

2287 1932 2465 1985 facere
2506 1931 2679 1999 plura.
2742 1930 2872 1983 Nam
2928 1940 3017 1984 aut
3049 1930 3270 1995 dividit,
3320 1940 3410 1984 aut
3461 1929 3743 1997 interimit,
3773 1932 3879 1988 hoc

2285 2021 2499 2090 quidem
2550 2020 2709 2089 dans,
2754 2019 2885 2074 illud
2934 2028 3116 2075 autem
3165 2034 3270 2073 non
3317 2019 3476 2086 dans,
3526 2036 3711 2076 eorum
3760 2037 3878 2091 qua:
3968 2080 3969 2083 η

2286 2119 2561 2185 proposita
2593 2124 2736 2171 sunt.
2789 2115 2905 2170 Non
2936 2125 3018 2170 est
3048 2124 3227 2170 autem
3257 2131 3377 2170 cum
3421 2117 3568 2170 omni
3597 2116 3876 2185 disputan-

2284 2207 2432 2272 dum,
2486 2221 2658 2276 neque
2695 2215 2881 2260 contra
2933 2206 3225 2274 quemlibet
3271 2205 3695 2260 exercitandum.
3745 2207 3877 2261 Nam

2285 2314 2507 2354 necesse
2552 2300 2618 2352 ad
2663 2299 2873 2368 aliquos
2927 2313 3117 2369 pravas
3168 2298 3284 2353 fieri
3334 2300 3637 2367 orationes,
3689 2301 3758 2354 ab
3808 2317 3877 2356 eo

2287 2394 2429 2449 enim
2475 2394 2565 2463 qui
2621 2394 2840 2447 omnino
2891 2402 3061 2446 ιυιιιιιι
3108 2408 3402 2463 apparere,
3453 2392 3873 2463 diifugiendum,

2280 2488 2489 2557 justum
2522 2497 2700 2541 autem
2725 2486 2945 2541 omnino
2968 2495 3174 2542 tentare
3195 2486 3506 2556 syl10gismo
3527 2486 3872 2557 concludere,

2284 2589 2656 2635 verumtamen
2711 2595 2815 2634 non
2850 2579 3150 2648 pulchrum,
3198 2593 3264 2634 eo
3310 2579 3451 2647 quod
3500 2596 3605 2634 non
3652 2590 3872 2649 oportet

2282 2672 2539 2727 adversus
2565 2673 2834 2742 quoslibet
2866 2672 3020 2727 facile
3061 2673 3384 2728 consistere.
3433 2672 3872 2743 Quandoquidem

2282 2777 2505 2818 necesse
2543 2771 2627 2818 est
2653 2763 3044 2833 parviloquium
3096 2764 3222 2819 inde
3266 2779 3577 2832 emergere,
3620 2781 3739 2819 nam
3783 2768 3873 2836 qui

2282 2856 2563 2911 exercitati
2592 2865 2721 2912 sunt
2760 2872 2865 2912 non
2896 2865 3121 2927 possunt
3148 2858 3428 2914 abstinere
3451 2874 3482 2912 a
3511 2859 3869 2930 disputatione

2281 2946 2401 3000 sine
2444 2947 2811 3003 altercatione.
2870 2948 3093 3017 Oportet
3132 2959 3309 3005 autem
3354 2960 3409 3006 et
3452 2951 3619 3008 factas
3666 2954 3867 3010 habere

2282 3040 2555 3095 orationes
2603 3041 2668 3095 ad
2700 3041 3005 3111 hujusmodi
3052 3042 3411 3111 problemata,
3444 3045 3498 3099 in
3528 3047 3868 3114 quibuscum

2287 3136 2735 3205 paucissimorum
2780 3138 2932 3205 copia
2973 3150 3065 3191 eas
3116 3136 3181 3191 ad
3227 3139 3656 3210 quam.plurima
3706 3140 3865 3195 utiles

577 3221 993 3291 ‘parti'cularibus
1021 3221 1136 3289 ejus
1161 3219 1300 3289 quod
1325 3227 1407 3274 est
1430 3219 1733 3273 universale
1761 3219 2174 3286 demonstratio,
2208 3221 2253 3283 C
2286 3226 2597 3282 habeamus.
2625 3228 2733 3282 Illae
2762 3243 2889 3283 vero
2925 3238 3048 3282 sunt
3072 3229 3425 3295 universales,
3462 3240 3518 3286 et
3566 3232 3630 3286 ad
3658 3246 3788 3288 duas
3819 3233 3865 3286 in

583 3322 644 3368 eo
683 3314 823 3383 quod
869 3329 976 3367 non
1025 3321 1105 3366 est
1149 3311 1468 3380 syllogizare
1532 3311 1824 3381 quidquam
1887 3312 2004 3365 sine
2052 3310 2176 3366 uni-

2277 3329 2536 3389 promptu
2565 3320 2837 3389 quidpiam
2868 3322 3176 3375 adinvenire
3206 3312 3421 3377 difficile
3448 3332 3549 3378 est.

596 3436 3857 3489 EEEEEEEEEEEEEEEEEEEEEE!!EEEEEEEEEEEEEEEEEEEEEEEEEEEEEEEEEEEEEEEEEEEEEEEEEEEEEEEEEEEE2EEEEEEEEEEEEEEEEEEEEEEEEEEEEEEEEEEEES

791 3520 1669 3625 ELENCHORUM
1738 3524 2771 3632 SOPHISTICORUM
2820 3527 3652 3641 ARISTOTELIS

585 3688 595 3715 ί
2019 3686 2229 3747 LIBRI
2268 3689 2432 3750 Ι)Ηο

576 3784 595 3987 ξ
676 3839 934 3947 ΑΝ.
1010 3834 1497 3943 ΜΑΝΙΑ.
1606 3834 1966 3941 SEV.
2046 3839 2176 3937 Bt

2254 3840 2618 3946 ΕΤΙΟ
2712 3843 3777 3955 INTERPRETE.

1848 4115 2139 4194 LIBER
2206 4120 2615 4200 PRIMUS.

1086 4315 1311 4371 CAPUT
1351 4312 1643 4369 PRIMUM.

580 4432 719 4502 Quid
760 4430 1015 4496 intendit,
1057 4437 1105 4484 et
1148 4429 1371 4499 aliquem
1429 4426 1788 4498 syllogismum
1833 4426 2166 4497 sephisticum

616 4532 621 4535 -
1304 4515 1432 4553 €888.

577 4604 583 4611 '
650 4596 727 4652 De
767 4596 1074 4666 sophistics
1120 4602 1301 4649 autem
1353 4591 1861 4662 redargutionibus,
1896 4604 1951 4647 et
1994 4593 2061 4649 de
2099 4594 2164 4650 iis

577 4708 698 4763 qua:
723 4690 972 4745 videntur
999 4686 1401 4757 redargutiones
1428 4687 1579 4756 (sunt
1600 4695 1778 4740 autem
1802 4688 2057 4757 captiosm
2079 4701 2164 4741 ra-

576 4785 974 4846 tiocinationes,
1000 4790 1054 4835 at
1083 4796 1189 4834 non
1213 4778 1641 4848 redargutiones)
1660 4779 1904 4833 dicamus
1925 4788 2158 4848 oportet,

577 4877 898 4947 incipientes
923 4872 1215 4929 secundum
1246 4881 1491 4925 naturam
1523 4885 1551 4923 a
1585 4870 1791 4941 primis.
1821 4871 1973 4937 Quod
2005 4871 2163 4939 igitur

574 4970 631 5025 bi
662 4969 878 5040 quidem
915 4964 1245 5038 syllogismi,
1276 4965 1352 5019 illi
1383 4974 1561 5020 autem
1605 4964 1749 5027 (cum
1783 4979 1888 5018 non
1920 4964 2052 5034 sint)
2086 4964 2165 5019 vi-

565 5064 808 5131 dentur,
846 5058 1188 5114 manifestum
1218 5065 1319 5111 est.
1350 5056 1504 5111 .Nam
1539 5055 1990 5125 quemadmodum
2018 5067 2073 5111 et
2105 5057 2161 5112 in

566 5156 700 5210 aliis
720 5154 773 5209 id
798 5153 856 5207 lit
885 5167 983 5221 per
1003 5149 1287 5219 quamdam
1312 5147 1747 5214 similitudinem,
1779 5148 1858 5203 sie
1882 5158 1936 5204 et
1962 5149 2017 5204 in
2041 5164 2163 5205 ora-

578 5249 816 5303 tionibus
847 5262 905 5301 se
935 5244 1128 5309 habet;
1156 5242 1356 5298 etenim
1386 5240 1442 5297 bi
1473 5240 1691 5311 quidem
1723 5240 1962 5296 habitum
1994 5243 2163 5312 probe

579 5342 809 5408 habent,
843 5340 921 5396 illi
975 5354 1104 5396 vero
1146 5338 1429 5405 videntur,
1474 5351 1546 5392 ex
1578 5336 1717 5391 tribu
1767 5347 2063 5407 tumentes,
2105 5348 2161 5395 et

578 5438 970 5503 componentes
1000 5428 1241 5499 seipsosg;
1270 5436 1325 5485 et
1363 5426 1576 5497 pulchri
1612 5426 1667 5481 bi
1698 5425 1912 5496 quidem
1940 5427 2011 5482 ob
2040 5428 2160 5497 pul-

579 5523 973 5589 chritudinem,
1002 5520 1080 5578 illi
1111 5528 1289 5576 autem
1330 5519 1611 5582 videntur,
1650 5520 1861 5589 seipsos
1898 5518 2159 5575 fueantes.

581 5616 653 5671 Et
680 5616 731 5673 in
763 5613 1074 5672 inanimatis
1120 5625 1333 5682 quoque
1373 5610 1657 5677 similiter,
1688 5625 1809 5666 nam
1856 5619 1910 5665 et
1951 5610 2159 5665 illorum

584 5705 703 5758 hac
730 5704 942 5773 quidem
966 5712 1266 5771 argentum,
1292 5703 1389 5756 ista
1419 5717 1545 5756 vero
1574 5717 1762 5755 aurum
1791 5714 1976 5755 revera
2004 5708 2157 5765 sunt;

587 5791 679 5845 illa
711 5806 816 5846 non
860 5805 985 5846 sunt
1025 5792 1271 5857 quidem,
1317 5798 1576 5858 apparent
1627 5801 1807 5847 autem
1861 5791 2159 5848 secundum

2279 4337 2523 4388 sensum,
2559 4333 2613 4378 ut
2636 4324 2984 4395 lititargyrina
3006 4334 3061 4379 et
3087 4334 3331 4389 staunea,
3362 4336 3634 4395 argentea,
3658 4336 3712 4382 et
3741 4328 3858 4386 felle

2280 4414 2482 4480 tincta,
2512 4431 2699 4471 aurea.
2735 4417 2933 4471 Eodem
2966 4426 3143 4473 autem
3191 4418 3351 4473 modo
3380 4428 3435 4474 et
3482 4421 3857 4491 syllogismus,

2193 4541 2247 4601 Β
2272 4515 2326 4561 et
2346 4507 2691 4578 redargutio:
2727 4509 2843 4564 hate
2889 4510 3104 4578 quidem
3132 4519 3247 4575 est,
3278 4510 3368 4563 illa
3417 4525 3546 4566 vero
3588 4527 3697 4567 non
3731 4522 3853 4579 est,

2277 4608 2500 4668 apparet
2544 4608 2721 4655 autem
2775 4608 2993 4672 propter
3041 4601 3363 4671 imperitiam
3401 4617 3568 4657 :nam
3625 4604 3860 4673 imperiti

2273 4691 2423 4745 velut
2464 4691 2757 4752 distantes,
2790 4708 2819 4745 a
2849 4692 3005 4761 longe
3035 4692 3402 4761 speculantur.
3444 4694 3575 4748 Nam
3608 4695 3861 4767 syllogis-

2273 4797 2392 4837 mus
2414 4782 2628 4852 quidem
2648 4798 2712 4838 cx
2735 4783 3053 4854 quibusdam
3078 4792 3163 4840 est
3202 4784 3415 4853 positis,
3448 4794 3508 4840 ut
3538 4786 3859 4855 mitigamus

2273 4874 2476 4944 aliquid
2522 4874 2662 4929 aliud
2690 4890 2756 4930 ex
2787 4876 3106 4930 necessitate
3149 4875 3217 4929 ab
3244 4876 3309 4929 iis
3352 4891 3471 4943 qua:
3518 4876 3686 4945 posita
3734 4888 3858 4933 sunt

2276 4980 2373 5034 per
2400 4979 2462 5019 ea
2493 4980 2613 5035 qua:
2644 4967 2814 5035 posita
2861 4976 3017 5026 sunt;
3052 4966 3359 5036 redargutio
3388 4976 3566 5021 autem
3611 4968 3858 5038 syllogis~

2272 5074 2389 5112 mus
2418 5067 2520 5124 est,
2563 5073 2687 5113 cum
2733 5058 3155 5114 contradictione
3185 5059 3586 5122 conclusionis;
3619 5061 3695 5115 illi
3728 5077 3858 5116 vero

2270 5150 2323 5205 id
2372 5149 2583 5220 quidem
2635 5166 2743 5205 non
2789 5149 3007 5206 iaciunt.
3044 5151 3305 5207 Videntur
3345 5161 3521 5208 autem
3562 5154 3633 5209 ob
3665 5156 3860 5210 multa:

2269 5258 2479 5307 causas,
2511 5256 2734 5311 quarum
2766 5258 2906 5298 unus
2935 5244 3082 5299 locus
3125 5246 3441 5314 aptissimus
3470 5254 3527 5301 et
3554 5247 3860 5316 publicissi—

2272 5347 2390 5387 mus
2425 5348 2520 5403 per
2547 5333 2787 5387 nomina.
2835 5332 2967 5387 Nam
2998 5334 3121 5404 quia
3167 5334 3285 5390 ﬁeri
3314 5350 3421 5391 non
3470 5346 3647 5405 potest
3679 5348 3734 5391 ut
3771 5353 3861 5394 res

2271 5426 2412 5493 ipsas
2445 5426 2678 5479 ferentes
2705 5424 3060 5493 disputemus,
3079 5425 3173 5481 sed
3203 5427 3511 5483 nominibus
3544 5442 3643 5495 pro
3668 5428 3855 5494 rebus,

2265 5516 2467 5570 utimur
2496 5516 2682 5586 signis,
2706 5526 2760 5585 et
2780 5517 2921 5586 quod
2948 5517 3142 5572 accidit
3169 5517 3222 5572 in
3246 5518 3575 5585 nominibus,
3605 5520 3658 5574 in
3690 5519 3855 5575 rebus

2264 5624 2478 5679 quoque
2506 5610 2833 5665 arbitramur
2863 5609 3130 5678 accidere,
3162 5610 3616 5681 quemadmodum
3673 5610 3737 5665 iis
3762 5610 3855 5678 qui

2264 5702 2484 5757 calculis
2510 5712 2816 5773 supputant.
2844 5704 2896 5759 Id
2924 5712 3102 5760 autem
3130 5720 3234 5759 non
3267 5715 3349 5759 est
3367 5705 3563 5771 simile,
3593 5722 3717 5761 nam
3747 5724 3855 5761 uo-

2264 5793 2407 5847 mina
2441 5794 2655 5859 quidem
2703 5795 2850 5852 finita
2880 5806 3029 5865 sunt,
3073 5807 3129 5855 et
3176 5798 3478 5855 orationum
3517 5796 3849 5863 multitudo;
