4248 6272
360 379 383 433 1
393 378 497 433 009

920 367 1384 427 ELENCHOllUM
1416 362 1979 455 SOPHISTICURUM
2002 361 2453 424 ARISTOTELIS
2491 365 3061 424 INTERPRETATIO.

3492 370 3629 426 1010

356 512 446 552 res
475 508 602 549 vero
652 504 877 547 numero
926 488 1147 545 inﬁnitae
1197 494 1343 542 sunt.
1375 486 1606 542 Necesse
1650 494 1733 541 est
1780 484 1939 555 igitur
1966 488 2017 547 Α
2043 484 2166 554 quid
2199 495 2537 549 monstrare;
2572 487 2783 540 tertium
2814 500 2967 550 vero,
2995 485 3062 539 ad
3097 486 3197 540 hoc
3222 486 3361 556 quod
3392 494 3475 542 est
3518 489 3632 543 ino-

362 589 511 657 plura
538 584 781 642 eamdem
806 584 1101 639 orationem
1124 591 1177 637 et
1202 595 1394 637 nomen
1417 594 1581 634 unum
1605 579 1936 647 signiﬁcare;

359 678 813 751 quemadmodum
846 678 1002 746 igitur
1040 685 1097 729 et
1128 675 1236 728 illic
1282 675 1370 743 qui
1408 688 1511 728 non
1542 681 1668 726 sunt
1709 672 1941 741 prompti

358 773 597 827 calculos
646 770 935 833 sustinere,
962 782 993 821 a
1023 765 1316 820 scientibus
1357 763 1717 833 decipiuntur,
1750 760 1938 817 eodem

357 878 571 935 quoque
602 861 763 917 modo
789 868 841 915 et
872 860 926 913 in
955 856 1287 912 orationibus
1326 855 1416 925 qui
1462 855 1738 909 nominum
1773 853 1941 906 virtu-

363 958 428 1012 tis
456 966 579 1011 sunt
611 954 801 1024 ignari,
835 949 1091 1020 perfacile
1112 949 1450 1018 captionibus
1480 948 1862 1013 allucinantur,
1884 954 1943 1001 et

361 1050 462 1120 ipsi
494 1049 848 1118 disputantes,
876 1053 931 1099 et
974 1043 1109 1097 alios
1138 1042 1440 1122 audientes.
1487 1042 1567 1095 0b
1612 1041 1748 1095 hanc
1784 1040 1943 1109 igitur

360 1156 574 1197 causam
595 1182 609 1207 ,
642 1148 696 1194 et
732 1152 823 1192 eas
845 1152 965 1207 quae
992 1135 1236 1192 dicenda:
1269 1144 1421 1199 sunt,
1453 1143 1538 1189 est
1566 1134 1941 1205 syllogismus,

357 1242 410 1288 et
436 1232 742 1302 redargutio
764 1245 1050 1301 apparens,
1084 1238 1244 1299 atque
1268 1244 1375 1283 non
1405 1226 1667 1283 existens.

984 1340 1209 1397 CAPUT
1251 1340 1314 1396 ll.
1342 1390 1348 1397 .

736 1456 815 1513 De
841 1455 1104 1528 generibus
1133 1455 1565 1522 disputationum.

428 1572 690 1640 Quoniam
724 1582 903 1627 autem
933 1568 1250 1639 quibusdam
1282 1567 1451 1637 magis
1493 1582 1675 1637 operte
1714 1566 1942 1637 pretium

360 1674 443 1722 est
467 1665 634 1719 videri
665 1678 788 1720 esse
834 1663 1137 1732 sapientes,
1171 1676 1329 1731 quam
1361 1674 1481 1715 esse
1523 1668 1575 1713 et
1620 1674 1725 1713 non
1778 1658 1946 1712 videri

363 1758 469 1828 (est
495 1758 637 1813 enim
660 1754 952 1825 sephistice
984 1768 1250 1823 apparens
1271 1752 1555 1822 sapientia,
1584 1766 1687 1804 non
1708 1748 1948 1804 existens

2046 577 2521 646 pinabileducere;
2548 587 2819 647 quartum,
2850 579 3156 633 soloecismo
3187 578 3261 632 uti
3299 577 3505 634 facere:
3530 579 3631 637 hoc

2044 680 2221 722 autem
2280 678 2362 722 est
2418 669 2595 721 facere
2649 669 2947 722 secundum
3009 669 3334 723 locutionem
3388 668 3633 724 barbari-

2045 775 2169 814 zare
2221 775 2288 815 ex
2335 760 2577 814 oratione
2631 760 3069 828 respondentem.
3116 761 3371 821 Ultimum
3419 770 3631 825 autem.

2047 852 2187 907 idem
2240 852 2550 922 frequenter
2595 852 2800 906 dicere.
2849 851 2988 907 Medi
3040 862 3219 909 autem
3267 854 3630 925 redarguendi

2044 957 2170 1002 sunt
2204 947 2350 1001 duo:
2386 960 2508 1000 nam
2552 947 2642 999 alii
2675 945 2889 1015 quidem
2920 953 3047 1000 sunt
3075 956 3294 1016 propter
3319 948 3630 1017 dictionem,

2044 1039 2135 1094 alii
2156 1054 2285 1093 vero
2302 1049 2454 1093 extra
2483 1037 2793 1093 dictionem.
2816 1038 2955 1092 Sunt
2974 1048 3153 1092 autem
3184 1053 3246 1093 ea
3268 1041 3485 1109 quidem
3512 1056 3633 1110 quas

2048 1141 2260 1200 propter
2292 1130 2579 1185 dictionem
2633 1129 2835 1184 faciunt
2876 1129 3210 1199 phantasiam
3254 1146 3322 1185 ex
3366 1148 3629 1195 numero;

2052 1220 2169 1275 haec
2198 1220 2413 1291 quidem
2452 1229 2577 1273 sunt
2607 1221 2983 1288 tequivocatio,
3023 1221 3375 1290 amphibolia,
3409 1237 3633 1290 compo-

2047 1310 2200 1375 sitio,
2251 1310 2481 1372 divisio,
2515 1320 2799 1376 accentus,
2849 1320 2902 1365 et
2946 1311 3115 1380 ﬁgura
3154 1312 3425 1366 dictionis.
3470 1313 3638 1383 llujus

2048 1414 2228 1456 autem
2258 1402 2411 1465 ﬁdes,
2444 1410 2498 1456 et
2525 1417 2586 1457 ea
2610 1416 2729 1471 quae
2753 1410 2835 1456 est
2863 1418 2958 1471 per
2980 1402 3365 1468 inductionem,
3391 1414 3445 1459 et
3475 1406 3638 1476 syllo-

2046 1494 2270 1563 gisnms,
2306 1504 2361 1549 et
2390 1496 2434 1548 si
2455 1510 2559 1563 qua
2582 1502 2825 1548 sumatur
2855 1494 2981 1561 alia,
3011 1505 3067 1549 et
3098 1496 3240 1562 quod
3270 1498 3492 1551 totidem
3520 1513 3637 1551 mo-

2048 1586 2153 1651 dis,
2180 1587 2223 1639 si
2250 1585 2455 1639 eisdem
2493 1586 2801 1639 nominibus
2829 1594 2884 1641 et
2931 1585 3136 1641 eisdem
3162 1590 3493 1643 orationibus
3528 1608 3635 1646 nnn

2048 1675 2189 1729 idem
2222 1674 2609 1742 signiﬁcamus.
2640 1676 2778 1730 Sunt
2806 1686 2983 1731 autem
3015 1688 3234 1746 propter
3255 1682 3638 1749 :equivocatio-

2051 1783 2173 1822 nem
2208 1768 2515 1837 huiusmodi
2539 1769 2831 1830 orationes,
2870 1777 2927 1823 ut
2951 1771 3093 1839 quod
3118 1770 3333 1827 discunt
3362 1775 3637 1833 scientes:

361 1856 571 1913 autem,
603 1857 658 1903 et
700 1848 941 1916 sophista
972 1845 1321 1915 pecuniarum
1367 1852 1663 1913 aucupatur
1688 1844 1754 1897 ab
1782 1858 1946 1913 appa-
1978 1860 2023 1921 Β

1978 1860 2023 1921 Β
2050 1874 2172 1912 nam
2206 1875 2266 1913 ea
2293 1876 2412 1927 qua:
2451 1861 2725 1915 memerite
2764 1861 2975 1929 prodita
3014 1873 3171 1929 sunt,
3202 1866 3416 1920 discunt
3461 1884 3640 1938 gramo

361 1948 513 1996 rente
542 1940 823 2010 sapientia,
868 1951 923 1994 et
953 1953 1058 1993 non
1098 1936 1410 2009 existente),
1443 1938 1785 1991 manifestum
1821 1952 1945 2006 pro—

362 2032 501 2087 lecto
544 2042 626 2086 est
665 2032 913 2102 quoniam
957 2030 1321 2085 necessarium
1362 2038 1445 2084 est
1474 2029 1583 2083 illis
1610 2036 1663 2083 et
1687 2028 1975 2097 sapientis,

362 2139 497 2193 opus
534 2125 703 2180 videri
733 2124 909 2180 facere
935 2123 1104 2194 magis
1132 2139 1292 2193 quam
1315 2124 1513 2190 facere,
1542 2131 1596 2177 et
1618 2136 1723 2175 non
1751 2120 1945 2174 videri.

364 2213 460 2269 Est
488 2226 665 2270 autem
691 2214 782 2284 (ut
810 2213 1076 2279 unum.ad
1108 2228 1269 2268 unum
1300 2211 1577 2282 dicamus)
1614 2212 1665 2268 in
1708 2226 1948 2284 unoquo-

362 2322 469 2377 que
516 2323 650 2377 opus
679 2307 971 2376 sapientis,
1010 2322 1117 2362 non
1156 2306 1377 2361 mentiri
1417 2305 1635 2375 quidem
1670 2307 1841 2374 ipsum
1880 2305 1949 2361 de

361 2398 553 2469 quibus
582 2398 751 2462 novit,
788 2398 1135 2453 mentientem
1164 2406 1341 2451 autem
1376 2395 1723 2451 manifestare
1766 2411 1945 2465 posse.

365 2490 488 2544 llaec
512 2499 692 2545 autem
716 2498 861 2555 sunt,
896 2488 997 2541 boe
1027 2487 1242 2558 quidem
1272 2488 1322 2541 iu
1351 2501 1418 2543 eo
1439 2487 1581 2557 quod
1614 2496 1790 2557 potest
1819 2486 1948 2541 dare

363 2582 685 2647 orationem,
714 2580 839 2635 illud
871 2589 1051 2635 autem
1083 2581 1137 2635 in
1160 2594 1226 2636 eo
1256 2578 1396 2648 quod
1446 2593 1685 2634 sumere.
1716 2576 1949 2632 Necesse

363 2682 445 2728 est
479 2672 637 2742 igitur
666 2672 789 2726 illos
817 2672 909 2743 qui
942 2673 1127 2727 volunt
1152 2672 1445 2741 sephistice
1473 2686 1655 2740 agere,
1681 2671 1945 2725 dicturum

365 2764 663 2819 orationum
709 2778 880 2834 genus
908 2779 1169 2831 quterere.
1199 2764 1389 2833 Opera:
1428 2765 1571 2817 enim
1606 2764 1836 2831 pretium
1865 2770 1950 2818 est

366 2853 464 2919 eis,
506 2868 627 2906 nam
660 2853 963 2923 bujusmodi
999 2861 1235 2922 potestas
1279 2853 1435 2908 faciet
1471 2852 1638 2907 videri
1670 2854 1946 2923 sapientes

365 2944 518 3012 Cujus
559 2954 685 2998 sunt
714 2944 1039 2999 desiderium
1084 2932 1365 3000 habentes.
1409 2945 1562 3011 Quod
1613 2956 1789 2999 autem
1843 2945 1948 3000 tale

365 3036 668 3091 orationum
708 3050 881 3104 genus
926 3045 1027 3099 est,
1061 3037 1277 3107 etquod
1309 3036 1467 3092 talem
1489 3046 1749 3106 appetunt
1798 3046 1948 3106 pote-

366 3138 583 3196 statem,
615 3129 689 3183 illi
714 3144 850 3199 quos
876 3143 1130 3183 vocamus
1156 3128 1444 3199 sephistas,
1475 3127 1817 3183 manifestum
1842 3137 1943 3183 est.

366 3220 509 3286 Quot
538 3230 717 3275 autem
746 3229 870 3274 sunt
910 3222 1119 3290 species
1168 3220 1584 3291 sophisticarum
1618 3221 1944 3287 orationum,
1976 3233 2023 3297 ρ

366 3323 421 3366 et
450 3328 515 3367 ex
547 3329 654 3383 quo
688 3327 913 3369 numero
962 3321 1201 3384 potestas
1228 3328 1290 3369 ea
1319 3324 1549 3380 constat,
1578 3324 1633 3368 et
1666 3323 1798 3382 quot
1822 3331 1946 3384 par-

369 3414 445 3458 tes
466 3405 727 3475 contingit
751 3419 872 3461 esse
894 3405 1115 3474 negotii,
1142 3414 1198 3460 et
1216 3404 1283 3461 de
1303 3406 1426 3460 aliis
1446 3421 1564 3475 quze
1586 3404 1950 3477 suﬁ‘ragantur

367 3496 433 3550 ad
465 3496 603 3552 hanc
632 3506 825 3562 artem,
856 3512 996 3551 nunc
1026 3496 1285 3551 dicamus.
1320 3498 1459 3552 Sunt
1488 3498 1650 3566 igitur
1672 3500 1737 3552 ad
1766 3500 1951 3568 dispu-

371 3590 584 3644 tandum
612 3591 917 3645 orationum
946 3606 1143 3661 genera
1169 3600 1430 3660 quatuor:
1454 3591 1801 3659 doctrinales,
1834 3592 1951 3646 dia-

369 3682 595 3749 lecticae,
629 3682 925 3749 tentativte,
955 3682 1330 3738 contentiosa.
1366 3682 1432 3736 Et
1466 3681 1796 3737 doctrinales
1827 3683 1949 3752 qui-

366 3774 487 3829 dem
519 3786 645 3831 sunt
669 3792 788 3847 qua:
822 3791 886 3831 ex
912 3777 1146 3847 propriis
1177 3776 1454 3847 principiis
1500 3777 1763 3847 cujusque
1792 3779 1953 3834 disci-

369 3869 555 3936 plinae,
599 3879 655 3925 et
702 3885 808 3924 non
857 3885 923 3927 ex
971 3870 1053 3925 bis
1100 3886 1223 3940 qua:
1269 3869 1517 3926 videntur
1567 3871 1949 3941 respondenti,

367 3958 627 4028 colligunt
683 3976 695 4013 :
754 3975 876 4014 nam
932 3969 1146 4031 oportet
1191 3961 1416 4016 credere
1472 3976 1595 4017 eum
1649 3963 1737 4031 qui
1797 3963 1948 4016 dicit.

368 4050 679 4107 Dialecticze
722 4062 938 4120 autem,
982 4068 1104 4124 quze
1145 4068 1209 4109 ex
1257 4055 1624 4124 probabilibus
1652 4056 1952 4110 collectivze

367 4152 493 4199 sunt
519 4145 1031 4202 contradictionum.
1075 4146 1376 4203 Tentativre
1423 4163 1584 4216 vero,
1615 4165 1735 4219 qua1
1784 4164 1853 4204 ex
1885 4150 1951 4206 iis

366 4236 622 4306 colligunt
648 4253 768 4307 qua:
800 4238 1047 4293 videntur
1070 4240 1442 4309 respondenti,
1475 4238 1533 4297 et
1559 4258 1677 4312 qua:
1704 4258 1951 4297 necessa-

372 4329 509 4383 rium
539 4339 619 4383 est
640 4346 764 4384 emn
795 4331 933 4386 scire
961 4332 1051 4401 qui
1084 4332 1303 4387 simulat
1324 4349 1384 4389 se
1414 4333 1612 4389 habere
1634 4334 1946 4400 scientiam,

368 4420 637 4486 quomodo
664 4420 1131 4476 determinandum
1160 4423 1319 4478 estin
1356 4424 1509 4489 aliis;
1539 4442 1697 4493 porro
1722 4436 1949 4481 conten-

368 4510 543 4574 tiosaa,
571 4528 689 4579 qme
730 4522 853 4567 sunt
878 4530 943 4569 ex
973 4514 1037 4568 iis
1066 4531 1185 4584 qua:
1217 4526 1479 4585 apparent
1506 4518 1824 4585 probabilia,
1857 4534 1953 4587 ap-

2051 1950 2253 2007 matici.
2285 1952 2500 2007 Discere
2551 1952 2693 2007 enim
2724 1955 3059 2023 :equivocum
3103 1967 3205 2023 est,
3238 1958 3303 2012 ad
3337 1960 3639 2031 intelligere

2051 2061 2172 2101 eum
2199 2046 2289 2116 qui
2314 2048 2479 2101 utitur
2500 2046 2805 2116 disciplina,
2832 2057 2887 2103 et
2911 2048 2976 2103 ad
2999 2050 3243 2119 accipere
3271 2053 3635 2122 disciplinam.

2053 2138 2128 2192 Ea
2159 2152 2346 2193 rursus
2374 2138 2515 2208 quod
2560 2139 2696 2192 mala
2723 2139 2859 2193 bona
2881 2150 3025 2207 sunt,
3056 2156 3177 2197 nam
3200 2158 3317 2212 quae
3339 2146 3638 2213 expediunt

2052 2230 2191 2286 bona
2234 2242 2380 2297 sunt,
2416 2232 2554 2285 mala
2582 2240 2762 2286 autem
2794 2232 3107 2303 expediunt.
3138 2234 3341 2303 Duplex
3369 2237 3512 2290 enim
3541 2254 3638 2293 ex-

2054 2325 2272 2394 pediens
2312 2334 2395 2379 est
2422 2336 2478 2381 et
2508 2329 2893 2393 necessarium,
2925 2330 3066 2399 quod
3097 2331 3291 2386 accidit
3321 2333 3639 2405 plerumque

2050 2418 2106 2472 in
2131 2418 2287 2472 malis
2315 2418 2419 2488 (est
2447 2419 2591 2473 enim
2621 2420 2887 2489 quoddam
2917 2422 3137 2488 malum,
3168 2425 3555 2495 necessarium)
3581 2434 3639 2482 et

2050 2511 2187 2565 bona
2212 2525 2426 2580 quoque
2447 2512 2788 2578 expedientia
2832 2512 3062 2568 dicimus
3093 2528 3232 2572 esse;
3266 2516 3513 2587 Amplius
3538 2531 3640 2572 au-

2053 2611 2160 2656 tem
2191 2602 2443 2657 eumdem
2477 2602 2687 2669 sedere,
2710 2613 2767 2658 et
2784 2613 2953 2670 stare.
2985 2619 3039 2661 et
3063 2618 3345 2677 aegrotare,
3374 2620 3428 2665 et
3448 2626 3641 2668 sanum

2052 2711 2205 2751 esse:
2237 2711 2362 2750 nam
2391 2696 2481 2765 qui
2512 2698 2769 2766 surgebat
2790 2708 2919 2765 stat,
2943 2707 2999 2755 et
3018 2701 3108 2769 qui
3138 2702 3449 2769 sanabatur,
3477 2719 3642 2774 sanus

2052 2799 2162 2853 est;
2192 2790 2447 2858 surgebat
2478 2801 2657 2846 autem
2683 2791 2903 2859 sedens,
2936 2803 2991 2848 et
3019 2795 3312 2851 sanabatur
3341 2808 3639 2866 aegrotans.

2054 2880 2425 2953 Egrotantem
2474 2887 2617 2939 enim
2665 2894 2758 2939 aut
2812 2887 3088 2941 sedentem
3141 2888 3401 2958 quidlibet
3456 2890 3641 2944 facere

2054 2983 2145 3027 aut
2175 2974 2281 3042 pali
2313 2990 2417 3029 non
2444 2990 2607 3030 unum
2636 2975 2919 3046 signiﬁcat,
2952 2978 3047 3033 sed
3077 2980 3397 3048 quandoque
3418 2980 3638 3049 quidem

2052 3066 2143 3135 qui
2177 3081 2318 3120 nunc
2346 3076 2570 3136 :rgrOtat
2608 3078 2699 3121 aut
2729 3068 2907 3135 sedet,
2962 3071 3284 3141 quandoque
3323 3083 3503 3127 autem
3546 3072 3638 3143 qui

2050 3156 2345 3225 aegrotabat
2396 3158 2591 3225 prius;
2650 3169 3022 3215 verumtamen
3077 3162 3371 3218 sanabatur
3421 3165 3641 3234 quidem

2054 3262 2320 3319 aegretans
2357 3264 2479 3304 cum
2519 3261 2804 3320 aegrotans,
2836 3266 2997 3318 SalllIS
3032 3265 3114 3308 851
3160 3264 3336 3310 autem
3378 3272 3483 3312 non
3513 3273 3639 3314 cum

2054 3352 2345 3411 aegrotans,
2370 3343 2464 3397 sed
2492 3352 2759 3412 aegrotans
2779 3360 2884 3398 non
2908 3360 3070 3411 nunc,
3095 3347 3189 3401 sed
3222 3348 3388 3417 prius.
3414 3349 3641 3420 Propter

2054 3444 2232 3488 autem
2257 3433 2642 3503 amphiboliam
2667 3444 2792 3489 sunt
2812 3435 3084 3492 orationes
3108 3439 3262 3505 tales,
3286 3441 3423 3496 velle
3445 3458 3642 3512 capere

2054 3540 2142 3578 me
2173 3534 2491 3594 pugnantes.
2546 3526 2613 3580 Et
2658 3536 2885 3595 putasne
2925 3529 3066 3598 quod
3096 3532 3217 3599 quis
3245 3536 3552 3602 cognoscit,
3584 3536 3641 3592 id

2054 3616 2377 3685 cognoscit?
2406 3632 2533 3671 nam
2568 3628 2621 3672 et
2652 3630 3066 3688 cognoscentem
3115 3632 3174 3677 et
3202 3627 3474 3695 cognitum
3506 3630 3640 3681 con-

2055 3708 2233 3778 tingit,
2278 3718 2333 3763 ut
2362 3719 2777 3778 cognoscentem
2813 3712 3120 3782 signiﬁcare
3159 3715 3257 3771 hac
3289 3719 3549 3775 oratione.
3576 3720 3642 3775 Et

2058 3811 2282 3871 putasne
2311 3801 2455 3872 quod
2485 3804 2605 3871 quis
2654 3803 2819 3868 videt,
2855 3804 2907 3859 id
2955 3806 3142 3861 videt?
3164 3808 3307 3863 videt
3334 3819 3513 3865 autem
3543 3825 3641 3865 co-

2058 3893 2318 3956 lumnam,
2345 3909 2511 3963 quare
2531 3894 2780 3948 columna
2804 3895 2969 3951 videt.
2996 3896 3063 3961 Et
3086 3908 3241 3964 putas
3261 3902 3401 3971 quod
3426 3911 3479 3955 tu
3506 3903 3643 3958 dicis

2054 3998 2207 4046 esse,
2252 3983 2303 4037 id
2349 3992 2405 4037 tu
2442 3984 2579 4038 dicis
2625 3985 2788 4039 esse?
2817 3985 2953 4040 dicis
2997 3995 3178 4041 autem
3221 3988 3452 4059 lapidem
3483 4007 3639 4058 esse,

2055 4090 2221 4143 quare
2268 4086 2323 4127 tu
2355 4074 2520 4142 lapis,
2554 4074 2688 4129 dicis
2728 4091 2870 4131 esse.
2899 4076 2963 4131 Et
2992 4087 3145 4147 putas
3184 4091 3267 4135 est
3303 4084 3516 4139 silentia
3553 4088 3644 4140 di-

2054 4166 2222 4219 cere?
2246 4164 2445 4233 duplex
2474 4165 2615 4218 enim
2674 4176 2755 4219 est
2783 4175 2838 4219 et
2886 4166 2972 4233 id,
3012 4169 3228 4224 silentia
3275 4171 3485 4240 dicere,
3537 4176 3642 4233 hoc

2055 4254 2269 4320 quidem
2301 4269 2394 4309 eos
2424 4255 2513 4323 qui
2555 4254 2740 4319 dicunt
2786 4255 2975 4324 silere,
3008 4258 3139 4314 illud
3192 4270 3371 4318 autem
3415 4282 3475 4319 ea
3520 4284 3643 4337 qute

2055 4345 2324 4400 dicuntur.
2358 4346 2497 4401 Sunt
2530 4356 2708 4401 autem
2740 4355 2853 4403 tres
2894 4350 3037 4405 modi
3070 4355 3363 4409 secundum
3404 4360 3643 4428 requiro-

2055 4438 2327 4492 cationem
2359 4448 2414 4491 et
2447 4437 2851 4507 amphiboliam.
2888 4440 3036 4498 Unus
3060 4446 3272 4513 quidem
3305 4452 3518 4518 quando
3545 4468 3643 4508 no-

2055 4544 2179 4583 men
2214 4529 2296 4583 vel
2320 4530 2493 4585 oratio
2515 4532 2665 4600 plura
2688 4533 2951 4602 signiﬁcat
2977 4537 3358 4608 principaliter,
3387 4554 3443 4599 ut
3464 4548 3644 4615 aquila

368 4614 615 4671 parentes
661 4606 1013 4675 syllogistice.
1052 4608 1128 4663 De
1172 4607 1619 4663 demonstrativis
1669 4619 1844 4664 autem
1896 4611 1948 4665 in
1980 4629 2035 4689 ι)

1980 4629 2035 4689 Ι)
2060 4624 2139 4675 νει
2167 4622 2337 4676 canis.
2364 4622 2513 4676 Alius
2534 4631 2712 4678 autem
2736 4626 2946 4694 quando
2971 4629 3113 4683 soliti
3136 4636 3413 4691 sumussic
3439 4606 3641 4694 dicere.

366 4694 661 4765 Analylicis
691 4696 893 4751 dictum
941 4706 1055 4759 est;
1093 4698 1160 4753 de
1183 4698 1481 4754 dialecticis
1512 4716 1641 4755 vero
1670 4712 1725 4755 et
1768 4712 1945 4757 tenta-

367 4786 507 4852 tivis,
555 4787 606 4840 in
638 4788 774 4843 aliis.
806 4788 881 4845 De
905 4790 1266 4847 altereatoriis
1293 4799 1473 4847 autem
1500 4801 1555 4847 et
1588 4794 1948 4849 contentiosis

367 4891 506 4932 nunc
534 4878 844 4936 dicendum.

982 4998 1207 5055 CAPUT
1249 5000 1336 5056 ΙΙΙ.

482 5083 636 5142 Fines
667 5089 930 5157 sap/tiatur,
969 5101 1016 5144 et
1049 5093 1148 5145 loci
1183 5094 1448 5163 snphistici
1476 5095 1530 5150 in
1572 5096 1811 5152 dictione.
1854 5118 1857 5121 ί

439 5199 671 5254 l‘rimum
706 5202 865 5270 igitur
893 5204 1211 5259 sumendum
1246 5215 1327 5260 est
1354 5217 1486 5277 quot
1524 5209 1828 5276 eonjectant
1858 5208 1947 5278 qui

365 5293 415 5346 in
460 5294 795 5347 orationibus
830 5296 1112 5350 decertant
1149 5308 1202 5351 et
1242 5299 1656 5354 coaltercantur.
1690 5302 1824 5356 Sunt
1854 5316 1947 5354 au-

364 5400 468 5441 tem
499 5389 613 5441 lucc
651 5389 889 5458 quinque
916 5405 1140 5444 numero
1173 5410 1184 5442 :
1220 5392 1561 5461 redargutio,
1594 5394 1817 5458 falsum,
1865 5395 1945 5448 in-

321 5549 331 5559 .
364 5479 662 5545 npiimhile,
705 5481 1066 5545 solmcismus,
1099 5492 1152 5536 et
1182 5484 1456 5552 quintum,
1488 5486 1626 5554 quod
1657 5497 1739 5539 est
1768 5488 1943 5541 facere

365 5571 549 5637 nugari
580 5586 702 5623 cum
736 5575 823 5641 qui
856 5574 1221 5643 condisputat.
1252 5576 1361 5631 lloe
1391 5587 1567 5633 autem
1601 5580 1952 5648 estfrequen-

364 5670 443 5713 ter
472 5674 667 5728 cogere
710 5661 852 5716 idem
885 5661 1084 5729 dicere,
1116 5677 1207 5720 aut
1235 5668 1375 5735 quod
1410 5684 1513 5723 non
1549 5680 1649 5736 est,
1684 5670 1775 5723 sed
1806 5670 1947 5740 quod

364 5763 575 5823 apparet
614 5754 862 5823 quodque
909 5770 1030 5811 esse
1061 5757 1275 5815 horum.
1319 5760 1448 5815 Nam
1494 5764 1722 5817 maxime
1766 5764 1951 5818 volunt

364 5858 625 5916 apparere
655 5846 1018 5919 redarguere;
1052 5852 1344 5909 secundum
1378 5866 1577 5925 autem,
1612 5856 1798 5913 falsum
1851 5857 1951 5914 ali-

2059 4715 2271 4769 Tertius
2305 4728 2435 4769 vero
2474 4715 2689 4784 quando
2735 4722 3093 4785 compositum
3135 4723 3283 4791 plura
3333 4730 3639 4799 significat,

2058 4816 2367 4877 separatum
2418 4822 2544 4861 vero
2584 4809 2931 4879 simpliciter,
2965 4820 3021 4865 ut
3062 4816 3202 4870 scire
3247 4819 3487 4875 litteras:
3520 4840 3643 4880 nam

2058 4909 2343 4965 utrumque
2378 4900 2614 4956 fortasse
2644 4919 2807 4958 unum
2839 4906 3051 4973 quidem
3081 4910 3362 4979 signiﬁcat,
3396 4924 3449 4969 et
3477 4919 3638 4989 scire,

2060 5001 2113 5047 et
2134 4992 2331 5047 litterae
2351 5010 2367 5058 ;
2391 4994 2548 5048 ambo
2566 5004 2742 5050 autetn
2776 4997 2944 5065 plura,
2973 5009 3066 5054 aut
3089 5001 3294 5058 litteras
3316 5006 3455 5073 ipsas
3476 5011 3645 5065 scien-

2066 5085 2190 5137 tiam
2219 5086 2439 5152 ltabere,
2466 5097 2557 5140 aut
2586 5087 2883 5142 litterarum
2903 5090 3083 5146 alium.
3114 5095 3449 5163 Ampltibolia
3482 5101 3644 5169 igitur

2059 5186 2113 5229 ct
2164 5179 2521 5246 :cquivocatio
2570 5191 2785 5247 promer
2832 5182 2929 5236 bos
2980 5184 3168 5239 modos
3220 5198 3368 5243 sunt.
3420 5191 3646 5261 Propter

2057 5271 2501 5337 compositionem
2528 5287 2655 5325 vero
2685 5273 2985 5340 hujusmodi
3019 5286 3164 5343 sunt,
3197 5289 3253 5332 ut
3276 5282 3529 5348 possibile
3561 5297 3644 5341 est

2058 5361 2334 5414 sedentem
2376 5362 2684 5429 ambulare,
2734 5375 2923 5419 etnon
2974 5368 3298 5424 scribentem
3350 5375 3638 5431 scribere:

2058 5470 2161 5509 non
2210 5455 2351 5508 enim
2386 5455 2524 5508 idem
2572 5456 2836 5525 signiﬁcat
2881 5459 2925 5513 si
2957 5459 3203 5517 dividens
3230 5466 3350 5533 quis
3379 5470 3555 5533 dicat,
3584 5482 3640 5524 et

2054 5562 2406 5615 componens,
2435 5547 2575 5616 quod
2607 5549 2860 5615 possibile
2889 5562 2971 5605 est
3002 5552 3278 5611 sedentem
3323 5561 3598 5617 ambulare
3620 5605 3635 5628 ,

2054 5660 2106 5705 et
2129 5666 2231 5705 non
2253 5649 2579 5705 scribentem
2611 5651 2867 5706 scribere.
2899 5653 2961 5707 Et
2990 5656 3093 5711 hoc
3116 5657 3405 5716 identidem
3438 5666 3480 5718 si
3513 5667 3635 5736 quis

2054 5762 2341 5817 componat
2370 5767 2474 5806 non
2505 5752 2826 5807 scribentem
2855 5756 3112 5813 scribere.
3148 5760 3479 5831 Signiﬁcabit
3506 5781 3636 5837 pro-

2056 5857 2199 5913 fecto
2227 5855 2368 5929 quod
2405 5856 2561 5912 habet
2596 5866 2911 5933 potestatem
2934 5900 2950 5929 ,
2979 5871 3037 5921 ut
3080 5881 3184 5923 non
3231 5871 3468 5930 scribens
3497 5875 3635 5931 seri.
