4248 6272
603 372 736 440 luti

1817 377 1926 431 ΑΝ.
1969 373 2175 430 MANL.
2215 370 2370 427 SEV.
2411 371 2649 427 BOETli

3734 364 3877 423 1οη

600 498 732 562 bat;
763 502 805 554 si
860 509 979 565 quis
1025 503 1201 549 autem
1241 508 1347 547 non
1387 498 1705 560 componat,
1740 490 1990 559 quoniam
2024 487 2186 541 habet
2215 484 2270 544 Δ
2293 482 2578 552 praecipue,
2607 478 2819 551 quando
2841 480 2983 549 quod
3008 479 3060 531 iu
3095 486 3246 546 parte
3269 475 3484 541 dicitur,
3509 484 3569 532 ut
3598 477 3874 547 simplici-

606 596 926 656 potestatem
960 585 1173 655 quando
1204 599 1307 639 non
1336 584 1542 649 scribit,
1578 591 1632 639 ut
1663 581 1881 637 scribat.
1918 580 1984 634 Ft
2031 579 2189 633 discit

607 692 746 732 nunc
769 677 993 742 litteras,
1020 676 1065 729 si
1088 676 1207 745 quis
1243 674 1428 729 didicit
1452 688 1585 744 quas
1607 673 1732 728 scit.
1754 671 2019 740 Amplius,
2044 671 2183 739 quod

604 782 769 820 unum
801 767 977 820 solum
1006 775 1182 835 potest
1211 766 1372 832 ferre,
1398 766 1547 834 plura
1571 772 1747 834 potest
1773 763 1933 817 ferre.
1961 762 2187 830 Propter

599 871 732 911 vero
753 856 1073 911 divisionem
1098 856 1237 925 quod
1262 856 1499 926 quinque
1529 863 1653 910 sunt
1675 856 1804 917 duo,
1829 863 1885 909 et
1909 853 2009 907 tria
2039 851 2183 921 paria

597 956 653 1000 et
687 946 931 1016 imparia.
955 947 1021 1001 Et
1048 947 1189 1015 quod
1222 947 1397 1017 majus
1426 948 1655 1017 aequale,
1676 944 2008 1000 tantumdem
2040 944 2182 998 enim

599 1046 682 1091 est
714 1038 886 1106 majus
908 1048 960 1091 ct
985 1038 1159 1093 adhuc
1175 1039 1433 1107 amplius;
1462 1053 1582 1092 nam
1607 1037 1793 1092 eadem
1816 1035 1985 1090 oratio
2014 1033 2182 1087 ditis:

600 1139 660 1183 ct
687 1130 983 1199 composita
1015 1146 1119 1184 non
1150 1131 1289 1185 idem
1318 1146 1531 1199 semper
1560 1130 1829 1185 videbitur
1857 1129 2178 1197 signiﬁcare.

601 1218 672 1274 Ut
700 1235 798 1289 ego
830 1222 981 1289 pesui
1013 1229 1063 1275 te
1081 1236 1316 1286 servum,
1340 1222 1659 1276 existentem
1685 1220 1933 1274 liberum.
1963 1218 2029 1273 Et
2060 1220 2181 1281 hoc,

597 1309 983 1380 quinquaginta
1024 1311 1229 1375 virum,
1260 1321 1475 1366 centum
1526 1312 1688 1365 heros
1729 1309 1881 1379 liquit
1923 1308 2179 1363 Achilles.

598 1399 828 1469 Propter
857 1412 1133 1456 accentum
1170 1412 1374 1470 autem,
1418 1404 1470 1456 iu
1503 1403 1570 1457 iis
1598 1417 1718 1472 qua:
1747 1410 1873 1454 sum
1901 1401 2017 1454 siue
2050 1400 2183 1453 scri-

594 1499 782 1558 ptura,
818 1508 921 1545 nou
974 1492 1128 1547 facile
1167 1492 1461 1547 dialecticis
1510 1494 1695 1547 facere
1744 1492 2076 1553 orationem;
2126 1489 2181 1542 iu

595 1583 876 1650 scripturis
906 1593 1082 1638 autem
1116 1594 1169 1639 et
1196 1584 1535 1651 poematibus
1567 1583 1754 1651 magis.
1790 1581 1860 1636 Ut
1886 1591 1941 1635 et
1970 1591 2179 1648 poetam

597 1674 890 1729 defendunt
921 1676 1160 1730 nonnulli
1194 1676 1453 1731 adversus
1490 1674 1880 1741 redarguentes
1909 1672 2058 1741 quasi
2094 1672 2182 1724 hic
2219 1712 2235 1728 .

594 1767 825 1825 absurde
858 1769 1117 1835 locutum,
1148 1767 1259 1823 Nec
1298 1782 1517 1838 gemere
1546 1766 1690 1821 aeria
1733 1764 1966 1819 cessabit
2005 1770 2181 1818 turtur

2290 584 2374 629 ter
2409 572 2611 627 dictum
2661 573 2922 637 sumitur,
2968 578 3025 623 ut
3081 569 3128 625 si
3174 584 3281 623 non
3332 584 3430 625 ens
3467 578 3555 625 est
3594 570 3870 639 opinabile

2289 665 2430 735 quod
2475 680 2578 719 nou
2609 678 2707 718 ens
2737 673 2857 728 est;
2889 678 2996 717 non
3018 662 3162 717 enim
3188 669 3275 716 est
3302 661 3443 716 idem
3471 675 3594 718 esse
3630 664 3867 732 quidvis,

2288 768 2343 812 et
2390 771 2512 813 esse
2556 742 2894 825 simpliciter.
2928 757 3034 809 Aut
3072 769 3285 808 rursum
3316 756 3570 823 quoniam
3618 755 3761 823 quod
3787 764 3873 809 est

2288 864 2393 903 non
2427 857 2529 912 est,
2558 848 2604 901 si
2644 862 2829 903 eorum
2850 862 2970 916 quae
2996 856 3123 900 sunt
3154 845 3428 915 quidpiam
3462 859 3567 899 non
3599 856 3702 911 est,
3744 856 3799 898 ut
3822 846 3869 898 si

2289 955 2393 994 non
2417 948 2501 994 est
2530 941 2688 992 homo
2713 956 2725 991 :
2752 953 2872 992 nam
2903 953 3009 991 non
3040 937 3182 991 idem
3215 945 3299 992 est
3340 952 3446 991 non
3484 952 3607 993 esse
3636 935 3868 1005 quidvis,

2289 1046 2340 1090 et
2373 1051 2476 1089 non
2507 1049 2627 1089 esse
2650 1036 2985 1105 simpliciter,
3007 1044 3232 1103 apparet
3260 1044 3461 1098 autem,
3492 1047 3559 1086 eo
3580 1030 3722 1101 quod
3750 1044 3873 1097 per-

2288 1140 2447 1192 quam
2492 1126 2845 1193 propinquum
2883 1134 2966 1179 est
3009 1126 3268 1188 dictione,
3316 1134 3371 1179 et
3420 1137 3604 1192 parum
3656 1120 3876 1176 diii‘erat

2289 1230 2410 1269 esse
2450 1215 2657 1285 quidvis
2703 1215 2770 1269 ab
2806 1230 2874 1269 eo
2900 1214 3043 1283 quod
3068 1224 3153 1269 est
3181 1229 3324 1281 esse,
3349 1223 3404 1269 et
3432 1228 3537 1267 non
3562 1227 3685 1269 esse
3711 1211 3875 1279 quid-

2288 1307 2371 1361 vis
2396 1309 2463 1360 ab
2488 1324 2554 1362 eo
2585 1308 2723 1376 quod
2748 1319 2828 1361 cst
2853 1323 2957 1360 non
2983 1323 3126 1362 esse.
3156 1307 3420 1363 Similiter
3440 1316 3617 1360 autem
3644 1313 3873 1374 propter

2289 1400 2341 1453 id
2372 1399 2510 1467 quod
2538 1409 2619 1453 est
2650 1399 2827 1468 aliquo
2868 1398 3051 1457 tundo.
3097 1409 3151 1452 et
3182 1398 3514 1466 simpliciter,
3545 1408 3603 1451 ut
3633 1398 3676 1450 si
3707 1397 3871 1451 ludus

2288 1505 2408 1545 cum
2451 1494 2519 1543 sit
2551 1500 2695 1545 totus
2728 1492 2898 1559 niger,
2933 1490 3085 1545 albus
3112 1498 3196 1545 est
3220 1489 3489 1551 dentibus.
3522 1489 3676 1544 albus
3708 1490 3870 1559 igitur

2292 1591 2347 1635 et
2372 1596 2473 1635 non
2498 1582 2652 1635 albus
2679 1591 2783 1635 est.
2810 1569 2913 1636 Αυὶ
2946 1583 2989 1635 si
3012 1583 3172 1635 ambo
3204 1581 3385 1651 aliquo
3417 1582 3598 1647 modo,
3622 1581 3763 1652 quod
3792 1583 3868 1637 si-

2288 1674 2398 1726 mul
2422 1673 2694 1726 contraria
2718 1674 2951 1738 inerunt,
2986 1674 3091 1727 tale
3112 1684 3296 1728 autem
3329 1674 3382 1727 in
3413 1672 3727 1743 quibusdam
3748 1673 3869 1744 qui-

2286 1765 2430 1831 dem,
2468 1765 2690 1819 cuilibet
2733 1765 2888 1819 facile
2917 1776 3000 1819 est
3042 1765 3407 1820 considerare.
3454 1765 3523 1821 Ut
3564 1768 3609 1820 si
3645 1780 3867 1820 sumens

592 1857 659 1911 ab
682 1859 848 1921 ulmo,
872 1860 1011 1924 quod
1038 1861 1410 1928 pentetnimeri
1440 1873 1567 1915 usus
1594 1858 1684 1924 sit,
1716 1868 1770 1913 et
1790 1866 1993 1912 turture
2018 1856 2176 1909 femi-
2204 1865 2256 1924 Β
2280 1855 2586 1923 λΕιΙδὶορθιη
2624 1856 2830 1924 nigrum
2874 1871 3015 1919 esse,
3048 1856 3295 1911 dentibus
3326 1855 3470 1911 dicat
3493 1856 3636 1926 quod
3673 1856 3861 1923 albus;

593 1949 721 2009 nino
759 1968 771 2003 :
810 1952 1023 2005 solvunt
1043 1953 1188 2007 enim
1220 1951 1271 2005 id
1301 1961 1556 2017 accentu,
1589 1950 1827 2006 dicentes
1849 1950 1989 2019 quod
2025 1943 2168 2003 aeria

591 2056 871 2101 accentum
904 2044 1116 2099 finalem
1158 2046 1374 2114 longum
1423 2044 1611 2109 habet,
1643 2052 1698 2098 et
1728 2058 1833 2096 non
1861 2043 1927 2097 ad
1960 2052 2134 2096 turtur
2154 2083 2169 2103 .

590 2132 683 2189 ml
713 2132 778 2186 ad
812 2134 992 2201 ulmo,
1027 2145 1081 2189 ut
1121 2135 1415 2204 epithetum
1456 2134 1615 2190 debet
1662 2134 1881 2199 referri;
1927 2143 1982 2188 et
2013 2134 2061 2187 id
2103 2134 2173 2188 de

588 2222 716 2296 Dljso
741 2233 796 2280 et
826 2224 1073 2293 Eurialo,
1096 2240 1217 2281 cum
1250 2226 1475 2282 Rutuios
1505 2226 1632 2281 vino
1652 2240 1954 2296 somnoque
1994 2226 2174 2294 sepul-

588 2323 671 2370 tos
701 2315 1113 2383 intellexissent,
1142 2317 1348 2377 Caetera
1372 2332 1467 2387 per
1489 2325 1658 2372 terras
1685 2316 1894 2371 omneis
1919 2315 2172 2369 animalia

589 2418 779 2467 mtuno
808 2409 1066 2469 laxabant
1093 2426 1274 2476 cum,
1302 2421 1356 2467 et
1381 2412 1541 2467 corda
1568 2410 1733 2466 oblita
1763 2409 2034 2464 laborum.
2063 2409 2170 2463 'l'a-

587 2498 658 2555 lia
683 2500 844 2569 igitur
860 2511 1092 2571 propter
1119 2511 1397 2559 accentum
1420 2512 1565 2559 sunt.
1590 2503 1719 2572 Quas
1747 2509 1922 2563 autem
1954 2511 2174 2571 propter

588 2591 814 2659 ﬁguram
842 2592 1095 2651 dictionis
1113 2603 1260 2661 sunt,
1294 2594 1541 2650 accidunt
1568 2594 1783 2664 quando
1813 2608 1920 2648 non
1950 2591 2090 2647 idem
2114 2601 2173 2645 ut

588 2680 731 2745 idem
760 2682 1166 2753 interpretatur,
1204 2693 1265 2741 ut
1294 2686 1649 2742 masculinum
1673 2729 1688 2753 ,
1716 2685 2054 2752 femininum,
2088 2683 2172 2739 vel

588 2770 905 2833 femininum
929 2810 943 2837 .
977 2776 1328 2835 masculinum
1354 2820 1370 2844 ,
1402 2778 1486 2833 vel
1516 2778 1669 2847 .quod
1715 2779 1855 2833 inter
1894 2778 2016 2833 haec
2044 2789 2128 2831 est
2152 2815 2168 2840 ,

590 2863 818 2919 alterum
848 2864 1064 2933 horum,
1088 2866 1172 2923 vel
1192 2881 1382 2923 rursus
1401 2868 1562 2938 quale
1587 2877 1864 2938 quantum,
1894 2867 1982 2923 vel
2004 2882 2175 2936 quau-

588 2963 702 3015 tum
724 2957 902 3027 quale,
929 2959 1014 3017 vel
1040 2960 1240 3017 faciens
1262 2962 1491 3031 patiens,
1520 2961 1603 3017 vel
1627 2959 1944 3031 dispositum
1973 2960 2171 3024 facere,

590 3056 645 3105 et
668 3047 771 3103 alia
800 3064 897 3106 ceu
921 3051 1151 3107 divisum
1184 3053 1353 3122 prius.
1385 3053 1517 3109 Nam
1546 3062 1629 3109 est
1659 3051 1863 3122 aliquid
1894 3051 2033 3120 quod
2068 3065 2173 3105 non

591 3147 887 3197 esteorum
925 3156 1047 3212 quae
1086 3151 1212 3199 sunt
1241 3143 1455 3212 facere,
1482 3152 1541 3199 ut
1566 3159 1755 3199 eorum
1786 3158 1903 3212 quae
1945 3150 2071 3196 sunt
2097 3141 2174 3195 ia-

2278 1950 2321 2003 si
2352 1963 2478 2017 ergo
2511 1948 2585 2002 ibi
2617 1948 2786 2014 albus,
2820 1948 2959 2017 quod
2992 1948 3163 2017 niger,
3206 1958 3259 2003 et
3306 1963 3409 2003 non
3444 1949 3613 2018 niger,
3657 1951 3863 2019 putabit

2277 2039 2581 2106 disputasse
2607 2038 2970 2107 syllogistice,
2998 2053 3118 2092 cum
3160 2040 3443 2105 perlecerit
3489 2040 3865 2110 interrogatio-

2278 2146 2424 2185 nem.
2460 2130 2515 2184 lu
2543 2130 2862 2199 quibusdam
2884 2144 3011 2183 vero
3034 2129 3162 2185 latet
3195 2128 3523 2199 frequenter,
3559 2130 3609 2185 in
3651 2131 3866 2200 quibus~

2278 2240 2491 2295 cunque
2514 2239 2635 2279 cum
2657 2224 2837 2292 aliquo
2862 2222 3021 2277 modo
3046 2222 3275 2287 dicatur,
3306 2223 3625 2292 simpliciter
3650 2225 3866 2280 videtur

2281 2319 2455 2387 sequi,
2481 2326 2536 2371 et
2558 2317 2610 2369 iu
2640 2316 3047 2385 quibuscunque
3074 2330 3180 2367 non
3213 2314 3368 2368 facile
3397 2324 3480 2369 est
3506 2316 3860 2371 coiisiderare

2278 2418 2455 2462 utrum
2493 2422 2676 2462 eorum
2703 2409 2969 2475 praecipue
3008 2406 3077 2460 sit
3117 2406 3519 2475 assignandum.
3554 2406 3639 2460 Fit
3670 2416 3855 2461 autem

2280 2500 2407 2562 tale,
2454 2498 2504 2551 in
2545 2497 2947 2567 quibuscunque
2979 2496 3228 2550 similiter
3266 2506 3392 2552 sunt
3426 2497 3704 2567 opposita:
3732 2513 3857 2552 nam

2279 2589 2533 2644 videntur
2559 2598 2651 2642 aut
2676 2588 2857 2656 ambo,
2886 2598 2975 2642 aut
3016 2598 3266 2641 neutrum
3297 2588 3529 2643 dandum
3569 2603 3691 2644 esse
3718 2591 3859 2644 sim-

2279 2681 2488 2752 pliciter
2536 2679 2835 2749 prazdicari,
2887 2672 2941 2733 ul
2988 2679 3030 2733 si
3073 2678 3354 2733 dimidium
3393 2679 3612 2749 quidem
3653 2680 3855 2745 album,

2280 2772 2562 2829 dimidium
2600 2785 2727 2827 vero
2768 2772 3001 2841 nigrum,
3045 2781 3222 2825 utrum
3257 2770 3461 2839 album,
3505 2786 3574 2826 an
3614 2773 3860 2843 nigrum?

2280 2869 2411 2935 Quze
2440 2876 2617 2921 autem
2665 2876 2787 2919 sunt
2821 2874 3038 2933 propter
3079 2863 3130 2917 id
3161 2864 3302 2932 quod
3343 2879 3447 2919 non
3475 2865 3859 2920 determinatur

2281 2958 2414 3029 quid
2447 2969 2526 3012 est
2562 2956 2923 3027 syllogismus,
2956 2965 3048 3008 aut
3072 2954 3196 3022 quid
3222 2955 3553 3026 redargutio,
3582 2958 3715 3011 tiuut
3740 2972 3859 3028 pro-

2281 3059 2404 3119 pter
2432 3049 2779 3103 omissiouem
2805 3047 3063 3102 orationis
3090 3063 3100 3099 :
3128 3062 3249 3100 nam
3299 3048 3608 3119 redargutio
3632 3061 3713 3105 est
3734 3066 3859 3104 cou-

2284 3140 2536 3196 tradictio
2557 3140 2712 3193 unius
2739 3148 2795 3194 et
2820 3138 3083 3209 ejusdem,
3122 3151 3228 3191 non
3256 3139 3511 3206 nominis,
3541 3140 3633 3195 sed
3675 3141 3773 3205 rei,
3806 3151 3859 3195 et

591 3245 715 3288 cere
746 3232 943 3303 aliquid
974 3234 1208 3291 dictione
1246 3236 1585 3306 significare»;
1623 3245 1681 3290 ut
1708 3237 1889 3291 valere
1923 3233 2173 3289 similiter
2199 3232 2248 3297 α
2282 3231 2517 3287 nominis
2538 3246 2644 3286 non
2672 3228 3086 3301 synonymi,sed
3114 3229 3381 3299 ejusdem,
3410 3245 3476 3287 ex
3506 3231 3571 3287 iis
3589 3246 3708 3302 qua:
3737 3231 3859 3289 data

592 3323 760 3390 ligura
790 3323 1041 3380 dictionis
1068 3326 1265 3384 dicitur
1286 3331 1339 3383 ei
1362 3328 1513 3398 quod
1534 3339 1619 3384 eet
1655 3341 1861 3392 secare,
1893 3326 1976 3382 vel
2006 3325 2173 3380 nidiﬁ-

592 3427 740 3487 care,
774 3419 1015 3479 quamvis
1060 3417 1187 3471 illud
1228 3419 1441 3486 quidem
1472 3420 1631 3489 quale
1659 3417 1808 3488 quid,
1842 3427 1896 3472 et
1923 3416 2169 3472 allectum

593 3503 823 3579 quodam
863 3506 1021 3560 modo
1061 3507 1357 3575 signiticet.
1403 3510 1514 3563 haec
1557 3524 1685 3566 vero
1726 3510 1902 3566 facere
1948 3508 2168 3577 aliquid.

597 3594 798 3659 Eodem
828 3605 1004 3651 autem
1033 3598 1196 3652 modo
1214 3608 1274 3653 et
1296 3600 1354 3659 ,iu
1382 3600 1617 3655 caeteris.
1650 3600 1877 3667 Propter
1908 3599 2069 3666 igitur
2092 3598 2173 3651 di-

595 3688 829 3742 ctionem
862 3687 1271 3757 redargutioues
1294 3704 1359 3745 ex
1388 3690 1471 3744 his
1500 3691 1760 3746 exiStunt.

1206 3798 1434 3856 CAPUT
1475 3799 1561 3853 IV.

597 3893 678 3949 De
696 3893 821 3949 locis
848 3897 1269 3965 redargutiouum
1292 3899 1685 3968 sophisticarum
1714 3907 1854 3951 extra
1879 3899 2171 3954 dictionem.

672 3996 867 4051 Earum
900 4012 1026 4052 vero
1051 4013 1170 4067 quis
1196 4009 1344 4053 extra
1387 3999 1674 4055 dictionem
1706 4010 1829 4054 sunt
1868 4001 2173 4068 captionum

595 4089 805 4158 species
835 4098 959 4144 sunt
985 4098 1211 4159 septem.
1244 4091 1355 4146 Utta
1389 4091 1602 4160 quidem
1633 4101 1850 4161 prepter
1889 4093 2170 4157 accidens;

593 4180 826 4235 secunda
844 4192 1033 4239 ,autem
1063 4193 1280 4253 promer
1314 4185 1365 4238 id
1397 4186 1539 4256 quod
1582 4185 1918 4256 simpliciter,
1946 4188 2029 4241 vel
2066 4204 2171 4243 non

593 4270 930 4340 simpliciter,
975 4274 1066 4327 sed
1110 4274 1288 4343 aliquo
1317 4275 1498 4337 modo,
1547 4283 1638 4328 aut
1665 4275 1776 4342 ubi,
1810 4285 1899 4329 aut
1932 4278 2168 4345 quando,

598 4374 690 4418 aut
718 4365 783 4419 ad
813 4365 1014 4436 aliquid
1044 4366 1265 4433 dicitur;
1300 4369 1453 4423 tertia
1482 4377 1657 4424 autem
1683 4378 1900 4437 promer
1922 4370 2175 4441 redargu-

593 4454 756 4508 tionis
779 4456 1168 4525 ignorantiam;
1194 4470 1384 4529 quarta
1408 4474 1538 4513 vero
1567 4469 1784 4530 propter
1805 4475 2170 4531 consequens;

496 4602 499 4607 ,
593 4546 779 4615 quinta
808 4556 986 4604 autem
1035 4559 1253 4620 propter
1292 4551 1341 4605 id
1377 4551 1518 4621 quod
1562 4552 1719 4606 estin
1764 4551 2027 4622 principio
2067 4569 2173 4609 su-

592 4650 772 4705 mere;
804 4651 950 4695 sexta
985 4651 1201 4711 propter
1226 4642 1277 4697 id
1321 4643 1462 4714 quod
1492 4658 1599 4699 non
1629 4652 1713 4699 est
1749 4659 1932 4711 causa,
1961 4655 2017 4700 ut
2044 4660 2169 4702 cau-

588 4742 703 4783 sam
735 4745 970 4799 ponere;
996 4734 1223 4804 septima
1253 4748 1384 4788 vero
1417 4743 1633 4805 propter
1664 4734 1843 4803 plures
1875 4736 2171 4809 interroga-

589 4823 762 4877 tiones
798 4836 956 4877 unam
999 4824 1193 4879 facere.
1228 4825 1455 4893 Propter
1497 4826 1656 4897 igitur
1688 4826 1940 4882 accidens
1964 4830 2169 4898 captio-

587 4926 685 4967 nes
721 4922 869 4979 sunt,
902 4914 1113 4983 quando
1159 4914 1406 4971 similiter
1444 4918 1803 4987 quodcunque
1831 4919 2169 4974 existimabi-

588 5014 673 5057 tur
721 5003 798 5058 rei
826 5011 883 5058 et
906 5005 1170 5059 accidenti
1220 5005 1435 5061 inesse:
1466 5022 1587 5061 nam
1632 5007 1753 5077 quia
1792 5010 1960 5064 multa
1991 5011 2166 5065 eidem

584 5095 853 5160 accidunt,
888 5112 992 5150 non
1023 5105 1105 5152 est
1148 5111 1371 5153 necesse
1408 5099 1659 5153 omnibus
1691 5099 1992 5167 praedicatis
2035 5111 2087 5155 et
2116 5102 2165 5156 ei

585 5188 652 5239 de
679 5203 786 5257 quo
814 5189 1192 5257 praedicantur,
1234 5190 1323 5245 illa
1360 5192 1539 5246 omnia
1587 5192 1783 5247 inesse.
1816 5190 1945 5246 Nam
1988 5194 2163 5247 omnia

584 5278 662 5329 sic
690 5288 849 5333 erunt
867 5279 1078 5346 eadem,
1103 5283 1553 5351 quemadmodum
1579 5282 1833 5353 sophista:
1862 5284 2081 5340 dicunt:
2108 5295 2167 5342 ut

583 5371 626 5419 si
657 5368 912 5425 Coriscus
939 5382 1022 5427 est
1050 5372 1189 5428 alter
1217 5373 1286 5429 ab
1316 5373 1551 5440 homine,
1595 5375 1712 5446 ipse
1754 5384 1839 5431 est
1866 5375 2000 5431 alter
2028 5392 2056 5431 a
2082 5391 2158 5441 se,

581 5461 834 5527 usumin)
867 5462 1061 5528 homo;
1094 5473 1187 5519 aut
1214 5463 1262 5519 si
1282 5479 1313 5519 a
1342 5464 1564 5521 Socrate
1599 5466 1753 5532 alter,
1785 5466 2033 5521 Socrates
2068 5482 2162 5521 au-

582 5562 685 5605 tem
736 5553 897 5607 homo
933 5555 1001 5610 ab
1030 5555 1248 5611 homine
1286 5557 1516 5613 alterum
1557 5559 1743 5613 dicunt
1786 5571 1908 5613 esse
1947 5556 2159 5613 confes-

580 5656 721 5708 sum,
762 5656 830 5698 eo
865 5644 1007 5713 quod
1060 5646 1258 5700 accidit
1301 5646 1355 5718 (a
1411 5663 1521 5717 quo
1565 5649 1699 5704 dixit
1744 5648 1971 5703 alterum
2017 5646 2160 5717 esse)

582 5729 723 5785 hunc
743 5746 865 5787 esse
886 5730 1182 5791 hominem.
1209 5735 1437 5806 Propter
1466 5739 1520 5795 id
1548 5750 1723 5796 autem
1753 5741 1892 5808 quod
1918 5742 2018 5796 hoc
2043 5740 2160 5811 qui-

581 5820 703 5875 dem
748 5825 1090 5894 simoliciter,
1133 5831 1261 5885 illud
1311 5838 1489 5894 autem
1531 5832 1711 5899 aliquo
1738 5832 1918 5898 modo,
1956 5840 2011 5889 et
2052 5845 2159 5887 non

1964 5986 1995 5995 ς

2278 3334 2406 3379 sunt
2443 3339 2509 3377 ex
2538 3323 2880 3388 necessitate,
2928 3337 3033 3377 non
3062 3333 3450 3378 connumerato
3479 3336 3544 3377 eo
3568 3322 3709 3392 quod
3738 3331 3861 3378 erat

2280 3416 2336 3470 in
2370 3414 2656 3482 principio,
2695 3412 2989 3468 secundum
3014 3412 3185 3477 idem,
3216 3424 3272 3469 et
3298 3414 3363 3468 ad
3392 3413 3557 3479 idem,
3578 3423 3635 3467 et
3663 3414 3859 3467 simili-

2281 3518 2384 3573 ter,
2427 3514 2481 3561 et
2524 3507 2578 3560 in
2625 3505 2815 3561 eodem
2856 3514 3123 3575 tempore.
3157 3506 3268 3561 Hoc
3312 3516 3490 3560 autem
3530 3503 3690 3559 modo
3722 3504 3860 3563 ﬁeri

2281 3610 2459 3671 potest
2486 3609 2543 3654 ut
2579 3599 2701 3668 quis
2729 3599 2918 3654 falsum
2943 3600 3083 3655 dicat
3105 3599 3172 3654 de
3197 3598 3399 3669 aliquo,
3430 3597 3649 3667 quidam
3674 3606 3859 3652 autem

2281 3694 2592 3747 omittentes
2617 3690 2817 3761 aliquid
2853 3706 3038 3746 eorum
3071 3705 3189 3761 qua:
3227 3690 3371 3746 dicta
3402 3699 3549 3757 sunt,
3594 3678 3860 3758 apparent

2279 3784 2603 3851 redarguere
2640 3792 2699 3838 ut
2754 3783 2893 3853 quod
2936 3782 3076 3838 idem
3111 3782 3328 3853 duplum
3374 3790 3429 3837 et
3464 3796 3569 3837 non
3613 3780 3853 3851 duplum,

2280 3890 2402 3929 nam
2424 3874 2533 3930 duo
2563 3876 2719 3929 unius
2744 3873 2960 3944 quidem
2990 3875 3175 3943 dupla,
3215 3874 3314 3928 tria
3339 3884 3517 3929 autem
3544 3886 3652 3928 non
3675 3872 3854 3941 dupla.

2282 3972 2387 4024 Aut
2430 3970 2475 4024 si
2522 3968 2759 4039 ejusdem
2802 3968 2942 4022 idem
2986 3958 3207 4038 duplum
3253 3976 3308 4024 et
3346 3983 3453 4022 non
3494 3968 3733 4037 duplum,
3765 3968 3858 4022 sed

2286 4078 2389 4119 non
2434 4062 2729 4119 secundum
2775 4061 2940 4125 idem,
2975 4076 3097 4115 nam
3141 4060 3437 4116 secundum
3470 4059 3857 4129 longitudinem

2283 4155 2527 4224 duplum,
2559 4153 2851 4209 secundum
2884 4152 3218 4207 latitudinem
3260 4166 3367 4206 non
3397 4152 3636 4223 duplum.
3668 4154 3771 4204 Aut
3811 4151 3857 4204 si

2281 4245 2544 4316 ejusdem,
2586 4256 2641 4299 et
2685 4245 2976 4299 secundum
3008 4243 3170 4307 idem,
3212 4252 3267 4297 et
3310 4242 3579 4307 similiter,
3615 4240 3707 4295 sed
3750 4254 3855 4293 non

2279 4336 2457 4399 simul,
2481 4350 2648 4405 quare
2676 4346 2760 4390 est
2785 4348 3053 4405 apparens
3092 4333 3421 4402 redargutio.
3453 4332 3653 4387 Trahat
3682 4341 3858 4385 autem

2282 4427 2474 4495 aliquis
2504 4426 2639 4481 hanc
2676 4435 2730 4481 et
2758 4428 2809 4480 in
2852 4440 2945 4480 eas
2967 4439 3087 4495 qua
3128 4434 3251 4479 sunt
3284 4434 3501 4492 prepter
3543 4422 3856 4477 dictionem.

2280 4517 2414 4585 Quae
2444 4527 2619 4571 autem
2646 4528 2864 4586 propter
2888 4518 2936 4571 id
2960 4517 3100 4585 quod
3128 4519 3180 4569 iu
3216 4516 3477 4586 principio
3500 4523 3617 4569 erat
3638 4527 3855 4568 sumun-

2200 4610 2259 4673 D
2288 4619 2397 4675 tur,
2442 4612 2569 4662 iiunt
2599 4610 2811 4674 quidem
2851 4611 2927 4662 sic
2958 4620 3013 4662 et
3044 4617 3120 4662 tot
3154 4608 3331 4661 modis
3359 4617 3490 4676 quot
3526 4606 3701 4660 moli
3720 4619 3858 4659 con-

2282 4702 2458 4770 tingit,
2487 4702 2627 4771 quod
2661 4703 2713 4754 in
2748 4702 3013 4770 principio
3038 4711 3120 4755 est
3150 4708 3362 4771 petere;
3396 4699 3644 4754 videntur
3676 4707 3856 4752 autem

2279 4797 2629 4863 redarguere,
2656 4808 2719 4846 ro
2747 4793 2886 4862 quod
2936 4809 3039 4847 non
3068 4793 3239 4861 possit
3269 4792 3388 4861 quis
3418 4792 3687 4861 inspicere
3718 4791 3857 4844 idem

2280 4895 2336 4941 et
2361 4885 2648 4939 diversum.
2683 4884 2813 4948 Qum
2853 4898 2982 4937 vero
3021 4890 3241 4951 propter
3267 4895 3603 4950 consequens
3641 4888 3725 4935 est
3767 4893 3887 4945 re-p

2276 4975 2553 5044 dargutio,
2587 4974 2707 5028 ideo
2736 4982 2818 5028 est
2846 4976 2984 5043 quod
3020 4984 3210 5043 putent
3243 4973 3484 5028 converti
3514 4986 3855 5039 consequen-

2283 5068 2431 5132 tiam,
2467 5048 2587 5122 nam
2630 5068 2674 5119 si
2718 5081 2837 5120 cum
2864 5065 2964 5120 hoc
3003 5074 3086 5120 est
3129 5081 3195 5119 ex
3226 5065 3566 5130 necessitate,
3598 5062 3856 5127 illud-sit,

2280 5166 2335 5210 et
2365 5172 2485 5210 cum
2520 5156 2646 5209 illud
2680 5164 2780 5220 est,
2807 5165 2990 5224 putant
3011 5165 3064 5210 et
3103 5155 3329 5210 alterum
3361 5168 3485 5209 es~e
3524 5170 3589 5208 ex
3614 5155 3853 5208 necessi-

2278 5260 2417 5314 tate;
2446 5248 2585 5303 unde
2608 5258 2660 5302 et
2690 5248 2830 5317 (qua:
2862 5249 2932 5303 ob
2966 5248 3272 5316 Opinionem
3297 5261 3364 5302 ex
3394 5260 3554 5301 sensu
3585 5245 3733 5314 sunt)
3756 5244 3854 5298 dc-

2276 5340 2551 5409 ceptioues
2606 5340 2728 5395 fiunt
2756 5379 2770 5405 ,
2818 5355 2939 5392 nam
2984 5352 3127 5405 saepe
3173 5352 3293 5394 esse
3335 5338 3441 5393 mel
3486 5338 3555 5393 fel
3599 5337 3856 5406 suspicati

2278 5450 2426 5504 sunt,
2470 5454 2535 5493 eo
2560 5438 2698 5508 quod
2725 5437 2965 5507 sequitur
2986 5438 3152 5493 flavus
3186 5437 3337 5492 color
3357 5437 3486 5493 mel.
3516 5438 3578 5492 Et
3607 5436 3729 5508 quia
3760 5450 3852 5490 ac-

2274 5539 2405 5593 cidit
2432 5549 2629 5593 terram
2667 5537 2839 5606 pluvia
2887 5536 3154 5592 madidam
3200 5537 3337 5604 fieri,
3373 5537 3584 5594 etiamsi
3618 5538 3690 5592 sit
3736 5552 3849 5592 ma-

2271 5638 2415 5703 dida,
2456 5640 2742 5706 opinantur
2773 5636 2992 5707 pluisse,
3028 5636 3078 5690 id
3109 5646 3291 5692 autem
3332 5652 3437 5693 non
3481 5637 3852 5694 necessarium

2274 5748 2376 5793 est.
2432 5739 2486 5793 lu
2537 5737 2820 5792 rhetoricis
2870 5737 3086 5807 quidem
3132 5753 3252 5808 qua:
3296 5737 3592 5793 secundum
3641 5738 3852 5807 signum

2277 5833 2408 5889 fiunt
2429 5830 2934 5901 detuonstratioucs,
2972 5847 3039 5891 ex
3064 5832 3521 5907 consequentibus
3548 5839 3698 5906 sunt,
3724 5844 3852 5905 nam
