4248 6272
385 367 526 427 1015

392 488 638 541 volentes
682 479 969 539 ostendere
1010 478 1155 551 quod
1184 477 1412 545 adulter,
1442 474 1588 545 quod
1628 487 1968 543 consequens
1996 476 2045 537 Δ

386 588 477 633 est
505 576 795 644 accipiunt,
826 571 969 642 quod
995 579 1261 640 comptus,
1286 578 1378 623 aut
1404 566 1547 638 quod
1575 566 1781 620 videtur
1809 575 1968 619 noctu

386 668 750 731 errabundus;
782 665 1019 734 pluribus
1039 673 1218 719 autem
1243 662 1355 719 haec
1376 659 1590 729 quidem
1614 659 1814 721 insunt,
1834 671 1971 725 prae-

386 759 623 815 dicatum
654 766 834 812 tamen
867 771 970 809 non
1003 756 1163 811 inest.
1208 752 1471 808 Similiter
1498 758 1677 804 autem
1717 758 1774 804 et
1804 748 1855 802 in
1886 764 1971 803 ra-

394 852 743 915 tiocinativis,
777 857 835 904 ut
860 860 941 903 est
973 847 1167 903 Melissi
1194 845 1393 910 oratio,
1422 843 1565 913 quod
1599 842 1863 898 inﬁnitum
1891 850 1973 896 est

389 946 745 1007 universum,
802 954 1019 997 sumens
1064 947 1244 993 autem
1303 935 1614 991 universum
1674 934 1969 1003 ingenitum

390 1033 537 1105 (nam
569 1047 638 1087 ex
692 1029 859 1085 nihilo
898 1028 1029 1085 nihil
1077 1025 1219 1096 ﬁeri)
1250 1025 1388 1095 quod
1436 1033 1614 1080 autem
1645 1022 1843 1080 iactum
1890 1032 1973 1077 est

387 1140 454 1179 ex
486 1122 747 1191 principio
778 1120 918 1175 ﬁeri.
962 1120 1016 1175 Si
1062 1120 1223 1189 igitur
1253 1133 1363 1172 non
1395 1116 1592 1171 factum
1639 1125 1744 1181 est,
1776 1116 1974 1185 princi-

387 1216 532 1285 pium
581 1230 685 1268 non
734 1213 895 1269 habet
922 1213 1259 1274 universum,
1290 1224 1455 1280 quare
1505 1209 1812 1272 inﬁnitum;
1866 1223 1971 1265 non

388 1321 609 1362 necesse
646 1315 730 1360 est
754 1316 935 1362 autem
982 1304 1085 1357 hoc
1112 1302 1377 1367 accidere,
1426 1317 1532 1356 non
1563 1303 1705 1356 enim
1734 1301 1781 1355 si
1813 1315 1973 1357 omne

385 1399 528 1470 quod
566 1398 762 1453 factum
790 1406 894 1461 est,
938 1395 1257 1465 principium
1299 1394 1481 1460 habet,
1518 1397 1677 1449 etiam
1715 1392 1970 1463 quidquid

389 1490 715 1561 principium
745 1488 931 1556 habet,
963 1486 1159 1542 factum
1183 1496 1289 1552 est,
1312 1484 1763 1555 quemadmodum
1800 1500 1972 1552 neque

385 1585 435 1640 si
471 1583 707 1638 febriens
753 1580 982 1646 calidus,
1034 1580 1196 1635 etiam
1244 1578 1478 1633 calidum
1528 1591 1747 1632 necesse
1789 1583 1873 1630 est
1898 1574 1970 1630 fe-

387 1678 553 1731 brire.
578 1674 709 1740 Quae
733 1688 863 1729 vero
884 1681 1101 1741 preptcr
1118 1687 1224 1726 non
1246 1685 1486 1737 causam,
1517 1680 1574 1724 ut
1595 1683 1971 1732 causam,an

388 1768 683 1822 assumitur
710 1764 851 1836 quod
873 1780 978 1819 non
1000 1777 1159 1818 causa
1194 1772 1296 1829 est,
1323 1770 1573 1829 tanquam
1598 1769 1815 1830 propter
1841 1758 1971 1814 illud

920 362 1387 422 ELENCHOBUM
1433 356 1989 418 SOPHiSTlCQRUM:
2023 360 2477 420 ABISTOTWS
2518 356 3094 420 INTERPRISTATIO.

3505 352 3643 418 ΜΗ

2704 474 2934 529 CAPUT
2967 474 3030 528 ν.

2149 586 2336 639 Omnes
2374 588 2677 655 sopmst’car
2716 586 3100 649 mlaryutiorres
3138 584 3194 636 in
3231 582 3576 652 igtth
3636 604 3641 609 ’

2453 654 2834 723 redargutiom's
2870 664 3161 709 revocatum
3199 655 3283 707 ἰή.

2149 768 2251 821 Aut
2281 767 2443 836 igitur
2481 766 2561 820 sic
2588 765 2938 820 dividendum
2979 775 3300 835 apparentes
3323 765 3440 837 syth
3460 766 3663 835 gismos

2074 868 2130 915 et
2158 860 2596 930 redargutiones,
2630 868 2721 912 aut
2742 873 2935 913 omnes
2967 858 3327 913 reducendum
3374 858 3442 913 ad
3474 859 3663 911 redar-

2070 951 2309 1022 gutionis
2358 950 2743 1020 ignorantiam,
2797 948 2860 1007 iis
2912 948 3003 1017 qui
3047 948 3184 1003 hanc
3225 949 3541 1018 principium
3584 950 3663 1001 fa-

2074 1046 2263 1097 ciunt:
2294 1042 2407 1097 ﬁeri
2436 1044 2579 1097 enim
2612 1048 2875 1111 potest‘ut
2907 1054 3096 1095 ornnes
3134 1040 3467 1095 resohamus
3493 1042 3665 1095 dictos

2072 1133 2267 1188 modos
2297 1132 2363 1187 ad
2396 1134 2788 1204 redargutionis
2816 1132 3205 1188 deﬁnitionem.
3254 1131 3491 1185 Primum
3537 1132 3659 1200 qui-

2076 1228 2199 1282 dem
2230 1230 2272 1282 si
2303 1229 2656 1283 inoollectiles
2688 1229 2885 1283 iuerint
2905 1268 2919 1292 ,
2944 1236 3156 1294 Oportet
3184 1227 3331 1280 enim
3361 1241 3426 1279 ex
3454 1226 3519 1279 iis
3548 1238 3667 1295 qua

2077 1320 2249 1389 pusita
2280 1331 2407 1376 sunt
2446 1320 2695 1376 accidere
2724 1320 3145 1385 conclusionem,
3176 1329 3231 1374 et
3260 1326 3341 1391 (ut
3368 1318 3440 1373 ita
3465 1318 3666 1387 dicam)

2074 1427 2143 1467 ex
2184 1415 2542 1480 necessitate,
2574 1423 2736 1483 atque
2778 1428 2883 1468 non
2924 1427 3218 1486 apparere;
3259 1412 3453 1467 deinde
3491 1421 3542 1465 et
3582 1424 3666 1466 se-

2048 1511 2308 1563 ‘eundum
2342 1518 2521 1578 partes
2552 1508 2913 1574 deﬁnitionis,
2944 1523 3065 1562 nam
3097 1523 3282 1564 earum
3311 1523 3428 1579 qua!
3454 1518 3579 1563 sunt
3611 1509 3664 1562 in

2074 1600 2314 1654 dictione
2333 1640 2347 1666 ,
2381 1599 2464 1655 hae
2492 1601 2709 1671 quidem
2741 1611 2867 1655 sunt
2896 1609 3114 1669 propter
3143 1598 3337 1668 duplex
3365 1641 3379 1665 ,
3412 1610 3463 1653 ut
3496 1600 3665 1669 requi-

2076 1691 2288 1747 vocatio
2315 1702 2372 1748 et
2397 1694 2571 1748 oratio
2592 1736 2606 1759 ,
2640 1703 2695 1749 et
2724 1693 2917 1748 similis
2948 1695 3115 1762 ﬁgura
3134 1734 3148 1757 ,
3177 1702 3490 1747 consuetum
3522 1695 3664 1747 cnim

2082 1785 2131 1839 id
2161 1786 2338 1839 omnia
2382 1794 2442 1839 ut
2479 1794 2536 1840 et
2584 1785 2712 1840 illud
2754 1784 3028 1855 quidpiam
3073 1784 3397 1854 signiﬁcare.
3434 1786 3667 1853 Compo-

389 1859 483 1914 ﬁ‘"
522 1857 851 1926 τθάπευιίο-
896 1853 1109 1946 Αθθίάίι
1136 1838 1316 1946 “uim
1360 1851 1487 1946 me?
1645 1849 1975 1946 ί¹¹ξβ³⁰⁵λδξιξί¹θ
2004 1851 2055 1913 Β
2081 1838 2206 1932 sitio
2244 1887 2459 1942 autem,
2492 1838 2555 1933 et
2590 1838 2820 1941 divisid,
2858 1838 3232 1943 eiaccentuus,
3274 1838 3520 1946 eovquod
3561 1838 3666 1931 rion

386 1949 713 2020 syllogismis
741 1966 754 1999 :
780 1944 1318 2005 necessariumenim
1359 1944 1516 1999 estin
1543 1941 1627 1995 bis
1662 1939 1865 2009 aliquid
1891 1940 1971 1993 iu.—

388 2040 647 2095 terimere
685 2054 747 2093 ex
774 2039 840 2093 iis
860 2053 980 2106 quae
1006 2038 1177 2107 posita
1216 2036 1345 2092 sint.
1373 2033 1431 2089 Si
1472 2048 1601 2103 ergo
1625 2042 1975 2089 enumeretur

388 2131 441 2187 in
476 2126 796 2187 tit-cessariis
821 2127 1336 2195 interrogationibus
1359 2126 1425 2180 ad
1451 2125 1502 2180 id
1527 2125 1593 2180 ad
1617 2125 1759 2193 quod
1781 2124 1975 2179 accidit

388 2221 745 2290 impossibile,
776 2219 1046 2274 videbitur
1073 2227 1291 2287 propter
1320 2215 1371 2272 id
1404 2232 1549 2285 smpe
1573 2215 1687 2270 ﬁeri
1717 2215 1975 2283 redargu-

393 2316 485 2379 :io,
524 2323 581 2367 ut
608 2312 749 2382 quod
781 2326 887 2365 nan
912 2320 996 2366 est
1020 2309 1223 2376 anima,
1255 2318 1310 2365 et
1341 2309 1447 2363 vita
1471 2307 1643 2363 idem:
1665 2323 1787 2361 nam
1810 2306 1856 2361 si
1884 2321 1974 2376 ge-

390 2405 599 2461 neratio
634 2404 967 2473 corruptioni
1006 2413 1091 2459 est
1114 2402 1467 2468 contrarium,
1495 2411 1552 2457 et
1587 2402 1748 2456 alicui
1788 2415 1977 2455 corru-

389 2497 554 2567 ptioni
577 2497 679 2552 erit
698 2496 943 2566 quaedam
961 2495 1237 2565 generatio
1254 2493 1603 2556 contrarium,
1628 2506 1775 2547 mors
1792 2501 1974 2549 autem

392 2589 663 2658 corruptio
691 2588 933 2659 quaedam
956 2598 1009 2643 et
1035 2586 1363 2643 contrarium
1386 2584 1540 2650 vitae;
1567 2599 1733 2654 quare
1753 2584 1860 2637 vita
1876 2598 1974 2654 ge-

392 2684 598 2736 neratio
626 2687 681 2734 et
712 2678 896 2737 vivere
924 2677 1170 2746 generari
1212 2695 1223 2731 :
1257 2675 1360 2731 hoc
1400 2683 1581 2730 autem
1613 2673 1972 2744 impossibile.

392 2787 497 2826 non
525 2786 656 2839 ergo
687 2770 829 2825 idem
856 2769 1035 2825 anima
1065 2778 1121 2823 et
1152 2769 1279 2823 vita.
1315 2767 1659 2837 Nequaquam
1688 2765 1974 2821 collectum

392 2874 509 2931 est,
543 2878 666 2919 nam
698 2862 894 2918 accidit
925 2860 1178 2928 (tametsi
1205 2860 1474 2931 quispiam
1506 2873 1613 2915 non
1656 2856 1796 2913 idem
1837 2857 1978 2920 dicat

394 2959 560 3011 vitam
588 2965 643 3011 et
668 2954 938 3025 animam)
967 2951 1304 3023 impossibile
1328 2992 1341 3014 ,
1372 2951 1466 3007 sed
1507 2950 1679 3004 solum
1701 2992 1716 3016 ,
1760 2959 1975 3004 contra-

393 3052 529 3105 rium
558 3050 721 3105 vitam
752 3047 972 3118 quidem
1016 3049 1213 3114 morti,
1256 3061 1377 3102 cum
1405 3046 1477 3100 sit
1514 3043 1822 3113 corruptio,
1863 3058 1977 3098 cor-

396 3141 631 3210 ruptioui
686 3149 867 3196 autem
925 3140 1352 3209 generationem.
1410 3135 1764 3191 lnoollectiles
1816 3134 1977 3204 igitur

2074 1969 2269 2025 eadem
2301 1978 2385 2025 est
2412 1970 2625 2036 oratio,
2654 1978 2745 2024 aut
2776 1984 2971 2024 nomen
3012 1969 3152 2039 quod
3184 1969 3468 2034 diﬁerens,
3510 1983 3666 2039 oport-

2077 2061 2222 2116 tebat
2246 2071 2420 2116 autem
2446 2071 2502 2116 et
2526 2061 2578 2115 id
2604 2075 2726 2116 esse
2763 2061 3218 2130 quemadmodum
3263 2069 3319 2115 et
3364 2074 3477 2115 rem
3517 2062 3666 2115 eam-

2076 2154 2199 2209 dem
2226 2194 2239 2218 ,
2280 2154 2326 2209 si
2354 2150 2597 2210 debebat;
2637 2154 2948 2225 redargutio
2992 2154 3076 2211 vel
3121 2154 3461 2226 syllogismus
3504 2165 3663 2219 esse,

2072 2256 2135 2301 ut
2180 2248 2224 2300 si
2276 2247 2489 2313 tunica,
2531 2262 2637 2301 non
2687 2247 2850 2303 vestis
2888 2247 3256 2317 ‘syllogizetur,
3306 2247 3400 2303 sed
3450 2250 3664 2312 tunica,

2074 2350 2201 2391 nam
2233 2350 2417 2390 verum
2445 2344 2529 2390 est
2557 2346 2612 2391 et
2641 2334 2769 2391 illud
2794 2377 2808 2401 ,
2850 2337 2942 2392 sed
2985 2352 3091 2391 non
3131 2336 3501 2409 syllogizatum
3545 2345 3663 2401 (τις

2074 2427 2171 2481 sed
2205 2425 2380 2481 adhuc
2410 2426 2835 2496 interrogatione
2873 2426 3111 2498 indiget,
3154 2428 3297 2498 quod
3329 2428 3467 2483 idem
3500 2427 3669 2499 signi-

2076 2519 2203 2575 ﬁcat
2241 2520 2308 2575 ad
2349 2534 2470 2575 eum
2511 2521 2601 2590 qui
2646 2522 2838 2590 qua-rit
2882 2534 3103 2592 propter
3146 2523 3310 2592 quod.
3360 2522 3490 2589 Quae
3537 2535 3668 2578 vero

2077 2610 2373 2667 secundum
2429 2611 2680 2667 accidens
2737 2612 2957 2667 deﬁnito
3008 2614 3325 2684 syllogismo
3369 2613 3671 2670 manifestat

2078 2703 2243 2769 ﬁunt,
2276 2720 2397 2758 nam
2428 2704 2669 2759 eamdem
2700 2703 3068 2760 deﬁnitionem
3101 2716 3316 2775 oportet
3358 2704 3660 2777 syllogismi

2076 2805 2136 2852 et
2164 2795 2558 2865 redargutionis
2599 2795 2713 2849 ﬁeri
2736 2835 2752 2859 ,
2785 2803 3017 2851 attamen
3049 2794 3422 2867 et‘adjnngere
3448 2804 3667 2851 contra-

2080 2888 2398 2954 dictionem,
2428 2904 2550 2943 nam
2583 2888 2891 2959 redargutio
2918 2890 3264 2959 syllogismus
3285 2897 3366 2943 est
3394 2888 3668 2943 contradi-

2080 2979 2307 3039 ctionis;
2340 2980 2383 3032 si
2418 2978 2579 3049 igitur
2608 2993 2712 3033 non
2741 2987 2826 3033 est
2851 2979 3189 3049 syilo'gismus
3214 2977 3529 3039 accidentis.
3562 2991 3670 3035 non

2078 3072 2140 3125 ιιι
2169 3072 2509 3141 redargutio:
2544 3084 2649 3126 non
2680 3073 2823 3126 enim
2864 3071 2911 3125 si
2944 3086 3066 3126 cum
3107 3070 3223 3126 haec
3262 3073 3403 3137 sint,
3444 3076 3672 3127 necesse

2082 3172 2168 3217 est
2196 3162 2326 3216 illud
2353 3177 2510 3229 esse,
2546 3163 2599 3217 id
2631 3171 2814 3218 autem
2844 3173 2927 3218 est
2954 3163 3130 3219 album
3159 3178 3281 3219 esse
3310 3171 3532 3234 propter
3559 3162 3671 3235 syl-

393 3231 707 3303 simpliciter
737 3248 845 3289 non
886 3241 1011 3287 sitat
1056 3229 1362 3299 huiusmodi
1406 3228 1680 3284 orationes
1705 3272 1721 3295 ,
1762 3225 1860 3282 sed
1903 3226 1971 3281 ad
2006 3244 2012 3282 ι

2086 3254 2412 3324 logismum;
2445 3225 2621 3324 tieque
2661 3255 2706 3309 si
2758 3253 3054 3325 triangulus
3097 3225 3326 3311 duobus
3351 3225 3513 3312 rectis
3554 3225 3669 3312 tres

393 3325 724 3397 propositum
772 3324 1159 3389 inoollectiles,
1209 3333 1264 3377 et
1316 3323 1447 3377 latet
1484 3321 1820 3390 plerumque
1868 3333 1975 3376 non

392 3420 570 3474 minus
596 3417 1165 3488 ipsos'interrugantes
1192 3413 1335 3483 quod
1365 3412 1471 3467 tale
1495 3423 1599 3467 est.
1631 3410 1854 3479 Propter
1884 3410 1978 3478 igi-

392 3517 480 3565 tur
517 3521 892 3579 consequeus.
936 3515 990 3562 et
1036 3515 1258 3576 propter
1299 3518 1406 3560 non
1445 3518 1663 3558 causam
1708 3502 1980 3557 orationes

394 3601 696 3669 huiusmodi
746 3610 893 3655 sunt.
939 3600 1071 3667 Quae
1120 3608 1299 3655 autem
1345 3606 1565 3668 propter
1615 3597 1667 3650 id
1710 3596 1851 3666 quod
1899 3605 1982 3652 est

399 3693 532 3747 duas
589 3692 1041 3762 interrogationes
1096 3705 1256 3745 unam
1309 3688 1530 3755 facere,
1585 3686 1802 3756 quando
1854 3687 1982 3743 latet

396 3786 575 3852 plures
615 3796 770 3848 esse,
815 3792 867 3836 et
910 3781 1128 3852 perinde
1168 3796 1233 3836 ac
1278 3795 1378 3835 una
1411 3782 1510 3845 sit,
1547 3778 1847 3847 assignatur
1888 3793 1981 3833 reo

399 3875 623 3943 spoiisio
666 3889 792 3929 una.
841 3873 899 3927 In
945 3874 1213 3944 aliquibus
1257 3884 1434 3928 autem
1478 3872 1633 3928 facile
1674 3880 1757 3927 est
1800 3871 1984 3927 videre

398 3965 540 4034 quod
573 3964 755 4034 plures
775 4003 790 4029 ,
822 3972 875 4018 et
904 3964 1045 4034 quod
1079 3980 1182 4018 non
1214 3963 1386 4018 danda
1434 3980 1537 4018 una
1581 3964 1895 4034 reSponsio,
1927 3974 1985 4016 ut

402 4066 581 4111 utrum
614 4065 758 4112 terra
789 4070 937 4110 mare
968 4066 1049 4111 est
1077 4071 1143 4110 an
1178 4056 1419 4111 ccelumi
1451 4057 1505 4110 lu
1545 4056 1814 4127 aliquibus
1854 4070 1985 4110 vero

396 4148 613 4213 minus,
658 4157 711 4203 et
757 4151 908 4217 quasi
955 4162 1055 4201 una
1103 4149 1200 4213 sit,
1247 4159 1338 4202 aut
1381 4148 1665 4203 conﬁtetur
1708 4148 1813 4218 (eo
1842 4149 1984 4218 quod

394 4250 669 4310 nequeunt
704 4239 1035 4310 respondere
1077 4239 1141 4293 ad
1185 4239 1613 4310 interrogatum)
1662 4248 1753 4294 aut
1795 4239 1983 4295 redar-

396 4330 489 4400 gui
514 4330 785 4401 videntur,
818 4340 874 4386 ut
908 4342 1061 4399 putas
1093 4329 1178 4385 hic
1220 4340 1272 4385 et
1314 4331 1397 4385 hic
1438 4341 1520 4385 est
1567 4332 1770 4386 homo?
1812 4332 1988 4400 Quare

397 4437 521 4476 cum
552 4421 743 4492 aliquis
778 4424 1099 4492 percusserit
1133 4426 1273 4477 hunc
1304 4432 1356 4479 et
1387 4424 1528 4478 hunc
1554 4464 1568 4489 ,
1602 4426 1865 4495 percutiet
1893 4426 1988 4479 ho-

400 4512 601 4567 minem
626 4553 640 4575 .
672 4521 726 4567 et
756 4528 859 4568 non
887 4514 1154 4569 homines.
1187 4515 1293 4568 Aut
1339 4530 1550 4569 rursum
1596 4532 1822 4585 quorum
1871 4517 1985 4572 hinc

396 4612 521 4657 sunt
548 4603 760 4674 quidem
790 4605 932 4660 bona
953 4647 968 4673 ,
995 4605 1086 4660 illa
1118 4616 1294 4660 autem
1328 4622 1433 4660 non
1464 4607 1600 4662 bona
1621 4650 1635 4674 ,
1666 4610 1845 4662 omnia
1875 4609 1988 4664 haec
2014 4610 2067 4671 Ι)

396 4697 534 4752 bona
561 4739 576 4764 ,
608 4712 673 4753 an
709 4713 814 4754 non
843 4699 1022 4756 bona?
1050 4699 1180 4754 Nam
1210 4702 1473 4756 utrumvis
1498 4703 1727 4769 dixerit,
1760 4714 1843 4760 est
1873 4706 1988 4774 qui-

396 4789 518 4843 dem
574 4800 630 4843 ut
673 4799 762 4844 aut
812 4791 1288 4862 redargutioncm,
1340 4802 1428 4849 aut
1478 4794 1670 4849 falsum
1724 4812 1986 4867 apparens

397 4880 647 4935 videatur
688 4881 899 4949 facere,
949 4899 1072 4939 nam
1115 4884 1295 4940 dicere
1340 4900 1525 4940 eorum
1556 4902 1673 4955 quae
1718 4904 1823 4943 non
1864 4899 1988 4943 sunt

398 4972 534 5027 bona
568 4974 767 5044 aliquid
796 4990 918 5031 esse
944 4976 1143 5033 bonum
1167 5019 1183 5045 ,
1211 4988 1303 5033 aut
1332 4993 1517 5034 eorum
1546 4995 1665 5050 quae
1694 4978 1831 5035 bona
1864 4989 1988 5036 sunt

406 5079 509 5119 non
556 5065 796 5133 bonum,
843 5068 1056 5123 falsum.
1104 5069 1437 5140 Quandoque
1483 5083 1659 5127 :utetn
1700 5073 1988 5142 assumptis

399 5156 755 5222 quibusdam,
802 5157 1115 5230 redargutio
1154 5161 1313 5216 etiam
1358 5162 1449 5216 ﬁet
1494 5178 1616 5216 vera
1641 5206 1654 5231 ,
1700 5164 1756 5217 ut
1796 5164 1838 5218 si
1874 5165 1991 5232 quis

396 5250 655 5303 concedat
684 5249 937 5308 similiter
978 5265 1034 5307 et
1077 5270 1245 5309 unum
1292 5264 1347 5308 et
1394 5257 1545 5324 plura
1590 5256 1691 5311 dici
1741 5258 1891 5321 alba,
1937 5265 1993 5311 et

351 5355 357 5361 ’
397 5339 558 5404 nuda,
594 5351 648 5395 et
680 5356 822 5396 caaca
859 5360 870 5394 :
906 5358 1028 5397 nam
1062 5344 1107 5399 si
1136 5360 1336 5400 catcuni
1369 5356 1451 5400 est
1495 5346 1633 5415 quod
1680 5362 1785 5402 non
1832 5346 1993 5401 habet

393 5431 604 5499 visum,
643 5442 827 5488 natum
875 5444 1054 5491 tamen
1099 5437 1342 5495 habere.
1390 5446 1444 5491 et
1488 5452 1628 5492 caeca
1671 5449 1826 5493 erunt
1870 5455 1989 5509 qua:

394 5533 501 5573 non
556 5520 758 5577 habent
806 5524 1022 5594 visum,
1076 5536 1200 5580 nata
1254 5538 1429 5582 autem
1478 5528 1721 5595 habere;
1772 5530 1986 5601 quando

392 5611 558 5682 igitur
596 5612 700 5667 hoc
731 5614 948 5685 quidem
998 5616 1163 5673 habet
1214 5619 1425 5683 visum,
1474 5620 1602 5675 illud
1652 5633 1829 5676 autvm
1881 5639 1988 5679 non

394 5704 551 5760 habet
573 5746 587 5771 ,
621 5707 783 5761 ambo
813 5716 971 5762 erunt
998 5710 1080 5766 vel
1110 5709 1345 5765 videntia
1367 5752 1383 5779 ,
1417 5713 1496 5767 vel
1528 5727 1669 5770 cwca
1692 5753 1711 5781 ν
1739 5716 1879 5785 quod
1905 5730 1984 5775 est

392 5796 750 5868 impossibile.

2087 3347 2315 3418 angulos
2344 3346 2507 3402 habet
2534 3346 2806 3417 aequales,
2840 3357 2894 3401 et
2918 3346 3111 3402 accidit
3149 3348 3201 3402 ei
3244 3346 3467 3416 ﬁguram
3507 3361 3667 3415 esse,

2084 3440 2171 3493 vel
2201 3440 2435 3509 primum
2458 3480 2474 3505 ,
2502 3439 2587 3493 vel
2614 3437 2935 3508 principium
2959 3481 2973 3505 ,
3005 3438 3148 3509 quod
3189 3438 3358 3509 ﬁgura
3378 3479 3392 3504 ,
3434 3438 3521 3494 vel
3559 3441 3672 3508 pri-

2084 3545 2231 3584 mum
2254 3569 2269 3595 ,
2305 3530 2386 3585 vel
2417 3530 2741 3600 principium
2783 3530 2890 3585 tale
2928 3539 3054 3585 est:
3094 3545 3215 3585 nam
3257 3546 3364 3585 non
3403 3540 3669 3602 quatenus

2091 3623 2261 3693 ﬁgura
2285 3662 2299 3687 ,
2330 3621 2417 3677 vel
2449 3620 2683 3692 primum
2708 3666 2722 3690 ,
2754 3621 2839 3677 vel
2880 3622 3198 3693 principium
3222 3663 3237 3688 ,
3278 3622 3373 3678 sed
3410 3632 3674 3693 quatenus

2090 3715 2391 3785 triangulus
2418 3715 2833 3771 demonstratio.
2866 3715 3127 3773 Similiter
3155 3728 3210 3773 et
3237 3719 3291 3773 in
3322 3717 3462 3773 aliis.
3495 3716 3675 3787 Quare

2086 3810 2135 3862 si
2169 3808 2478 3879 redargutio
2504 3809 2849 3882 syllogismus
2876 3810 3094 3881 quidam
3120 3854 3135 3878 ,
3170 3828 3274 3869 non
3305 3814 3407 3868 erit
3436 3830 3555 3884 qua:
3584 3828 3674 3870 se.

2089 3900 2322 3954 cundum
2362 3902 2614 3956 accidens
2643 3901 2974 3970 redargutio.
3007 3902 3204 3957 Verum
3235 3913 3456 3973 propter
3487 3904 3590 3960 hoc
3619 3916 3675 3962 et

2089 3991 2326 4045 artiﬁces
2353 3998 2408 4043 et
2435 3991 2657 4044 omnino
2683 3990 2916 4045 scientes
2943 3991 3012 4045 ab
3037 3991 3222 4046 insciis
3252 3993 3671 4064 redarguuntur,

2093 4095 2214 4133 nam
2256 4079 2551 4134 secundum
2594 4080 2847 4135 accidens
2890 4080 3230 4150 syllogismos
3260 4084 3460 4137 faciunt
3487 4093 3675 4141 contra

2091 4170 2396 4239 sapientes;
2432 4170 2521 4238 qui
2550 4185 2677 4226 vero
2704 4185 2811 4224 non
2838 4180 3060 4241 possunt
3088 4170 3327 4230 dividere
3347 4215 3363 4241 ,
3393 4183 3485 4229 aut
3511 4177 3677 4231 inter-

2093 4262 2265 4332 rogati
2312 4262 2656 4330 concedunt,
2700 4272 2792 4317 aut
2832 4279 2953 4319 cum
2997 4280 3102 4319 non
3145 4264 3306 4331 dam,
3348 4267 3676 4325 arbitrantur

2092 4354 2330 4412 dedisse.
2362 4355 2494 4423 Quae
2522 4371 2653 4412 vero
2682 4365 2903 4428 propter
2936 4357 2987 4411 id
3020 4357 3163 4428 quod
3207 4358 3385 4429 aliquo
3426 4359 3586 4416 modo
3622 4370 3677 4422 et

2092 4449 2430 4517 sirnpliciter,
2474 4450 2730 4520 quoniam
2778 4465 2882 4507 non
2930 4450 2997 4506 de
3041 4451 3232 4508 eodem
3279 4451 3569 4509 afﬁrmatio
3618 4458 3675 4511 et

2095 4540 2309 4611 negatio
2351 4550 2471 4609 est,
2519 4556 2642 4597 nam
2686 4542 2868 4613 aliquo
2908 4542 3069 4599 modo
3109 4543 3252 4610 albi,
3295 4546 3476 4614 aliquo
3520 4547 3679 4602 modo

2093 4647 2199 4687 non
2255 4632 2472 4700 album,
2528 4642 2582 4689 et
2636 4633 2950 4704 simpliciter
2998 4635 3149 4703 albi,
3206 4638 3525 4708 simpliciter
3576 4657 3680 4697 non

2093 4722 2306 4787 album,
2358 4722 2570 4792 negatio
2620 4733 2743 4789 est;
2803 4726 2847 4780 si
2899 4727 3060 4798 igitur
3109 4742 3233 4783 cum
3289 4729 3447 4785 datur
3503 4733 3682 4803 aliquo

2094 4815 2253 4870 modo
2290 4829 2413 4871 esse
2441 4815 2620 4871 album
2641 4859 2657 4885 ,
2690 4817 2811 4886 quis
2843 4826 2901 4873 ut
2936 4819 3251 4890 simpliciter
3290 4822 3494 4878 dictum
3538 4828 3683 4880 acci-

2092 4909 2202 4977 pit,
2248 4922 2353 4963 nen
2398 4907 2527 4963 facit
2565 4905 3046 4981 redargutiouem':
3083 4924 3306 4984 apparet
3346 4926 3525 4971 autem
3558 4932 3684 4988 pro-

2095 5006 2214 5067 pter
2244 4997 2603 5067 ignorantiam
2635 5000 2841 5069 ipsius,
2882 5002 3007 5072 quid
3035 5013 3119 5060 est
3140 5004 3473 5074 redargutio.
3518 5008 3685 5062 Mani-

2096 5090 2387 5147 festissima
2433 5102 2612 5148 autem
2680 5094 2917 5149 omnium
2982 5111 3103 5166 qua:
3155 5098 3305 5167 prius
3355 5098 3512 5156 diem
3560 5110 3684 5155 sunt

2096 5193 2316 5253 propter
2370 5183 2767 5254 redargutionis
2817 5184 3184 5242 deﬁnitionem
3213 5229 3226 5252 ,
3282 5204 3445 5259 quare
3499 5203 3554 5247 et
3608 5194 3684 5245 sic

2098 5289 2420 5349 nuncupata:
2458 5288 2618 5343 sunt,
2650 5294 2773 5333 nam
2805 5288 3025 5347 propter
3051 5280 3685 5338 orationisomissionrtn

2098 5369 2375 5438 phantasia
2410 5369 2502 5434 ﬁt,
2531 5378 2588 5425 et
2612 5370 2798 5425 divisis
2828 5371 2930 5425 hoc
2976 5380 3150 5440 pacto,
3180 5376 3539 5430 communein
3562 5389 3683 5430 uas-

2098 5459 2255 5514 nibus
2288 5459 2372 5513 his
2405 5461 2710 5529 ponendum
2734 5470 2818 5517 est
2840 5463 3095 5517 orationis
3122 5464 3365 5520 omissio.
3395 5466 3527 5534 Quae
3553 5482 3682 5523 vero

2098 5560 2316 5621 propter
2346 5552 2397 5605 id
2426 5552 2569 5622 quod
2599 5553 2828 5607 sumitur
2853 5552 2996 5623 quod
3026 5564 3143 5609 erat
3184 5556 3236 5611 in
3279 5558 3544 5627 principio
3564 5599 3579 5625 ,
3625 5568 3682 5616 et
3730 5568 3735 5571 ‘

2097 5656 2203 5696 non
2234 5654 2392 5696 causa
2426 5652 2483 5697 ut
2511 5656 2670 5696 causa
2704 5642 2940 5711 ponitur,
2978 5643 3278 5701 manifesta:
3309 5659 3435 5701 sunt
3467 5664 3560 5717 per
3585 5650 3678 5703 de-

2102 5733 2398 5787 ﬁnitionem
2422 5772 2438 5799 ,
2468 5748 2589 5787 nam
2626 5744 2840 5805 oportet
2879 5737 3280 5794 conclusionem
3322 5742 3581 5797 accidere
3613 5759 3680 5798 eo

2096 5821 2240 5903 quod
2278 5822 2399 5882 hac
2434 5834 2594 5897 sunt,
2634 5824 2776 5898 quod
2822 5842 2931 5885 non
2972 5837 3090 5887 erat
3131 5829 3187 5887 in
3228 5845 3336 5891 non
3378 5835 3554 5893 causis
3579 5877 3595 5906 ,
3622 5844 3675 5895 et
