4248 6272
569 349 710 408 1015

1780 346 1891 410 ΑΝ.
1931 347 2141 408 MANL.
2179 347 2333 408 δεγ.
2377 349 2600 408 ΒΟΕΤΙΙ

3700 355 3841 416 1016

569 479 787 520 rursum
819 477 922 517 non
953 469 1341 516 connumerato
1367 474 1435 518 eo
1465 461 1605 533 quod
1636 471 1752 518 erat
1780 463 1831 518 in
1863 467 2150 534 principio,
2180 466 2233 526 Α
2258 465 2427 522 ribus.
2475 468 2672 524 Earum
2715 483 2849 526 vero
2891 486 3013 542 qua
3056 482 3180 530 sunt
3220 482 3441 547 propter
3479 475 3701 547 ﬁguram
3723 519 3740 544 ,
3772 479 3842 533 ob

577 557 720 626 quod
761 569 868 608 non
915 552 1112 608 habent
1160 568 1240 607 ea;
1284 567 1403 623 quae
1441 561 1570 607 sunt
1599 561 1819 623 propter
1845 555 2157 624 petitionem

572 650 690 718 ejus
716 646 859 718 quod
883 647 933 700 in
962 647 1248 717 principio.
1272 645 1403 713 Quae
1422 661 1553 702 vero
1579 655 1798 717 propter
1823 649 2158 717 consequens

572 742 834 811 particula
865 751 993 796 sunt
1022 741 1350 807 accidentis,
1385 757 1510 797 nam
1554 757 1890 813 consequens
1929 743 2155 810 accidit;

570 834 751 889 differt
782 843 960 890 autem
992 835 1062 889 a’b
1091 834 1370 891 accidente
1390 875 1407 902 ,
1450 836 1703 906 quoniam
1747 836 1998 891 accidens
2037 835 2158 906 qui-

569 928 694 984 dem
723 937 808 983 est
839 928 892 984 in
923 944 1031 983 uno
1059 928 1178 982 solo
1206 943 1422 984 sumere
1444 968 1459 994 ,
1493 937 1555 982 ut
1581 928 1723 984 idem
1763 943 1886 984 esse
1925 929 2120 984 ﬂavum
2139 967 2156 995 ,

572 1029 628 1074 et
657 1020 761 1075 mel
784 1061 799 1087 ,
831 1028 886 1076 et
911 1020 1114 1086 album,
1145 1028 1200 1074 et
1228 1035 1456 1092 cygnum
1478 1061 1495 1086 ,
1527 1019 1671 1090 quod
1722 1029 1899 1075 autem
1943 1029 2162 1090 prepter

571 1126 912 1181 consequens
933 1152 950 1178 ,
996 1125 1210 1181 semper
1255 1112 1310 1166 in
1360 1112 1601 1179 pluribus
1631 1128 1646 1169 ;
1691 1126 1811 1166 nam
1838 1127 1958 1182 qua:
1987 1113 2076 1166 uni
2107 1119 2163 1167 et

574 1203 751 1259 eidem
783 1212 910 1258 sunt
935 1202 1122 1259 eadem
1147 1243 1161 1268 ,
1194 1213 1248 1258 et
1276 1203 1380 1259 sibi
1411 1205 1637 1259 invicem
1671 1204 2003 1273 postulantur
2041 1218 2162 1259 esse

573 1294 763 1350 eadem
786 1336 801 1361 ,
835 1305 1054 1364 propter
1082 1294 1223 1364 quod
1259 1296 1315 1348 tit
1342 1309 1403 1348 ea
1433 1311 1552 1364 quae
1578 1305 1798 1365 prepter
1825 1309 2162 1365 consequens

574 1385 910 1455 redargutio.
942 1385 1036 1440 Est
1064 1395 1244 1440 autem
1277 1400 1383 1440 non
1413 1385 1640 1440 omnino
1667 1401 1888 1452 verum,
1921 1395 1978 1440 ut
2019 1385 2064 1439 si
2095 1383 2164 1440 sit

573 1478 755 1532 album
799 1478 1094 1533 secundum
1135 1478 1425 1544 accidens,
1475 1494 1599 1533 nam
1644 1488 1698 1534 et
1740 1480 1828 1532 nix
1871 1490 1923 1532 et
1961 1490 2180 1548 cygnus.

572 1571 698 1626 albo
751 1572 930 1636 idem,
981 1579 1074 1624 aut
1125 1586 1337 1624 rursum
1388 1570 1441 1624 iu
1488 1570 1686 1624 Melissi
1733 1571 1976 1624 oratione
2020 1569 2162 1624 idem

567 1679 695 1728 esse
724 1665 921 1733 accipit
951 1663 1148 1717 factum
1183 1677 1338 1729 esse,
1373 1675 1426 1717 et
1455 1662 1775 1732 principium
1808 1662 2040 1728 habere,
2072 1670 2165 1715 aut

573 1757 802 1825 aequalia
853 1755 1004 1820 fieri,
1053 1765 1108 1810 et
1150 1753 1395 1809 eamdem
1443 1753 1864 1822 magnitudinem
1894 1751 2160 1821 accipere.

2261 557 2664 614 similitudinem
2711 560 3004 620 dictionis:
3037 564 3254 620 difﬁcile
3296 575 3379 621 est
3420 567 3562 622 enim
3608 566 3845 624 dividere

2259 664 2379 719 qua:
2425 649 2674 706 similiter
2719 662 2774 708 et
2824 669 2947 726 qua:
2991 656 3146 711 aliter
3186 657 3437 712 dicuntur
3482 659 3639 728 (nam
3675 657 3843 715 ferme

2263 742 2353 811 qui
2403 741 2503 798 hoc
2547 753 2723 812 potest
2769 746 2942 802 facere
2992 748 3044 803 in
3092 751 3366 817 procinctu
3413 759 3496 805 est
3551 759 3607 805 ut
3669 749 3846 806 videat

2262 849 2445 890 verum
2473 879 2487 904 ,
2520 837 2754 894 maxime
2783 849 2958 895 autem
2989 843 3125 897 sciet
3156 843 3449 915 innuere),
3498 845 3638 914 quod
3686 861 3844 901 omne

2262 927 2404 995 quod
2433 927 2501 983 de
2529 928 2709 998 aliquo
2740 931 3076 1000 prmdicatur,
3109 934 3432 990 arbitramur
3474 937 3704 1005 idipsum
3747 937 3846 991 ali»

2264 1019 2389 1088 quid
2434 1033 2588 1085 esse,
2640 1031 2696 1078 et
2735 1032 2792 1077 ut
2834 1040 2995 1079 unum
3042 1024 3420 1096 intelligimus.
3469 1042 3590 1082 nam
3640 1044 3842 1092 unum,

2263 1118 2317 1164 et
2359 1110 2710 1168 substantiam
2757 1116 2987 1171 maxime
3033 1116 3241 1172 videtur
3286 1119 3433 1189 sequi
3481 1118 3532 1173 id
3572 1120 3715 1187 quod
3761 1129 3849 1173 est

2264 1201 2463 1272 aliquid
2487 1243 2502 1268 ,
2535 1211 2591 1259 et
2621 1219 2739 1258 ens.
2771 1206 2946 1270 Quare
2987 1207 3040 1260 in
3081 1208 3144 1262 iis
3175 1223 3292 1278 qua:
3332 1219 3455 1263 sunt
3500 1220 3717 1278 prepter
3755 1209 3848 1263 di-

2262 1295 2492 1348 ctionem
2526 1294 2612 1349 hic
2648 1296 2795 1350 locus
2826 1297 3103 1366 ponendus
3125 1339 3139 1362 ,
3169 1298 3398 1368 primum
3429 1301 3640 1368 quidem
3676 1300 3847 1367 magis

2267 1383 2518 1453 deceptio
2557 1385 2791 1454 gignitur
2831 1387 2885 1441 in
2929 1388 2993 1441 iis
3034 1389 3122 1458 qui
3165 1404 3284 1442 cum
3325 1389 3440 1443 aliis
3471 1389 3845 1452 considerant,

2262 1490 2423 1546 quam
2466 1476 2553 1544 qui
2601 1492 2696 1547 per
2740 1477 2987 1547 seipsos:
3033 1493 3155 1534 nam
3200 1494 3260 1533 ea
3301 1494 3419 1548 qua:
3461 1494 3579 1534 cum
3621 1479 3727 1533 alio
3764 1488 3847 1534 est

2264 1567 2662 1634 consideratio,
2714 1584 2809 1639 per
2855 1570 3154 1626 orationem.
3203 1579 3321 1636 est;
3370 1587 3487 1641 quae
3534 1582 3708 1626 autem
3752 1586 3845 1640 per

2263 1659 2474 1729 seipsos
2498 1701 2513 1724 ,
2548 1677 2654 1714 non
2683 1661 2860 1716 minus
2891 1677 2985 1730 per
3015 1661 3181 1732 ipsam
3227 1679 3363 1719 rem.
3411 1663 3612 1719 Deinde
3657 1674 3708 1719 et
3752 1681 3846 1733 per

2265 1750 2475 1818 seipsos
2529 1749 2701 1820 decipi
2757 1752 2994 1818 accidit,
3050 1752 3265 1821 quando
3319 1753 3370 1807 in
3423 1753 3666 1809 oratione
3718 1753 3847 1810 facit

572 1847 836 1913 Quoniam
864 1846 1011 1902 enim
1045 1845 1368 1915 principium
1395 1845 1555 1901 habet
1579 1845 1723 1914 quod
1749 1845 1942 1898 factum
1966 1854 2087 1908 est,
2113 1835 2248 1900 et'B
2274 1839 2803 1905 considerationem;
2839 1851 3097 1910 Priﬁlerea
3128 1843 3374 1912 deceptio
3413 1844 3626 1913 quidem
3668 1860 3732 1900 ex
3774 1845 3848 1899 Si-

571 1937 716 2007 quod
761 1936 921 1992 habet
963 1937 1284 2006 principium
1306 1977 1321 2002 ,
1356 1937 1558 1990 factum
1587 1949 1710 1991 esse
1740 1936 2008 2004 postulat,
2041 1944 2161 1990 tan-

569 2044 734 2099 quam
766 2030 926 2084 ambo
956 2028 1142 2084 eadem
1175 2029 1281 2084 sint
1301 2070 1317 2094 ,
1346 2044 1413 2083 eo
1441 2029 1584 2098 quod
1618 2029 1934 2097 principium
1965 2027 2165 2083 habent

573 2119 773 2174 factum
804 2133 926 2174 esse
951 2128 1005 2173 et
1036 2119 1265 2172 ﬁnitum.
1295 2119 1552 2173 Similiter
1581 2127 1758 2173 autem
1786 2128 1841 2172 et
1871 2118 1922 2171 in
1954 2117 2017 2171 iis
2045 2131 2165 2188 qua

573 2211 799 2280 aequalia
849 2211 986 2265 facta
1036 2221 1198 2276 sunt,
1245 2212 1290 2265 si
1333 2210 1578 2265 eamdem
1625 2210 2080 2280 magnitudinem,
2110 2220 2166 2266 et

583 2318 744 2357 unam
779 2304 1044 2358 sumentia
1078 2303 1304 2374 mqualia
1340 2304 1505 2367 fiunt,
1541 2311 1596 2358 et
1623 2319 1740 2372 qua:
1773 2305 1995 2372 aequalia
2026 2304 2164 2360 facta

578 2403 748 2458 sunt,
803 2393 1048 2449 eamdem
1102 2406 1156 2448 et
1213 2410 1372 2448 unam
1427 2395 1846 2463 magnitudinem
1903 2404 2163 2461 sumunt,

580 2502 749 2550 quare
778 2502 1118 2557 consequens
1144 2488 1345 2552 sumit;
1378 2487 1520 2556 quod
1554 2487 1714 2557 igitur
1760 2496 1981 2556 propter
2021 2487 2166 2542 acci-

581 2580 718 2632 dens
768 2579 1110 2648 redargutio,
1163 2581 1212 2632 in
1261 2579 1559 2648 ignorantia
1607 2578 1999 2648 redargutiunis
2045 2587 2165 2645 est,

580 2671 962 2737 manifestum,
1003 2681 1057 2726 et
1097 2671 1236 2740 quod
1266 2685 1331 2725 ea
1357 2686 1478 2740 qua:
1508 2679 1627 2737 est,
1659 2681 1740 2726 est
1771 2679 1992 2740 propter
2031 2686 2167 2726 con-

577 2776 837 2832 sequens.
874 2762 1270 2832 lnspiciendum
1308 2771 1485 2816 autem
1513 2771 1594 2816 est
1639 2761 1689 2815 id
1714 2770 1768 2815 et
1797 2762 1927 2815 alias
1956 2760 2168 2818 melius.

573 2854 712 2920 Quae
745 2869 872 2910 vero
903 2864 1118 2923 propter
1149 2853 1200 2908 id
1229 2854 1368 2924 quod
1398 2863 1480 2909 est
1510 2847 1692 2922 plures
1725 2854 2171 2924 interrogationes

587 2957 648 3001 ut
677 2963 837 3002 uuam
870 2948 1045 3003 facere
1066 2987 1082 3012 ,
1113 2948 1165 3002 in
1195 2962 1262 3002 eo
1295 2956 1420 3002 sunt
1456 2945 1602 3016 quod
1641 2960 1745 3001 non
1785 2948 2129 3000 enuclcamus
2151 2985 2168 3010 ,

577 3041 696 3095 sive
718 3056 822 3094 non
846 3039 1132 3094 dividimus
1157 3038 1535 3108 propositionis
1559 3037 1879 3103 orationem,
1899 3051 2020 3090 nam
2045 3049 2170 3104 pro-

571 3134 788 3203 positio
818 3149 979 3187 unum
1011 3133 1079 3188 de
1112 3148 1218 3186 uno
1243 3140 1346 3188 est.
1374 3130 1507 3186 Nam
1541 3131 1681 3186 idem
1714 3130 1976 3185 terminus
2006 3130 2165 3184 unius

2267 1929 2603 1996 militudine,
2658 1931 2955 1986 similitudo
3009 1941 3184 1988 autem
3237 1948 3303 1988 ex
3355 1933 3610 1990 dictione.
3669 1935 3722 1989 In
3778 1935 3846 1990 iis

2269 2032 2444 2078 autem
2494 2039 2613 2091 qua!
2662 2035 2786 2079 sunt
2833 2033 3050 2095 propter
3098 2026 3382 2092 accidens,
3430 2041 3496 2081 eo
3545 2027 3688 2096 quod
3742 2040 3847 2081 non

2269 2124 2447 2185 potest
2489 2115 2780 2184 dijudicare
2832 2116 2971 2171 idem
3019 2127 3075 2172 et
3125 2117 3392 2172 diversum
3419 2100 3465 2184 ί
3487 2128 3541 2172 et
3587 2132 3749 2172 unum
3794 2126 3849 2173 et

2271 2206 2436 2261 multa
2461 2246 2478 2272 ,
2525 2221 2700 2277 neque
2740 2207 2932 2277 quibus
2973 2207 3380 2278 praedicatorum
3422 2208 3599 2263 omnia
3645 2208 3849 2263 haec-et

2270 2297 2349 2352 rei
2377 2297 2644 2351 accidunt.
2677 2297 2936 2352 Similiter
2966 2306 3142 2353 autem
3183 2305 3238 2352 et
3277 2298 3330 2351 in
3373 2298 3437 2352 iis
3474 2313 3591 2368 qua:
3631 2307 3850 2368 propter

2267 2402 2610 2454 consequens
2661 2397 2818 2451 sunt,
2873 2403 2996 2457 pars
3047 2388 3189 2442 enim
3231 2388 3471 2457 quaedam
3514 2389 3846 2456 accidentis,

2267 2491 2350 2536 est
2379 2495 2734 2551 consequens.
2781 2481 3058 2550 Amplius,
3099 2492 3154 2537 et
3193 2483 3245 2537 in
3288 2484 3466 2538 multis
3491 2491 3744 2553 apparet,
3791 2493 3850 2540 et

2271 2573 2570 2642 postulatur
2597 2572 2698 2626 hoc
2730 2583 2917 2640 pacto,
2951 2574 2994 2627 si
3027 2572 3129 2628 hoc
3155 2574 3222 2629 ab
3265 2575 3360 2629 illo
3402 2589 3507 2629 non
3549 2584 3850 2644 separatur,

2269 2679 2368 2718 nec
2414 2665 2480 2718 ab
2522 2664 2692 2719 altero
2730 2674 3006 2733 separatur
3051 2666 3300 2721 alterum.
3347 2665 3403 2721 In
3444 2667 3508 2722 iis
3547 2681 3676 2722 vero
3719 2659 3860 2736 quas

2273 2763 2396 2808 sunt
2444 2762 2662 2823 propter
2707 2754 3052 2810 emissionem
3096 2758 3387 2824 orationis,
3437 2766 3492 2813 et
3531 2759 3586 2812 in
3627 2757 3691 2813 iis
3732 2773 3852 2829 qua

2273 2855 2398 2902 sunt
2430 2857 2647 2916 propter
2677 2847 2729 2901 id
2758 2847 2900 2916 quod
2929 2849 3107 2918 aliquo
3135 2849 3297 2906 modo
3324 2859 3378 2904 et
3418 2851 3756 2920 simpliciter,
3783 2865 3850 2905 eo

2274 2940 2412 3009 quod
2445 2949 2666 3010 propter
2695 2955 2878 3010 parum
2899 2982 2916 3008 ,
2945 2941 3192 3011 deceptio
3223 2952 3327 2997 est.
3375 2942 3507 2998 Nam
3539 2944 3690 3014 quasi
3723 2941 3851 2997 nihil

2273 3033 2648 3102 consignificet
2672 3032 2796 3097 quid
2828 3042 2919 3088 aut
2946 3035 3124 3104 aliquo
3150 3035 3347 3101 modo,
3379 3044 3471 3090 aut
3512 3035 3848 3102 simpliciter,

2272 3134 2362 3179 aut
2415 3123 2644 3189 alicubi,
2695 3134 2790 3178 aut
2839 3140 3012 3189 nunc,
3063 3126 3441 3181 universaliter
3481 3127 3848 3181 concedimus.

573 3195 753 3285 solius
785 3225 894 3287 rei,
929 3234 986 3279 et
1013 3223 1331 3292 simpliciter
1359 3223 1473 3288 rei,
1510 3232 1568 3278 ut
1605 3223 1873 3288 hominis,
1915 3230 1969 3276 et
2005 3222 2161 3276 unius
2197 3195 2242 3258 Ο
2273 3214 2532 3271 Similiter
2561 3223 2740 3271 autem
2773 3224 2826 3270 Ct
2853 3217 2906 3270 in
2935 3217 3000 3270 iis
3029 3230 3147 3286 qua!
3188 3219 3328 3287 quod
3373 3219 3426 3273 in
3470 3218 3729 3289 principio
3771 3227 3852 3273 est

572 3317 749 3386 solius
780 3316 1032 3371 hominis.
1071 3316 1332 3371 Similiter
1360 3325 1541 3372 autem
1571 3324 1625 3370 et
1654 3315 1706 3370 in
1738 3315 1878 3369 aliis.
1919 3315 1972 3370 Si
2003 3315 2161 3384 igitur

583 3421 690 3458 una
722 3407 1014 3474 propositio
1067 3417 1152 3461 est
1194 3423 1315 3477 qua:
1345 3423 1509 3462 unum
1552 3407 1621 3462 de
1667 3421 1770 3461 uno
1811 3407 2074 3476 postulat,
2107 3416 2162 3461 et

580 3494 900 3562 simpliciter
951 3498 1053 3550 erit
1091 3497 1387 3566 propositio
1433 3497 1554 3553 talis
1605 3497 1970 3565 interrogatio.
2003 3496 2161 3565 Atqui

583 3589 832 3656 quoniam
884 3588 1227 3658 syllogismus
1284 3605 1349 3643 ex
1403 3588 1858 3658 propositionibus
1907 3598 2020 3652 est,
2081 3601 2165 3642 re-

583 3679 826 3747 dargutio
852 3689 1027 3733 autem
1071 3680 1453 3750 syllogismus,
1498 3687 1554 3733 et
1599 3678 1908 3748 redargutio
1950 3680 2055 3734 erit
2095 3694 2161 3734 ex

571 3769 1059 3837 propositionibus.
1102 3768 1160 3823 Si
1191 3769 1352 3838 igitur
1383 3768 1680 3838 propositio
1713 3783 1873 3823 unum
1907 3768 1973 3823 de
2014 3783 2122 3824 uno
2143 3807 2159 3835 ,

583 3859 920 3914 manifestum
953 3861 1200 3930 quoniam
1240 3870 1292 3916 et
1336 3860 1450 3915 haec
1483 3861 1534 3915 in
1567 3860 1964 3930 redargutionis
2007 3862 2165 3931 igno-

583 3951 796 4017 ran’tia,
829 3968 952 4005 nam
1002 3962 1222 4021 apparet
1275 3967 1396 4006 esse
1440 3952 1733 4021 propositio
1774 3967 1893 4022 quae
1935 3968 2042 4008 non
2083 3960 2166 4008 est

586 4042 904 4111 propositio.
967 4042 1025 4097 Si
1083 4043 1264 4113 itaque
1317 4042 1467 4098 dedit
1523 4043 1931 4112 responsionem
1987 4051 2044 4100 ut
2097 4043 2166 4099 ad

586 4150 747 4188 unam
793 4134 1299 4204 interrogationem,
1350 4136 1455 4190 erit
1503 4134 1850 4205 redargutio;
1895 4136 1940 4190 si
1985 4144 2166 4192 autem

584 4241 692 4279 non
746 4224 994 4290 dederit,
1049 4227 1144 4280 sed
1196 4236 1455 4296 apparet,
1490 4211 1781 4297 iapparens
1837 4227 2163 4296 redargutio.

588 4315 765 4381 Quare
793 4322 981 4370 omnes
1021 4316 1124 4369 loci
1157 4317 1353 4370 cadunt
1393 4318 1444 4371 in
1487 4318 1878 4387 redargutionis
1919 4321 2170 4388 ignorano

587 4409 749 4474 tiam,
804 4410 893 4480 qui
942 4409 1159 4478 quidem
1212 4410 1339 4462 dicti
1392 4417 1518 4462 sunt
1573 4419 1790 4479 propter
1839 4409 2167 4475 dictionem,

566 4502 712 4579 [quia
743 4515 826 4555 est
856 4516 1120 4571 apparens
1149 4501 1504 4557 contradictio
1525 4543 1540 4566 ,
1571 4502 1714 4572 quod
1745 4511 1861 4557 erat
1891 4503 2163 4573 proprium

584 4593 1019 4662 redargutionis,
1073 4592 1163 4649 alii
1220 4603 1400 4650 autem
1453 4606 1672 4665 propter
1716 4595 2008 4666 syllogismi
2058 4573 2247 4651 ter-D

584 4685 811 4740 minum.

1185 4764 1413 4822 CAPUT
1468 4765 1551 4821 Vl.

676 4881 862 4936 Causae
898 4880 1288 4951 dereptionum,
1328 4881 1622 4951 captionum
1661 4882 2073 4959 sap/iisticarum.

2107 4960 2144 4968 -ιι

663 4995 916 5064 Deceptio
967 5004 1144 5049 autem
1195 4993 1253 5048 fit
1306 4994 1359 5048 in
1409 4992 1473 5049 iis
1517 4994 1732 5064 quidem
1783 5010 1902 5064 qua:
1949 5006 2164 5065 propter

587 5089 1068 5158 mquivocationem
1102 5099 1156 5142 et
1185 5088 1515 5152 orationem,
1549 5101 1616 5142 eo
1655 5088 1793 5156 quod
1839 5103 1942 5156 non
1983 5097 2166 5158 potest

585 5180 707 5247 quis
756 5179 993 5234 dividere
1043 5177 1094 5232 id
1145 5177 1284 5247 quod
1339 5177 1702 5245 multipliciter
1753 5177 1978 5244 dicitur,
2037 5195 2159 5234 nam

585 5271 831 5339 quaedam
864 5285 970 5325 non
1001 5279 1084 5324 est
1113 5278 1416 5338 promptum
1449 5268 1720 5334 dividere,
1762 5278 1822 5324 ut
1861 5285 2026 5326 unum
2053 5312 2068 5337 ,
2111 5282 2166 5327 et

565 5375 685 5416 -ens
709 5370 808 5436 ,_et
837 5361 997 5417 idem.
1027 5359 1082 5414 In
1114 5361 1178 5415 iis
1217 5369 1392 5414 autem
1429 5375 1548 5427 quae
1588 5371 1714 5416 sunt
1756 5375 1974 5434 propter
2011 5379 2164 5420 com-

588 5452 909 5520 positionem
959 5461 1014 5507 ct
1062 5452 1419 5515 divisionem,
1471 5466 1538 5507 eo
1584 5454 1723 5524 quod
1773 5455 1906 5511 nihil
1955 5467 2168 5527 putatur

587 5543 809 5597 differre
852 5545 1143 5611 composita
1184 5553 1238 5597 et
1275 5543 1446 5595 divisa
1492 5545 1696 5610 oratio,
1743 5560 1840 5601 ceu
1890 5548 2069 5603 evenit
2113 5550 2164 5602 in

584 5635 851 5700 plurimis.
901 5635 1159 5690 Similiter
1201 5645 1377 5688 autem
1421 5644 1474 5688 et
1516 5636 1566 5688 in
1611 5635 1674 5689 iis
1717 5653 1834 5706 qutt-
1883 5651 2003 5692 sunt
2044 5657 2166 5709 pro.

585 5733 704 5790 pter
746 5734 1060 5789 accentum,
1105 5741 1208 5779 non
1239 5726 1381 5780 enim
1421 5725 1563 5779 aliud
1611 5727 1819 5780 videtur
1861 5728 2164 5797 significare

586 5830 642 5871 Ill
667 5826 825 5881 elisa,
853 5826 905 5872 et
928 5818 1154 5872 remissa
1184 5818 1357 5873 oratio
1384 5817 1434 5873 in
1465 5816 1801 5891 aliquo,aut
1827 5833 1930 5874 non
1965 5821 2015 5874 in
2047 5821 2164 5892 plu-

2266 3315 2522 3374 sumunt,
2554 3316 2610 3362 et
2640 3307 2692 3362 in
2723 3322 2828 3362 non
2859 3308 3034 3363 causis
3055 3352 3069 3375 ,
3101 3317 3157 3363 et
3184 3323 3516 3380 quaecunque
3559 3311 3736 3378 plures
3775 3311 3854 3363 in-

2270 3401 2663 3468 terrogationes
2689 3410 2748 3454 ut
2776 3416 2935 3455 unam
2967 3401 3169 3456 faciunt
3199 3418 3214 3457 :
3244 3401 3297 3456 in
3323 3401 3567 3455 omnibus
3594 3402 3734 3454 enim
3767 3399 3852 3454 his

2268 3502 2352 3546 est
2384 3491 2630 3560 deceptio
2651 3531 2664 3556 ,
2697 3491 2767 3547 ob
2799 3492 2849 3547 id
2878 3492 3017 3561 quod
3051 3499 3269 3562 prepter
3311 3506 3492 3560 parum
3515 3531 3530 3557 ,
3573 3506 3692 3544 nam
3741 3504 3849 3543 non

2266 3593 2454 3637 exacte
2501 3583 2859 3638 discernimus
2905 3599 3075 3653 neque
3114 3583 3487 3653 propositionis
3528 3597 3700 3652 neque
3740 3582 3853 3653 syl-

2268 3671 2480 3742 logismi
2514 3674 2800 3729 terminum
2826 3717 2840 3740 ,
2870 3686 3089 3746 propter
3117 3674 3422 3746 praedictam
3449 3688 3686 3729 causam.

2864 3788 3089 3844 CAPUT
3129 3788 3242 3846 VII.

2605 3876 2689 3933 Ex
2717 3879 2895 3948 quibus
2923 3880 3044 3933 locis
3074 3879 3333 3948 captiones
3363 3878 3523 3949 fatur.

2341 3988 2601 4056 Quoniam
2633 3998 2809 4045 autem
2840 3990 3099 4045 habemus
3120 4000 3336 4060 propter
3365 4004 3693 4059 qumcunque
3722 3989 3852 4044 tinnt

2271 4092 2590 4152 apparentes
2621 4082 2940 4154 syllogismi,
2977 4081 3235 4137 habemus
3261 4092 3312 4136 et
3341 4090 3560 4151 prepter
3599 4095 3852 4150 quascun-

2269 4189 2374 4245 que
2429 4173 2559 4228 ﬁunt
2614 4174 2888 4245 SOpiliSliCi
2953 4174 3248 4245 syllogismi
3298 4183 3352 4230 et
3414 4173 3838 4244 redargutioues.

2271 4265 2400 4320 Dico
2439 4277 2616 4320 autem
2663 4267 3004 4335 supliisticam
3052 4266 3483 4334 redargutionem
3533 4276 3585 4320 et
3631 4265 3854 4337 syllogi-

2272 4369 2470 4421 smum,
2517 4372 2621 4410 uon
2654 4356 2824 4410 solum
2861 4367 3206 4426 apparentem
3238 4357 3607 4428 syllogismum
3641 4367 3731 4411 aut
3761 4372 3852 4411 re-

2273 4446 2641 4516 dargutionem
2669 4463 2771 4503 non
2803 4450 3120 4504 existentem
3145 4449 3376 4520 quidem:
3409 4449 3502 4504 sed
3527 4459 3581 4504 et
3607 4450 3855 4504 existen-

2275 4545 2380 4592 tem
2430 4539 2685 4609 quidem,
2742 4548 2797 4594 at
2847 4549 3168 4610 apparenter
3227 4540 3686 4596 accommodatam
3751 4542 3852 4595 rei.

2270 4631 2405 4686 Sunt
2428 4641 2605 4686 autem
2629 4631 2754 4695 illre,
2779 4649 2896 4703 qua:
2919 4650 3022 4688 non
3046 4634 3338 4690 secundum
3361 4650 3475 4690 rem
3499 4633 3850 4703 redarguunt,

2270 4731 2325 4778 et
2367 4737 2487 4793 qua:
2531 4732 2830 4778 monstrant
2879 4726 3222 4794 ignorantes,
3279 4726 3419 4795 quod
3473 4727 3688 4796 quidem
3731 4735 3852 4781 erat

2275 4816 2547 4885 proprium
2583 4817 2874 4872 tentativaz.
2923 4817 3015 4871 Est
3047 4828 3225 4872 autem
3276 4817 3554 4887 tentativa,
3590 4833 3712 4888 pars
3741 4818 3852 4870 dia-

2272 4907 2475 4963 lecticae
2499 4924 2513 4973 ;
2533 4908 2619 4962 illa
2651 4917 2828 4963 autem
2859 4919 3035 4978 potest
3055 4910 3370 4979 syllogizare
3397 4908 3610 4974 falsum,
3641 4920 3857 4979 propter

2274 5001 2625 5070 ignorantiam
2658 5001 2774 5070 ejus
2804 5005 2891 5070 qui
2925 5002 3014 5056 dat
3042 5003 3365 5058 orationem.
3394 5004 3713 5072 Sophistica:
3763 5019 3854 5056 au-

2275 5101 2381 5146 tem
2406 5091 2810 5160 redargutiones
2833 5095 3044 5148 tametsi
3071 5095 3326 5164 colligant
3347 5095 3855 5159 contradictionem,

2275 5199 2380 5250 non
2415 5182 2617 5237 faciunt
2666 5186 3025 5252 manifestum,
3058 5186 3100 5240 si
3158 5187 3403 5254 ignorat,
3433 5201 3554 5238 nam
3587 5196 3637 5240 ct
3671 5185 3856 5236 scit-n-

2275 5285 2380 5330 tem
2415 5275 2711 5343 impediunt
2753 5276 2896 5331 hisce
2937 5276 3291 5332 orationibus.
3325 5277 3474 5344 Quod
3519 5289 3694 5330 autem
3742 5277 3860 5328 illas

2260 5366 2586 5432 habeamus,
2637 5367 2736 5421 hac
2780 5369 2862 5422 via
2915 5367 3256 5422 manifestum
3303 5379 3416 5435 cst,
3470 5383 3590 5421 nam
3644 5376 3859 5436 preptcr

2276 5474 2609 5530 quaecunque
2640 5469 2861 5529 apparet
2892 5461 3231 5515 audientibus
3263 5468 3321 5515 ut
3352 5462 3680 5530 interrogata
3704 5460 3802 5529 sle
3829 5480 3861 5504 ι-

2275 5554 2480 5624 gizare,
2511 5564 2729 5622 propter
2761 5554 2876 5608 hanc
2903 5564 2956 5607 ct
2985 5552 3328 5622 respondenti
3369 5553 3553 5622 utique
3581 5552 3856 5611 videatur;

2275 5660 2441 5714 quare
2467 5655 2622 5697 erunt
2654 5645 2950 5713 syllogismi
2981 5645 3098 5698 falsi
3136 5661 3229 5714 per
3267 5645 3382 5698 htcc
3417 5654 3507 5697 aut
3535 5644 3678 5696 omni
3703 5664 3736 5707 :,
3768 5653 3860 5694 aut

2277 5734 2472 5803 aliqua,
2525 5750 2644 5787 nam
2693 5735 2833 5805 quod
2883 5750 2987 5789 non
3038 5735 3398 5805 interrogatus
3427 5733 3716 5788 arbitratur
3766 5731 3859 5782 tle-

2277 5828 2420 5883 disse
2444 5870 2460 5895 ,
2488 5839 2537 5883 et
2573 5829 2926 5898 interrogatus
2954 5843 3172 5902 quoque
3215 5835 3390 5901 ponet.
3434 5826 3624 5885 Verum
3657 5826 3708 5882 in
3741 5825 3863 5900 qui-
