4248 6272
382 373 519 431 1017

914 374 1379 434 ELENCHORUM
1421 371 1967 434 SOPIIISTICORUM
2008 376 2460 440 ARISTOTELIS
2499 385 3067 447 INTERPRETATIO.

3501 395 3635 449 1015

379 492 598 549 busdam
627 491 784 546 simul
813 491 1002 547 accidit
1025 503 1079 548 et
1107 494 1436 562 interrogare
1483 491 1623 561 quod
1671 491 1862 556 deest,
1893 499 1946 546 et
1971 494 2026 551 Α
2049 501 2165 547 arte
2196 493 2414 560 cadens,
2443 495 2864 555 dialecticorum.
2901 502 3031 556 Nam
3065 501 3107 556 si
3140 501 3398 559 habemus
3426 520 3489 560 ex
3516 509 3633 577 qui-

378 601 639 656 appaiere
685 586 914 652 falsum,
947 594 1004 639 ut
1044 588 1093 640 in
1137 587 1198 640 iis
1239 602 1356 654 qua:
1381 595 1504 639 sunt
1545 583 1840 638 secundum
1873 585 1953 638 di-

378 679 605 733 ctionem
643 688 697 734 ct
733 678 1119 733 soltecismum.
1156 677 1211 732 Si
1243 692 1370 746 ergo
1403 676 1694 746 syllogismi
1738 683 1955 729 contra-

378 769 626 824 dictionis
672 779 889 838 pr0pter
932 779 1275 838 apparentem
1327 767 1758 835 redargutionem
1805 775 1947 833 sunt,

379 864 714 917 manifestum
748 869 830 916 est
858 861 997 929 quod
1034 869 1248 929 propter
1291 868 1367 912 tot
1398 868 1557 912 erunt
1596 869 1650 912 et
1697 858 1949 912 falsorum

377 955 692 1024 syllogismi,
721 965 937 1022 propter
967 963 1096 1023 quot
1123 963 1176 1007 et
1197 967 1462 1022 apparens
1489 951 1817 1022 redargutio,
1859 967 1953 1022 ap-

378 1059 569 1114 parens
615 1058 788 1100 autem
845 1054 1063 1114 propter
1115 1045 1403 1114 particulas
1457 1042 1613 1098 veri:
1657 1058 1778 1097 nam
1831 1059 1950 1097 cum

376 1137 728 1205 quodcunque
759 1135 1021 1202 defuerit,
1055 1135 1333 1205 apparebit
1363 1134 1668 1203 redargutio
1693 1175 1706 1199 ,
1731 1145 1787 1188 ut
1809 1133 1950 1203 quod

377 1236 592 1296 propter
623 1241 727 1281 non
761 1228 1033 1293 accidens,
1086 1237 1303 1296 propter
1347 1225 1665 1288 oralionem,
1717 1239 1837 1293 qua:
1884 1223 1950 1278 ad

376 1319 723 1388 impossibile,
756 1328 812 1373 et
860 1335 979 1386 quzn
1028 1319 1161 1373 duas
1207 1317 1654 1386 interrogationes
1695 1326 1754 1370 ut
1791 1329 1950 1369 unam

375 1411 521 1475 facit,
552 1422 767 1480 prOpter
793 1411 1232 1481 propositionem,
1264 1419 1319 1464 et
1350 1425 1446 1479 pro
1486 1424 1552 1465 eo
1574 1409 1714 1480 quod
1741 1423 1838 1475 per
1867 1423 1951 1474 se,

375 1501 516 1570 quod
547 1511 764 1571 propter
807 1503 1086 1568 accidens,
1136 1512 1191 1557 et
1241 1501 1398 1570 hujus
1451 1499 1754 1570 particula,
1809 1499 1951 1568 quod

375 1603 592 1662 propter
621 1606 973 1662 consequens.
1002 1592 1262 1662 Amplius,
1290 1607 1394 1645 non
1429 1591 1478 1644 in
1500 1605 1580 1654 re,
1615 1589 1710 1643 sed
1742 1589 1794 1642 in
1827 1603 1953 1641 ora-

375 1683 520 1738 tione
548 1684 814 1749 accidere,
843 1682 1038 1738 deinde
1061 1698 1154 1752 pro
1183 1681 1468 1737 universali
1497 1679 1944 1743 contradictione,

375 1783 429 1828 et
456 1774 750 1828 secundum
775 1774 936 1841 idem,
964 1782 1018 1828 et
1057 1775 1121 1828 ad
1153 1773 1316 1839 idem,
1354 1781 1407 1828 et
1430 1773 1697 1835 similiter,
1733 1779 1952 1840 propter

2058 580 2156 634 bus
2185 583 2488 650 probabiles
2521 587 2815 657 syllogismi
2847 591 2897 644 in
2932 592 3194 661 quolibet,
3226 593 3541 652 habebimus
3568 614 3634 653 ex

1997 671 2004 680 ‘
2057 670 2248 738 quibus
2274 671 2679 741 redargutiones
2711 693 2726 736 :
2757 679 3064 750 redargutio
3095 697 3323 754 namque
3355 695 3436 740 est
3463 688 3630 757 syllo-
3680 688 3684 694 “

2057 759 2260 828 gismus
2281 765 2748 833 contradictionis;
2780 785 2945 839 quare
2967 782 3058 826 aut
3077 789 3236 842 unus,
3270 786 3362 830 aut
3387 779 3493 833 duo
3516 781 3630 849 syl-

2056 851 2264 921 logismi
2289 857 2745 922 contradictionis,
2778 861 3082 932 redargutio
3106 851 3506 923 est-Habemus
3536 870 3634 940 igi-

2055 949 2143 996 tur
2171 954 2389 1013 propter
2439 963 2767 1019 quazcunque
2811 966 3000 1007 omnes
3041 952 3340 1022 hujusmodi
3386 969 3538 1024 sunt;
3585 961 3633 1016 si

2056 1041 2232 1086 autem
2266 1034 2379 1090 haec
2406 1036 2664 1094 habemus
2689 1080 2704 1108 ,
2751 1051 2808 1095 et
2853 1041 3148 1098 solutiones
3181 1044 3438 1103 habemus
3462 1089 3477 1114 ,
3509 1066 3630 1106 nam

2055 1121 2266 1179 illarum
2299 1126 2588 1197 instantiae,
2621 1131 2913 1187 solutiones
2955 1143 3100 1188 sunt.
3145 1134 3413 1191 Habemus
3452 1148 3630 1195 autem

2054 1224 2274 1284 propter
2299 1233 2631 1289 quacunque
2673 1229 2728 1276 et
2771 1232 3094 1292 apparentes
3125 1224 3276 1293 ﬁunt,
3311 1238 3630 1298 apparentes

2053 1315 2230 1359 autem
2259 1323 2365 1362 non
2394 1309 2632 1379 cuilibet,
2665 1312 2759 1367 sed
2795 1315 3022 1381 talibus;
3071 1316 3276 1372 inﬁnita
3307 1319 3448 1373 enim
3482 1331 3626 1387 sunt,

2052 1395 2098 1448 si
2127 1397 2246 1465 quis
2267 1400 2571 1455 consideret
2592 1402 2678 1456 illa
2703 1405 2993 1459 secundum
3017 1423 3348 1478 quaecunque
3369 1421 3628 1480 apparent

2051 1487 2395 1555 quibuslibet.
2431 1491 2608 1557 Quare
2629 1494 2966 1550 manifestum
2989 1507 3071 1551 est
3092 1501 3340 1566 quoniam
3363 1500 3625 1558 dialectici

2051 1587 2135 1632 est
2159 1593 2317 1647 posse
2343 1595 2556 1637 sumere
2585 1594 2806 1654 propter
2832 1601 3163 1658 quaecunque
3183 1590 3241 1645 ﬁt
3265 1606 3362 1660 per
3387 1607 3627 1648 commu-

2052 1666 2139 1720 nia
2160 1708 2175 1730 ,
2206 1668 2290 1723 vel
2312 1685 2432 1740 qua:
2461 1682 2543 1726 est
2576 1675 2903 1745 redargutio,
2940 1678 3024 1732 vel
3050 1693 3169 1748 qua:
3199 1692 3418 1753 apparet
3442 1683 3629 1740 redar-

2049 1761 2221 1827 gutio,
2250 1759 2338 1815 vel
2362 1760 2664 1830 dialectica,
2697 1764 3071 1848 velapparens
3093 1769 3390 1839 dialectica,
3408 1773 3492 1827 'vel
3512 1782 3627 1828 ten-

374 1861 426 1917 id
448 1863 588 1932 quod
635 1863 686 1917 in
719 1864 914 1933 aliquo,
948 1864 1031 1917 vel
1069 1872 1288 1933 propter
1315 1860 1730 1932 unumquodque
1757 1859 1948 1916 borum
1979 1857 2028 1917 B
2053 1853 2236 1907 WW3-

374 1964 582 2024 peccat.
616 1953 880 2022 Amplius,
914 1963 1131 2023 propter
1158 1953 1211 2008 id
1235 1953 1377 2023 quod
1402 1963 1486 2008 est
1516 1967 1622 2007 non
1650 1966 1947 2007 connume-

372 2055 490 2099 rato
511 2059 575 2100 eo
602 2044 742 2115 quod
769 2046 822 2099 in
849 2045 1130 2114 principio,
1166 2045 1308 2112 quod
1334 2043 1384 2098 in
1418 2043 1679 2112 principio
1709 2057 1944 2099 sumere.

373 2136 547 2203 Quare
578 2137 832 2192 habemus
858 2138 1148 2192 secundum
1177 2146 1308 2207 quot
1333 2138 1467 2191 ﬁunt
1494 2136 1747 2204 captiosze
1778 2133 1940 2188 ratio-

371 2226 696 2295 cinationes,
739 2242 860 2283 nam
891 2228 1183 2284 secundum
1216 2229 1365 2298 plura
1397 2243 1502 2282 non
1533 2236 1709 2294 erunt,
1753 2241 1948 2282 secun-

371 2316 492 2371 dum
519 2327 693 2373 autem
724 2333 784 2373 ea
815 2335 934 2389 qua:
963 2319 1102 2374 dicta
1142 2327 1267 2374 sunt
1297 2329 1450 2373 erunt
1482 2333 1690 2373 omnes.
1727 2318 1823 2372 Est
1850 2332 1946 2372 au-

371 2415 474 2462 tem
497 2409 784 2478 sophistica
807 2410 1112 2479 redargutio
1138 2424 1244 2464 non
1269 2408 1584 2478 simpliciter
1608 2407 1939 2477 redargutio,

371 2497 463 2552 sed
489 2499 554 2552 ad
584 2487 850 2568 aliquem,
880 2509 934 2554 et
953 2500 1293 2570 syllogismus
1315 2499 1579 2554 similiter.
1612 2497 1741 2552 Nam
1766 2499 1810 2552 si
1834 2514 1942 2555 non

370 2602 542 2647 sumat
569 2594 619 2647 id
648 2595 862 2665 quidem
896 2595 1035 2664 quod
1067 2603 1148 2649 est
1175 2603 1392 2663 pr0pter
1413 2575 1744 2662 aequivocum
1776 2608 1941 2648 unum

372 2683 694 2752 signiﬁcare,
729 2693 782 2739 et
809 2685 948 2754 quod
982 2693 1198 2754 propter
1226 2683 1588 2738 similitudinis
1609 2683 1830 2751 ﬁguram
1855 2698 1946 2738 so-

369 2771 480 2828 lum
510 2773 610 2828 hoc
637 2776 884 2844 quidem:
914 2784 966 2829 et
997 2776 1050 2829 in
1080 2776 1197 2829 aliis
1223 2775 1489 2841 similiter,
1521 2788 1694 2844 neque
1723 2775 1945 2846 syllogi-

369 2868 502 2933 smi,
534 2882 710 2934 neque
738 2867 1140 2935 redargutiones
1175 2875 1332 2921 erunt
1354 2907 1368 2931 ,
1403 2880 1576 2936 neque
1609 2866 1938 2935 simpliciter,

369 2973 542 3028 neque
564 2957 628 3012 ad
655 2973 773 3015 eum
800 2959 887 3028 qui
913 2958 1285 3027 interrogatur.
1319 2957 1375 3012 Si
1401 2965 1575 3012 autem
1599 2965 1834 3021 sumant,
1867 2959 1934 3012 ad

368 3067 490 3107 eum
543 3051 633 3121 qui
681 3053 1040 3121 interrogatur
1067 3060 1241 3114 erunt,
1275 3051 1587 3120 simpliciter
1615 3059 1791 3104 autem
1834 3065 1939 3107 non

369 3151 554 3207 erunt;
578 3157 682 3197 non
709 3144 854 3198 enim
883 3157 1042 3196 unum
1074 3142 1427 3211 signiﬁcatqu
1453 3149 1816 3210 sumpserunt,
1844 3142 1938 3197 sed

369 3246 655 3304 apparens,
679 3243 731 3290 et
761 3233 901 3305 apud
932 3233 1081 3287 illum
1105 3234 1341 3302 quidem.

952 3323 1176 3379 CAPUT
1219 3322 1352 3378 VIII.

665 3415 742 3469 De
769 3416 899 3470 veris
929 3425 974 3469 et
1001 3416 1151 3485 {alsia
1172 3415 1635 3488 redargutionibus.

440 3499 665 3577 Propter
692 3522 1022 3578 quaacunque
1061 3518 1240 3563 autem
1281 3508 1606 3577 redarguunt
1639 3509 1728 3580 qui
1761 3509 1940 3566 redar-

369 3598 673 3668 gutiouibus
704 3610 950 3666 utuntur,
980 3615 1085 3654 non
1109 3610 1319 3669 oportet
1346 3609 1554 3655 tentare
1578 3615 1794 3656 sumere
1820 3603 1937 3658 sine

368 3691 600 3746 omnium
633 3707 752 3760 quae
779 3701 904 3747 sunt
924 3693 1166 3747 scientia.
1195 3692 1247 3746 Id
1270 3701 1446 3748 autem
1470 3708 1577 3747 non
1600 3694 1756 3748 unius
1782 3695 1934 3760 artis,

369 3795 490 3835 nam
537 3783 757 3836 inﬁnita:
801 3784 1026 3838 fortasse
1056 3791 1180 3837 sunt
1209 3783 1481 3852 scientiae;
1515 3801 1680 3855 quare
1719 3785 1943 3841 manife-

369 3885 510 3928 stum
559 3876 808 3944 quoniam
855 3884 909 3931 et
956 3876 1485 3944 demonstrationes,
1533 3878 1941 3948 redargutiones

369 3965 582 4034 quidem
630 3975 755 4020 sunt
791 3975 842 4020 et
872 3982 1032 4022 verae.
1079 3967 1208 4022 Nam
1238 3983 1567 4039 quaecunque
1595 3978 1678 4025 est
1707 3972 1938 4024 demon-

367 4067 560 4126 strare,
585 4068 670 4114 est
696 4067 749 4113 et
770 4059 1091 4130 redarguere
1116 4075 1235 4114 eum
1261 4063 1346 4130 qui
1373 4071 1532 4131 ponet
1555 4061 1941 4117 contradictio-

368 4165 487 4206 nem
515 4151 650 4218 veri,
675 4161 730 4204 ut
756 4151 798 4205 si
825 4153 1356 4207 commensurabilem
1385 4154 1710 4208 diametrum
1740 4168 1938 4222 posue-

366 4242 453 4304 rit,
483 4242 765 4310 redarguet
788 4241 905 4312 quis
930 4241 1408 4306 demonstratione,
1436 4243 1578 4312 quod
1604 4243 1939 4297 incommen-

367 4334 640 4398 surabilis;
671 4348 835 4403 quare
864 4337 1100 4389 omnium
1129 4336 1398 4406 oportebit
1426 4351 1545 4391 esse
1573 4339 1742 4391 scium
1774 4355 1785 4391 :
1816 4351 1936 4392 nam

366 4426 485 4480 alia:
515 4425 724 4496 quidem
755 4435 1050 4497 sequuntur
1083 4438 1298 4497 propter
1324 4442 1385 4481 ea
1412 4443 1532 4498 qua:
1563 4429 1615 4481 in
1647 4429 1937 4498 geometria

363 4525 490 4571 sunt
541 4517 818 4586 principia,
849 4527 900 4572 et
931 4532 1113 4572 eorum
1167 4517 1539 4572 conclusiones
1565 4534 1578 4583 ;
1610 4517 1728 4570 alia:
1759 4528 1934 4572 autem

2657 1945 2884 2006 CAPUT
2930 1949 3022 2006 IX.

2055 2036 2324 2093 Orationes
2347 2053 2415 2091 aa
2443 2054 2624 2094 nomen
2650 2049 2700 2095 et
2726 2041 2797 2094 ad
2816 2043 3127 2098 intellectum
3155 2062 3257 2100 non
3285 2047 3406 2102 bene
3427 2049 3620 2104 diduci.

2122 2132 2239 2187 Non
2272 2142 2354 2187 est
2384 2143 2559 2188 autem
2586 2134 2885 2191 differentia
2908 2139 3204 2194 orationum
3229 2157 3386 2210 quam
3399 2143 3621 2212 quidam

2048 2226 2232 2280 dicunt
2255 2241 2395 2291 esse,
2432 2227 2527 2282 has
2559 2226 2776 2297 quidem
2809 2229 2873 2283 ad
2903 2245 3120 2296 nomen,
3151 2231 3269 2287 illas
3297 2247 3425 2288 vero
3447 2233 3511 2287 ad
3536 2233 3620 2287 iu-

2048 2317 2339 2374 tellectum.
2383 2318 2771 2374 lnconveniens
2812 2323 2958 2376 enim
2987 2332 3071 2377 est
3101 2323 3306 2392 Opinari
3339 2324 3473 2378 alias
3503 2325 3621 2393 qui-

2046 2407 2168 2463 dem
2197 2423 2316 2464 esse
2345 2409 2410 2463 ad
2445 2425 2634 2464 nomen
2666 2413 2967 2480 orationes,
2999 2412 3239 2469 diversas
3274 2429 3405 2470 vero
3437 2415 3504 2468 ad
3541 2417 3617 2470 in-

2047 2500 2322 2556 tellectum
2351 2511 2407 2557 et
2441 2519 2545 2557 non
2585 2503 2820 2558 easdem.
2859 2503 2996 2572 Quid
3027 2505 3170 2560 enim
3201 2515 3284 2560 est
3309 2522 3414 2562 non
3443 2506 3510 2561 ad
3542 2508 3621 2561 iu-

2045 2593 2338 2658 tellectum,
2371 2594 2476 2648 nisi
2517 2594 2730 2662 quando
2751 2611 2857 2650 non
2887 2596 3054 2650 utitur
3080 2596 3294 2652 nomine
3325 2599 3439 2669 (qui
3475 2607 3622 2666 putat

2048 2685 2397 2756 interrogare)
2430 2701 2496 2741 eo
2525 2696 2578 2741 et
2606 2687 2672 2742 ad
2702 2688 2844 2757 quod
2873 2687 2917 2742 is
2939 2689 3030 2759 qui
3052 2688 3412 2759 interrogatus
3439 2689 3624 2744 dedit?

2046 2776 2188 2832 Idem
2220 2785 2398 2832 autem
2433 2777 2484 2832 id
2522 2785 2606 2833 est
2643 2788 2698 2834 et
2738 2779 2803 2834 ad
2845 2795 3060 2834 nomen.
3094 2780 3160 2834 Et
3185 2781 3252 2836 ad
3292 2781 3622 2836 intellectum

2046 2880 2250 2936 autem,
2284 2873 2497 2939 quando
2534 2870 2597 2924 ad
2637 2871 2780 2939 quod
2809 2871 2956 2926 dedit
2984 2871 3301 2940 intelligens.
3347 2872 3403 2927 Si
3444 2882 3620 2927 autem

2044 2959 2233 3028 aliquis
2263 2960 2438 3030 (plura
2461 2961 2796 3029 signiﬁcante
2824 2962 3062 3030 nomine)
3088 2977 3250 3016 unum
3280 2969 3430 3031 putet
3457 2963 3622 3032 signi-

2046 3051 2240 3114 ﬁcare,
2272 3061 2326 3105 et
2370 3051 2738 3122 interrogans,
2781 3061 2834 3106 et
2865 3053 3219 3122 interrogatus
3250 3053 3332 3124 (ut
3357 3053 3493 3107 forte
3523 3067 3620 3108 ens

2047 3155 2100 3200 et
2128 3160 2289 3198 unum
2321 3147 2473 3213 plura
2504 3145 2787 3214 signiﬁcat,
2820 3145 2916 3200 sed
2936 3139 3002 3200 et'
3016 3145 3352 3214 respondens
3372 3153 3426 3200 et
3452 3145 3622 3199 inter-

1969 3223 2014 3285 C
2045 3250 2240 3304 rogans
2267 3235 2412 3289 Zeno
2443 3251 2604 3290 unum
2645 3244 2838 3305 putans
2880 3249 3003 3291 esse
3046 3235 3411 3305 interrogavit,
3452 3242 3506 3290 et
3533 3244 3620 3290 est

2042 3328 2214 3386 oratio
2243 3327 2383 3394 quod
2423 3343 2618 3394 unum,
2665 3327 2889 3397 omnia),
2921 3327 3036 3382 haec
3064 3326 3128 3382 ad
3164 3341 3358 3381 nomen
3387 3335 3488 3393 est,
3523 3337 3616 3381 aut

2047 3421 2112 3474 ad
2137 3420 2469 3475 intellectum
2492 3421 2872 3491 interrogantis
2890 3421 3180 3490 disputata.
3199 3420 3256 3476 Si
3274 3435 3404 3475 vero
3424 3420 3620 3490 aliquis

2044 3511 2209 3566 multa
2237 3520 2387 3582 putet
2421 3511 2756 3582 signiﬁcare,
2789 3512 3132 3568 manifestum
3160 3511 3303 3582 quod
3330 3511 3504 3566 oratio
3527 3511 3618 3565 illa

2042 3617 2148 3656 non
2179 3612 2260 3657 est
2290 3603 2356 3658 ad
2402 3604 2752 3659 intellectum.
2803 3604 3038 3659 Primum
3069 3604 3232 3674 igitur
3265 3604 3406 3659 circa
3439 3603 3620 3673 hujus-

2043 3695 2188 3749 modi
2229 3697 2531 3761 orationes,
2577 3706 2660 3752 est
2699 3695 2764 3751 ad
2795 3711 3022 3763 nomen,
3061 3708 3118 3750 et
3157 3694 3224 3749 ad
3253 3695 3617 3761 intellectum,

2040 3799 2368 3855 quaecunque
2399 3786 2550 3856 plura
2578 3785 2912 3855 signiﬁcant:
2935 3784 3131 3839 deinde
3151 3785 3292 3839 circa
3318 3784 3615 3854 quamlibet

2044 3883 2146 3939 est,
2180 3888 2283 3927 non
2314 3875 2366 3928 in
2397 3875 2641 3929 oratione
2681 3882 2762 3927 est
2802 3875 2869 3926 ad
2906 3873 3237 3927 intellectum
3266 3887 3409 3940 esse,
3441 3874 3533 3929 sed
3568 3874 3620 3931 in

2044 3980 2109 4020 eo
2130 3965 2272 4032 quod
2301 3964 2632 4033 respondens
2653 3978 2711 4017 se
2735 3963 2896 4017 habet
2916 3964 3096 4032 aliquo
3123 3963 3280 4018 modo
3311 3964 3378 4017 ad
3405 3980 3466 4019 ea
3498 3980 3617 4033 quas

2044 4057 2271 4120 dantur;
2305 4055 2497 4110 deinde
2525 4056 2590 4109 ad
2624 4069 2817 4109 nomen
2851 4054 3114 4123 contingit
3142 4068 3330 4108 omnes
3353 4070 3445 4110 eas
3475 4071 3618 4122 esse,

2044 4161 2167 4200 nam
2197 4160 2314 4200 esse
2345 4146 2408 4199 ad
2442 4159 2668 4211 nomen,
2722 4145 2821 4198 hoc
2869 4144 2922 4197 in
2965 4144 3114 4212 loco,
3143 4152 3227 4198 est
3254 4159 3376 4200 esse
3412 4160 3516 4199 non
3548 4146 3615 4200 ad

2045 4237 2368 4290 intellectum
2397 4251 2583 4300 suum;
2616 4237 2660 4290 si
2698 4235 2839 4290 cnim
2881 4249 2984 4290 non
3020 4250 3205 4290 onmes
3229 4276 3245 4302 ,
3287 4245 3442 4290 erunt
3470 4251 3619 4306 qua:-

2043 4328 2164 4380 dam
2188 4327 2306 4382 alia:
2331 4343 2448 4397 qua:
2474 4341 2646 4397 neque
2663 4327 2728 4382 ad
2751 4342 2944 4382 nomen
2969 4341 3142 4398 neque
3163 4328 3229 4383 ad
3259 4327 3613 4393 intellectum,

2046 4417 2271 4473 illi‘vero
2300 4418 2486 4473 dicunt
2513 4433 2722 4484 omnes,
2748 4429 2801 4473 et
2823 4418 3065 4474 dividunt
3086 4420 3168 4474 vel
3197 4418 3266 4474 ad
3291 4433 3504 4484 nomen,
3533 4419 3617 4474 vel

2042 4511 2109 4564 ad
2138 4511 2464 4565 intellectum
2488 4525 2606 4564 esse
2627 4526 2832 4575 omnes,
2861 4511 2993 4564 alias
3018 4520 3194 4566 autem
3214 4524 3342 4566 non.
3368 4513 3619 4569 Attamen

364 4617 583 4678 propter
608 4623 669 4663 ea
697 4624 814 4678 qua:
844 4619 970 4664 sunt
997 4611 1050 4664 in
1079 4609 1372 4674 medicina;
1403 4608 1523 4662 aliae
1552 4608 1783 4678 denique
1815 4624 1936 4678 pro-
1971 4589 2019 4648 1)
2043 4603 2343 4673 quicunque
2369 4613 2491 4655 sunt
2529 4601 2821 4672 syllogismi
2854 4612 3070 4671 propter
3104 4603 3157 4657 id
3187 4602 3330 4673 quod
3358 4603 3618 4673 multipli-

363 4709 481 4768 pter
503 4699 588 4753 illa
619 4714 736 4768 quae
765 4710 887 4753 sunt
916 4700 1141 4754 aliarum
1167 4698 1589 4768 disciplinarum.
1623 4699 1726 4754 Sed
1759 4708 1811 4753 et
1838 4699 1937 4755 fal-

359 4806 433 4845 sae
456 4791 858 4862 redargutiones
880 4791 1129 4846 similiter
1155 4791 1375 4845 inﬁnitae
1398 4801 1575 4846 erunt.
1599 4791 1731 4845 Nam
1751 4805 1939 4846 secun-

359 4883 482 4936 dum
517 4898 939 4953 unamquamque
968 4893 1136 4939 artem
1172 4893 1254 4938 est
1281 4883 1448 4937 falsus
1478 4884 1842 4954 syllogismus,
1875 4894 1936 4939 ut

358 4975 654 5028 secundum
705 4975 1049 5044 geometriam
1090 4974 1487 5045 geometricas,
1532 4984 1587 5030 et
1638 4974 1934 5030 secundum

356 5065 674 5119 medicinam
717 5066 1069 5120 medicinalis.
1114 5068 1242 5121 Dico
1279 5076 1456 5122 autem
1498 5068 1792 5122 secundum
1848 5083 1934 5123 ar-

356 5166 482 5221 tem,
510 5156 802 5211 secundum
831 5159 972 5211 illius
994 5157 1273 5226 principia.
1306 5157 1640 5212 Manifestum
1665 5168 1747 5212 est
1768 5159 1933 5228 igitur

353 5249 493 5318 quod
531 5263 633 5301 non
673 5249 909 5302 omnium
941 5249 1411 5318 redargutionum,
1452 5250 1545 5303 sed
1584 5265 1770 5304 earum
1813 5266 1932 5319 qua)

352 5349 480 5392 sunt
508 5341 800 5394 secundum
831 5340 1184 5405 dialecticam,
1215 5342 1460 5396 sumendi
1491 5352 1614 5395 sunt
1647 5341 1767 5396 loci.
1798 5341 1932 5396 Nam

353 5433 386 5486 ii
419 5447 730 5489 communes
758 5443 881 5487 sunt
907 5434 972 5486 ad
1002 5449 1218 5488 omnem
1247 5444 1415 5488 artem
1448 5443 1502 5489 et
1536 5434 1847 5504 potentiam,
1876 5445 1931 5489 et

351 5537 470 5577 eam
499 5520 709 5590 quidem
741 5539 858 5592 qua:
882 5533 963 5577 est
994 5525 1290 5579 secundum
1319 5540 1744 5595 unamquamque
1769 5525 1934 5580 disci-

352 5617 574 5684 plinam,
619 5614 1049 5685 redargutionem
1083 5618 1300 5671 scientis
1335 5627 1418 5672 est
1444 5617 1786 5672 considerare
1816 5619 1935 5673 sive

348 5724 467 5762 cmn
503 5724 605 5761 non
637 5718 719 5763 est
740 5749 753 5773 ,
785 5720 1037 5778 apparet,
1078 5711 1190 5764 sive
1224 5727 1344 5765 cum
1371 5721 1488 5777 est,
1530 5721 1582 5766 et
1613 5724 1777 5780 quare
1807 5719 1932 5774 est;

347 5813 464 5863 eam
497 5811 672 5858 autem
704 5818 825 5868 qua:
869 5818 935 5862 ex
984 5805 1356 5862 communibus
1386 5814 1488 5868 est,
1534 5814 1588 5862 et
1633 5803 1733 5861 sub
1788 5804 1933 5864 nulla

1933 5895 1982 5921 ω

2047 4696 2198 4757 citer,
2235 4694 2424 4748 horum
2456 4694 2618 4762 aliqui
2646 4701 2769 4747 sunt
2794 4694 3089 4747 secundum
3117 4708 3332 4749 nomen.
3366 4695 3495 4748 Nam
3523 4694 3619 4748 ab-

2045 4788 2204 4842 surde
2222 4787 2428 4842 dicatur
2456 4786 2750 4841 secundum
2783 4801 2976 4842 nomen
3007 4803 3125 4843 esse
3165 4802 3351 4843 omnes
3377 4789 3466 4858 qui
3495 4797 3620 4843 sunt

2046 4888 2265 4953 propter
2291 4879 2614 4945 dictionem;
2648 4880 2742 4935 sed
2775 4889 2899 4937 sunt
2935 4882 3180 4950 quaedam
3213 4882 3485 4951 captiones
3513 4897 3619 4938 non

2046 4975 2098 5026 in
2122 4986 2190 5027 eo
2215 4972 2356 5042 quod
2377 4971 2708 5041 respondens
2737 4972 2801 5026 ad
2824 4986 2914 5027 eas
2943 4986 3002 5026 se
3025 4971 3215 5027 habeat
3233 4972 3411 5041 aliquo
3431 4969 3616 5032 modo,
3667 4989 3672 4994 -

2044 5065 2140 5121 sed
2183 5068 2307 5138 quia
2345 5067 2503 5122 talem
2545 5066 3015 5137 interrogationem
3065 5067 3236 5122 oratio
3274 5067 3387 5136 ipsa
3429 5065 3619 5118 habeat

2042 5174 2162 5228 qua:
2186 5159 2334 5229 plura
2360 5159 2644 5230 signiﬁcet.
2679 5160 2745 5214 Et
2774 5157 2992 5213 omnino
3029 5158 3411 5214 inconveniens
3437 5166 3520 5212 est
3552 5157 3618 5211 de

2043 5249 2417 5320 redargutione
2446 5251 2713 5305 disserere
2733 5293 2746 5315 ,
2778 5260 2833 5305 et
2864 5265 2967 5304 non
2999 5251 3144 5320 prius
3171 5250 3240 5305 de
3267 5249 3612 5320 syllogismo:

2043 5355 2164 5394 nam
2207 5340 2509 5409 redargutio
2558 5340 2898 5411 syllogismus
2942 5349 3056 5406 est;
3097 5355 3260 5410 quare
3305 5350 3514 5411 Oportet
3564 5347 3619 5394 et

2039 5415 2111 5486 de!
2159 5432 2469 5502 syllogismo
2526 5433 2674 5502 prius
2730 5447 2889 5502 quam
2937 5433 3005 5488 de
3038 5432 3166 5487 falsa
3205 5431 3618 5504 redargutione,

2041 5538 2162 5576 nam
2205 5521 2323 5576 talis
2355 5521 2659 5592 redargutio
2685 5536 2946 5590 apparens
2971 5523 3313 5594 syllogismus
3341 5523 3613 5578 contradi-

2038 5613 2251 5668 ctionis.
2288 5613 2464 5678 Quare
2503 5622 2593 5666 aut
2629 5614 2680 5666 in
2719 5613 3034 5684 syllogismo
3074 5617 3181 5670 erit
3211 5631 3400 5682 causa,
3439 5626 3529 5669 aut
3561 5617 3612 5671 in

2037 5705 2465 5761 contradictione
2495 5706 2640 5775 (nam
2669 5706 2960 5776 adjnngere
2983 5718 3194 5776 oportet
3229 5711 3614 5765 contradictio-

2039 5799 2209 5869 nem),
2242 5798 2558 5870 quandoque
2585 5806 2762 5854 autem
2791 5797 2842 5852 in
2870 5804 3094 5870 utroque
3121 5798 3225 5856 erit
3248 5816 3510 5871 apparens
3534 5817 3619 5860 reo
