4248 6272
610 364 753 428 1019

1858 379 1966 437 AN.
1995 380 2204 438 MANL.
2247 381 2399 443 εεν.
2441 386 2660 447 BOETH

3741 407 3880 467 1020

604 487 888 560 dargutio;
918 496 1002 544 est
1038 499 1217 545 autem
1248 489 1317 546 de
1344 503 1409 575 eo
1441 490 1584 561 quod
1622 499 1707 548 est
1736 480 1950 549 silentia
1978 496 2185 563 dicere,
2215 497 2274 562 Δ
2296 513 2414 569 qua:
2444 504 2544 558 sub
2585 516 2700 562 arte
2732 522 2888 578 sunt,
2943 516 3195 583 captiosae
3245 527 3370 574 sunt
3418 519 3879 596 ratiocinationes)

605 582 658 636 in
687 582 1131 647 contradiCIione,
1156 600 1261 647 non
1284 572 1619 655 syllogismo.
1648 587 1725 641 De
1752 602 1817 642 eo
1838 597 2015 643 autem
2046 590 2190 658 quod

605 682 688 727 est
724 672 866 742 quod
898 689 1001 727 non
1034 674 1195 729 habet
1225 674 1417 744 aliquis
1446 676 1595 743 dare,
1627 676 1681 732 in
1711 679 1983 747 utrisque;
2029 680 2097 734 de
2123 696 2189 736 eo

606 780 737 818 vero
765 765 906 834 quod
928 776 1012 821 est
1032 766 1174 837 quod
1198 766 1414 823 Homeri
1440 784 1626 838 poema
1656 778 1741 825 est
1771 772 1936 839 ligura
1962 786 2057 841 per
2079 774 2189 827 cir-

600 855 777 911 culum
808 857 858 910 in
889 857 1200 928 syllogismo
1226 875 1240 925 ;
1267 874 1385 928 quas
1406 869 1584 914 autem
1607 860 1659 914 in
1683 870 1875 919 neutro
1898 872 1999 929 est,
2027 878 2187 918 verus

599 958 682 1011 est
708 948 1071 1019 syllogismus.
1104 950 1301 1005 Verum
1334 951 1475 1006 unde
1516 966 1698 1006 sermo
1730 953 1976 1022 provenit
2003 969 2188 1010 rever-

599 1049 794 1101 tamur.
839 1041 1027 1095 Utrum
1070 1057 1188 1111 quin
1228 1046 1277 1097 in
1320 1042 1617 1110 disciplinis
1657 1055 1782 1099 sunt
1811 1047 2079 1101 orationes
2114 1049 2183 1102 ad

598 1130 928 1189 intellectum
961 1134 1105 1196 sint,
1134 1148 1201 1186 an
1231 1134 1378 1193 non?
1410 1135 1473 1188 Et
1504 1138 1547 1188 si
1578 1135 1662 1190 cui
1692 1136 1903 1190 videtur
1930 1138 2079 1205 plura
2108 1138 2184 1191 si-

595 1222 851 1289 gniﬁcare
880 1224 1196 1292 triangulus,
1227 1234 1279 1279 et
1305 1224 1451 1287 dedit
1482 1241 1585 1281 non
1624 1238 1680 1280 ut
1708 1242 1824 1281 eam
1855 1228 2075 1296 ﬁguram
2113 1230 2181 1285 de

596 1327 700 1383 qua
730 1315 1082 1370 concludebat
1114 1318 1363 1384 quoniam
1404 1317 1512 1373 duo
1537 1318 1692 1385 recti,
1732 1328 1907 1374 utrum
1931 1319 1996 1373 ad
2022 1321 2181 1375 intel-

596 1406 791 1463 lectum
837 1408 977 1462 illius
1022 1408 1310 1477 disputavit
1367 1409 1474 1478 hic,
1516 1426 1584 1464 an
1637 1416 1785 1465 non“!
1839 1413 2105 1481 Amplius,
2137 1414 2181 1467 si

595 1497 745 1565 plura
776 1497 991 1567 quidem
1021 1498 1286 1568 signiticat
1318 1515 1535 1566 nomen,
1568 1503 1655 1557 ille
1680 1515 1859 1558 autem
1892 1520 1996 1560 non
2022 1505 2179 1565 intel-

593 1586 728 1655 ligit,
758 1603 935 1657 neque
967 1599 1115 1657 putat
1158 1592 1428 1660 quomodo
1474 1591 1522 1647 is
1571 1596 1676 1648 non
1724 1594 1792 1651 ad
1845 1594 2178 1657 intellectum

593 1679 862 1753 disputat,
890 1691 985 1741 aut
1008 1681 1277 1750 quomodo
1301 1692 1514 1751 oportet
1544 1685 1876 1751 interrogare
1904 1703 2050 1754 eum,
2082 1689 2177 1757 qui

597 1786 701 1824 non
753 1772 844 1825 dat
887 1771 1246 1833 divisionem?
1284 1776 1399 1833 sive
1436 1776 1733 1843 interroget
1773 1777 1969 1842 aliquis
2010 1778 2054 1831 si
2095 1786 2179 1832 est

2299 608 2469 662 neque
2516 597 2560 649 si
2612 598 2785 669 aliqua
2818 612 2899 656 est
2939 604 3366 676 pseudographia
3398 611 3539 667 circa
3571 627 3787 680 verum,
3819 628 3879 671 ut

2297 681 2634 754 Hippocratis
2689 692 3012 758 quadratum
3070 712 3187 766 quae
3238 714 3332 767 per
3376 700 3621 769 lunulas;
3675 706 3766 761 sed
3820 718 3879 762 nt

2296 774 2490 848 Brysso
2519 772 2797 850 quadravit
2838 787 3126 855 circulum,
3161 800 3214 845 et
3265 795 3477 850 tametsi
3526 797 3881 867 quadraretur

2295 868 2543 936 circulus,
2577 876 2696 941 quia
2725 885 2896 930 tamen
2929 894 3033 932 non
3062 883 3353 937 secundum
3386 901 3520 951 rem,
3552 888 3673 943 ideo
3695 894 3878 960 Soplzi~

2291 961 2490 1026 sticus;
2523 978 2686 1032 quare
2712 978 2765 1020 et
2804 970 2893 1038 qui
2925 971 2992 1025 de
3026 972 3106 1026 liis
3148 976 3363 1043 quidem
3407 993 3674 1047 apparens
3704 984 3876 1054 syllo-

2291 1055 2524 1122 gismus,
2573 1062 2901 1115 contentiosa
2951 1076 3034 1119 est
3079 1069 3249 1122 oratio
3288 1088 3299 1122 :
3332 1087 3453 1125 nam
3494 1088 3758 1142 apparens
3795 1088 3879 1130 est

2292 1147 2582 1202 secundum
2626 1165 2769 1218 rem,
2799 1170 2964 1223 quare
2996 1156 3149 1213 fallax
3181 1169 3233 1213 et
3264 1162 3477 1232 injusta.
3506 1165 3878 1230 Quemadmo-

2291 1237 2417 1292 dum
2465 1240 2607 1295 enim
2640 1257 2698 1294 ea
2727 1243 2869 1312 (qua:
2912 1246 2962 1300 in
2992 1251 3284 1303 certamine
3325 1252 3427 1323 est)
3459 1254 3649 1321 injuria
3679 1273 3880 1325 quam-

2290 1329 2414 1383 dam
2446 1331 2682 1401 speciem
2714 1332 2872 1388 habet
2919 1344 2974 1389 et
3020 1346 3102 1391 est
3143 1340 3382 1407 qumdam
3415 1342 3607 1411 injusta
3659 1361 3835 1414 pugna
3858 1387 3875 1410 ,

2290 1424 2370 1477 sic
2420 1424 2472 1477 in
2503 1426 2924 1482 contradictione
2962 1428 3154 1497 injusta
3184 1446 3354 1501 pugna
3388 1437 3721 1489 contentiosa
3751 1446 3873 1501 est,
3930 1420 3937 1423 Δ

2289 1530 2412 1569 nam
2442 1526 2495 1570 et
2522 1518 2631 1570 illic
2672 1519 2761 1587 qui
2788 1520 3009 1574 omnino
3039 1522 3252 1577 vincere
3279 1525 3491 1588 volunt,
3526 1528 3701 1581 omnia
3747 1538 3868 1583 ten-

2290 1616 2437 1673 tant,
2468 1616 2524 1663 et
2548 1608 2636 1663 hic
2666 1611 2755 1679 qui
2788 1613 3111 1667 contentiosi
3142 1624 3283 1669 sunt.
3319 1615 3416 1682 Qui
3449 1616 3606 1686 igitur
3634 1620 3870 1677 victoria:

2287 1696 2456 1763 ipsius
2485 1699 2651 1767 gratia
2693 1700 2828 1754 tales
2876 1712 3033 1767 sunt,
3064 1704 3380 1759 contentiosi
3430 1705 3675 1765 homines
3713 1718 3767 1763 et
3802 1709 3869 1764 li-

2287 1790 2416 1844 tium
2440 1802 2710 1846 amatores
2732 1794 2977 1849 videntur
3002 1810 3122 1851 esse
3141 1835 3154 1859 ,
3182 1798 3270 1865 qui
3295 1806 3472 1853 autem
3495 1798 3680 1866 gloriae
3698 1805 3869 1870 grata

591 1861 802 1914 silentia
832 1861 1012 1915 dicere
1041 1878 1108 1915 an
1137 1864 1279 1916 non?
1309 1855 1375 1917 an
1404 1873 1485 1918 est
1516 1865 1730 1935 quidem
1760 1876 1817 1920 ut
1843 1882 1970 1933 non,
2003 1883 2069 1921 an
2090 1883 2150 1929 es

2249 1875 2401 1952 iquae
2445 1884 2497 1941 in
2541 1884 2738 1941 divitiis
2769 1895 2881 1952 est,
2912 1886 3191 1950 sopltistici
3233 1898 3383 1952 sunt;
3424 1904 3545 1945 nam
3578 1890 3868 1959 sophistica

590 1961 648 2004 ut
691 1952 802 2004 s‘c?
834 1952 890 2007 Si
922 1964 1099 2007 autem
1131 1955 1222 2008 dat
1251 1956 1444 2024 aliquis
1472 1956 1622 2013 nullo
1650 1958 1832 2026 modo,
1869 1959 1959 2012 ille
1989 1968 2169 2013 autem

590 2041 847 2110 disputat,
871 2053 1049 2099 utrum
1083 2060 1185 2105 non
1216 2045 1282 2100 ad
1312 2046 1640 2103 intellectum
1681 2049 1944 2117 disputat,
1982 2064 2172 2118 quam-

590 2134 669 2184 vis
694 2135 875 2217 oratip
901 2136 1140 2190 videatur
1168 2151 1352 2195 earum
1382 2152 1502 2197 esse
1529 2153 1647 2208 qua:
1694 2138 1761 2193 ad
1800 2155 1996 2194 nomen
2023 2150 2167 2195 sunt.

588 2221 703 2275 Non
738 2223 897 2291 igitur
926 2236 1005 2287 est
1051 2239 1223 2293 genus
1263 2226 1476 2295 aliquod
1533 2227 1835 2283 orationum
1859 2230 1923 2283 ad
1956 2229 2169 2284 intelle-

587 2323 753 2377 ctum.
783 2315 875 2369 sed
911 2314 1019 2368 illa:
1040 2315 1256 2387 quidem
1289 2317 1354 2370 ad
1390 2331 1585 2377 nomen
1616 2328 1766 2385 sunt,
1790 2326 1843 2372 et
1862 2319 2168 2387 ltujusmodi

587 2419 690 2461 non
722 2420 910 2461 omnes
931 2444 946 2469 ,
977 2421 1082 2461 non
1112 2405 1254 2477 quod
1286 2406 1715 2476 redargutiones,
1748 2409 1843 2464 sed
1874 2424 2048 2478 neque
2076 2426 2171 2479 ap-

586 2506 830 2563 parentes
877 2496 1284 2565 redargutiones
1313 2515 1327 2555 ;
1357 2513 1481 2553 nam
1530 2508 1656 2555 sunt
1698 2509 1751 2553 et
1791 2515 1897 2554 non
1948 2508 2169 2570 propter

585 2584 873 2639 dictionem
916 2597 1237 2655 apparentes
1265 2587 1694 2658 redargutiones,
1720 2600 1775 2643 ut
1804 2606 1922 2657 qua!
1949 2600 2170 2661 propter

584 2676 852 2739 accidens,
883 2687 937 2737 et
963 2678 1203 2748 reliquae.
1232 2678 1289 2735 Si
1315 2690 1493 2741 autem
1532 2681 1767 2750 postulet
1794 2681 2162 2749 dividendum,

584 2767 725 2837 quod
749 2767 802 2823 di
835 2782 868 2822 ο
888 2768 1105 2838 quidem
1136 2768 1348 2829 silentia
1373 2770 1577 2838 dicere,
1608 2777 1724 2828 haec
1745 2784 1921 2827 autem
1947 2773 2046 2840 sic,
2077 2774 2165 2830 illa

584 2879 712 2919 vero
737 2880 842 2922 non
874 2865 972 2933 sic,
1007 2865 1057 2921 id
1090 2866 1330 2937 profecto
1370 2868 1624 2935 primum,
1653 2867 1941 2923 absurdum
1985 2876 2167 2936 postu-

582 2954 693 3010 lare
740 2974 751 3008 :
797 2972 919 3017 nam
977 2957 1299 3026 quandoque
1352 2972 1459 3013 non
1518 2956 1729 3012 videtur
1782 2959 2166 3026 interrogatum

584 3046 949 3115 multipliciter
988 3062 1046 3102 se
1076 3048 1307 3114 habere,
1352 3050 1497 3118 atqui
1542 3048 1875 3119 impossibile
1912 3060 1993 3103 est
2034 3049 2169 3102 divi-

584 3142 729 3208 tlere,
760 3142 847 3212 qui
880 3158 986 3203 nou
1019 3153 1189 3213 putat.
1222 3143 1421 3198 Deinde
1443 3143 1660 3209 docere,
1696 3142 1822 3211 quid
1852 3142 1995 3198 aliud
2017 3143 2163 3197 erit?

580 3232 921 3291 manifestum
951 3238 1092 3288 enim
1126 3231 1289 3291 faciet
1316 3248 1550 3303 quonam
1590 3241 1747 3305 pacto
1777 3246 1835 3286 se
1884 3232 2043 3288 habet
2063 3266 2085 3299 ν’
2111 3231 2160 3286 εί
2191 3236 2238 3303 C
2271 3265 2363 3303 ex.
2386 3253 2665 3322 principiis

584 3325 672 3391 qui
722 3339 897 3393 neque
936 3325 1266 3385 considerat.
1300 3339 1473 3394 neque
1518 3324 1637 3390 scit,
1693 3337 1867 3392 neque
1916 3324 2168 3390 Opinatur

582 3414 723 3480 quod
772 3414 930 3467 aliter
951 3414 1169 3482 dicitur,
1200 3415 1322 3483 quia
1364 3423 1418 3468 et
1464 3414 1516 3469 in
1565 3428 1671 3468 non
1712 3412 2013 3483 duplicibus
2039 3414 2165 3482 quid

581 3501 829 3570 prohibet
856 3501 959 3559 hoc
989 3502 1165 3559 facere
1196 3521 1208 3556 :
1234 3512 1291 3557 ut
1326 3514 1478 3571 putas
1508 3503 1744 3571 mquales
1784 3512 1909 3555 sunt
1936 3501 2167 3557 unitates

582 3592 830 3657 binariis,
861 3594 912 3647 in
941 3595 1344 3663 quaternariis?
1376 3595 1511 3649 Sunt
1540 3602 1715 3647 autem
1739 3593 1794 3647 bi
1824 3593 2016 3647 binarii
2048 3595 2168 3662 qui-

581 3684 703 3737 dem
737 3683 1104 3749 inexistentes,
1136 3682 1211 3739 illi
1243 3696 1421 3747 autem
1464 3698 1567 3737 non
1599 3684 1709 3747 sic;
1744 3694 1798 3737 et
1829 3692 1982 3752 putas
2022 3699 2167 3738 eon-

580 3773 868 3829 trariorum
909 3789 1009 3828 una
1059 3783 1143 3830 est
1187 3773 1468 3841 disciplina
1518 3789 1585 3829 an
1629 3774 1770 3829 non?
1802 3773 1941 3829 Sunt
1987 3783 2165 3829 autem

578 3866 844 3925 contraria
879 3869 990 3921 haec
1018 3866 1236 3936 quidem
1265 3876 1411 3931 nota,
1437 3866 1527 3920 illa
1556 3876 1733 3919 autem
1763 3866 1940 3935 ign0ta
1961 3882 1974 3931 ;
1999 3882 2167 3936 quare

578 3956 788 4011 videtur
809 3958 1056 4026 ignorare
1083 3957 1173 4026 qui
1202 3958 1303 4010 hoc
1330 3956 1579 4024 postulat,
1614 3956 1753 4025 quod
1786 3956 1931 4009 aliud
1955 3966 2038 4011 est
2068 3957 2164 4009 do-

576 4061 699 4100 cere
722 4062 881 4114 quam
915 4047 1211 4116 disputare,
1245 4056 1299 4101 et
1324 4046 1465 4116 quod
1491 4056 1708 4115 oportet
1728 4042 1941 4116 quidem
1966 4046 2168 4101 docen-

580 4147 683 4190 tem
709 4152 811 4197 non
831 4137 1185 4207 interrogare,
1210 4138 1305 4194 sed
1328 4153 1448 4193 eum
1477 4138 1757 4194 manifesta
1778 4140 1975 4204 facere,
2010 4138 2163 4194 illurn

580 4243 754 4286 autem
790 4232 1142 4302 interrogare.

1206 4343 1433 4399 CAPUT
1473 4344 1537 4399 X.

579 4455 655 4509 De
701 4457 1099 4527 interrogatione
1137 4456 1421 4521 tentativw,
1473 4466 1519 4509 et
1558 4457 1680 4524 quid
1719 4457 1848 4509 inter
1886 4466 2167 4510 contemto-

758 4534 769 4544 '
944 4543 1057 4581 eum
1086 4528 1515 4596 sapitisticumque
1557 4528 1774 4581 intersit.

2278 1984 2361 2028 est
2391 1974 2480 2045 (ut
2512 1976 2778 2046 diximus)
2804 1978 3151 2046 pecuniarum
3183 1978 3427 2047 quaedam
3454 1982 3766 2050 aucupativa
3796 1982 3865 2039 ab

2278 2075 2570 2133 apparente
2616 2066 2914 2137 sapientia,
2971 2079 3298 2138 quapropter
3348 2069 3865 2131 demonstrationem

2278 2163 2622 2222 apparentem
2655 2167 2933 2225 appetunt.
2969 2158 3031 2212 Et
3063 2159 3113 2212 in
3141 2159 3344 2214 eisdem
3378 2162 3708 2216 orationibus
3739 2163 3861 2232 qui-

2277 2245 2401 2311 dem
2450 2256 2575 2301 sunt
2606 2246 2776 2302 litium
2833 2258 3102 2307 amatores
3156 2260 3212 2305 et
3264 2252 3557 2322 SOpbistte,
3607 2254 3698 2310 sed
3755 2272 3861 2311 non

2278 2345 2498 2404 propter
2523 2338 2748 2405 eadem;
2781 2348 2834 2394 et
2863 2341 3034 2394 oratio
3065 2342 3281 2411 quidem
3324 2343 3509 2400 eadem
3541 2345 3641 2400 erit
3668 2347 3859 2415 sapiti-

2278 2428 2409 2495 stica
2441 2439 2495 2482 et
2520 2431 2854 2484 contentiosa
2872 2470 2887 2494 ,
2915 2432 3007 2487 sed
3038 2448 3142 2486 non
3171 2444 3389 2503 propter
3414 2434 3586 2499 idem,
3612 2436 3703 2489 sed
3724 2452 3857 2506 qua-

2278 2527 2432 2571 tenus
2459 2518 2674 2587 quidem
2709 2529 2790 2574 est
2816 2519 2888 2573 ob
2916 2522 3195 2576 victoriam
3224 2535 3566 2593 apparentem
3590 2566 3606 2591 ,
3635 2536 3860 2583 conten-

2276 2611 2450 2676 tiosa;
2479 2623 2743 2679 quatenus
2771 2629 2897 2668 vero
2920 2626 3029 2699 ἐει
3072 2616 3141 2671 ob
3184 2620 3501 2709 sapientiam
3534 2620 3856 2689 supbistica,

2277 2716 2401 2757 nam
2431 2703 2723 2772 sophistice
2753 2714 2835 2761 est
2863 2707 3106 2775 quaedam
3137 2703 3402 2777 apparens
3430 2711 3689 2779 sapientia
3711 2753 3725 2777 ,
3749 2728 3855 2767 non

2276 2805 2457 2849 autem
2508 2796 2765 2852 existens.
2800 2795 3144 2854 Contentiosa
3179 2815 3307 2856 vero
3354 2811 3439 2856 est
3466 2805 3856 2872 quodammodo

2276 2889 2355 2941 sic
2386 2903 2443 2942 se
2490 2888 2691 2943 habens
2735 2890 2801 2947 ad
2847 2891 3179 2948 dialecticam
3202 2934 3218 2960 ,
3250 2906 3304 2951 ut
3335 2898 3741 2968 pseudographa
3785 2903 3853 2956 ad

2274 2980 2698 3049 geometricam:
2740 2998 2860 3038 nam
2906 3000 2969 3039 ex
3012 2986 3212 3040 eisdem
3264 2991 3635 3057 contentiosa,
3688 2993 3855 3050 disse-
3924 2984 3927 2991 ’

2278 3072 2427 3127 rendi
2479 3073 2656 3137 modo,
2703 3078 2937 3145 captiose
2968 3078 3192 3148 decipit,
3242 3091 3303 3138 ut
3341 3093 3397 3138 et
3446 3086 3852 3157 pseudographa

2276 3166 2624 3229 gemnetrice.
2656 3164 2761 3221 Sed
2788 3165 2903 3222 lure
2943 3169 3156 3235 quidem
3194 3186 3301 3226 non
3332 3177 3701 3243 contentiosa,
3734 3178 3855 3247 quia

2709 3266 2762 3310 et
2811 3258 3249 3318 conclusionibus
3289 3278 3408 3333 qua:
3447 3276 3572 3321 sunt
3614 3269 3714 3325 sub
3738 3278 3855 3325 arte

2183 3400 2195 3417 ν
2274 3343 2753 3412 ρςευάοετιιριιῑίιῐη
2802 3348 2958 3415 facit;
3004 3366 3124 3420 qua:
3170 3363 3345 3409 autem
3387 3372 3451 3411 ex
3492 3359 3557 3412 iis
3605 3368 3687 3414 est
3734 3376 3854 3430 quae

2274 3442 2401 3486 sunt
2429 3438 2527 3487 sub
2576 3435 2847 3492 dialectica
2867 3479 2881 3503 ,
2913 3442 3056 3495 circa
3087 3444 3188 3498 alia
3216 3446 3429 3516 quidem
3459 3451 3851 3507 contentiosam

2273 3539 2425 3590 esse,
2466 3527 2804 3584 manifestum
2836 3542 2962 3587 est:
3016 3546 3073 3595 ut
3118 3538 3441 3605 quadratura
3487 3541 3703 3609 quidem
3732 3553 3854 3613 tnta:

2275 3631 2371 3684 per
2400 3618 2605 3675 lunulas
2624 3660 2640 3687 ,
2670 3637 2774 3677 non
2816 3628 3145 3684 contentiosa
3169 3670 3185 3693 ,
3220 3630 3499 3702 Bryssonis
3524 3642 3702 3690 autem
3727 3651 3855 3692 con-

2275 3712 2520 3767 tentiosa.
2557 3713 2623 3768 Et
2660 3715 2806 3772 illam
2837 3719 3050 3788 quidem
3082 3737 3187 3778 non
3217 3733 3301 3780 est
3331 3725 3626 3783 transferre
3654 3728 3754 3783 nisi
3784 3728 3855 3784 ad

2272 3808 2651 3874 geometriam,
2687 3810 2860 3867 solum
2890 3828 2956 3867 eo
3000 3816 3155 3882 quod
3186 3833 3251 3872 ex
3301 3820 3530 3888 propriis
3561 3821 3617 3876 [it
3660 3823 3853 3890 ι)τίηεὶ-

2274 3897 2406 3964 piis;
2443 3898 2577 3953 hanc
2603 3910 2780 3955 autem
2806 3903 2873 3957 ad
2914 3904 3094 3973 plures
3123 3908 3429 3978 quicunque
3459 3911 3703 3966 nesciunt
3727 3912 3853 3981 quid

2272 3996 2355 4041 est
2387 3988 2637 4054 possibile
2694 3992 2745 4045 in
2804 4008 3149 4064 unoquoque,
3200 4006 3255 4051 et
3304 3999 3435 4067 quid
3491 4001 3852 4069 impossibile,

2274 4096 2397 4134 nam
2442 4084 2962 4149 accommodabitur,
3008 4096 3186 4143 autut
3230 4090 3499 4160 Antiphon
3545 4093 3852 4159 quadravit,

2272 4174 2355 4226 vel
2388 4175 2432 4227 si
2458 4179 2576 4241 quis
2607 4194 2710 4231 non
2739 4179 2878 4234 dicat
2907 4182 3102 4237 melius
3130 4197 3249 4238 csse
3280 4196 3400 4250 post
3429 4200 3636 4242 caenam
3666 4188 3851 4241 deatu-

2272 4264 2458 4317 hulare
2489 4281 2583 4331 per
2614 4267 2844 4322 Zenonis
2874 4271 3159 4340 rationem,
3184 4288 3290 4327 non
3319 4273 3675 4341 medicinalis,
3703 4291 3851 4330 com-

2272 4356 2447 4407 munis
2494 4358 2633 4410 enim
2683 4370 2786 4413 est.
2833 4362 2888 4417 Si
2923 4377 3052 4432 ergo
3097 4366 3316 4419 omnino
3359 4365 3607 4439 similiter
3655 4383 3713 4423 se
3756 4369 3851 4422 lia-

2270 4444 2396 4501 beat
2441 4451 2774 4505 contentiosa
2823 4453 2890 4506 ad
2945 4455 3307 4524 dialecticam,
3338 4468 3399 4513 ut
3444 4460 3851 4530 pseudographa

2271 4542 2335 4594 ad
2381 4545 2767 4611 geometriam,
2825 4561 2931 4602 non
2981 4564 3047 4603 ex
3103 4549 3207 4606 illis
3255 4551 3438 4621 utique
3483 4553 3586 4609 erit
3628 4564 3850 4610 conten-

650 4642 919 4710 Amplius,
945 4640 1217 4695 afﬁrmare
1242 4642 1323 4695 vel
1348 4655 1542 4710 negare
1567 4641 1658 4711 qui
1683 4640 1940 4711 postulat,
1970 4641 2019 4694 id
2052 4656 2156 4695 non
2191 4602 2247 4663 Β
2273 4631 2425 4687 tiosa.

540 4724 547 4733 ’
578 4735 924 4788 monstrantis
938 4741 1042 4799 est,
1056 4732 1148 4787 sed
1167 4732 1588 4802 experimentum
1612 4733 1891 4799 sumentis,
1909 4747 2028 4787 nam
2044 4741 2158 4788 ten-

576 4826 738 4878 tativa
765 4824 1039 4879 dialectica
1067 4824 1307 4892 quiedam
1336 4835 1445 4889 est,
1474 4835 1793 4894 quapropter
1817 4825 1885 4880 de
1912 4828 2159 4882 omnibus

578 4921 809 4990 inspicit,
841 4930 895 4974 et
934 4920 1177 4988 explorat
1216 4934 1321 4973 non
1374 4920 1661 4984 scientem,
1689 4919 1782 4973 sed
1825 4921 2154 4988 ignorantem

550 4992 733 5081 .alque
776 5012 1137 5066 simulantem.
1170 5011 1268 5077 Qui
1309 5011 1467 5080 igitur
1509 5013 1798 5067 secundum
1832 5027 1944 5067 rem
1975 5015 2154 5067 consi-

577 5104 727 5157 derat
771 5102 1108 5170 communia,
1150 5102 1464 5157 dialecticus
1494 5112 1606 5169 est;
1641 5104 1729 5173 qui
1767 5115 1942 5159 autem
1975 5105 2026 5158 id
2065 5122 2157 5175 ap-

579 5204 827 5262 parenter
874 5193 1036 5262 facit,
1069 5193 1413 5264 sophisticus.
1449 5194 1513 5247 Et
1554 5195 1893 5265 syllogismus
1934 5205 2155 5251 conten-

577 5290 746 5342 tiosus
795 5298 851 5344 et
903 5287 1269 5358 sophisticus,
1319 5304 1456 5342 unus
1505 5288 1719 5359 quidem
1771 5300 1852 5345 est
1893 5305 2158 5360 apparens

574 5380 951 5451 syllogismus,
983 5381 1125 5435 circa
1158 5396 1219 5436 ea
1260 5380 1327 5435 de
1359 5382 1551 5450 quibus
1589 5381 1866 5437 dialectica
1903 5385 2157 5438 tentativa

574 5482 655 5525 est
674 5514 689 5535 ρ
724 5472 966 5541 quamvis
997 5488 1118 5528 vero
1148 5475 1219 5529 sit
1243 5473 1519 5528 conclusio
1551 5490 1565 5528 :
1595 5488 1718 5529 nam
1760 5473 1878 5543 ejus
1904 5475 2044 5543 quod
2074 5484 2157 5529 est

576 5574 791 5630 propter
817 5565 968 5633 quid,
1000 5566 1400 5621 allucinatorius
1429 5576 1529 5635 est,
1565 5580 1618 5623 et
1648 5581 1983 5637 quacunque
2009 5567 2151 5637 (cum

574 5667 678 5705 non
725 5655 853 5727 sint)
882 5659 1172 5713 secundmn
1218 5662 1489 5730 cujusque
1521 5661 1858 5728 disciplinam
1901 5662 2151 5728 captiosa:

575 5742 1024 5813 ratiocinationes,
1060 5750 1306 5812 videntur
1333 5766 1450 5805 esse
1482 5754 1771 5806 secundum
1802 5760 1989 5805 artem.
2018 5751 2148 5806 Nam

578 5831 1018 5911 pseudographiae
1056 5856 1163 5899 non
1191 5845 1538 5902 contentiosa:
1564 5841 1883 5919 (secundum
1911 5843 2053 5903 enim
2084 5857 2150 5907 ea

2880 4707 3106 4765 CAPUT
3143 4708 3232 4764 XI.

2274 4821 2541 4877 Orationes
2582 4823 2964 4897 dialecticorum
3003 4828 3458 4897 tentatioorumque
3488 4843 3590 4882 non
3631 4845 3739 4884 esse
3777 4832 3847 4884 ad

2754 4896 3143 4952 determinatam
3176 4913 3355 4970 genus.

2339 5004 2489 5060 Nunc
2519 5016 2695 5061 autem
2728 5023 2835 5063 non
2879 5018 2965 5064 est
3004 5009 3319 5071 dialecticus
3362 5012 3509 5069 circa
3553 5027 3723 5084 genus
3752 5016 3849 5070 ali~

2265 5097 2391 5164 quid
2442 5096 2887 5164 determinatum,
2936 5115 3107 5171 neque
3150 5104 3608 5163 demonStrativus
3656 5106 3849 5173 ullius,

2266 5203 2438 5257 neque
2467 5189 2587 5244 talis
2609 5190 2780 5258 qualis
2800 5190 3137 5260 universalis,
3166 5209 3288 5249 nam
3317 5210 3491 5265 neque
3518 5198 3702 5251 omnia
3727 5209 3852 5252 sunt

2264 5282 2317 5335 in
2353 5296 2457 5336 uno
2481 5282 2662 5352 aliquo
2690 5298 2918 5352 genere,
2969 5301 3140 5355 neque
3180 5287 3225 5341 si
3269 5287 3411 5356 sint,
3460 5287 3717 5357 possibile
3766 5297 3850 5344 est

2264 5374 2365 5430 sub
2405 5374 2609 5430 eisdem
2652 5376 2927 5445 principiis
2969 5392 3091 5435 esse
3136 5393 3199 5434 ea
3246 5394 3364 5449 qua:
3393 5388 3537 5435 sunt.
3571 5379 3751 5449 Quare
3796 5390 3847 5437 et

2265 5467 2408 5522 nulla
2452 5483 2539 5525 ars
2568 5484 2749 5523 earum
2793 5484 2909 5538 qua:
2957 5471 3191 5538 aliquam
3222 5482 3465 5529 naturam
3511 5482 3855 5551 monstrant,

2261 5563 2640 5636 interrogativa
2687 5575 2795 5629 est,
2847 5580 2970 5621 nam
3021 5582 3125 5622 non
3174 5568 3428 5637 possibile
3472 5578 3555 5624 est
3585 5569 3847 5625 utramvis

2260 5660 2489 5728 partium
2514 5658 2661 5713 dare.
2688 5658 3045 5729 Syllogismus
3071 5662 3215 5716 enim
3245 5677 3352 5715 non
3383 5663 3441 5715 lit
3469 5676 3531 5716 ex
3565 5661 3843 5731 utrisque,

2259 5748 2534 5804 dialectica
2563 5761 2738 5804 autem
2768 5748 3143 5821 interrogativa
3168 5762 3249 5807 est
3280 5752 3344 5822 (si
3373 5761 3550 5806 autem
3576 5760 3843 5807 moustra~

2257 5850 2371 5916 ret,
2405 5842 2531 5919 quid
2559 5842 2718 5914 illud,
2751 5842 2850 5901 nisi
2875 5851 2929 5900 et
2955 5842 3235 5920 muniat),
3271 5853 3642 5905 verumtamen
3668 5844 3846 5922 prima
