4248 6272
353 346 485 401 1021

911 340 1373 398 ELENCIIORUM
1415 339 1961 396 SOPHISTICORUM
2003 340 2454 400 ARISTOTELIS
2495 344 3082 406 INTERPRETATIO.

3495 354 3634 408 1022

354 456 756 530 pec'nliariaque
798 455 1053 525 principia
1101 470 1206 509 non
1250 456 1570 523 interrOgat,
1616 468 1737 505 nam
1770 452 1817 505 si
1848 467 1953 506 non
1982 455 2033 515 Α
2058 455 2124 510 ad
2155 455 2281 509 talia
2305 457 2371 510 ad
2398 472 2517 526 quae
2555 460 2789 517 abundat
2821 464 3174 531 orationibus,
3204 472 3287 519 est
3315 471 3493 519 autem
3538 464 3635 520 be~

352 551 538 614 daret,
583 565 687 603 non
726 549 832 617 jam
878 548 1095 603 haberet
1138 562 1204 601 ex
1246 547 1439 615 quibus
1485 544 1716 612 amplius
1761 544 1947 613 dispu-

353 649 493 696 taret
520 633 951 694 ad'instantiam.
982 636 1129 689 Talis
1157 646 1333 689 autem
1366 642 1448 688 est
1486 635 1751 691 tentativa
1776 674 1789 697 ,
1822 648 1943 686 nam

354 733 614 787 tentativa
647 710 751 786 non
783 730 900 783 talis
930 738 1012 783 est
1036 729 1207 799 qualis
1236 738 1318 781 est
1348 726 1661 796 geometria,
1692 725 1785 778 sed
1813 740 1944 793 qna-

355 824 459 879 lem
492 825 674 893 utique
707 820 965 884 haberet,
1015 834 1122 871 non
1155 817 1335 871 sciens
1379 816 1592 891 aliquis.
1631 815 1770 869 Fieri
1802 817 1946 870 enim

356 925 535 986 potest
562 924 619 969 ut
650 914 943 983 periculum
974 920 1182 974 sumat,
1213 919 1261 962 et
1297 909 1341 962 is
1387 907 1477 981 qui
1520 909 1692 961 nescit
1723 925 1833 961 rem
1880 908 1948 963 de

358 1022 423 1062 co
468 1007 556 1076 qui
605 1005 805 1070 nescit,
834 1001 1095 1071 siquidem
1127 1012 1181 1053 et
1212 998 1303 1055 dat
1334 1014 1440 1053 non
1484 1014 1547 1053 ex
1588 998 1780 1066 quibus
1811 998 1942 1064 scit,

358 1112 529 1167 neque
561 1112 626 1150 ex
658 1094 917 1163 pmpriis,
948 1092 1039 1147 sed
1068 1108 1132 1147 ex
1165 1089 1621 1164 consequentibus
1642 1132 1656 1156 ,
1689 1108 1807 1159 qum
1831 1107 1946 1143 ont-

357 1189 441 1242 nia
476 1188 596 1241 talia
630 1197 753 1240 sunt
785 1202 903 1255 qua:
952 1187 1210 1239 Scientem
1252 1183 1466 1252 quidem
1518 1182 1646 1235 nihil
1701 1181 1950 1251 prohibet

359 1280 563 1333 nescire
609 1260 815 1344 artem,
850 1277 1178 1333 nescientem
1213 1284 1390 1328 autem
1420 1289 1639 1328 necesse
1672 1281 1756 1328 est
1798 1274 1949 1337 igno-

356 1388 496 1428 rare.
528 1372 701 1439 Quare
732 1368 1075 1423 manifestum
1103 1367 1357 1437 quoniam
1382 1365 1581 1420 nullius
1603 1365 1948 1419 determinati

357 1466 610 1517 tentativa
659 1459 938 1529 disc'plina
983 1467 1097 1522 est,
1130 1472 1195 1512 eo
1245 1457 1386 1527 quod
1435 1458 1502 1509 de
1552 1456 1801 1511 omnibus
1834 1464 1948 1519 est,

360 1567 481 1604 nam
527 1564 715 1603 omnes
762 1560 905 1602 artes
951 1556 1171 1601 utuntur
1200 1547 1514 1616 quibusnam
1548 1546 1945 1599 communibus.

357 1632 591 1700 Ideoque
622 1653 808 1692 omnes
840 1638 1097 1691 illitterati
1126 1637 1356 1706 quodam
1392 1635 1550 1690 modo
1584 1646 1806 1689 utuntur
1835 1636 1949 1688 dia-

358 1728 550 1783 lectica
597 1737 649 1782 et
698 1728 977 1781 tentativa.
1028 1725 1158 1779 Nam
1207 1740 1392 1780 omnes
1424 1740 1591 1793 usque
1634 1726 1699 1778 ad
1746 1724 1947 1794 aliquid

2053 564 2119 603 ne
2148 559 2202 603 et
2228 565 2333 603 non
2362 549 2498 619 bene
2520 552 2571 606 id
2604 552 2801 623 facere,
2835 557 3286 625 quemadmodum
3323 558 3522 613 dictum
3552 568 3637 614 est

2052 640 2488 710 prius.'Bnrsum
2510 655 2567 698 ut
2591 646 2655 699 ad
2687 648 3031 716 inopinabilia
3070 649 3253 717 ducat,
3286 651 3634 707 considerare

2049 752 2120 789 ex
2151 752 2256 803 quo
2285 752 2487 804 genere
2527 748 2610 792 est
2644 742 2730 808 qui
2760 740 3022 809 disputat,
3067 744 3262 798 deinde
3298 745 3636 815 interrogare

2049 828 2193 896 quod
2228 828 2473 897 pluribus
2516 830 2591 884 illi
2633 831 2821 885 dicunt.
2851 833 3209 902 inopinabile,
3239 845 3322 890 est
3349 838 3492 891 enim
3526 839 3640 891 sin-

2044 918 2191 986 gulis
2220 919 2524 987 quibusque
2552 920 2749 988 aliquid
2801 921 2927 977 tale.
2965 923 3508 982 Elementumrautem
3541 927 3639 980 ho-

2048 1024 2168 1063 rum
2191 1025 2406 1064 sumere
2426 1012 2869 1081 singulorumque
2894 1027 3234 1083 quorumque
3264 1018 3558 1084 positiones
3587 1019 3642 1073 in

2050 1103 2533 1170 propositionibus.
2570 1103 2786 1158 Solutio
2813 1118 2941 1159 vero
2987 1114 3039 1158 et
3093 1105 3283 1183 borum
3330 1119 3643 1177 competens

2052 1196 2226 1249 fertur
2254 1197 2545 1252 ostendere
2569 1197 2709 1266 quod
2742 1213 2847 1252 non
2879 1208 3102 1269 propter
3126 1194 3425 1255 orationem
3447 1200 3643 1256 accidit

2054 1288 2409 1356 inopinabile,
2444 1303 2661 1358 semper
2707 1301 2884 1344 autent
2916 1290 2971 1345 id
2998 1306 3214 1362 quoque
3245 1291 3355 1346 vult
3381 1291 3469 1361 qui
3519 1305 3649 1346 con-

2050 1379 2245 1433 tendit.
2278 1380 2524 1449 Amplius
2556 1390 2735 1435 autem
2763 1396 2826 1436 ex
2857 1382 3226 1438 voluntatibus
3267 1392 3321 1437 et
3348 1383 3647 1438 manifestis

2052 1469 2416 1536 opinionibus,
2450 1486 2571 1523 nam
2615 1486 2720 1525 non
2767 1472 2957 1527 eadem
2988 1474 3173 1527 volunt
3196 1483 3251 1527 et
3295 1474 3501 1540 dicunt,
3551 1474 3647 1528 sed

2051 1558 2241 1612 dicunt
2270 1559 2487 1627 quidem
2519 1560 2958 1615 decoratissimas
2987 1563 3281 1628 orationes,
3306 1564 3501 1618 ‘volunt
3552 1578 3649 1617 an-

2056 1658 2163 1701 tem
2191 1663 2253 1702 ea
2284 1663 2407 1717 quae
2436 1649 2687 1704 videntur
2718 1650 2978 1719 prodesse
3010 1669 3020 1704 :
3050 1662 3109 1706 ut
3141 1653 3279 1708 bene
3312 1656 3450 1708 mori
3478 1654 3649 1723 magis

2054 1753 2214 1806 quam
2254 1739 2572 1807 voluptuose
2612 1742 2799 1795 vivere
2842 1740 3028 1795 dicunt
3069 1751 3355 1809 oportere,
3392 1753 3446 1799 et
3487 1757 3649 1813 agere

359 1828 624 1873 conantur
654 1818 949 1887 dijudicare
975 1832 1070 1871 eos
1097 1817 1189 1885 qui
1221 1817 1600 1885 pronuntiant;
1630 1816 1743 1870 hzec
1770 1825 1946 1870 autem

2053 1830 2199 1900 jnste
2232 1832 2402 1899 magis
2433 1848 2594 1901 quam
2621 1832 2825 1887 divitiis
2866 1832 3089 1888 affluere
3115 1848 3310 1901 prave;
3344 1835 3529 1889 volunt
3554 1849 3663 1897 auy

358 1920 483 1966 sunt
530 1908 874 1974 communia,
926 1924 1047 1962 nam
1100 1908 1184 1962 illa
1229 1908 1357 1961 nihil
1392 1909 1568 1962 minus
1610 1908 1786 1963 sciunt
1816 1908 1947 1976 ipsi,

358 2006 603 2074 quamvis
642 2002 926 2057 videantur
968 2003 1126 2071 longe
1167 2010 1323 2057 extra
1364 2000 1563 2056 dicere.
1605 2001 1953 2069 Hedargunnt

356 2085 523 2165 igitur
565 2108 752 2149 omnes
771 2134 788 2161 ,
824 2109 944 2148 nam
973 2094 1090 2148 sine
1117 2105 1233 2148 arte
1263 2093 1476 2161 quidem
1507 2108 1573 2147 eo
1600 2094 1915 2161 participant
1934 2132 1949 2156 ,

357 2187 511 2257 cujus
537 2185 887 2241 artificialiter
916 2196 1010 2241 est‘
1028 2184 1337 2249 dialectica,
1364 2193 1417 2238 et
1440 2193 1558 2239 arte
1586 2183 1912 2254 syllogistica
1933 2224 1947 2249 ,

358 2277 684 2343 tentativus,
718 2272 1050 2330 dialecticus.
1084 2275 1346 2343 Quoniam
1391 2284 1567 2329 autem
1612 2283 1736 2327 sunt
1782 2275 1948 2327 multa

358 2368 573 2437 quidem
605 2365 718 2421 haec
759 2377 811 2420 et
837 2367 903 2421 de
933 2366 1183 2421 omnibus
1203 2410 1216 2431 ,
1251 2382 1355 2419 ntm
1400 2366 1525 2420 talia
1557 2376 1733 2421 autem
1768 2378 1823 2419 ut
1854 2381 1951 2419 na-

356 2464 477 2513 tura
520 2458 766 2529 quredam
798 2459 906 2513 sint
935 2468 989 2513 et
1022 2472 1223 2528 genus,
1258 2457 1350 2512 sed
1385 2469 1439 2511 ut
1473 2458 1818 2527 negationes;
1849 2460 1951 2513 alia

356 2559 535 2605 autem
567 2564 672 2604 non
704 2550 852 2615 talia,
884 2551 977 2605 sed
1007 2551 1223 2619 pr0pria
1255 2560 1400 2604 sunt.
1439 2550 1513 2604 Ex
1542 2540 1649 2604 illis
1677 2551 1743 2605 de
1774 2551 1948 2605 omni-

356 2644 459 2700 bus
508 2644 938 2715 experimentum
986 2644 1241 2714 possibiie
1290 2653 1373 2698 est
1418 2658 1664 2709 sumere,
1694 2653 1748 2698 et
1780 2654 1953 2699 artem

357 2747 479 2789 esse
526 2735 809 2804 quamdam
837 2773 855 2805 ,
887 2742 940 2790 et
986 2749 1089 2789 non
1139 2736 1297 2788 talem
1331 2749 1450 2789 esse
1478 2738 1662 2801 quales
1704 2750 1823 2803 qua:
1851 2736 1949 2788 de-

358 2834 682 2891 monstrant,
713 2841 779 2881 eo
806 2825 947 2895 quod
978 2827 1348 2880 contentiosus
1380 2842 1482 2879 non
1510 2837 1593 2880 est
1615 2828 1833 2879 omnino
1864 2826 1944 2880 sic

355 2916 678 2987 sebabens,
711 2924 769 2970 ut
793 2916 1266 2987 pseudographus:
1303 2911 1441 2970 nam'
1467 2933 1573 2971 non
1614 2922 1710 2970 erit
1746 2918 1948 2986 captio-

322 3014 325 3017 '
358 3022 452 3064 sus
476 3024 545 3065 ex
577 3008 916 3065 determinati
944 3009 1239 3079 cujuspiam
1272 3011 1483 3080 generis
1512 3009 1783 3078 principiis
1804 3053 1818 3078 ,
1849 3010 1945 3064 sed

357 3101 504 3157 circa
536 3116 695 3157 omne
725 3117 894 3174 genus
920 3102 1025 3159 erit
1056 3102 1100 3157 is
1142 3103 1230 3172 qui
1263 3105 1650 3159 contentiosus.
1688 3104 1811 3158 Loci
1843 3104 1944 3173 igi-

2060 1933 2165 1977 tetn
2189 1923 2483 1977 contraria.
2516 1923 2650 1977 Eum
2681 1924 2839 1992 igitur
2867 1925 2957 1994 qui
2988 1925 3118 1981 dicit
3144 1927 3436 1982 secundum
3460 1929 3648 1982 volun-

2058 2023 2217 2079 tates,
2251 2015 2316 2067 ad
2347 2013 2446 2068 bas
2484 2014 2803 2071 manifestas
2845 2018 3132 2087 opiniones
3175 2019 3499 2088 ducendum,
3525 2035 3648 2079 eum

2058 2122 2185 2160 vero
2214 2107 2302 2176 qui
2333 2107 2465 2163 dicit
2493 2109 2784 2163 secundum
2818 2109 2945 2176 has,
2977 2111 3045 2167 ad
3073 2114 3405 2181 absconsas;
3437 2115 3645 2171 utrovls

2054 2200 2198 2257 enim
2231 2199 2390 2255 modo
2418 2202 2783 2255 necessarium
2812 2212 2897 2258 est
2926 2203 3270 2273 inopinabilia
3298 2206 3498 2277 dicere,
3521 2218 3645 2266 nam

2050 2298 2147 2342 aut
2170 2289 2237 2342 ad
2270 2290 2577 2344 manifestas
2606 2300 2698 2345 aut
2726 2292 3117 2349 immanifestas
3145 2296 3430 2365 upioiones
3449 2297 3635 2351 dicunt

2050 2383 2342 2434 contraria.
2378 2381 2646 2438 Plurimus
2676 2394 2855 2439 autem
2882 2393 2967 2441 est
3004 2387 3155 2442 locus
3197 2388 3428 2444 faciendi
3466 2391 3639 2460 inopi-

2052 2470 2255 2527 nabilia
2300 2471 2510 2538 dicere,
2544 2475 2997 2543 quemadmodum
3031 2476 3285 2537 Callicles
3339 2481 3393 2535 in
3444 2481 3645 2552 Gorgia

2054 2562 2286 2629 Scriptus
2312 2574 2397 2619 est
2429 2565 2614 2621 dicens
2651 2584 2662 2619 :
2698 2567 2765 2621 Et
2796 2577 3011 2624 veteres
3055 2580 3233 2626 autem
3273 2587 3463 2629 omnes
3494 2574 3644 2628 arbi~

2050 2656 2180 2710 trati
2201 2666 2327 2710 sunt
2350 2657 2604 2713 accidere
2633 2668 2851 2727 propter
2890 2660 2943 2714 id
2983 2662 3124 2730 quod
3156 2664 3452 2719 secundum
3496 2674 3644 2718 natu.

2051 2760 2167 2803 ram
2209 2757 2264 2803 et
2290 2750 2589 2804 secundum
2636 2750 2810 2821 legem
2843 2754 3147 2821 contraria;
3189 2758 3458 2810 contraria
3498 2756 3643 2810 enim

2048 2844 2173 2896 esse
2194 2855 2439 2896 naturam
2469 2851 2523 2898 et
2545 2843 2716 2912 legem
2745 2845 2950 2912 dicunt,
2982 2856 3039 2902 et
3060 2847 3324 2917 justitiam
3348 2849 3643 2903 secundum

2048 2932 2226 2999 legem
2274 2934 2491 3004 quidem
2523 2951 2646 2990 esse
2675 2936 2896 3002 bonum,
2928 2940 3228 2995 secundum
3258 2950 3436 2996 autem
3485 2951 3641 2996 natu-

2051 3040 2166 3078 ram
2196 3041 2300 3079 non
2332 3026 2553 3081 bonum.
2585 3027 2812 3097 Oportet
2838 3029 3001 3100 igitur
3032 3032 3096 3083 ad
3143 3046 3266 3086 eum
3296 3033 3512 3102 quidem
3544 3029 3638 3103 (ιιῑί

2052 3118 2500 3173 dicitsecundum
2530 3131 2803 3187 naturam,
2842 3123 3137 3178 secundum
3180 3124 3352 3196 legem
3397 3126 3638 3192 obviare,

362 3203 448 3249 tur
478 3196 889 3265 sophisticarum
920 3196 1360 3268 redargutionum
1416 3198 1469 3252 bi
1519 3209 1672 3261 sunt,
1704 3208 1758 3253 et
1804 3200 1943 3267 quod
1975 3199 2021 3261 Ο
2048 3207 2115 3261 ad
2148 3223 2270 3262 cum
2308 3224 2438 3264 vero
2466 3210 2555 3280 qui
2588 3212 2888 3270 secundum
2920 3214 3122 3284 legem,
3166 3215 3233 3271 ad
3271 3226 3515 3272 naturam
3543 3219 3640 3273 du.

359 3289 621 3345 dialectici
671 3301 753 3346 est
797 3292 1141 3345 considerare
1184 3291 1252 3346 de
1301 3294 1415 3355 his,
1447 3300 1501 3345 et
1530 3307 1617 3345 res
1660 3305 1753 3347 eas
1785 3293 1945 3360 poSso

357 3377 535 3434 facere
556 3422 570 3446 ,
599 3397 702 3435 non
742 3380 959 3436 difﬁcile
1003 3382 1181 3437 videre
1229 3400 1241 3434 :
1275 3398 1397 3437 nam
1434 3398 1551 3451 qua:
1581 3384 1720 3436 circa
1752 3397 1943 3452 propo-

356 3471 576 3527 sitiones
619 3480 701 3526 est
739 3470 1050 3542 disciplina,
1083 3488 1296 3527 onmem
1328 3473 1488 3527 habet
1523 3472 1659 3526 hanc
1689 3474 1943 3542 specula-

356 3560 585 3627 tionem,
624 3572 677 3621 et
712 3562 779 3627 de
816 3565 1283 3634 redarguiinnibus
1313 3565 1526 3634 quidem
1565 3567 1945 3637 apparentibus

340 3654 555 3710 dictum
582 3666 682 3712 est.

954 3726 1183 3783 CAPUT
1227 3727 1336 3781 XII.

463 3835 586 3891 Loci
634 3837 895 3908 saphistici
939 3840 1363 3912 interregantium
1411 3844 1477 3893 ad
1517 3841 1709 3911 falsum
1750 3853 1837 3896 aut

958 3911 1312 3980 jtmpinabile.

432 3996 508 4049 De
536 3995 720 4066 aliquo
746 4008 831 4052 est
861 3997 1050 4052 falsum
1081 4000 1356 4069 quidpiam
1392 4003 1701 4071 ostendere,
1740 4013 1793 4057 et
1824 4019 1944 4059 ora-

358 4090 506 4147 tione
526 4090 591 4145 ad
624 4090 953 4161 inopinabile
974 4091 1187 4147 ducere.
1221 4094 1330 4148 lloc
1374 4107 1551 4153 autem
1605 4096 1699 4149 fuit
1746 4111 1941 4151 secun-

356 4183 484 4237 dum
548 4184 878 4254 propositum
932 4185 1240 4254 sophiszicae
1305 4188 1638 4243 intentionis.
1702 4188 1941 4242 Primum

356 4275 572 4345 quidem
602 4289 668 4331 ex
690 4289 758 4331 eo
787 4278 929 4347 quod
961 4276 1252 4347 interrogat
1276 4279 1507 4348 quod-im
1546 4278 1729 4347 modo,
1767 4288 1821 4333 et
1849 4292 1942 4346 per

357 4365 830 4436 interrogationem
876 4368 1069 4423 accidit
1092 4370 1341 4433 maxime,
1368 4385 1491 4424 nam
1536 4371 1587 4425 id
1620 4372 1685 4425 ad
1737 4371 1938 4425 nullum

356 4457 773 4514 determinatutn
824 4461 1157 4531 interrogare
1206 4463 1576 4531 propositum,
1634 4465 1939 4519 renativum

355 4556 440 4601 est
464 4547 699 4603 illorum.
718 4549 944 4606 Temere
967 4567 1196 4621 namque
1222 4554 1463 4607 dicentes
1490 4567 1631 4622 pecc.

353 4648 557 4695 temere
588 4648 764 4696 autem
795 4642 1003 4709 dicunt,
1035 4642 1252 4712 quando
1300 4643 1432 4697 nihil
1468 4643 1666 4697 habent
1696 4647 1940 4714 proposi-

353 4736 485 4783 tum.
522 4730 585 4784 Et
613 4730 663 4784 id
692 4730 1026 4802 interrogare
1053 4733 1218 4786 multa
1247 4732 1516 4804 (quamvis
1539 4732 1590 4785 id
1614 4731 1940 4787 determina-

352 4829 463 4875 tum
486 4824 557 4876 sit
594 4823 663 4876 ad
700 4824 844 4893 quod
879 4821 1179 4893 disputant)
1209 4835 1263 4878 et
1293 4825 1343 4877 id
1390 4838 1453 4878 ea
1491 4839 1613 4893 qua}
1658 4825 1935 4890 videntur,

351 4912 530 4967 dicere
558 4928 615 4967 se
649 4915 951 4982 postulare,
986 4915 1113 4970 facit
1142 4915 1427 4985 quamdam
1461 4916 1834 4982 idoneitatetn,
1885 4924 1940 4971 ut

351 5005 415 5057 ad
451 5005 777 5075 in0pinabile
806 5006 968 5062 ducat
1010 5017 1101 5062 aut
1133 5008 1347 5063 falsum.
1399 5008 1461 5064 Et
1505 5010 1548 5063 si
1580 5010 1939 5077 interrogatus

350 5095 581 5150 affirmet
611 5106 702 5150 aut
743 5108 901 5166 neget
933 5098 1144 5153 illorum
1188 5099 1388 5169 aliquid
1434 5100 1633 5155 ducere
1664 5100 1728 5155 ad
1775 5116 1838 5156 ea
1873 5100 1939 5154 ad

349 5201 467 5255 qua:
496 5198 775 5257 promptus
812 5197 894 5243 est
936 5192 1323 5259 argumentari,
1358 5201 1535 5260 potest
1578 5204 1756 5247 tamen
1798 5205 1939 5245 nunc

350 5275 525 5331 minus
575 5292 772 5331 nocere
806 5293 899 5345 per
942 5278 1058 5333 haec
1096 5295 1258 5349 quam
1302 5282 1480 5350 prius,
1527 5297 1649 5336 nam
1689 5292 1939 5351 repetunt

347 5370 551 5439 aliquid
587 5374 652 5427 ad
686 5374 735 5428 id
766 5375 911 5443 quod
952 5377 1004 5430 in
1051 5378 1335 5448 principio.
1379 5380 1716 5434 Elenientum
1756 5389 1935 5435 autem

346 5462 668 5518 deveniendi
696 5467 760 5520 ad
785 5468 977 5523 falsum
1004 5470 1224 5540 aliquod
1245 5482 1333 5528 aut
1359 5474 1706 5544 inopinabile,
1735 5475 1934 5531 nullam

346 5554 528 5608 statim
564 5555 901 5628 interrogare
944 5564 1299 5631 positionem,
1332 5566 1428 5620 sed
1458 5565 1729 5621 affirmare
1770 5566 1839 5621 ob
1882 5568 1935 5622 id

346 5664 407 5705 se
432 5651 763 5722 interrogare
787 5657 931 5723 quod
972 5658 1182 5713 discere
1211 5660 1374 5725 velit,
1409 5675 1531 5714 nam
1568 5661 1741 5715 locum
1776 5677 1934 5733 argu-

346 5743 696 5800 tmntationis
722 5745 1091 5803 consideratio
1115 5749 1259 5805 facit.
1299 5752 1379 5807 Ad
1414 5751 1605 5806 falsutn
1634 5763 1811 5808 autem
1845 5769 1934 5809 os-

346 5838 673 5901 tendendum
730 5842 982 5919 pmprius
1028 5844 1179 5905 locus
1221 5846 1550 5925 sopbisticus
1597 5856 1681 5908 est
1732 5846 1934 5911 ducere

2046 3316 2211 3366 cere;
2241 3317 2363 3356 nam
2388 3311 2621 3377 utroque
2646 3306 2808 3361 modo
2838 3306 3023 3363 dicere
3046 3309 3309 3379 contingit
3338 3310 3639 3380 io0pinabi-

2050 3395 2141 3460 lia,
2172 3395 2279 3450 erit
2306 3405 2484 3453 autem
2514 3399 2657 3468 quod
2689 3400 2987 3456 secundum
3022 3411 3267 3458 naturam
3315 3403 3532 3471 quidem
3558 3404 3640 3473 ip-

2046 3485 2124 3541 sis
2157 3502 2362 3554 verum,
2396 3491 2690 3544 secundum
2723 3501 2901 3546 autem
2935 3491 3105 3561 legem
3138 3492 3279 3563 quod
3304 3491 3637 3548 multitudini

2046 3580 2278 3636 videtur.
2307 3581 2487 3649 Quare
2512 3583 2854 3639 manifestum
2886 3584 3028 3655 quod
3054 3594 3108 3641 et
3137 3585 3234 3651 illi,
3272 3585 3631 3657 quemadmo-

2044 3674 2177 3729 dum
2207 3681 2262 3729 et
2283 3676 2373 3745 qui
2404 3691 2576 3742 nunc,
2609 3686 2700 3731 aut
2748 3679 3100 3749 redarguere,
3147 3689 3239 3735 aut
3281 3679 3628 3749 inopinabilia

2047 3762 2234 3820 dicere
2260 3768 2678 3835 respondentem
2700 3809 2714 3833 ,
2748 3770 3086 3825 conabantur
3114 3770 3349 3827 efficere.
3382 3771 3639 3838 Quaedam

2046 3865 2229 3910 autem
2255 3857 2737 3928 interrogationum
2760 3860 2960 3915 habent
2982 3861 3231 3930 utrinque
3258 3863 3637 3931 in0pinabi|em

2050 3948 2479 4021 responsionem,
2501 3960 2556 4002 ut
2577 3959 2753 4003 utrum
2778 3950 3111 4018 sapientibus
3141 3965 3206 4004 an
3232 3953 3370 4020 patri
3393 3962 3638 4021 oporteat

2050 3962 2135 4000 res
2177 3962 2479 4013 elisionem,
2501 3962 2556 4002 ut
2577 3962 2753 4003 utrum
2778 3962 3111 4018 sapientibus
3141 3965 3206 4004 an
3232 3962 3370 4020 patri
3393 3962 3634 4021 Oporteal

2047 3962 2289 4099 obegiire,
2322 4048 2374 4091 et
2400 4039 2741 4106 expedientia
2773 4040 2952 4094 facere
2983 4054 3048 4093 an
3096 4041 3265 4108 justa,
3296 4051 3349 4095 et
3395 4059 3461 4096 an
3492 4044 3634 4111 inju-

2050 4128 2184 4180 riam
2233 4127 2339 4195 pati
2369 4127 2659 4197 eligibilius
2707 4142 2866 4196 quam
2922 4144 3140 4186 nocere.
3188 4130 3418 4198 Oportet
3440 4143 3627 4188 autem

2048 4219 2250 4279 ducere
2293 4219 2361 4274 ad
2392 4234 2455 4275 ea
2500 4234 2618 4289 quae
2668 4220 2995 4277 multitudini
3041 4229 3096 4277 et
3136 4223 3466 4292 sapientibus
3514 4236 3637 4283 sunt

2050 4312 2315 4365 contraria
2345 4328 2357 4363 :
2384 4326 2506 4366 nam
2531 4312 2573 4367 si
2604 4312 2748 4368 dicat
2778 4312 2971 4383 aliquis
3002 4325 3058 4370 ut
3084 4315 3118 4369 ii
3150 4317 3239 4387 qui
3267 4316 3409 4372 circa
3440 4320 3637 4373 oratio-

2050 4416 2145 4456 nes
2172 4403 2238 4457 ad
2266 4417 2329 4457 ea
2361 4418 2481 4473 quae
2527 4404 2877 4471 multitudini,
2922 4407 2966 4461 si
2999 4416 3177 4464 autem
3209 4417 3265 4463 ut
3294 4407 3446 4464 multi
3478 4410 3541 4462 ad
3574 4423 3637 4464 ea

2048 4511 2168 4564 quae
2208 4496 2275 4551 iis
2316 4496 2406 4567 qui
2438 4498 2491 4552 in
2523 4499 2797 4565 oratione;
2840 4498 3025 4555 dicunt
3050 4502 3193 4556 enim
3235 4502 3285 4556 hi
3327 4502 3542 4572 quidem
3570 4517 3637 4557 ex

1638 4562 1939 4659 'P‘magisf
1971 4576 2024 4637 D
2048 4590 2370 4642 necessitate
2418 4588 2628 4643 beatum
2669 4590 2872 4659 justum
2912 4605 3056 4657 esse,
3092 4592 3420 4648 multitudini
3455 4576 3634 4649 autem

2046 4679 2373 4747 inopinabile
2394 4691 2475 4733 est
2506 4695 2686 4749 regem
2740 4682 3007 4738 infelicem
3040 4698 3180 4740 esse.
3215 4686 3312 4740 Est
3358 4696 3535 4742 autem
3566 4687 3643 4743 ad

2042 4789 2105 4827 ea
2130 4787 2251 4841 quae
2278 4772 2355 4826 sic
2386 4782 2532 4833 sunt.
2569 4773 2917 4842 inopinabilia
2967 4775 3188 4843 ducere,
3233 4776 3374 4832 idem
3403 4778 3451 4833 ei
3492 4780 3634 4848 quod

2043 4872 2128 4920 est
2170 4863 2235 4916 ad
2279 4876 2398 4916 eam
2445 4878 2564 4931 qua:
2590 4873 2671 4918 est
2719 4864 3015 4920 secundum
3064 4878 3309 4922 naturam
3360 4877 3413 4923 et
3446 4884 3636 4924 secun-

2042 4953 2169 5008 dum
2210 4953 2380 5023 legem
2411 4957 2846 5012 contrarietatem
2878 4958 3107 5026 ducere;
3158 4976 3281 5015 nam
3333 4961 3419 5017 lex
3455 4964 3637 5031 opinio

2048 5044 2429 5111 multitudinis,
2454 5049 2730 5116 sapientes
2756 5058 2934 5105 autern
2976 5051 3273 5107 secundum
3308 5062 3551 5107 naturain
3582 5064 3635 5107 ut

2047 5139 2324 5195 veritatem
2372 5139 2589 5206 dicunt,
2638 5150 2695 5196 et
2759 5141 3110 5212 inopinabilia
3158 5144 3374 5213 quidem
3431 5160 3495 5200 ex
3550 5146 3635 5197 his

2044 5239 2259 5298 oportet
2284 5246 2529 5301 quaerere
2568 5233 2720 5290 locis.

2636 5366 2860 5425 CAPUT
2902 5370 3036 5426 ΧΙΙΙ.

2262 5456 2335 5511 De
2367 5460 2685 5529 captionibus
2716 5463 3007 5534 nugalionis
3041 5471 3088 5517 et
3114 5464 3403 5523 solaciami.

2119 5572 2195 5626 De
2217 5585 2281 5626 eo
2310 5573 2520 5643 quidem
2552 5574 2695 5644 quod
2721 5584 2805 5629 est
2832 5575 3005 5633 facere
3024 5577 3236 5657 rimari,
3266 5577 3520 5648 quidnam
3550 5576 3631 5631 di-

2046 5662 2217 5716 cimus
2238 5663 2445 5731 nugari,
2472 5663 2579 5732 jam
2605 5668 3046 5723 monsxravimus.
3068 5664 3272 5723 Omries
3295 5678 3472 5724 autem
3493 5668 3630 5723 tales

2046 5757 2319 5811 orationes
2350 5756 2401 5811 id
2435 5757 2619 5813 volunt
2660 5759 2897 5830 efficere,
2943 5762 2988 5819 si
3023 5762 3158 5819 nihil
3187 5763 3386 5820 referat
3430 5778 3626 5819 nomen

2044 5856 2100 5907 et
2126 5847 2423 5909 orationem
2446 5849 2647 5912 dicere.
2676 5851 2907 5933 Duplum
2952 5863 3162 5932 autem,
3196 5864 3249 5919 et
3275 5854 3499 5935 duplum
3525 5853 3627 5923 di».

2548 5983 2582 5994 σα
