4248 6272
592 436 732 494 1025

595 550 747 605 midii
778 548 916 603 idem
944 553 1046 600 est.
1070 544 1129 601 Si
1157 543 1315 615 igitur
1343 543 1565 615 duplum
1592 554 1676 599 est
1702 545 1909 600 dimidii
1928 546 2169 615 duplum,
2201 546 2256 609 Α

592 643 695 697 erit
715 638 919 694 dimidii
952 637 1156 691 dimidii
1190 636 1405 706 duplum
1433 681 1450 705 ,
1490 647 1546 693 et
1576 652 1787 693 rursum
1812 639 1858 693 si
1892 638 1988 708 pro
2018 639 2178 707 duplo

591 730 810 798 duplum
827 726 1036 781 dimidii
1054 738 1301 797 ponatur,
1317 738 1397 783 ter
1409 729 1720 783 eritdictum
1741 728 1948 783 dimidii
1969 729 2176 787 dimidii

592 819 798 876 dimidii
817 820 1059 888 duplum.
1086 820 1154 875 Et
1178 831 1352 891 putas,
1381 831 1467 877 est
1494 824 1923 893 concupiscentia
1942 824 2176 879 delecta-

594 911 789 965 tionis?
819 911 932 966 hate
953 901 1130 966 autem
1160 919 1244 965 est
1265 912 1532 981 appetitus
1554 912 1945 979 delectationis,
1969 924 2053 969 est
2084 913 2180 984 igi-

594 1012 677 1056 tur
706 1003 1144 1071 concupiscentia
1169 1004 1436 1073 appetitus
1467 1003 1842 1059 delectationis
1866 1004 2180 1060 delectatio-

593 1095 694 1149 nis.
728 1096 864 1150 Sunt
886 1103 1064 1149 autem
1117 1108 1308 1149 omnes
1341 1094 1646 1163 huiusmodi
1676 1095 1974 1150 orationum
2008 1097 2063 1151 in
2112 1097 2178 1153 iis

594 1202 712 1255 qua:
743 1196 868 1241 sunt
892 1186 958 1240 ad
988 1185 1211 1256 aliquid,
1244 1201 1578 1256 quaecunque
1606 1203 1710 1241 non
1743 1188 1917 1241 solum
1953 1203 2174 1257 genera,

594 1278 688 1333 sed
718 1288 774 1333 et
800 1279 911 1348 ipsa
943 1279 1011 1334 ad
1037 1278 1237 1349 aliquid
1268 1278 1542 1346 dicuntur,
1582 1279 1723 1334 etad
1753 1280 1894 1335 idem
1934 1292 1987 1335 et
2013 1297 2177 1337 unum

596 1369 918 1439 assignatur,
946 1380 1005 1424 ut
1029 1370 1298 1439 appetitus
1320 1370 1546 1440 alicujus
1581 1373 1871 1441 appetitus,
1901 1383 1956 1428 et
1984 1388 2179 1430 concu-

594 1465 857 1535 piscentia
887 1466 1113 1535 alicujus
1138 1467 1599 1537 concupiscentia,
1630 1478 1684 1523 et
1705 1469 1923 1538 duplum
1952 1467 2181 1537 alicujus

595 1556 839 1625 duplum,
867 1567 920 1613 et
949 1558 1172 1628 duplum
1200 1559 1428 1624 dimidii,
1481 1570 1537 1615 et
1559 1563 1611 1616 in
1631 1564 2035 1633 quibuscunque
2060 1578 2179 1633 qua:

596 1646 740 1717 (cum
768 1648 1064 1703 substantia
1097 1664 1203 1703 non
1244 1651 1375 1719 sint)
1405 1653 1471 1705 ad
1503 1653 1703 1722 aliquid
1750 1657 1967 1710 omnino
1995 1672 2180 1712 eorum

574 1748 719 1793 sunt
748 1754 972 1806 quorum
1002 1748 1127 1794 sunt
1175 1739 1407 1805 habitus,
1440 1752 1531 1798 aut
1551 1743 1802 1810 affectus,
1837 1756 1929 1801 aut
1980 1746 2181 1814 aliquid

598 1829 923 1899 hujusmodi,
950 1832 1002 1885 in
1034 1833 1278 1888 oratione
1331 1836 1565 1903 ipsorum
1599 1837 1667 1892 de
1711 1838 1818 1892 illis
1863 1839 2181 1908 praedicato-

576 1933 714 1973 rum
743 1919 1066 1987 declaratur,
1111 1934 1168 1978 ut
1197 1925 1369 1994 impar
1399 1936 1482 1981 est
1511 1943 1767 1984 numerus
1797 1929 2031 1984 medium
2073 1932 2171 1985 ha-
2201 1932 2250 1992 B

597 2009 759 2075 hens,
785 2022 870 2066 est
892 2012 1090 2079 fantem
1118 2030 1394 2081 numerus,
1427 2018 1599 2085 impar
1630 2028 1712 2073 est
1736 2021 1891 2089 igitur
1922 2035 2175 2076 numerus

578 2114 851 2165 numerus
880 2104 1113 2158 medium
1140 2106 1364 2177 habens.
1402 2108 1467 2162 Et
1499 2110 1545 2163 si
1572 2110 1764 2164 simum
1803 2112 2002 2167 cavitas
2033 2113 2176 2167 naris

580 2199 699 2257 est.
728 2201 810 2246 est
840 2201 1019 2249 autem
1053 2196 1198 2251 naris
1226 2197 1384 2266 sima,
1414 2199 1517 2253 erit
1544 2215 1668 2269 ergo
1692 2202 1834 2255 naris
1852 2201 1999 2256 naris
2020 2218 2174 2261 cava.

598 2281 872 2351 Apparent
897 2294 1075 2340 autem
1111 2285 1289 2344 facere
1318 2304 1424 2343 non
1459 2289 1714 2346 facientes
1748 2292 2086 2363 quandoque,
2111 2305 2178 2348 eo

600 2374 745 2443 quod
776 2392 882 2431 non
911 2378 1240 2449 interrogant
1264 2380 1333 2453 (si
1354 2382 1615 2451 significet
1639 2381 1837 2453 aliquid
1861 2399 1957 2452 per
1983 2400 2042 2439 se
2062 2383 2177 2439 dic-

604 2472 716 2519 tum
745 2467 988 2536 duplum,
1011 2485 1078 2523 an
1110 2470 1272 2537 nihil,
1302 2482 1356 2526 ct
1384 2472 1430 2526 si
1456 2473 1656 2543 aliquid
1685 2473 1970 2545 significat,
1999 2483 2179 2532 utrum

601 2554 742 2611 idem
774 2573 840 2611 an
871 2559 1187 2630 diversum),
1210 2562 1304 2617 sed
1328 2564 1727 2620 conclusionem
1758 2565 1942 2621 dicunt
1970 2566 2174 2635 statim,

602 2657 657 2703 et
684 2660 907 2719 apparet
937 2660 1154 2721 pr0pter
1191 2670 1384 2710 nomen
1412 2656 1576 2723 idem,
1608 2671 1729 2713 esse
1754 2658 1895 2713 idem
1930 2668 1986 2715 et
2014 2659 2183 2730 signi-

600 2737 785 2794 ficare.
813 2742 1159 2799 Soloecismus
1180 2756 1358 2801 autem
1399 2747 1558 2816 quale
1587 2748 1711 2817 quid
1735 2758 1837 2815 est,
1868 2749 2069 2805 dictum
2096 2757 2183 2806 est

601 2831 772 2899 prius.
808 2831 901 2887 Est
928 2840 1105 2887 autem
1132 2844 1186 2890 et
1216 2834 1317 2890 hoc
1338 2836 1534 2903 facere,
1559 2848 1615 2894 et
1642 2854 1746 2894 non
1790 2840 2070 2896 facientem
2101 2842 2182 2897 vi-

600 2923 739 2994 deri,
773 2934 827 2979 et
862 2925 1138 2982 facientem
1170 2942 1274 2982 non
1318 2928 1508 2999 videri,
1538 2930 1988 2999 quemadmodum
2020 2934 2181 2987 Levi-

602 3030 704 3070 nus
745 3016 877 3071 dixit
917 3019 961 3073 si
994 3018 1177 3073 Venus
1225 3022 1573 3078 masculinum
1613 3032 1739 3078 est:
1771 3040 1892 3079 nam
1937 3026 2027 3095 qui
2055 3026 2185 3081 dicit

601 3107 821 3174 almam,
856 3110 1219 3167 solmcismum
1258 3113 1476 3182 quidem
1519 3116 1643 3171 facit
1677 3118 1971 3172 secundum
2008 3118 2183 3185 illum,

604 3214 709 3253 non
737 3210 960 3269 apparet
985 3212 1162 3257 antem
1191 3203 1343 3270 aliis;
1368 3206 1457 3275 qui
1479 3214 1660 3268 autem
1704 3207 1927 3276 almum,
1961 3218 2186 3279 apparet

1801 432 1911 489 AN.
1954 420 2173 521 hanc.“
2197 431 2351 490 sev.
2395 433 2616 490 eumn

2910 492 2917 497 .
3727 437 3862 497 1024

2857 550 3085 609 CAPUT
3136 552 3276 610 XIV.

2279 655 2359 713 De
2400 660 2740 715 occuttatt'one
2769 662 3078 733 sapitistica,
3114 675 3159 718 et
3190 673 3367 719 contra
3402 675 3610 722 ηιαεειε
3650 684 3862 736 respon-

2968 736 3163 789 dentes.

2350 845 2540 901 Diﬂ'ert
2583 854 2761 904 autem
2814 864 2920 904 non
2962 865 3150 919 parum
3193 851 3239 904 si
3279 851 3598 907 ordinentur
3629 852 3860 923 quodam

2284 936 2447 992 modo
2488 953 2551 994 ea
2590 955 2708 1009 quae
2758 940 2825 995 ad
2869 938 3346 1011 interrogationem
3393 953 3544 1007 sunt,
3598 952 3654 998 ut
3703 944 3864 999 lateat

2278 1030 2725 1098 quemadmodum
2759 1033 2812 1085 in
2847 1030 3162 1088 dialecticis.
3198 1032 3461 1104 Deinceps
3493 1034 3650 1104 igitur
3682 1049 3750 1089 ex
3797 1033 3865 1087 iis

2277 1135 2400 1190 qu:e
2429 1121 2571 1176 diCta
2597 1129 2743 1190 sunt,
2778 1121 2893 1178 haec
2918 1124 3144 1193 primum
3168 1124 3414 1180 dicenda.
3444 1125 3545 1180 Est
3589 1136 3767 1180 autem
3794 1123 3866 1178 ad

2278 1210 2733 1281 redarguendum,
2777 1228 2939 1267 unum
2972 1215 3188 1283 quidem
3218 1217 3519 1287 prolixitas,
3554 1233 3673 1271 nam
3716 1217 3867 1271 diffi-

2279 1304 2383 1360 cile
2408 1306 2569 1361 simul
2614 1306 2778 1361 multa
2828 1308 3161 1377 conspicere.
3218 1309 3297 1363 Ad
3328 1309 3687 1379 prolixitatem
3734 1322 3869 1363 vero

2280 1416 2401 1471 qua:
2426 1400 2764 1456 adducuntur
2790 1401 3095 1468 elementis,
3117 1403 3393 1458 utendum.
3424 1402 3596 1458 Unum
3647 1398 3864 1469 quidem

2282 1491 2574 1559 festinatio,
2608 1510 2729 1549 nam
2759 1494 3028 1550 tardiores
3058 1495 3236 1550 minus
3270 1493 3599 1564 praevident;
3636 1491 3864 1559 amplius

2282 1591 2461 1637 autem
2493 1585 2571 1637 ira
2597 1592 2651 1639 et
2678 1587 2974 1652 contentio,
3018 1600 3142 1640 nam
3182 1584 3485 1641 conturbati
3535 1585 3711 1636 minus
3740 1596 3863 1650 pos.

2284 1684 2408 1728 sunt
2437 1674 2727 1731 observare
2756 1692 2963 1733 omnes.
3011 1677 3287 1733 Elementa
3334 1660 3531 1730 autem'
3554 1674 3670 1728 iraa.
3705 1672 3863 1728 Mani-

2284 1765 2472 1822 festum
2499 1783 2709 1839 quoque
2745 1785 2866 1825 eum
2909 1770 3085 1826 facere
3112 1774 3200 1842 qui
3230 1771 3345 1825 vult
3383 1770 3529 1838 juste
3580 1783 3758 1838 agere,
3804 1775 3861 1824 et

2284 1862 2426 1916 circa
2451 1862 2628 1916 omnia
2658 1863 3018 1933 impudentem
3057 1879 3197 1920 esse.
3234 1863 3497 1933 Amplius,
3525 1862 3865 1933 permutatim

2276 1949 2722 2022 interrogationes
2754 1969 2970 2022 ponere,
3004 1955 3122 2010 sive
3150 1954 3218 2009 ad
3268 1954 3412 2010 idem
3453 1954 3641 2024 plures
3672 1952 3864 2009 habeat

2277 2042 2469 2112 aliquis
2496 2046 2788 2112 orationes,
2819 2046 2932 2100 sive
2959 2054 3015 2100 et
3044 2046 3185 2116 quod
3216 2046 3315 2113 sic,
3344 2055 3398 2100 et
3423 2045 3567 2115 quod
3611 2060 3715 2099 non
3741 2045 3816 2099 sic
3848 2062 3863 2100 :

2278 2135 2437 2190 simul
2467 2138 2608 2191 enim
2636 2137 2832 2192 accidit
2858 2146 2951 2192 aut
2977 2137 3045 2191 ad
3078 2138 3248 2207 plura,
3273 2146 3365 2191 aut
3389 2136 3455 2190 ad
3484 2139 3755 2192 contraria
3785 2137 3863 2191 fa-

2278 2242 2404 2283 cere
2448 2229 2904 2287 observationem.
2957 2231 3191 2287 Omnino
3238 2239 3413 2287 autem
3449 2232 3625 2286 omnia
3655 2246 3772 2301 quae
3798 2230 3868 2286 ad

2278 2319 2650 2376 occultandum
2690 2321 2831 2377 dicta
2879 2332 3006 2378 sunt
3049 2323 3220 2392 prius,
3270 2322 3418 2378 utilia
3451 2324 3611 2379 etiam
3640 2322 3707 2376 ad
3736 2337 3869 2377 con-

2280 2413 2535 2470 tentiosas
2576 2417 2884 2472 orationes:
2936 2432 3058 2471 nam
3102 2416 3392 2472 occultatio
3443 2414 3638 2471 latendi
3690 2414 3866 2484 gratia

2280 2514 2386 2573 est,
2438 2506 2605 2562 latere
2654 2516 2834 2563 autem
2865 2507 3219 2577 deceptionis.
3276 2507 3358 2563 Ad
3414 2521 3505 2563 eos
3539 2513 3718 2561 autem
3769 2505 3869 2575 qui

2270 2606 2512 2661 renuunt
2550 2613 2879 2669 quaecunque
2917 2599 3207 2671 opinantur
3250 2613 3372 2655 esse
3419 2598 3487 2653 ad
3532 2598 3859 2663 orationem,

2282 2702 2348 2743 cx
2393 2690 2676 2759 negatione
2719 2688 3154 2760 interrogandum
3202 2706 3302 2747 ceu
3346 2689 3675 2746 contrarium
3716 2688 3891 2755 velit,

2282 2780 2555 2836 autetiam
2580 2797 2649 2836 ex
2675 2796 2827 2852 aequo
2856 2783 3330 2855 interrogationem
3360 2783 3558 2851 facere,
3582 2797 3706 2837 nam
3737 2796 3862 2836 cum

2284 2870 2500 2926 dubium
2547 2881 2630 2928 est
2667 2873 2809 2944 quod
2861 2875 2976 2929 vult
3002 2890 3238 2943 sumere,
3271 2876 3448 2930 minus
3500 2874 3869 2929 insolescunt.

2287 2960 2355 3016 Et
2374 2963 2585 3033 quando
2617 2965 2669 3018 in
2699 2965 2935 3033 partibus
2963 2964 3173 3022 dederit
3214 2966 3481 3036 quispiam
3522 2964 3734 3035 singula
3786 2964 3872 3018 in.

2287 3054 2528 3121 ducenti,
2580 3057 2884 3111 universale
2931 3070 3075 3128 saepe
3130 3073 3237 3113 non
3278 3057 3713 3128 interrogandum
3764 3065 3871 3123 εει,

2288 3144 2381 3199 sed
2409 3155 2466 3199 ut
2498 3146 2621 3200 dato
2657 3146 2932 3213 utendum,
2969 3162 3089 3202 nam
3118 3146 3440 3218 quandoque
3471 3154 3659 3217 putant
3683 3154 3737 3200 et
3765 3140 3871 3210 ipsi

2289 3234 2524 3303 dedisse,
2557 3246 2611 3293 et
2648 3237 2988 3293 audientibus
3018 3253 3231 3309 quoque
3271 3245 3493 3308 apparet
3531 3232 3752 3307 propter
3784 3236 3870 3290 in-

602 3304 802 3394 autem,
834 3294 927 3348 sed
955 3309 1060 3349 non
1092 3296 1628 3399 facit-soloecismum.
1649 3299 1986 3356 Manifestum
2020 3303 2182 3373 igitur
2214 3308 2262 3371 (ἶ,
2296 3294 2561 3381 διλριίοηῖε
2603 3329 2935 3393 memoriam,
2965 3294 3393 3399 vel‘mi'periéde
3437 3294 3599 3398 διάξω
3635 3294 3751 3382 ἠοη
3784 3326 3870 3381 in,

603 3384 853 3437 quoniam
878 3393 931 3438 et
960 3400 1050 3440 ars
1078 3386 1321 3456 quaedam
1354 3388 1456 3445 hoc
1483 3400 1657 3459 potest
1686 3391 1883 3458 facere,
1942 3408 2008 3449 eo
2047 3395 2189 3463 quod

607 3473 787 3527 multa:
812 3475 1086 3530 orationes
1116 3492 1222 3532 non
1250 3478 1584 3547 colligentes,
1609 3482 1977 3538 solmcismum
2001 3486 2191 3541 viden-

604 3574 691 3619 tnr
729 3566 1003 3634 colligere,
1037 3577 1096 3620 ut
1142 3579 1197 3623 et
1231 3570 1283 3623 in
1312 3571 1798 3640 rcdargutionibus.
1823 3574 1960 3629 Sunt
2006 3586 2187 3634 autem

603 3672 792 3712 omnes
826 3671 963 3726 pene
1015 3670 1335 3727 apparentes
1376 3661 1667 3718 soloecismi
1722 3673 1941 3735 propter
1966 3666 2067 3722 hoc
2092 3709 2107 3736 ,
2135 3679 2192 3727 et

604 3747 818 3817 quando
838 3762 994 3801 casus
1024 3762 1197 3816 neque
1232 3751 1615 3817 masculinum,
1659 3769 1833 3825 neque
1864 3757 2185 3816 femininum

603 3838 887 3906 significat,
912 3839 1007 3893 sed
1033 3850 1314 3896 neutrum:
1341 3858 1460 3896 nam
1488 3843 1571 3898 hic
1592 3844 1806 3914 quidem
1835 3848 2189 3905 masculinum

604 3930 889 4000 signiticat,
923 3933 1039 3987 haec
1068 3942 1243 3987 autem
1275 3934 1623 4001 femininum;
1650 3935 1752 3991 hoc
1780 3952 1910 4003 vero
1939 3947 2189 3995 neutrum

603 4022 714 4076 vult
746 4021 1079 4091 significare,
1112 4040 1255 4094 saepe
1298 4034 1477 4080 autem
1520 4028 1787 4097 significat
1827 4039 1884 4084 et
1913 4030 2001 4084 illa
2041 4007 2190 4087 utra-

604 4127 745 4183 que,
776 4113 990 4182 utquid
1042 4122 1125 4169 est
1162 4114 1299 4169 hoc?
1341 4112 1614 4185 Calliope,
1650 4118 1871 4188 lignum,
1914 4120 2189 4179 Coriscus.

609 4204 884 4260 Masculini
938 4206 1096 4275 igitur
1129 4215 1183 4261 et
1233 4206 1473 4263 feminini
1503 4208 1754 4265 dili‘erunt
1781 4225 1937 4267 casus
1977 4228 2188 4281 omnes,

609 4295 787 4353 neutri
814 4296 870 4350 hi
900 4296 1140 4367 quidem,
1175 4297 1253 4351 illi
1279 4309 1457 4354 autem
1504 4315 1633 4355 non.
1665 4299 1798 4356 Cum
1835 4305 1992 4359 datur
2032 4306 2191 4376 igitur

606 4385 711 4441 hoc
748 4402 892 4457 saepe
912 4388 1170 4456 colligunt
1198 4388 1349 4457 quasi
1380 4388 1581 4444 dictum
1622 4394 1692 4447 sit
1735 4393 1896 4449 hunc.
1929 4396 2190 4453 Similiter

606 4488 782 4535 autem
807 4490 861 4533 et
882 4480 1042 4533 alium
1065 4494 1247 4534 casum
1271 4495 1372 4549 pro
1397 4483 1503 4536 alio
1559 4492 1781 4550 ponunt.
1818 4486 2063 4556 Captiosa
2096 4505 2189 4545 au-

609 4577 719 4625 tem
748 4569 1082 4625 ratiocinatio
1110 4571 1167 4624 fit
1190 4584 1256 4625 eo
1291 4571 1435 4642 quod
1490 4574 1593 4627 hoc
1640 4588 1925 4633 commune
1951 4578 2021 4632 sit
2067 4581 2188 4649 plu-

607 4665 742 4718 rium
775 4679 1024 4733 casnum,
1077 4681 1198 4720 nam
1233 4666 1333 4721 hoc
1375 4668 1641 4738 signiﬁcat
1691 4671 2014 4743 quandoque
2061 4676 2180 4743 hic,
2209 4691 2265 4752 Β

606 4758 925 4828 quandoque
947 4767 1125 4813 autem
1146 4759 1308 4814 hunc.
1340 4760 1569 4831 Oportet
1594 4771 1772 4819 autem
1798 4767 2033 4823 vicissim
2077 4770 2189 4840 sig-

606 4850 843 4929 nificare,
876 4866 1001 4904 eum
1023 4860 1105 4905 est
1130 4849 1345 4920 quidem
1369 4852 1478 4918 hic,
1507 4869 1629 4909 cum
1658 4869 1777 4911 esse
1814 4867 1992 4914 autem
2022 4862 2186 4929 hunc,

608 4951 662 4995 ut
691 4950 772 4995 est
794 4927 1065 5005 Coriscus,
1107 4955 1225 4995 esse
1262 4939 1558 4998 Coriscum.
1597 4945 1660 5000 Et
1690 4946 1742 5000 in
1786 4934 2053 5004 femininis
2091 4927 2187 5008 nos

602 5033 836 5087 minibus
861 5033 1130 5099 similiter,
1157 5049 1279 5088 nam
1304 5035 1355 5089 in
1386 5038 1637 5093 omnibus
1666 5040 1916 5096 similiter
1941 5052 1997 5098 et
2021 5054 2104 5099 est
2133 5055 2188 5102 et

602 5138 722 5178 esse
754 5123 951 5178 facient
981 5123 1359 5181 differentiam.
1392 5128 1456 5182 Et
1484 5129 1876 5197 quodammodo
1907 5133 1959 5187 in
1994 5134 2076 5190 his
2107 5137 2181 5192 si-

604 5215 745 5269 milis
783 5224 866 5270 est
900 5216 1237 5271 solmcismus
1267 5218 1333 5272 iis
1364 5219 1828 5289 redargutionibus
1860 5240 1979 5294 qua:
2019 5241 2181 5298 prop-

602 5317 684 5362 ter
718 5309 766 5362 id
791 5310 933 5379 quod
962 5325 1065 5363 non
1090 5310 1283 5365 similia
1306 5319 1396 5366 aut
1426 5322 1643 5382 propter
1671 5316 1890 5386 figuram
1934 5320 2182 5378 similiter

600 5403 874 5457 dicuntur.
917 5403 1045 5457 Nam
1076 5403 1526 5471 quemadmodum
1554 5405 1659 5461 illic
1690 5408 1741 5462 in
1768 5409 1949 5476 rebus,
1984 5412 2061 5467 sic
2092 5412 2181 5471 hic

600 5495 654 5546 in
686 5494 987 5548 nominibus
1010 5495 1201 5549 accidit
1222 5494 1581 5551 soloecismum
1608 5497 1783 5555 facere
1807 5520 1817 5555 :
1840 5518 1959 5557 nam
1991 5504 2173 5571 homo,

600 5596 647 5639 et
673 5585 870 5647 album,
888 5596 942 5641 et
964 5601 1071 5650 res,
1092 5594 1147 5642 et
1166 5602 1359 5657 nomen
1383 5598 1495 5653 est;
1517 5591 1853 5647 manifestum
1870 5593 2027 5665 igitur
2048 5609 2181 5665 quo-

602 5677 743 5730 niam
767 5679 1129 5733 solaacismnm
1157 5681 1464 5735 tentandum
1488 5693 1652 5737 estex
1671 5686 1825 5739 dictis
1846 5687 2058 5740 casibus
2071 5685 2182 5740 col-

602 5767 789 5831 ligere.
813 5771 1034 5838 Species
1060 5772 1217 5839 igitur
1236 5783 1360 5826 sunt
1390 5774 1470 5827 hae
1497 5777 1951 5831 contentiosarum
1983 5778 2181 5835 oratio-

603 5870 752 5925 num,
774 5868 828 5913 et
854 5871 1030 5930 partes
1056 5865 1376 5933 specierum,
1411 5873 1468 5923 et
1493 5868 1637 5923 modi
1664 5870 1754 5942 qui
1782 5869 1909 5925 dicti
1932 5881 2080 5931 sunt.

2297 3420 2649 3488 terrogaverit
2675 3434 2832 3475 vane.
2853 3420 2916 3474 Et
2940 3420 2995 3475 in
3019 3421 3213 3490 quibus
3236 3436 3342 3475 non
3363 3422 3580 3476 nomine
3603 3418 3871 3490 significa«

2294 3520 2380 3564 tur
2422 3511 2751 3580 universale,
2805 3514 3154 3570 similitudine
3188 3525 3362 3570 tamen
3415 3513 3668 3569 utendum
3699 3524 3781 3569 est
3807 3511 3873 3568 ad

2294 3602 2345 3656 id
2385 3601 2527 3670 quod
2572 3604 2807 3673 expedit,
2862 3620 2985 3658 nam
3039 3604 3170 3659 latet
3211 3604 3507 3659 similitudo
3537 3604 3890 3674 plerumque..

2293 3692 2360 3748 Et
2388 3694 2455 3749 ad
2497 3696 2813 3749 sumendum
2848 3698 3292 3765 propositionem,
3323 3694 3671 3762 contrarium,
3709 3710 3874 3764 opor-

2296 3794 2371 3840 tet
2413 3787 2773 3854 comparando
2832 3787 3184 3857 interrogare,
3237 3799 3297 3843 ut
3339 3787 3385 3842 si
3421 3783 3612 3843 debeat
3660 3802 3877 3844 sumere

2293 3877 2540 3946 quoniam
2566 3888 2776 3946 oportet
2807 3894 2900 3949 per
2927 3880 3103 3934 omnia
3135 3881 3271 3949 patri
3298 3878 3536 3945 obedire,
3567 3887 3747 3933 utrum
3781 3894 3877 3949 per

2293 3968 2471 4022 omnia
2521 3980 2770 4037 oporteat
2798 3969 3018 4025 obedire
3059 3971 3395 4041 parentibus,
3442 3986 3510 4025 an
3560 3985 3655 4041 per
3698 3971 3879 4024 omnia

2293 4074 2400 4115 non
2433 4061 2690 4116 obedire?
2713 4072 2769 4117 et
2788 4077 2931 4132 saepe
2963 4063 3035 4132 id,
3057 4071 3230 4117 utrum
3257 4063 3421 4118 multa
3452 4062 3879 4129 concedendum,

2291 4166 2359 4205 an
2405 4153 2610 4221 pauca?
2646 4153 2816 4223 magis
2858 4153 3002 4208 enim
3048 4155 3093 4207 si
3135 4168 3377 4219 necesse,
3409 4152 3731 4208 videbuntur
3754 4166 3881 4208 esse

2292 4245 2492 4300 multa?
2521 4246 2789 4315 Appositis
2815 4246 2957 4300 enim
2982 4245 3132 4316 juxta
3162 4260 3222 4302 se
3246 4246 3552 4312 contrariis,
3581 4246 3787 4300 minora
3813 4252 3877 4299 et

2291 4339 2493 4408 majora
2526 4352 2806 4410 apparent,
2848 4350 2905 4395 et
2948 4342 3127 4410 pejora
3168 4350 3223 4397 et
3266 4341 3487 4396 meliora
3538 4340 3876 4396 hominibus.

2296 4429 2459 4485 Valde
2487 4440 2662 4486 autem
2699 4441 2755 4487 et
2796 4446 2939 4502 smpe
2981 4433 3107 4487 facit
3135 4431 3301 4487 videri
3332 4431 3606 4502 redargui,
3640 4433 3876 4487 maxime

2291 4523 2577 4591 sophistica
2602 4523 2867 4579 calumnia
2900 4524 3368 4595 interrogantium,
3394 4540 3514 4579 cum
3543 4525 3678 4579 nihil
3716 4524 3877 4579 colli-

2289 4623 2477 4683 gentes
2508 4630 2613 4669 non
2637 4616 3119 4686 interrogationem
3151 4615 3352 4670 faciunt
3382 4616 3431 4670 id
3463 4617 3603 4686 quod
3645 4626 3728 4670 est
3754 4616 3879 4669 ulti-

2291 4723 2460 4778 mum,
2505 4712 2597 4765 sed
2644 4711 3025 4765 concludentcr
3073 4711 3259 4766 dicunt
3298 4710 3463 4765 veluti
3507 4709 3823 4779 colligentes
3858 4727 3876 4763 :

2292 4818 2396 4857 non
2427 4803 2583 4872 igitur
2615 4803 2716 4857 hoc
2737 4812 2791 4857 et
2819 4804 2940 4856 hoc.
2964 4802 3327 4871 Sophisticum
3352 4813 3530 4858 autem
3561 4813 3642 4858 est
3670 4815 3724 4857 et
3749 4818 3878 4858 cum

2289 4896 2507 4964 ponitur
2548 4895 2895 4964 inopinabile,
2926 4895 3070 4964 quod
3113 4903 3333 4963 apparet
3360 4896 3632 4963 postulare
3653 4909 3879 4963 respon-

2290 4985 2441 5050 dere,
2470 4988 2744 5056 proposito
2774 5002 2839 5042 eo
2865 4986 3007 5057 quod
3035 4986 3245 5042 videtur
3273 5002 3341 5042 ex
3371 4988 3659 5057 principio,
3693 4998 3749 5041 et
3786 4988 3874 5041 in-

2290 5078 2705 5146 terrogationem
2747 5078 2928 5131 talium
2968 5076 3046 5131 sic
3087 5076 3262 5133 facere
3302 5086 3479 5132 utrum
3511 5079 3602 5133 tibi
3625 5079 3877 5133 videtur?

2292 5182 2414 5221 nam
2446 5182 2665 5222 necesse
2707 5178 2789 5223 est
2813 5169 2857 5222 si
2887 5168 2956 5223 sit
2986 5169 3332 5240 interrogatio
3379 5185 3443 5225 cx
3485 5171 3681 5240 quihus
3709 5172 3876 5242 syllo-

2293 5259 2529 5327 gismus,
2573 5269 2666 5313 aut
2712 5259 3163 5327 redargutionem,
3206 5270 3297 5316 aut
3338 5262 3663 5331 inopinabile
3719 5264 3871 5329 fieri;

2290 5367 2410 5406 cum
2436 5352 2526 5405 dat
2554 5352 2789 5421 quidem,
2819 5352 3275 5424 redargutionem,
3302 5370 3423 5410 cum
3450 5368 3626 5411 autem
3652 5374 3755 5411 non
3780 5358 3875 5413 dat

2292 5458 2462 5513 neque
2502 5442 2630 5498 dare
2659 5443 2886 5508 videtur,
2938 5444 3134 5500 fatetur
3180 5447 3529 5516 inopinabile,
3579 5464 3700 5503 cum
3740 5466 3872 5506 vero

2288 5552 2391 5592 non
2423 5536 2536 5605 dat,
2582 5536 2749 5592 videri
2780 5548 2956 5592 autem
2997 5538 3218 5605 fatetur,
3248 5540 3639 5611 redargutionis
3668 5543 3868 5599 simile.

2287 5631 2556 5698 Amplius,
2581 5631 3029 5701 quemadmodum
3049 5635 3100 5686 in
3124 5632 3427 5699 rhetoricis,
3450 5646 3503 5690 et
3534 5636 3584 5689 in
3609 5636 3867 5705 redargu-

2288 5720 2518 5775 tionibus
2558 5722 2804 5777 similiter
2836 5724 3247 5778 contrarietates
3270 5725 3742 5792 considerandum,
3774 5734 3869 5783 aut

2283 5815 2352 5870 ad
2378 5830 2469 5869 eas
2488 5831 2605 5886 qua:
2626 5815 2692 5871 ab
2714 5816 2901 5871 eodem
2932 5826 3057 5872 sunt
3082 5816 3242 5872 dictae
3262 5826 3353 5870 aut
3376 5817 3440 5871 ad
3467 5834 3561 5872 eos
3587 5834 3720 5887 quos
3742 5802 3889 5872 con-M

2288 5908 2467 5963 fitetur
2505 5908 2640 5964 bene
2685 5908 2863 5967 dicere
2913 5917 3004 5966 aut
3036 5924 3212 5977 agere.
3254 5906 3521 5980 Amplius,
3554 5911 3617 5965 ad
3650 5923 3743 5965 eos
3772 5907 3867 5975 qui
