4248 6272
355 348 496 409 ιο25

920 333 1390 395 ELENCHORUM
1428 325 1975 390 SOPlllSTlCORUM
2013 321 2465 381 ARISTOTELIS
2504 321 3091 382 INTERPRETATIO.

3499 334 3638 392 1026

357 468 603 527 videntur
620 470 778 526 ta.es,
802 466 891 513 aut
912 456 977 511 ad
996 454 1225 519 similes,
1249 459 1341 506 aut
1361 449 1428 505 ad
1448 447 1726 517 plurimos,
1748 453 1841 499 aut
1870 442 1935 497 ad
1967 445 2019 507 Α
2042 440 2440 498 commendare.
2493 439 2575 494 Ad
2605 454 2699 495 eos
2728 448 2904 497 autem
2949 440 3039 512 qui
3069 453 3290 514 exrgunt
3328 446 3397 502 ad
3426 447 3632 520 aliquid

356 571 561 616 omnes.
578 546 1041 618 Quemadmodum
1057 554 1234 599 autem
1254 540 1647 610 respondentes
1660 550 1803 604 smpe
1818 549 1939 589 cum

358 651 746 717 redarguuntur
761 642 957 696 faciunt
979 636 1263 707 duplex,si
1280 635 1467 689 debeat
1487 629 1735 685 accidere
1759 628 1943 682 redar—

357 742 520 813 gutio,
558 749 611 793 et
642 730 1152 802 interrogationibus
1177 727 1433 783 utendum
1478 721 1797 793 quandoque
1828 719 1940 783 illo,

359 842 543 887 contra
575 830 857 889 instantes,
881 823 926 876 si
967 822 1051 895 sic
1095 819 1308 890 quidem
1362 816 1588 877 accidat,
1649 814 1728 867 sic
1765 818 1943 865 autem

358 938 487 985 non,
539 918 787 989 quoniam
838 917 881 967 si
941 910 1253 982 sumpserit,
1306 918 1361 961 ut
1412 906 1533 960 facit
1566 903 1841 973 Cleophon
1893 903 1946 955 in

360 1010 728 1073 Mandrobulo,
763 1011 976 1074 Oportet
1004 1002 1166 1057 etiam
1206 999 1530 1054 absistentes
1577 996 1644 1049 ab
1690 995 1947 1049 oratione

359 1088 557 1171 reliqua
602 1106 1041 1168 argumentorum
1073 1091 1341 1156 dividere,
1394 1100 1447 1144 et
1492 1085 1840 1157 respondenti
1882 1083 1951 1154 (si

358 1190 721 1265 praesenserit)
762 1188 911 1258 prius
956 1187 1159 1241 instare
1184 1194 1240 1239 et
1285 1182 1598 1252 praedicere.
1646 1178 1951 1248 Argumen-

359 1286 575 1340 tandum
608 1292 784 1337 autem
810 1278 1131 1349 quandoque
1156 1286 1213 1329 et
1246 1275 1312 1330 ad
1336 1272 1480 1328 aliud
1514 1272 1581 1326 ab
1605 1286 1672 1326 eo
1697 1268 1843 1351 quod.
1869 1269 1950 1321 di-

357 1388 501 1434 otum
531 1385 630 1439 est,
666 1374 794 1428 illud
828 1371 1189 1435 sumentibus,
1247 1370 1291 1424 si
1335 1383 1441 1422 non
1473 1366 1538 1420 ad
1583 1364 1635 1419 id
1666 1363 1807 1434 quod
1836 1359 1950 1431 pro-

359 1468 591 1539 positum
620 1475 701 1520 est
726 1464 919 1518 habeat
947 1461 1137 1531 aliquis
1174 1458 1560 1529 argumentari,
1607 1456 1747 1526 quod
1783 1455 1949 1524 Lyco-

361 1557 533 1627 pliron
582 1556 708 1611 fecit
753 1553 879 1607 dum
933 1551 1264 1622 propositum
1314 1558 1456 1603 esset
1498 1562 1562 1603 ex
1618 1556 1733 1600 arte
1778 1545 1949 1614 lyram

2047 530 2444 601 argumentari,
2490 538 2767 601 postquam
2814 532 3024 589 videtur
3061 544 3312 603 oportere
3359 540 3640 613 assignare

2048 637 2283 679 causam.
2311 621 2475 676 Dictis
2502 631 2679 678 autem
2703 623 3020 692 quibusdam
3044 628 3470 688 observabilibus
3490 639 3635 706 quod

2053 716 2427 771 universaliter
2475 716 2674 772 accidit
2722 718 2775 772 in
2827 720 3330 793 rcdargutionibus,
3390 740 3446 784 ut
3498 733 3640 792 dicat

2053 805 2558 873 contradiczionem,
2616 815 2673 860 ut
2722 809 2862 877 quod
2924 810 3211 869 affirmavit
3262 833 3496 889 negare,
3551 796 3648 883 aut

2055 897 2197 966 quod
2230 898 2437 965 nega'vit
2466 895 2772 963 affirmare;
2799 899 2895 954 sed
2932 917 3037 955 non
3070 906 3213 972 quod
3243 914 3636 974 contrariorum

2055 1000 2139 1045 est
2168 990 2355 1044 cadent
2386 989 2685 1061 disciplina,
2728 992 2812 1046 Vel
2852 1009 2958 1048 non
3009 997 3218 1053 eadem.
3267 1001 3382 1059 Non
3431 1021 3644 1076 oportet

2056 1093 2234 1138 autem
2277 1084 2681 1141 conclusionem
2728 1095 2784 1140 ut
2816 1090 3239 1157 propositionem
3271 1095 3643 1170 interrogare;

2057 1178 2302 1248 qumdam
2348 1187 2529 1233 autem
2584 1194 2756 1249 neque
2804 1180 3242 1254 interrogandum
3288 1200 3391 1257 est,
3440 1195 3534 1246 sed
3587 1206 3645 1251 ut

2055 1272 2328 1327 concessis
2349 1274 2626 1326 utendum.
2662 1273 2737 1328 Ex
2771 1276 2967 1344 quibus
3007 1276 3167 1348 igitur
3194 1280 3643 1354 interrogationes

2056 1374 2109 1420 ct
2129 1365 2396 1434 quomodo
2434 1367 2890 1437 interrogandum,
2925 1369 2978 1427 in
3006 1376 3410 1434 concertatoriis
3433 1380 3642 1437 exerci-

2040 1458 2349 1512 -tatiunibhs
2378 1456 2579 1513 dictum
2606 1468 2711 1515 est.

365 1676 3640 1714 ——-——-—————-'—-———_——O—II—_

1582 1770 1874 1851 LIBER
1928 1767 2489 1846 SECUNDUS.

871 1976 1101 2035 CAPUT
1151 1976 1437 2033 PRIMUM.

363 2080 445 2150 De
470 2094 692 2149 utilitate
740 2092 1073 2163 cognoscendi
1122 2091 1441 2163 saplzisticas
1480 2090 1737 2145 arationes
1783 2097 1829 2141 et
1864 2104 1959 2158 ap-

787 2162 973 2231 paratu
1007 2164 1074 2215 ad
1105 2179 1189 2217 eas
1231 2162 1523 2216 diluendas.

437 2282 512 2337 De
561 2280 910 2351 responsione
952 2289 1150 2346 autem,
1200 2288 1256 2334 et
1297 2277 1569 2349 quomodo
1609 2286 1822 2348 oportet
1846 2278 1958 2333 sol-

363 2386 513 2438 vere,
547 2380 603 2426 et
628 2371 774 2441 quid,
826 2380 881 2426 et
922 2370 987 2424 ad
1023 2385 1186 2439 quam
1217 2369 1507 2424 utilitatem
1538 2372 1812 2425 orationes
1854 2369 1955 2424 hu-

358 2464 591 2536 iusmodi
624 2474 870 2534 prosunt,
921 2474 1042 2534 post
1102 2464 1217 2518 haec
1265 2463 1573 2518 dicendum.
1628 2463 1797 2520 Utiles
1828 2479 1958 2537 ergo

359 2570 482 2613 sunt
505 2558 569 2612 ad
606 2559 994 2629 philosophiam
1020 2568 1240 2627 propter
1273 2557 1402 2612 duo.
1439 2556 1956 2629 Primumquidem,

361 2651 484 2722 quia
514 2664 577 2703 ea
606 2664 723 2719 qua:
770 2659 825 2702 ut
856 2648 1147 2719 plurimum
1199 2655 1416 2717 propter
1444 2647 1737 2702 dictionem
1792 2649 1949 2716 fiunt,

365 2742 564 2799 melius
592 2757 649 2796 se
699 2742 899 2797 habere
934 2741 1135 2795 faciunt
1162 2741 1227 2795 ad
1268 2740 1345 2807 id,
1376 2740 1755 2811 quatupliciter
1783 2744 1957 2811 quod-

363 2848 466 2902 que
496 2833 711 2900 dicitur,
743 2845 796 2889 et
837 2849 897 2890 ea
941 2849 1060 2904 qua:
1086 2834 1334 2889 similiter
1364 2843 1418 2888 et
1440 2850 1559 2904 quae
1591 2835 1748 2888 aliter
1792 2835 1846 2889 in
1872 2851 1959 2891 re-

363 2918 463 2985 bus
492 2925 740 2979 accidunt
760 2933 813 2980 et
853 2927 905 2978 in
943 2925 1275 2981 nominibus.
1309 2925 1618 2980 Secundum
1647 2936 1823 2981 autem
1844 2966 1860 2991 ,
1889 2924 1956 2981 ad

364 3030 456 3069 eas
485 3031 601 3081 quae
627 3030 720 3084 per
741 3016 974 3085 seipsum
1002 3015 1377 3085 inquisitiones
1411 3016 1571 3082 fiunt,
1603 3031 1725 3070 nam
1765 3016 1856 3086 qui
1890 3016 1957 3071 ab

363 3109 469 3165 alio
492 3107 649 3163 facile
679 3109 918 3179 captiose
949 3108 1169 3173 fallitur,
1209 3117 1264 3162 et
1292 3108 1344 3162 id
1394 3123 1502 3163 non
1546 3108 1725 3174 sentit,
1761 3117 1813 3162 et
1844 3108 1957 3178 ipse

364 3215 576 3270 quoque
623 3216 653 3254 a
711 3216 771 3256 se
819 3202 871 3255 id
905 3202 1104 3270 patitur
1134 3215 1394 3269 persaepe.
1428 3200 1665 3255 Tertium
1696 3215 1851 3265 vero,
1900 3208 1955 3255 et

365 3288 635 3360 reliquum
678 3292 871 3357 adhuc,
916 3292 984 3345 ad
1034 3292 1285 3363 gloriam,
1331 3307 1396 3345 eo
1435 3291 1577 3359 quod
1605 3291 1745 3345 circa
1775 3290 1953 3345 omnia

1984 1976 2035 2037 Β
2062 1980 2328 2040 oportere,
2361 1969 2439 2025 sic
2468 1970 2535 2025 ad
2560 1962 2873 2027 solvendum
2915 1974 3232 2047 quandoque
3260 1980 3431 2049 magis
3453 1983 3642 2051 opina-

2063 2064 2246 2119 biliter
2274 2080 2433 2133 quam
2488 2065 2553 2119 ad
2607 2067 2923 2133 veritatem;
2976 2083 3097 2123 nam
3126 2073 3347 2127 omnino
3388 2074 3651 2133 adversus

2060 2157 2423 2210 contentiosos
2464 2166 2548 2211 est
2590 2156 2981 2226 reluctandum,
3014 2176 3147 2216 .non
3204 2172 3261 2218 ut
3310 2165 3377 2219 ad
3421 2182 3515 2222 eos
3555 2170 3644 2239 qui

2061 2246 2407 2317 redarguunt,
2437 2246 2532 2301 sed
2562 2249 2651 2317 qui
2692 2248 3019 2321 redarguere
3044 2264 3323 2325 apparent.
3359 2256 3470 2312 Non
3501 2262 3644 2315 eni.n

2059 2338 2290 2394 dicimus
2338 2354 2434 2394 eos
2483 2340 2821 2412 syllogizare,
2873 2360 3037 2413 quare
3084 2356 3140 2401 ut
3184 2363 3287 2404 non
3336 2351 3642 2423 videantur,

2059 2432 2379 2489 emendandi
2421 2444 2577 2504 sunt;
2609 2450 2731 2490 nam
2771 2438 3146 2510 si'redargutio
3176 2452 3257 2497 est
3283 2446 3646 2505 contradictio

2059 2539 2166 2579 non
2194 2525 2463 2595 mquivoca
2493 2541 2563 2580 ex
2591 2527 2929 2596 quibusdam,
2961 2531 3092 2586 nihil
3123 2546 3258 2603 opus
3296 2544 3380 2590 est
3404 2537 3647 2596 dividere

2059 2616 2125 2669 ad
2154 2616 2483 2687 amphibola,
2514 2627 2568 2673 et
2618 2621 3093 2689 :equivocationein
3137 2626 3271 2696 (non
3333 2629 3474 2683 enim
3524 2631 3649 2689 facit

2059 2707 2470 2779 syllogismum),
2499 2710 2594 2765 sed
2626 2711 2823 2767 nullius
2851 2714 3071 2770 alterius
3094 2718 3264 2787 gratia
3296 2718 3646 2779 dividendum

2058 2810 2160 2866 est,
2196 2803 2294 2857 nisi
2324 2804 2445 2872 quia
2472 2804 2749 2877 conclusio
2787 2806 3003 2862 videtur
3030 2810 3394 2881 redargutioni
3435 2816 3648 2874 similis.

2058 2896 2173 2951 Non
2196 2912 2323 2968 ergo
2353 2899 2623 2968 redargui,
2676 2900 2770 2956 sed
2822 2903 2989 2959 videri
3046 2906 3294 2977 redargui
3346 2913 3648 2970 cavendum

2059 2998 2163 3056 est,
2197 3005 2260 3045 eo
2307 2990 2449 3059 quod
2497 2992 2789 3063 interrogat
2820 2997 3144 3064 amphibola,
3196 3010 3251 3055 et
3281 3017 3401 3072 quae
3430 3018 3647 3075 propter

2058 3081 2541 3149 mquivocationem
2576 3094 2722 3151 sunt,
2756 3094 2809 3140 et
2841 3103 3174 3160 quaecunque
3196 3093 3315 3148 aliae
3345 3095 3648 3166 hujusmodi

2056 3173 2422 3228 cavillationes
2469 3190 2589 3245 qua:
2643 3186 2700 3231 et
2740 3194 2923 3233 verant
2975 3181 3406 3254 redargutionem
3460 3192 3650 3249 adum-

2060 3263 2238 3329 brant,
2274 3275 2326 3318 et
2359 3266 2771 3337 redarguentem
2801 3280 2960 3342 atque
2991 3288 3099 3328 non
3126 3262 3536 3348 redargui-erilem
3568 3285 3652 3340 in-

364 3384 688 3438 exercitatus
735 3398 856 3437 esse
897 3381 1182 3446 videbitur,
1217 3392 1271 3435 et
1309 3380 1361 3434 in
1394 3380 1539 3435 nullo
1587 3394 1645 3433 se
1677 3381 1955 3447 inexperta

2058 3365 2266 3411 certum
2312 3357 2564 3414 reddunt.
2617 3361 2750 3417 Nam
2784 3363 2928 3434 (quia
2977 3365 3103 3423 licet
3152 3370 3204 3423 in
3247 3372 3353 3428 fine
3378 3389 3496 3429 cum
3524 3393 3653 3433 con-
3703 3442 3715 3449 ,

364 3472 589 3540 habere;
627 3491 745 3529 nam
777 3475 821 3529 si
852 3475 897 3530 is
937 3474 1026 3545 qui
1070 3475 1121 3528 in
1167 3472 1500 3528 orationibus
1532 3481 1615 3527 est
1646 3470 1950 3536 consocius,

366 3548 633 3621 orationes
663 3568 946 3637 vituperat,
978 3581 1098 3621 cum
1130 3565 1261 3620 nihil
1298 3564 1493 3619 habeat
1514 3563 1655 3633 quod
1696 3564 1953 3619 determi-

367 3666 455 3713 net
481 3657 547 3713 de
571 3658 863 3714 vitiositate
884 3646 1093 3720 earum,
1121 3657 1214 3712 dat
1236 3656 1594 3725 suspicionem
1618 3656 1758 3724 quod
1786 3655 1952 3710 videri

366 3748 491 3803 velit
520 3748 864 3815 insolescere,
925 3763 1030 3802 non
1060 3747 1182 3818 quia
1234 3762 1419 3802 verum
1475 3747 1566 3807 sit,
1616 3746 1709 3802 sed
1743 3759 1955 3817 propter

365 3837 707 3906 imperitiam.
752 3837 1227 3907 Respondentibus
1266 3849 1469 3905 autem,
1504 3838 1773 3907 quomodo
1813 3840 1957 3893 obsi~

368 3926 611 3980 stendum
643 3930 712 3979 sit
739 3927 1022 3980 adversum
1054 3927 1358 3996 liujusmodi
1388 3927 1683 3992 orationes,
1718 3927 1949 3983 manife-

368 4026 529 4085 stum,
563 4016 824 4087 siquidem
871 4027 1017 4072 recte
1046 4017 1273 4072 dicimus
1316 4019 1463 4087 prius
1491 4033 1557 4073 ex
1589 4017 1785 4087 quibus
1830 4026 1957 4072 sunt

369 4111 618 4176 captiosae
648 4109 1099 4175 ratiocinationes,
1129 4118 1183 4164 et
1211 4110 1253 4164 si
1280 4110 1427 4180 (qua:
1450 4109 1784 4179 inquirendae
1809 4109 1956 4179 sunt)

368 4198 884 4269 superabundantias
947 4199 1276 4256 sufficienter
1332 4201 1640 4255 divisimus.
1697 4200 1812 4254 Non
1871 4210 1957 4255 est

367 4306 544 4350 autem
576 4294 718 4350 idem
752 4303 1053 4350 sumentem
1086 4295 1382 4350 orationem
1411 4294 1619 4353 videre.
1662 4303 1716 4348 et
1743 4293 1957 4349 solvere

368 4384 733 4453 vitiositatem,
764 4396 816 4441 et
853 4387 1201 4455 interroganti
1243 4401 1402 4454 posse
1426 4400 1715 4441 occurrere
1759 4387 1955 4442 celeri-

370 4484 487 4541 ter;
535 4491 655 4530 nam
699 4477 841 4547 quod
882 4477 1103 4541 scimus,
1136 4491 1279 4547 saepe
1312 4476 1691 4545 transliositum
1742 4478 1957 4547 ignora-

370 4582 511 4625 mus.
542 4568 785 4639 Amplius
808 4580 984 4624 autem
1011 4570 1459 4651 quemadmodum
1491 4570 1543 4624 in
1567 4570 1707 4638 aliis,
1735 4570 1785 4624 id
1813 4572 1957 4641 quod

370 4663 524 4719 citius
554 4672 607 4719 et
629 4664 851 4733 tardius,
886 4678 952 4718 ex
981 4663 1367 4719 exercitatione
1403 4663 1474 4716 sit
1495 4664 1684 4731 magis,
1725 4663 1803 4716 sic
1828 4671 1881 4718 et
1904 4664 1957 4718 in

2055 3450 2261 3505 clusum
2293 3452 2453 3507 fuerit
2489 3452 2673 3510 dicere
2712 3472 2771 3512 se
2800 3473 2906 3513 non
2939 3460 3171 3531 idipsum
3198 3466 3342 3535 quod
3366 3468 3651 3530 affirmavit

2056 3564 2273 3632 negare,
2331 3552 2424 3605 sed
2477 3552 2901 3633 tequivoceDaut
2966 3559 3352 3629 amphibolice,
3405 3570 3651 3635 quamvis

2056 3656 2215 3710 quam
2246 3642 2476 3697 maxime
2498 3644 2760 3715 contingit
2810 3646 2864 3700 in
2915 3647 3052 3703 idem
3100 3650 3260 3720 ferat)
3309 3655 3570 3712 incertum
3603 3661 3650 3716 si

2058 3734 2377 3804 redargutus
2422 3747 2542 3800 cst;
2593 3737 2859 3793 incertum
2912 3742 3056 3796 enim
3100 3745 3145 3798 si
3176 3761 3295 3802 vera
3327 3763 3468 3805 nunc
3497 3750 3647 3809 dicit.

2058 3824 2115 3879 Si
2144 3841 2272 3881 vero
2309 3827 2554 3883 dividens
2585 3830 2967 3904 interrogasset
3014 3838 3348 3905 :equivocum
3391 3855 3483 3898 aut
3533 3860 3649 3901 am-

2058 3917 2357 3987 phibolum,
2404 3936 2511 3975 non
2552 3932 2700 3976 certa
2726 3936 2871 3979 esset
2912 3927 3244 3998 redargutio,
3278 3939 3531 4003 quoniam
3564 3956 3651 3996 re-

2058 4012 2277 4078 quirunt
2302 4011 2462 4081 (nunc
2478 4013 2691 4082 quidem
2717 4015 2913 4082 minus,
2942 4018 3086 4085 prius
3102 4031 3282 4077 autem
3308 4030 3501 4096 magis)
3519 4045 3649 4084 con-

2059 4102 2293 4164 tcntiosi,
2322 4102 2399 4155 sic
2433 4103 2630 4157 veln0n
2651 4107 3114 4172 respondereeum
3138 4112 3226 4179 qui
3262 4114 3646 4187 interrogatur,

2059 4192 2102 4282 si
2134 4192 2244 4246 fieri
2269 4203 2464 4261 potest.
2486 4194 2635 4251 Nunc
2661 4205 2835 4252 autem
2858 4200 2980 4269 quia
3012 4216 3118 4256 non
3149 4203 3286 4260 bene
3319 4207 3652 4282 interrogant

2060 4281 2428 4352 inquirentes,
2484 4300 2704 4341 necesse
2775 4298 2857 4342 est
2914 4298 2973 4344 ut
3044 4294 3369 4362 respondeat
3444 4281 3646 4371 aliquid

2060 4375 2105 4429 is
2137 4377 2221 4446 qui
2271 4377 2623 4449 interrogatus
2650 4387 2762 4447 est,
2795 4383 3087 4440 emendans
3120 4388 3306 4443 vitium
3343 4389 3646 4464 interroga-

2062 4468 2241 4531 tionis,
2275 4469 2396 4537 quia
2430 4470 2600 4523 diviso
2637 4470 2990 4543 sufficienter,
3021 4478 3105 4532 vel
3137 4480 3236 4547 sic,
3269 4482 3351 4538 vel
3382 4499 3519 4551 non,
3554 4502 3651 4541 nc-

2063 4575 2213 4616 cesse
2263 4571 2345 4616 est
2397 4562 2578 4617 dicere
2632 4568 3072 4634 respondentem.
3124 4571 3177 4626 Si
3229 4583 3406 4629 autem
3460 4578 3654 4649 aliquis

2066 4663 2212 4723 putet
2232 4654 2526 4708 secundum
2550 4656 3029 4725 arquivocationem
3052 4662 3486 4737 redargutionem
3511 4686 3652 4736 esse,

369 4754 696 4829 orationibus
726 4770 784 4808 se
835 4755 1029 4820 habet;
1081 4769 1247 4824 quare
1277 4754 1321 4807 si
1374 4752 1716 4829 manifestum
1747 4755 1961 4823 quidem
1990 4742 2045 4803 D
2068 4745 2463 4815 quodammodo
2496 4762 2602 4801 non
2633 4749 2737 4804 erit
2781 4753 3197 4821 respondentem
3242 4758 3493 4830 effugere,
3526 4764 3653 4833 quin

370 4846 438 4899 sit
464 4846 634 4913 nobis,
667 4845 959 4901 immediati
1007 4855 1185 4901 autem
1234 4845 1423 4910 simus,
1459 4845 1735 4913 privamur
1765 4861 1964 4915 oppor-

370 4924 678 4995 tunitatibus
702 4939 1027 5009 frequenter.
1060 4924 1268 4996 Accidit
1295 4949 1474 4995 autem
1500 4940 1823 5010 quandoque
1855 4942 1959 4997 sic-

368 5044 424 5086 ut
452 5034 503 5087 iu
531 5032 786 5088 linearum
820 5034 1270 5105 descriptionibus
1303 5035 1459 5107 (nam
1490 5044 1543 5090 et
1586 5035 1697 5089 illic
1744 5035 1961 5090 solven-

368 5130 446 5176 tes
493 5122 812 5192 quandoque
860 5138 1189 5193 componere
1219 5139 1407 5181 verum
1458 5141 1563 5180 non
1623 5126 1960 5196 possumus),

368 5211 445 5263 sic
511 5220 562 5264 ct
615 5202 665 5265 in
718 5212 1211 5281 redargutionibus,
1264 5229 1385 5268 nam
1443 5214 1961 5284 scientes'propter

367 5295 508 5368 quid
546 5302 846 5356 orationem
895 5302 1095 5356 accidit
1142 5314 1487 5367 connectere,
1538 5303 1751 5358 solvere
1782 5312 1959 5359 tamen

367 5389 661 5445 oratiunem
696 5391 928 5461 impotes
958 5408 1170 5448 sumus.

997 5482 1226 5539 CAPUT
1263 5486 1326 5540 ll.

620 5571 696 5626 De
733 5576 1004 5644 apparenti
1041 5576 1294 5631 solutione
1332 5579 1702 5649 respondentis.

445 5661 680 5719 Primum
705 5665 865 5737 igitur
891 5668 1341 5737 quemadmodum
1367 5671 1681 5742 syllogizare
1702 5669 1953 5741 dicimus,

367 5752 710 5823 opinabiliter
760 5744 1080 5827 quandoque
1129 5763 1298 5831 magis
1347 5778 1506 5833 quam
1553 5778 1698 5829 vere,
1758 5762 1957 5832 eligere

2065 4837 2454 4908 redarguatur;
2490 4854 2610 4894 nam
2644 4840 2696 4895 in
2740 4842 2806 4896 iis
2843 4858 2963 4907 quae
3006 4848 3177 4903 oculis
3206 4851 3441 4923 subjecta
3489 4867 3653 4925 sunt,

2066 4934 2428 4988 necessarium
2454 4935 2595 5005 quod
2623 4936 2911 4993 affirmavit
2942 4956 3139 5012 negare
3171 4961 3364 5001 nomen
3386 4991 3400 5015 ,
3431 4959 3487 5005 et
3513 4953 3654 5022 quod

2067 5024 2278 5094 negavit
2317 5025 2609 5082 affirmare.
2666 5030 2822 5084 Enim
2869 5047 2999 5088 vero
3040 5044 3098 5089 ut
3141 5036 3353 5093 diluunt
3401 5043 3655 5111 quidam,

2067 5117 2199 5172 nihil
2231 5118 2468 5187 prodest,
2515 5135 2635 5173 nam
2670 5137 2776 5177 non
2816 5121 3089 5179 Coriscum
3131 5128 3279 5183 aiunt
3309 5147 3430 5187 esse
3475 5138 3647 5191 musi-

2073 5222 2195 5263 cum
2226 5218 2285 5264 et
2315 5226 2417 5264 non
2453 5210 2739 5281 musicum,
2767 5215 2861 5269 sed
2892 5214 3031 5272 hunc
3053 5216 3329 5276 Coriscum
3359 5228 3647 5298 musicum,

2070 5310 2124 5354 et
2150 5299 2292 5357 hunc
2311 5302 2586 5358 Coriscum
2613 5319 2719 5359 non
2752 5307 3036 5362 musicum.
3067 5310 3264 5366 Eadem
3296 5328 3524 5386 namque
3551 5321 3656 5375 erit

2071 5393 2245 5447 oratio
2274 5392 2584 5461 Coriscum,
2628 5397 2677 5449 ei
2723 5413 2840 5464 quae
2872 5408 2956 5453 est
2998 5400 3137 5455 hunc
3164 5400 3439 5461 Coriscum
3486 5413 3654 5468 musi—

2073 5500 2194 5540 cum
2225 5500 2365 5549 esse,
2396 5487 2479 5540 vel
2508 5502 2612 5541 non
2645 5490 2927 5559 musicum,
2961 5494 3101 5563 quod
3129 5495 3284 5550 simul
3309 5498 3577 5557 affirmant
3602 5514 3657 5561 et

2074 5584 2289 5648 negant.
2331 5576 2435 5632 Sed
2463 5577 2689 5635 fortasse
2720 5594 2821 5635 non
2856 5582 2996 5637 idem
3029 5585 3370 5655 significant,
3405 5607 3525 5646 nam
3556 5611 3655 5651 nec

2064 5671 2173 5726 illic
2204 5684 2427 5738 nomen,
2458 5684 2623 5739 quare
2670 5672 2725 5726 in
2771 5672 2950 5742 aliquo
2992 5675 3190 5733 differt.
3221 5679 3278 5736 Si
3326 5692 3502 5738 autem
3551 5686 3653 5744 hoc

2064 5763 2277 5834 quidem
2317 5762 2631 5834 simpliciter
2670 5765 2896 5823 dicendo
2939 5767 3219 5829 Coriscum
3261 5777 3533 5849 assignet,
3577 5778 3656 5836 illi
