4248 6272
592 360 728 419 1027

1832 361 1941 416 ΑΝ.
1985 360 2191 417 MANL.
2233 360 2384 446 sev.
2426 359 2649 418 nomn

3739 358 3883 424 {028

587 489 764 535 autem
793 472 953 560 addat
980 475 1229 545 aliquem,
1260 472 1538 537 authunc,
1573 473 1868 529 absurdum
1904 484 2007 531 cst.
2038 476 2183 532 Nihil
2218 481 2263 542 Α
2294 478 2544 544 sumitur,
2575 477 2668 533 sed
2712 477 3086 549 similitudine,
3134 480 3417 537 dicendum
3465 482 3606 553 quod
3655 496 3762 538 non
3794 485 3878 542 sic

595 572 737 624 enim
770 568 939 638 magis
968 580 1125 635 quam
1166 563 1413 631 alterum,
1441 564 1697 619 utrolibet
1736 564 1879 619 enim
1914 564 2040 618 nihil
2075 566 2175 617 dir-

587 662 709 716 fert.
740 658 855 712 Non
901 655 980 711 sic
1022 654 1203 726 igitur,
1232 655 1326 710 sed
1368 655 1491 725 quia
1543 655 1782 709 incertus
1830 656 2045 724 quidem
2100 668 2181 708 εει

587 752 678 820 qui
709 762 817 804 non
846 747 1229 803 determinavit
1254 745 1679 816 ambiguitatem,
1708 756 1885 802 utrum
1922 748 2179 816 redargu-

588 854 671 898 tus
696 851 778 896 est
810 840 894 896 vel
925 855 1031 895 non
1062 838 1402 910 redargutus,
1434 838 1617 893 datum
1657 846 1835 893 autem
1866 848 1949 893 est
1977 838 2028 892 in
2060 855 2180 892 ora-

586 933 820 988 tionibus
864 932 1127 998 dividere,
1178 928 1519 985 manifestum
1569 930 1710 999 quod
1760 943 1865 984 non
1913 928 2181 983 determi-

588 1027 764 1082 nando
791 1027 923 1081 dare
964 1024 1469 1093 interrogationem,
1500 1032 1552 1078 et
1578 1022 1795 1093 quidem
1844 1023 2176 1093 simpliciter,

588 1130 863 1192 peccatum
895 1128 1004 1185 est,
1038 1118 1290 1189 quoniam
1330 1117 1428 1173 etsi
1466 1132 1571 1172 non
1625 1119 1758 1185 ipse,
1792 1125 1972 1172 tamen
2007 1120 2181 1170 oratio

588 1214 890 1282 redargutae
920 1212 1110 1266 similis
1140 1220 1242 1265 est.
1276 1210 1488 1266 Accidit
1519 1218 1697 1264 autem
1744 1221 1891 1279 saepe
1933 1207 2180 1264 videntes

588 1305 973 1374 amphiboliam
1022 1311 1332 1371 torpescere
1382 1301 1641 1368 dividere,
1687 1316 1753 1357 eo
1801 1301 1944 1373 quod
1992 1302 2181 1356 crebra

594 1399 723 1454 talia
772 1405 1165 1468 proponantur,
1214 1409 1281 1450 ne
1322 1394 1390 1451 ad
1434 1409 1595 1450 omne
1642 1395 1924 1449 videantur
1971 1393 2182 1448 molesti

591 1505 738 1555 esse,
770 1488 966 1545 deinde
997 1503 1103 1543 non
1146 1488 1455 1557 potantibus
1505 1496 1725 1557 propter
1754 1485 1806 1540 id
1840 1484 1953 1541 fieri
1986 1485 2209 1540 oratio-'

593 1598 715 1641 nem
732 1625 748 1649 ,
779 1597 923 1652 smpe
948 1580 1190 1653 profecto
1216 1579 1451 1634 occurrit
1478 1564 1825 1647 inopinabile,
1854 1585 2184 1647 quapropter

589 1676 713 1747 quia
739 1676 923 1730 datum
952 1682 1065 1741 est,
1100 1671 1340 1728 dividere
1389 1671 1531 1726 haud
1571 1670 1930 1725 cunctandum
1950 1711 1963 1734 ,
1992 1682 2183 1738 quem-

588 1767 874 1824 admodum
903 1765 1103 1820 dictum
1151 1774 1235 1819 est
1267 1764 1434 1833 prius.
1461 1763 1517 1817 Si
1555 1770 1731 1816 autem
1773 1760 1905 1816 duas
1947 1760 2183 1814 interro-

2283 568 2462 622 «Ιηιιηη
2497 579 2606 636 est,
2642 587 2812 644 neque
2843 584 2900 627 ut
2928 575 3233 644 proposuit,
3268 576 3458 641 sumit,
3492 591 3613 630 nam
3646 587 3876 647 propter

2283 663 2331 715 id
2379 664 2433 716 fit
2479 677 2622 732 srcpe
2653 664 2980 736 redargutio.
3011 666 3147 722 Cum
3178 676 3355 723 autem
3404 667 3718 735 prohibetur
3748 670 3858 735 his,

2287 756 2350 808 ad
2386 755 2432 808 id
2464 759 2602 825 quod
2637 772 2741 811 non
2774 758 2909 813 bene
2939 766 3217 813 ostensum
3250 770 3332 816 est
3372 760 3696 815 redeundum
3717 803 3730 823 ,
3763 762 3869 815 ob-

2289 848 2585 904 sistendum
2640 860 2817 905 autem
2866 852 3159 907 secundum
3209 852 3419 906 dictam
3458 853 3865 907 determinatio-

2292 956 2434 995 nem.
2469 942 2521 993 In
2556 940 2624 994 iis
2656 941 2812 1011 igitur
2839 959 2955 1012 quin
2997 943 3211 1012 proprie
3239 942 3489 996 dicuntur
3533 943 3861 1009 nominibus,

2289 1047 2512 1088 necesse
2559 1042 2637 1085 est
2688 1035 3043 1102 respondere,
3092 1036 3173 1089 vel
3225 1033 3558 1103 simpliciter,
3603 1034 3686 1087 vel
3736 1034 3879 1088 divi-

2286 1125 2484 1180 dendo.
2515 1126 2644 1192 Quae
2686 1134 2860 1179 autem
2893 1125 3355 1195 subintelligentes
3398 1125 3778 1193 proponimus,
3818 1133 3883 1178 nt

2287 1230 2617 1286 quaecunque
2658 1232 2761 1269 non
2797 1216 2969 1284 plane.
3009 1216 3101 1269 sed
3132 1217 3415 1269 truncatim
3446 1216 3876 1283 interrogantur,

2289 1318 2510 1376 propter
2542 1306 2591 1359 id
2635 1305 2831 1360 accidit
2881 1306 3205 1373 redargutio,
3240 1313 3296 1356 ut
3345 1315 3572 1373 putasne
3612 1304 3885 1374 quidquid

2286 1406 2371 1450 est
2404 1396 2807 1450 Atheniensium
2833 1438 2845 1459 ,
2883 1396 3151 1463 possessio
3178 1404 3261 1449 est
3294 1393 3744 1449 Atheniensium?
3774 1394 3877 1448 sic.

2288 1488 2549 1541 Similiter
2578 1495 2837 1539 autemet
2882 1487 2932 1539 in
2976 1486 3130 1539 aliis?
3171 1488 3317 1555 atqui
3353 1485 3511 1539 homo
3552 1494 3634 1539 est
3674 1485 3881 1539 Miillle

2290 1579 2578 1646 liutn,'sic.
2618 1578 2891 1632 P0>SCSSit|
2944 1579 3100 1647 igitur
3143 1577 3484 1640 animalium,
3522 1576 3697 1629 ltomo.
3744 1575 3878 1632 Nam

2290 1670 2563 1724 hominem
2597 1668 2905 1723 animalium
2940 1678 3061 1722 esse
3101 1668 3348 1732 dicimus,
3385 1668 3506 1738 quia
3538 1666 3737 1720 animal
3764 1675 3874 1732 est,

2286 1775 2340 1818 et
2368 1763 2702 1835 Lysandrum
2746 1761 3318 1825 Lacedaemoniorum,
3368 1760 3490 1830 quia
3537 1759 3875 1816 Lacedaemo-

588 1860 832 1933 gationes
861 1872 966 1912 non
1007 1871 1163 1910 Ullam
1196 1855 1321 1909 faCil
1346 1853 1634 1925 quisquam
1665 1851 2175 1922 interrogationem.
2208 1876 2258 1937 Β
2288 1856 2406 1910 nius
2455 1865 2555 1909 cst.
2588 1842 2922 1907 Manifestum
2956 1852 3116 1922 igitur
3144 1852 3396 1922 quoniam
3447 1852 3499 1905 in
3544 1852 3737 1922 quibus
3783 1853 3879 1905 ob-

588 1971 695 2012 non
745 1960 962 2024 prepter
1008 1948 1488 2021 atquivocationem
1519 1948 1600 2001 vel
1651 1944 2033 2014 amphiboliam
2085 1942 2179 1998 fiet

2281 1962 2497 2002 scurum
2529 1955 2612 2000 ext
2638 1944 2781 2013 quod
2815 1945 3156 2014 proponitur,
3188 1958 3294 1999 non
3336 1943 3653 2012 simpliciter
3686 1957 3875 1997 conce-

588 2045 829 2116 eaptiosa
871 2042 1155 2106 collectio,
1202 2055 1382 2095 nonne
1412 2038 1721 2108 redargutio
1754 2051 1821 2090 an
1863 2033 2010 2090 non?
2040 2034 2179 2103 Quid
2281 2038 2533 2093 dentium.
2564 2036 2790 2104 Quando
2822 2049 2953 2089 vero
2982 2035 3191 2089 duobus
3221 2035 3577 2089 eximentibus
3607 2048 3728 2090 cum
3775 2035 3878 2093 hoc

588 2139 729 2196 enim
770 2135 948 2192 differt
990 2135 1321 2206 interregare
1362 2133 1408 2188 si
1449 2132 1645 2188 Callias
1685 2138 1740 2185 et
1784 2129 2179 2184 Themistocles

588 2229 782 2292 musici
810 2230 955 2294 sint,
992 2242 1152 2300 quam
1196 2226 1244 2280 si
1290 2222 1554 2280 ambobus
1599 2210 1762 2277 unum
1812 2235 2006 2274 nomen
2037 2227 2182 2274 esset

589 2322 942 2383 existentibus
986 2318 1251 2377 diversis?
1282 2332 1404 2373 nam
1448 2316 1495 2371 si
1524 2314 1675 2385 plura
1721 2312 1988 2381 significat
2016 2324 2179 2381 quam

590 2431 787 2482 unum,
818 2414 967 2485 plura
999 2410 1381 2480 interrogavit;
1415 2407 1459 2461 si
1500 2406 1662 2477 igitur
1696 2420 1802 2458 non
1849 2410 2053 2457 rectum
2097 2408 2181 2456 est

590 2510 658 2566 ad
682 2510 817 2565 duas
846 2506 1293 2576 interrogationes
1322 2517 1483 2557 unam
1511 2500 1919 2570 reSponsionem
1952 2509 2180 2551 censere

581 2614 802 2658 sumere
836 2596 1173 2666 simpliciter,
1214 2594 1557 2649 manifestum
1600 2592 1852 2662 quoniam
1905 2589 2036 2643 nulli
2081 2602 2179 2642 eo-

591 2708 708 2749 rum
735 2699 864 2761 qute'
898 2688 1170 2756 mquivoca
1210 2694 1365 2748 sunt,
1396 2683 1645 2738 convenit
1689 2680 2016 2750 respondere
2044 2680 2179 2732 sim-

497 2834 507 2843 .
594 2786 823 2856 pliciter,
852 2795 951 2837 nec
974 2779 1020 2834 si
1043 2778 1111 2834 de
1134 2776 1383 2833 omnibus
1413 2774 1628 2845 quidem
1660 2787 1848 2827 verum
1881 2770 1981 2835 sit,
2015 2768 2182 2823 veluti

592 2884 815 2936 censent
839 2872 1089 2946 quidam,
1123 2868 1253 2925 nihil
1281 2868 1424 2924 enim
1457 2866 1631 2920 diliert
1673 2864 1799 2930 hoc,
1831 2877 1990 2934 quam
2023 2861 2069 2915 si
2099 2860 2181 2914 in-

594 2975 954 3038 terrogasset:
985 2964 1242 3021 Coriscns
1268 2972 1323 3017 et
1352 2960 1550 3016 Callias
1577 2968 1752 3013 utrum
1784 2955 1929 3015 domi
1960 2953 2086 3017 sint,
2111 2968 2180 3007 an

595 3079 700 3119 non
741 3062 845 3115 sint
874 3057 1055 3114 domi?
1084 3057 1196 3111 sive
1228 3053 1405 3108 adsint
1445 3051 1622 3116 ambo,
1654 3050 1764 3104 sive
1810 3063 1916 3101 non
1963 3044 2180 3111 adsint,

593 3156 841 3224 utrinque
888 3148 1030 3205 enim
1079 3147 1261 3216 plures
1305 3141 1727 3214 propositiones.
1779 3139 1894 3192 Non
1942 3138 2084 3192 enim
2133 3134 2179 3190 si

546 3288 551 3293 ρ
596 3260 779 3302 verum
809 3252 890 3299 est
917 3242 1117 3307 dicere,
1150 3235 1498 3308 interrogatio
1525 3244 1742 3303 propter
1770 3231 1821 3286 id
1850 3246 1975 3296 una,
2004 3228 2180 3299 possi-

592 3341 697 3397 bile
723 3346 805 3393 est
842 3338 985 3390 enim
1014 3332 1080 3387 ad
1120 3331 1300 3387 decies
1342 3328 1588 3383 millenas
1633 3328 1987 3395 interrogatas
2017 3336 2171 3391 qua:-

596 3436 820 3498 stiones,
853 3442 1039 3484 omnes
1067 3425 1145 3481 sic
1189 3423 1271 3479 vel
1320 3439 1426 3476 non
1470 3434 1655 3475 verum
1684 3424 1769 3472 est
1813 3416 2016 3479 dicere,
2046 3422 2183 3468 atta-

596 3541 717 3583 men
748 3530 965 3578 nonest
1006 3515 1436 3587 respondendum
1481 3528 1584 3567 una
1627 3511 2012 3578 responsione:
2046 3508 2178 3560 intcv

595 3619 806 3674 rimitur
840 3612 983 3669 enim
1017 3606 1325 3678 disputatio.
1357 3604 1412 3659 ld
1440 3611 1616 3656 autem
1645 3588 1817 3653 simi-le
1850 3612 1912 3652 ac
1952 3597 1995 3651 si
2039 3596 2179 3649 idem

597 3722 790 3765 nomen
834 3706 1137 3773 imponatur
1166 3695 1415 3752 diversis.
1442 3694 1500 3749 Si
1543 3690 1705 3762 igitur
1747 3704 1849 3743 non
1880 3696 2090 3755 oportet
2113 3686 2179 3739 ad

594 3804 727 3857 duas
757 3792 1205 3865 interrogationes
1235 3803 1396 3843 unam
1437 3784 1841 3854 responsionem
1884 3781 2037 3843 dare,
2071 3794 2181 3832 nia-

595 3895 845 3952 nifestum
885 3885 1134 3962 quoniam
1177 3898 1277 3939 nec
1312 3881 1366 3936 in
1415 3878 1700 3949 aequivocis
1742 3876 1820 3930 sic
1848 3876 1931 3929 vel
1965 3888 2068 3927 non
2100 3872 2180 3926 di-

597 3984 862 4051 cendum,
896 3993 1067 4048 neque
1118 3977 1261 4032 enim
1289 3974 1382 4044 qui
1427 3971 1561 4026 dixit
1609 3966 1928 4039 respondet,
1975 3962 2184 4018 tametsi

596 4080 764 4143 dixit;
795 4074 889 4131 sed
923 4072 975 4129 id
1004 4071 1257 4126 amittunt
1285 4068 1511 4136 quodam
1545 4061 1703 4116 modo
1735 4061 1785 4115 in
1815 4054 2185 4128 disputationi-

594 4173 716 4241 bus,
761 4185 825 4224 eo
866 4166 1008 4236 quod
1052 4164 1213 4217 lateat
1258 4159 1399 4230 quod
1450 4156 1665 4212 accidit.
1712 4149 2185 4221 Quemadmodum

597 4265 755 4335 igitur
785 4259 1014 4315 diximus
1044 4254 1183 4325 quod
1216 4251 1618 4320 redargutiones
1644 4243 1889 4315 quazdam
1931 4242 2186 4295 videntur

594 4333 715 4411 esse
741 4367 863 4408 cum
891 4364 995 4404 non
1020 4355 1173 4412 sunt,
1206 4344 1394 4399 eodem
1432 4354 1642 4409 quoque
1674 4335 1833 4390 modo
1868 4344 1923 4388 et
1954 4333 2184 4386 solutio-

594 4460 691 4501 nes
732 4440 973 4513 qucedam
1016 4436 1265 4491 videnlur
1313 4446 1463 4493 esse,
1504 4443 1623 4496 qua:
1672 4441 1777 4480 non
1826 4432 1989 4487 sunt,
2046 4436 2181 4489 quas

596 4540 823 4596 dicimus
873 4531 1193 4604 quandoque
1236 4540 1414 4595 operae
1469 4523 1696 4592 pretium
1756 4517 1925 4585 magis
1987 4513 2186 4569 afferre

596 4645 753 4703 quam
782 4642 933 4683 veras
956 4629 1008 4680 in
1028 4619 1377 4679 contentiosis
1403 4614 1762 4676 orationibus,
1791 4620 1846 4666 et
1874 4611 1925 4664 in
1950 4625 2009 4666 ea
2044 4610 2185 4680 (qu-.e

2206 3282 2255 3347 C

2280 2128 2494 2199 quidem
2525 2138 2630 2187 est,
2658 2144 2723 2181 ex
2747 2126 3072 2181 necessitate
3098 2126 3325 2181 alterum
3349 2140 3471 2181 esse
3494 2125 3730 2190 videtur;
3753 2128 3877 2181 cum

2284 2238 2410 2278 vero
2434 2220 2663 2276 alterum
2692 2227 2776 2274 est
2795 2260 2808 2283 ,
2840 2220 2941 2273 hoc
2966 2232 3070 2270 non
3093 2234 3154 2270 ex
3184 2217 3524 2280 necessitate,
3552 2218 3879 2285 interrogato

2284 2322 2532 2379 utroque,
2564 2320 2777 2381 oportet
2808 2309 2948 2380 quod
2998 2307 3172 2361 minus
3218 2316 3300 2360 est
3344 2308 3493 2360 dare.
3525 2304 3652 2359 Nam
3685 2304 3879 2359 difﬁci-

2285 2405 2386 2459 lius
2414 2416 2494 2459 est
2525 2405 2780 2474 colligere
2813 2403 2878 2455 de
2917 2400 3178 2469 pluribus.
3227 2399 3283 2454 Si
3325 2410 3503 2454 autem
3533 2409 3877 2468 argumente-

2284 2504 2367 2548 tur
2413 2496 2553 2564 quod
2603 2493 2727 2548 huic
2777 2492 2992 2562 quidem
3036 2492 3122 2545 est
3163 2492 3524 2555 Contrarium,
3569 2490 3644 2543 illi
3692 2500 3882 2545 autem

2284 2596 2387 2639 non
2419 2595 2527 2647 est,
2568 2582 2613 2636 si
2654 2582 2824 2636 oratio
2852 2596 2973 2636 vera
3018 2582 3116 2647 sit,
3150 2585 3479 2634 coiitrarLum
3524 2594 3644 2635 esse
3673 2590 3754 2635 est
3786 2581 3879 2635 di-

2286 2676 2549 2740 cendum,
2581 2683 2633 2727 at
2666 2687 2862 2727 nomen
2893 2672 3113 2726 alterius
3147 2672 3377 2739 positum
3417 2686 3521 2725 non
3550 2686 3690 2726 esse.
3726 2672 3871 2740 Quo-

2292 2772 2433 2822 niam
2482 2779 2656 2821 autem
2687 2765 2929 2835 quaedam
2961 2763 3175 2833 quidem
3225 2777 3408 2816 eorum
3454 2778 3572 2831 que
3618 2763 3875 2819 dicuntur

2288 2859 2466 2929 plures
2510 2872 2632 2912 eum
2663 2857 2750 2926 qui
2787 2870 2891 2909 non
2936 2855 3182 2908 concedit
3227 2851 3423 2907 falsum
3467 2854 3649 2908 dicere
3695 2855 3876 2920 aiunt,

2286 2950 2531 3019 quaedam
2560 2956 2736 3002 autem
2765 2961 2899 3012 non,
2930 2955 2985 3000 ut
3018 2954 3349 3014 quaecunque
3374 2943 3651 3014 ambigunt
3676 2949 3876 3014 (utrum

2286 3042 2428 3098 enim
2459 3041 2823 3110 corruptibilis
2853 3040 2934 3093 vel
2980 3038 3301 3093 immortalis
3343 3038 3411 3091 sit
3452 3040 3630 3091 anima
3668 3039 3877 3095 anima-

2288 3134 2448 3199 lium,
2482 3149 2584 3186 non
2632 3132 2967 3201 exploratum
3000 3141 3079 3184 est
3125 3127 3353 3197 multis),
3392 3128 3443 3182 in
3478 3127 3674 3198 quibus
3719 3130 3879 3199 igitur

2291 3225 2555 3281 incertum
2586 3234 2669 3280 est
2700 3232 2821 3277 utro
2849 3223 3009 3275 modo
3035 3221 3205 3275 soleat
3230 3220 3332 3273 dici
3358 3220 3502 3289 quod
3536 3223 3876 3289 proponitur;

2291 3328 2467 3374 utrum
2511 3319 2565 3370 in
2614 3318 2677 3369 iis
2722 3331 2841 3386 quae
2889 3321 3015 3368 sunt
3058 3322 3114 3366 ut
3164 3312 3468 3376 sententiae,
3502 3321 3692 3365 vocant
3737 3313 3878 3369 enim

2291 3408 2607 3475 sententias,
2636 3414 2692 3460 et
2721 3419 2879 3459 veras
2914 3404 3219 3472 opiniones,
3263 3409 3317 3455 et
3349 3409 3488 3455 totas
3538 3404 3869 3471 negationes,

2292 3512 2350 3558 ut
2398 3503 2660 3556 diameter
2712 3498 3275 3553 incommensurabilis
3325 3505 3427 3551 est.
3477 3498 3753 3566 Amplius,
3810 3498 3879 3551 de'

2291 3610 2398 3665 quo
2428 3611 2613 3649 verum
2658 3594 2951 3660 dubitatur,
2987 3589 3325 3645 transferens
3356 3590 3622 3660 quispiam
3668 3592 3879 3644 nomina

2293 3692 2523 3743 maxime
2568 3688 2756 3741 latebit
2790 3690 2839 3739 in
2875 3688 3000 3752 illis,
3037 3698 3157 3739 nam
3190 3685 3309 3754 quia
3343 3686 3605 3738 incertum
3638 3694 3719 3737 est
3760 3691 3881 3737 utro

2292 3783 2451 3836 modo
2506 3798 2563 3835 se
2621 3782 2773 3833 habet
2827 3794 3045 3845 verum,
3100 3793 3205 3831 non
3259 3775 3518 3830 videbitur
3572 3774 3875 3842 supinistice

2290 3891 2475 3945 agere;
2513 3886 2729 3942 propter
2760 3870 2807 3925 id
2837 3880 3014 3923 autem
3053 3868 3195 3937 quod
3229 3868 3480 3932 dubium,
3514 3881 3618 3920 non
3665 3863 3881 3918 videbi-

2292 3980 2377 4024 tur
2408 3967 2594 4020 l'alsum
2627 3960 2824 4028 dicere,
2870 3978 2989 4016 nam
3032 3962 3343 4030 metaphora
3389 3958 3547 4013 faciet
3576 3956 3877 4011 elationem

2290 4060 2404 4115 sine
2444 4057 2821 4127 redargutione
2870 4055 3059 4109 videri.
3106 4052 3370 4120 Amplius,
3404 4065 3747 4120 quasc.mque
3792 4049 3874 4102 in-

2292 4152 2713 4220 terrogationum
2748 4147 3086 4216 pra‘senserit
3112 4145 3324 4213 aliquis,
3355 4140 3769 4210 prmiustandnm
3794 4134 3879 4193 est

2292 4250 2345 4295 et
2391 4238 2818 4310 pra-dicendum,
2874 4252 2995 4290 nam
3046 4236 3123 4289 sic
3171 4234 3403 4287 tiiaxime
3462 4235 3878 4300 interrogantem

2294 4332 2607 4401 prohibebit.

2912 4395 3137 4450 CAPUT
3181 4395 3265 4449 Ill.

2546 4568 2551 4573 Α
2750 4506 2827 4561 De
2855 4517 2989 4561 recta
3014 4506 3269 4560 solutione
3293 4504 3413 4559 loci.

2360 4606 2619 4672 Quoninn
2676 4612 2852 4657 autem
2915 4611 3053 4657 recta
3114 4602 3313 4656 solutio
3377 4610 3459 4656 est
3512 4597 3880 4654 manifestatio

597 4674 665 4777 aid
719 4719 911 4790 duplex
960 4716 1065 4780 est)
1116 4710 1451 4768 occursione.
1497 4704 1947 4773 Respondendum
2004 4674 2407 4756 autemnfalsi
2466 4701 2795 4771 syllogismi,
2845 4699 2915 4753 ob
2963 4712 3337 4766 quamcunque
3397 4696 3875 4765 interrogationem

594 4812 650 4869 in
683 4812 748 4867 iis
777 4824 894 4881 qua:
943 4805 1207 4870 videntur,
1240 4810 1356 4856 esto
1398 4796 1658 4862 dicendo,
1693 4810 1814 4849 nam
1847 4803 1902 4848 et
1948 4795 2027 4847 sic
2076 4793 2181 4846 mi-

597 4906 740 4961 nime
767 4901 859 4957 fiet
901 4895 1225 4965 redargutio.
1256 4893 1311 4947 Si
1354 4908 1483 4947 vero
1512 4888 1713 4959 aliquid
1757 4886 1899 4956 quod
1932 4885 2176 4955 inopina-

598 4997 704 5053 bile
743 4974 812 5049 sit
850 4999 1069 5064 cogatur
1108 4986 1307 5052 dicere,
1343 4984 1426 5037 hic
1456 4980 1690 5037 maxime
1739 4977 2050 5031 addendum
2106 4980 2182 5027 vi-

596 5087 741 5153 deri,
775 5085 855 5140 sic
884 5084 1025 5137 enim
1070 5091 1245 5148 neque
1283 5072 1588 5142 redargutio
1620 5083 1793 5138 neque
1855 5065 2181 5135 inopinabile

597 5177 863 5235 videbitur
889 5172 1023 5229 fieri.
1052 5170 1186 5238 Quia
1216 5176 1397 5222 autem
1443 5180 1549 5235 quo
1583 5170 1738 5233 pacto
1791 5159 1986 5227 petitur
2032 5154 2178 5226 quod

599 5282 681 5330 est
724 5272 775 5324 in
816 5265 1101 5339 principio,
1132 5259 1471 5317 manifestum
1504 5264 1690 5326 putant
1719 5252 1940 5307 omnino
1971 5249 2039 5321 (si
2072 5249 2184 5304 sint

601 5357 940 5435 prepinquae)
976 5351 1387 5411 interimendum
1411 5390 1427 5415 ,
1459 5356 1511 5404 et
1543 5362 1647 5400 non
1679 5342 2025 5398 concedenda
2060 5355 2184 5396 esse

599 5433 739 5524 ulla,
785 5449 1005 5523 perinde
1041 5463 1103 5502 ac
1145 5446 1190 5500 si
1238 5445 1377 5515 quod
1410 5442 1463 5496 in
1496 5437 1756 5509 principio
1796 5445 1879 5490 est
1920 5443 2085 5505 petat.
2121 5433 2187 5487 Et

597 5544 812 5619 quando
842 5539 1042 5613 aliquid
1088 5537 1192 5593 tale
1226 5532 1574 5608 postulaverit
1608 5529 1869 5601 quispiam
1912 5526 2054 5598 quod
2088 5539 2185 5579 ne-

596 5638 888 5696 cessarium
917 5632 1131 5706 quidem
1163 5638 1245 5686 est
1292 5628 1538 5684 accidere
1564 5641 1629 5679 ex
1662 5624 1954 5693 positione,
1989 5622 2057 5675 sit
2085 5635 2181 5674 au-

600 5742 704 5786 tem
749 5730 941 5786 falsum
987 5726 1074 5782 vel
1127 5723 1477 5795 inopinabile,
1524 5720 1663 5775 idem
1697 5716 2015 5781 dicendum,
2061 5727 2183 5767 nam

599 5837 715 5891 qua:
750 5835 810 5874 ex
842 5819 1160 5875 necessitate
1191 5813 1470 5879 accidunt,
1515 5810 1756 5880 ejusdem
1790 5808 2035 5862 videntur
2065 5820 2184 5861 esse

599 5909 901 5979 positionis.
934 5909 1197 5973 Amplius,
1236 5906 1449 5971 quando
1481 5901 1783 5957 universale
1815 5918 1919 5955 non
1966 5902 2181 5956 nomine

2289 4794 2496 4848 accidat
2523 4790 2709 4845 falsum
2742 4791 2930 4861 (falsus
2961 4800 3136 4841 autem
3186 4787 3531 4858 syllogismus
3559 4786 3756 4840 dicitur
3782 4786 3883 4839 du-

2293 4866 2517 4954 pliciter,
2549 4897 2669 4934 nam
2692 4889 2783 4933 aut
2812 4881 2853 4932 si
2890 4879 3169 4932 collectum
3201 4887 3283 4931 est
3310 4876 3501 4929 falsum
3521 4915 3535 4940 ,
3565 4885 3654 4927 aut
3682 4873 3728 4927 si
3758 4887 3883 4928 cum

2292 4991 2395 5029 non
2429 4985 2508 5028 est
2540 4972 2906 5043 syllogismus,
2941 4970 3152 5022 videtur
3194 4981 3317 5022 esse
3346 4963 3735 5036 syllogismus),
3781 4962 3884 5018 erit

2290 5078 2343 5123 et
2373 5083 2489 5133 qua:
2524 5080 2661 5118 nunc
2690 5064 2831 5117 dicta
2878 5070 2960 5117 est
3010 5061 3230 5127 solutio,
3262 5070 3314 5115 et
3358 5062 3670 5129 apparentis
3717 5057 3883 5120 syllo-

2294 5157 2482 5229 gismi,
2511 5157 2579 5210 ob
2622 5172 2782 5225 quam
2826 5153 3033 5208 videtur
3076 5166 3195 5207 esse
3227 5150 3711 5220 interrogationum
3758 5164 3883 5201 cor-

2296 5250 2495 5315 rectio;
2529 5263 2694 5319 quare
2740 5247 3000 5315 contingit
3039 5245 3315 5300 orationes
3356 5242 3741 5314 syllogizatites
3770 5241 3884 5309 qui-

2294 5343 2415 5396 dem
2450 5342 2780 5403 interimere,
2814 5348 3138 5408 apparentes
3182 5348 3361 5391 autem
3411 5334 3739 5389 dividentem
3774 5334 3882 5385 sol-

2297 5449 2441 5489 vere.
2483 5432 2710 5487 Rursum
2753 5441 2933 5486 autem
2980 5430 3229 5500 quoniam
3277 5425 3708 5498 syllogizantium
3761 5438 3881 5477 ora-

2296 5527 2519 5591 tionum,
2550 5526 2633 5580 ha:
2663 5524 2877 5595 quidem
2907 5537 3111 5585 veram,
3136 5522 3239 5577 illae
3260 5530 3436 5575 autem
3463 5520 3650 5574 falsam
3683 5518 3881 5572 habent

2292 5618 2727 5685 conclusionem,
2762 5632 2853 5673 eas
2898 5615 3112 5687 quidem
3143 5628 3264 5684 qua:
3311 5611 3604 5668 secundum
3655 5609 3878 5664 conclu-

2291 5717 2497 5769 sionem
2535 5724 2659 5769 sunt
2682 5713 2853 5778 falsae,
2882 5712 3090 5767 duobus
3123 5710 3296 5764 modis
3326 5708 3590 5773 contingit
3622 5704 3833 5759 solvere
3861 5716 3877 5757 :

2291 5825 2413 5863 nam
2447 5818 2500 5863 et
2530 5823 2594 5862 eo
2624 5809 2761 5875 quod
2807 5805 3133 5859 interimitur
3177 5801 3377 5870 aliquid
3414 5814 3597 5855 eorum
3640 5812 3759 5867 quin
3794 5795 3882 5847 in-

2290 5909 2551 5967 terrogata
2582 5907 2734 5965 sunt,
2762 5908 2814 5952 et
2842 5912 2906 5951 eo
2934 5897 3074 5963 quod
3105 5892 3405 5949 ostenditur
3438 5882 3715 5946 conclusio
3776 5899 3883 5945 non
