4248 6272
384 396 519 454 1099

946 383 1412 448 ELENCHOBUM
1439 362 1991 439 SOPHISTICORUM
2031 370 2481 432 ARISTOTELIS
2520 371 3107 437 iNTERPiiETATIO.

3506 378 3644 438 1030

379 526 459 581 sic
486 537 543 576 se
588 520 806 575 habere.
838 517 940 571 Eas
970 528 1097 569 vero
1137 527 1255 583 quae
1300 509 1592 566 secundum
1624 504 1951 576 propositio-
1978 498 2029 559 Α
2058 498 2342 553 videndum
2372 498 2531 568 igitur
2558 507 2611 553 ct
2633 497 2722 569 qui
2753 497 3060 567 respdndet,
3086 511 3191 553 non
3223 498 3363 555 idem
3396 507 3479 555 est
3500 502 3645 556 enim

382 630 498 679 nes,
525 629 589 667 eo
619 611 759 682 quod
804 606 1126 662 interimitur
1165 604 1415 674 quiddam
1447 601 1639 668 solum,
1674 616 1795 653 nam
1828 614 1959 653 con-

380 705 548 760 clusio
578 718 703 757 vera
733 708 833 755 est.
861 700 1033 764 Quare
1063 694 1367 749 vnlentibus
1397 693 1606 747 solvere
1636 691 1955 758 orationem,

380 796 610 866 primum
639 790 851 861 quidem
896 786 1282 856 inspiciendum
1314 786 1357 838 si
1407 783 1720 854 syllogizat,
1754 798 1821 836 an
1853 797 1957 836 non

381 883 687 957 syllogizat;
719 880 914 935 deinde
960 887 1137 931 utrum
1169 890 1292 930 vera
1324 875 1395 928 sit
1424 874 1723 939 conclusio,
1754 888 1819 926 an
1857 889 1960 929 non

380 990 528 1042 vera,
574 983 833 1043 quatenus
865 969 949 1024 vel
981 968 1311 1030 dividentes,
1343 965 1425 1021 vel
1456 966 1823 1021 interimentes
1852 967 1962 1020 sol-

382 1082 566 1121 vamus
588 1110 600 1130 ,
645 1072 699 1118 et
747 1063 938 1116 iterum
981 1060 1353 1113 interimentes
1385 1058 1485 1111 hoc
1518 1057 1696 1122 modo,
1729 1056 1812 1111 vel
1845 1058 1958 1124 illo,

385 1154 832 1227 quemadmodum
867 1152 1068 1206 dictum
1098 1160 1179 1205 est
1210 1149 1378 1221 prius.
1414 1148 1601 1203 Differt
1637 1157 1814 1203 autem
1845 1149 1962 1217 pln-

378 1249 603 1313 rimum,
635 1254 689 1303 et
730 1248 1180 1312 interrogantem,
1231 1252 1285 1296 et
1330 1258 1470 1308 non,
1516 1241 1724 1296 solvere
1759 1244 1957 1297 oratio-

379 1352 538 1403 nem;
570 1351 695 1391 nam
726 1336 1025 1405 prmvidere
1046 1331 1261 1403 quidem
1285 1332 1501 1387 difﬁcile
1528 1342 1637 1396 est,
1669 1348 1765 1402 per
1790 1334 1960 1388 otium

378 1436 557 1483 autem
609 1424 863 1495 temporis
908 1423 1123 1487 videre,
1176 1422 1350 1478 facile.
1395 1424 1588 1477 Earum
1636 1421 1800 1492 igitur
1842 1440 1961 1493 qua:

381 1526 599 1589 propter
648 1515 1120 1586 aequivocatiouem
1166 1525 1220 1568 et
1270 1515 1652 1584 amphiboliam
1702 1515 1962 1586 redargu-

303 1604 309 1614 ’
382 1610 623 1673 tionum,
655 1607 775 1661 alia:
816 1606 1029 1676 quidem
1062 1605 1258 1660 habent
1307 1605 1536 1675 aliquam
1590 1607 1962 1677 interrogatio-

381 1715 502 1757 nem
539 1700 689 1770 plura
732 1697 1155 1768 signiﬁcantem,
1182 1696 1308 1752 alias
1338 1704 1514 1751 autem
1557 1698 1961 1753 conclusionem

381 1793 745 1864 multipliciter
786 1791 984 1846 dictam
1017 1808 1027 1841 :
1064 1793 1203 1844 utin
1231 1804 1296 1844 ea
1342 1790 1555 1859 quidem
1601 1804 1720 1860 qua:
1767 1799 1850 1845 cst
1890 1791 1963 1845 si-

2067 591 2245 644 dicere
2270 589 2447 644 videre
2474 590 2640 644 oculis
2666 605 3007 659 percussum,
3040 599 3093 645 et
3124 591 3302 647 dicere
3330 592 3501 647 oculis
3527 605 3647 662 per-

2066 692 2278 734 cussum
2322 679 2527 733 videre.
2561 679 2626 733 Et
2678 680 2999 749 Euthydemi
3032 681 3207 735 oratio
3245 697 3257 733 ι
3296 681 3526 737 Putasne
3571 686 3648 735 vi-

2065 769 2193 825 disti
2234 778 2287 823 tu
2340 784 2481 823 nunc
2513 770 2804 825 existentes
2831 772 2882 825 in
2906 770 3090 842 Pyrsco
3120 787 3301 843 naves,
3336 790 3454 830 cum
3485 777 3535 831 in
3560 776 3646 830 Si-

2065 862 2187 916 cilia
2213 862 2321 916 sis?
2351 870 2406 917 et
2434 876 2667 931 rursum,
2696 872 2922 932 putasne
2959 865 3155 919 malum
3185 875 3427 923 sutorem
3451 870 3645 925 bonum

2065 954 2227 1007 esse?
2255 953 2325 1007 sit
2351 966 2527 1007 autem
2562 954 2681 1023 quis
2711 955 2901 1021 bonus,
2948 965 3098 1010 sutor
3125 958 3324 1023 maius;
3369 975 3532 1028 quare
3562 974 3651 1014 su-

2066 1051 2151 1101 tor
2181 1047 2373 1101 malus.
2411 1046 2643 1101 Putasne
2692 1060 2920 1117 quorum
2976 1047 3216 1103 scientim
3263 1050 3436 1117 bonae,
3485 1054 3651 1108 bonas

2066 1152 2186 1192 esse
2214 1138 2554 1208 disciplinas;
2586 1140 2709 1194 mali
2739 1148 2916 1195 autem
2950 1140 3087 1195 bona
3129 1140 3411 1210 disciplina
3432 1184 3445 1207 ,
3493 1144 3652 1213 igitur

2068 1230 2205 1283 bona
2232 1229 2514 1299 disciplina
2552 1232 2768 1295 malum,
2804 1241 3039 1287 attamen
3068 1240 3121 1287 et
3151 1234 3374 1298 malum,
3410 1244 3464 1290 et
3493 1236 3655 1289 disci-

2068 1324 2207 1391 plina
2234 1325 2452 1389 malum,
2481 1339 2646 1393 quare
2669 1327 2806 1379 mala
2837 1326 3143 1396 disciplina,
3174 1329 3395 1382 malum.
3424 1327 3655 1385 Putasne

2065 1430 2251 1471 verum
2280 1417 2461 1473 dicere
2485 1434 2624 1473 nunc
2650 1419 2905 1489 quoniam
2930 1429 2981 1473 tu
3014 1419 3185 1474 factus
3211 1421 3304 1475 es?
3336 1420 3504 1476 factus
3526 1436 3655 1492 ergo
3726 1472 3729 1473 ν

2068 1518 2226 1559 nunc.
2260 1506 2344 1560 An
2380 1507 2525 1562 aliud
2571 1509 2833 1576 signiﬁcat
2862 1510 3129 1563 divisum?
3170 1526 3354 1566 verum
3386 1513 3530 1568 enim
3575 1514 3655 1567 di-

2066 1610 2193 1650 cere
2215 1610 2374 1661 nunc,
2409 1598 2548 1667 quod
2579 1606 2632 1652 tu
2656 1598 2825 1653 factus
2846 1612 2935 1663 es;
2959 1599 3054 1654 sed
3086 1614 3213 1667 non,
3234 1616 3372 1655 nunc
3397 1611 3450 1656 tu
3482 1602 3654 1659 factus

2065 1698 2144 1739 es.
2182 1685 2413 1742 Putasne
2446 1697 2502 1743 ut
2544 1697 2715 1757 potes,
2771 1698 2826 1744 et
2854 1705 2974 1759 qua:
3020 1684 3195 1759 potes,
3249 1694 3327 1746 sic
3356 1702 3410 1747 et
3436 1695 3546 1763 ipsa
3578 1683 3654 1749 fa-

2066 1790 2094 1827 c
2118 1776 2213 1829 e?
2246 1790 2350 1830 non
2380 1776 2705 1833 citharizans
2737 1789 2915 1834 autem
2943 1780 3109 1835 habes
3139 1791 3453 1850 potestatem
3485 1786 3655 1840 citha-

383 1886 547 1940 lemia
586 1884 784 1949 dicere,
820 1882 1100 1939 conclusio
1129 1890 1211 1937 εει
1240 1881 1473 1951 duplex;
1513 1884 1563 1936 in
1596 1896 1657 1937 ea
1687 1898 1817 1938 vero
1845 1898 1966 1953 qua,
1996 1877 2044 1938 Β
2070 1865 2292 1930 rizandi,
2337 1868 2680 1922 citharizabis
2723 1870 2881 1939 igitur
2912 1885 3015 1924 non
3061 1871 3404 1927 citharizans.
3439 1875 3518 1928 An
3548 1890 3656 1931 non

379 1986 462 2031 est
509 1992 614 2031 non
671 1977 919 2032 conscire
970 1976 1266 2040 scientem,
1316 1991 1421 2030 una
1484 1976 1963 2045 interrogationum

381 2069 704 2138 amphibolia
748 2076 851 2124 est.
903 2067 967 2122 Et
1009 2066 1205 2136 duplex
1251 2066 1465 2135 quidem
1516 2070 1835 2138 quandoque
1885 2078 1968 2124 est

380 2175 505 2224 ens,
551 2160 872 2229 quandoque
903 2175 1008 2213 non
1040 2168 1123 2214 est
1172 2174 1289 2226 ens,
1332 2169 1385 2214 et
1434 2159 1752 2228 quandoque
1799 2162 1967 2231 signi-

382 2252 504 2307 ﬁcat
544 2252 772 2321 duplex;
817 2251 919 2306 hoc
957 2249 1169 2321 quidem
1213 2262 1330 2317 ens,
1363 2250 1494 2306 illud
1525 2266 1655 2306 vero
1694 2267 1799 2307 non
1841 2267 1962 2307 ens.

380 2334 823 2411 Quibuscunque"
862 2341 1021 2410 igitur
1079 2343 1129 2396 in
1188 2341 1294 2395 ﬁne
1346 2351 1427 2397 est
1482 2343 1793 2411 multiplex,
1857 2344 1963 2398 nisi

382 2432 530 2500 prius
560 2432 845 2500 sumpserit
871 2431 1380 2496 contradictionem,
1415 2447 1519 2487 non
1551 2433 1608 2486 ﬁt
1635 2434 1961 2504 redargutio,

384 2530 439 2575 ut
468 2524 519 2575 iu
560 2535 625 2576 eo
655 2523 795 2589 quod
837 2528 918 2576 est
946 2534 1145 2576 caecum
1177 2523 1378 2586 videre,
1425 2536 1546 2577 nam
1592 2524 1708 2578 sine
1749 2536 1965 2579 contra-

380 2614 612 2668 dictione
643 2628 745 2667 non
795 2613 853 2667 ﬁt
897 2612 1221 2682 redargutio.
1268 2613 1684 2685 Quibuscunque
1724 2631 1857 2671 vero
1909 2619 1962 2673 in

381 2703 902 2771 interrogationibus,
937 2718 1043 2758 non
1088 2718 1309 2759 necesse
1338 2713 1424 2759 est
1467 2721 1778 2775 pracnegare
1819 2708 1963 2778 quod

382 2794 575 2862 duplex
617 2803 729 2859 est,
783 2808 904 2848 nam
946 2810 1056 2850 non
1097 2794 1162 2848 ad
1198 2794 1318 2857 hoc,
1349 2796 1442 2851 sed
1494 2809 1713 2867 propter
1762 2799 1862 2855 hoc
1905 2802 1963 2856 ﬁt

380 2886 574 2941 oratio.
607 2885 666 2939 iu
716 2884 976 2956 principio
1018 2885 1179 2956 igitur
1216 2886 1283 2942 ad
1331 2888 1525 2957 duplex
1570 2898 1625 2945 et
1673 2906 1866 2947 nomen
1909 2904 1964 2950 et

378 2978 674 3033 orationem
707 2978 784 3032 sic
826 2978 1294 3046 respondendum,
1339 2981 1481 3050 quod
1529 2990 1612 3037 est
1643 2994 1699 3037 ut
1731 2983 1839 3047 sic,
1880 2995 1962 3041 est

377 3078 555 3123 autem
598 3075 655 3122 ut
694 3082 842 3123 non:
884 3078 940 3123 ut
977 3069 1047 3124 de
1085 3084 1152 3125 eo
1191 3070 1331 3140 quod
1371 3080 1453 3127 est
1500 3072 1717 3128 silentia
1756 3074 1957 3145 dicere,

376 3157 519 3227 quod
546 3164 634 3214 est
660 3165 720 3213 ut
767 3159 879 3225 sic;
909 3167 995 3215 est
1034 3167 1211 3216 autem
1253 3170 1311 3215 ut
1361 3175 1489 3228 non,
1535 3173 1589 3219 et
1634 3181 1750 3235 qua:
1794 3182 1958 3239 expe-

2074 1958 2232 2027 hujus
2264 1958 2426 2015 habet
2457 1970 2796 2030 potestatem,
2850 1970 2909 2016 ut
2933 1977 3036 2017 nou
3087 1965 3411 2020 citharizans
3438 1968 3656 2023 cithari-

2074 2052 2194 2106 zet?
2223 2053 2319 2106 sed
2363 2069 2484 2107 cum
2533 2070 2641 2115 non
2670 2055 2794 2109 facit
2822 2055 2942 2119 hoc,
2990 2063 3048 2109 ut
3079 2056 3254 2110 faciat.
3291 2058 3518 2113 Solvunt
3564 2070 3655 2115 au-

2071 2153 2179 2197 tem
2212 2146 2425 2213 quidam
2457 2146 2507 2200 id
2549 2155 2601 2201 et
2631 2148 2807 2215 aliter,
2841 2162 2960 2201 nam
2997 2150 3041 2201 si
3081 2148 3225 2203 dedit
3258 2158 3314 2203 ut
3363 2159 3538 2220 putest
3573 2150 3651 2205 fa-

2072 2249 2224 2299 cere,
2257 2251 2362 2289 non
2390 2236 2574 2291 dicunt
2600 2238 2845 2292 accidere
2876 2252 2982 2293 non
3025 2239 3429 2295 citharizantem
3482 2241 3654 2295 citita-

2074 2331 2263 2384 rizare.
2297 2331 2412 2384 Non
2447 2332 2588 2385 enim
2618 2332 2839 2385 omnino
2866 2340 2921 2386 nt
2948 2339 3127 2402 potest
3156 2333 3333 2388 faccre
3360 2334 3542 2388 datum
3573 2344 3654 2394 cst

2074 2419 2270 2487 facere,
2303 2436 2407 2476 non
2432 2423 2569 2477 idem
2597 2434 2774 2476 autem
2804 2439 2927 2478 esse
2957 2433 3013 2478 ut
3044 2432 3237 2492 potest,
3272 2436 3326 2479 et
3352 2428 3575 2480 omnino
3599 2436 3654 2484 nt

2073 2522 2246 2583 potest
2274 2516 2465 2570 facere.
2490 2517 2593 2571 Sed
2623 2518 2961 2572 manifestum
2984 2518 3233 2586 quoniam
3256 2535 3361 2574 non
3387 2520 3524 2576 bene
3544 2520 3654 2575 soi-

2073 2613 2221 2669 vunt,
2260 2621 2379 2659 nam
2430 2609 2733 2661 orationum
2764 2608 3003 2662 omnium
3051 2624 3170 2679 quas
3226 2622 3444 2680 propter
3485 2611 3651 2678 idem,

2071 2696 2255 2750 eadem
2286 2698 2499 2761 solutio;
2524 2699 2709 2753 eadem
2733 2709 2911 2755 autem
2938 2716 3043 2754 non
3070 2702 3561 2759 accommodabitur
3584 2704 3651 2760 ad

2069 2800 2278 2857 omnes,
2306 2803 2403 2844 nec
2428 2792 2645 2844 omnino
2675 2792 2741 2844 ad
2764 2792 3140 2862 interrogatus,
3166 2794 3258 2847 sed
3283 2803 3365 2848 est
3391 2795 3456 2848 ad
3488 2796 3653 2850 inter-

2069 2892 2366 2951 rogantem,
2417 2894 2468 2937 et
2517 2900 2623 2938 non
2668 2884 2733 2938 ad
2766 2888 3085 2939 orationem.
3119 2884 3344 2955 Propter
3373 2898 3652 2943 accentum

2068 2983 2244 3028 autem
2278 2975 2548 3031 orationes
2577 2991 2683 3031 non
2713 2986 2858 3043 sunt,
2888 2992 3060 3046 neque
3090 2978 3145 3031 in
3170 2978 3233 3031 iis
3267 2992 3386 3047 quas
3406 2978 3652 3033 scribunt--

2070 3073 2177 3131 tur,
2203 3082 2379 3135 neque
2408 3068 2458 3121 in
2499 3067 2562 3120 iis
2602 3081 2723 3137 quae
2758 3067 3031 3133 dicuntur,
3066 3077 3419 3137 prarterquam
3448 3069 3492 3123 si
3533 3084 3651 3137 qum

2069 3172 2250 3227 pauca
2281 3160 2431 3225 iluut,
2462 3168 2520 3213 ut
2547 3160 2578 3213 h
2602 3174 2633 3214 c
2664 3176 2677 3213 :
2715 3168 2941 3228 putasne
2992 3168 3077 3213 est
3114 3159 3259 3228 quod
3298 3160 3507 3214 habitas
3554 3161 3651 3215 de~

376 3250 559 3317 diunt,
589 3251 887 3323 agendum;
934 3261 1058 3307 sunt
1102 3262 1277 3309 autem
1310 3269 1428 3325 quae
1468 3258 1567 3323 sic,
1615 3268 1739 3313 sunt
1779 3271 1957 3317 autem

2065 3252 2222 3305 mus?
2251 3252 2347 3305 sic.
2373 3250 2641 3321 Nunquid,
2672 3266 2737 3306 ue
2763 3250 3007 3320 estquod
3039 3249 3269 3314 habitas,
3294 3252 3510 3321 negatio
3535 3253 3651 3321 ejus

375 3356 496 3413 quas
523 3358 650 3409 non,
679 3356 800 3399 nam
831 3345 1165 3414 expedientia
1186 3346 1435 3412 dicuntur
1460 3350 1856 3419 multipliciter.
1892 3355 1951 3413 Si

374 3443 553 3491 autem
578 3435 759 3503 lateat,
792 3437 845 3491 in
890 3438 996 3493 line
1041 3437 1287 3494 addendo
1331 3441 1730 3513 interrogationi
1788 3449 1956 3501 torri-

374 3527 627 3597 gendum,
658 3538 811 3585 estne
837 3529 1051 3586 silentia
1073 3530 1289 3587 dicere?
1315 3548 1421 3588 non
1446 3542 1625 3591 tamen
1653 3553 1746 3594 eos
1774 3541 1864 3607 qui
1888 3543 1960 3595 si-

374 3616 503 3673 lent.
535 3619 601 3673 Et
640 3620 692 3674 in
713 3620 785 3678 iis
812 3630 990 3676 autem
1034 3634 1156 3692 quae
1200 3636 1264 3679 se
1291 3623 1489 3680 habent
1515 3627 1730 3697 quidem
1774 3632 1957 3687 multi-

373 3710 581 3778 pliciter
621 3712 673 3767 in
725 3706 1202 3785 propositionibus,
1257 3717 1528 3773 similiter.
1570 3720 1761 3777 Nonne
1807 3733 1959 3793 putas

372 3804 675 3871 consciunt,
718 3805 860 3873 quod
888 3805 1111 3861 sciunt?
1157 3808 1257 3863 sic.
1287 3807 1394 3864 Sed
1443 3826 1550 3865 nou
1582 3811 1658 3873 sic
1703 3816 1955 3885 scientes,

370 3907 479 3945 non
509 3894 649 3946 enim
678 3905 761 3949 est
792 3894 955 3959 idem,
987 3898 1128 3966 quod
1161 3914 1267 3954 non
1293 3910 1377 3956 est
1402 3904 1668 3969 conscire,
1692 3915 1853 3976 atque
1880 3911 1958 3964 sic

373 3984 587 4052 quidem
618 3998 723 4039 non
758 4000 877 4041 esse
920 3990 1172 4046 scientes.
1207 3993 1271 4047 Et
1300 3997 1521 4049 omnino
1570 3998 1957 4055 obluctandum

373 4088 478 4144 cst,
523 4081 735 4136 tametsi
789 4082 1105 4153 simpliciter
1150 4086 1452 4158 colligatur,
1500 4093 1638 4161 quod
1688 4109 1793 4149 non
1844 4110 1957 4149 rem

371 4187 528 4243 quam
560 4174 698 4229 dixit
718 4178 945 4270 negavit,
977 4178 1071 4233 sed
1103 4192 1318 4244 nomen,
1347 4198 1517 4252 quare
1550 4185 1599 4239 id
1630 4202 1735 4241 non
1770 4197 1853 4242 est
1876 4204 1960 4244 re-

369 4264 633 4337 dargutio.
666 4264 999 4326 Manifestum
1027 4284 1205 4328 autem
1241 4283 1291 4329 et
1318 4289 1411 4330 eas
1441 4291 1560 4346 quae
1581 4289 1706 4333 sunt
1740 4292 1959 4351 propter

367 4356 809 4426 compositionem
839 4368 895 4415 et
941 4362 1281 4431 divisionem,
1312 4368 1589 4435 quomodo
1617 4371 1956 4434 solvendum,

371 4463 494 4504 nam
522 4449 568 4504 si
611 4450 782 4507 divisa
827 4460 882 4508 et
924 4459 1222 4525 com'posita
1269 4460 1444 4514 oratio
1489 4463 1633 4517 aliud
1690 4464 1957 4535 signiﬁcat

368 4555 490 4596 cum
518 4543 869 4612 concluditur,
898 4551 1226 4604 contrarium
1272 4550 1580 4608 dicentium.
1609 4555 1745 4611 Sunt
1772 4569 1950 4614 autem

2062 3351 2143 3395 est
2170 3342 2308 3410 quod
2336 3342 2581 3397 habitas?
2611 3344 2707 3397 sic.
2756 3343 2977 3397 Dicebas
3006 3352 3188 3397 autem
3207 3382 3223 3409 ,
3252 3357 3320 3397 ne
3355 3356 3476 3399 esse
3504 3344 3651 3413 quod

2064 3434 2272 3489 habitas
2320 3437 2561 3491 domum.
2612 3435 2784 3507 Negas
2816 3437 2975 3506 igitur
3018 3446 3069 3492 te
3121 3438 3364 3493 habitare
3402 3438 3646 3494 domum.

2068 3526 2350 3593 Quomodo
2397 3536 2575 3584 autem
2627 3526 2943 3583 solvendum
2973 3536 3076 3593 est,
3128 3528 3326 3597 palam.
3357 3527 3472 3582 Non
3504 3529 3646 3583 enim

2062 3619 2202 3673 idem
2235 3618 2500 3689 signiﬁcat
2529 3620 2765 3689 graviter
2792 3629 2846 3675 et
2892 3628 3052 3675 acute
3102 3619 3394 3687 prolatum.
3427 3619 3650 3676 Manife-

2061 3722 2203 3766 stum
2232 3721 2410 3769 autem
2440 3696 2494 3767 et
2532 3712 2585 3766 in
2632 3712 2697 3767 iis
2725 3726 2847 3782 quae
2889 3711 3025 3767 ﬁunt
3052 3722 3270 3782 propter
3316 3711 3368 3766 id
3416 3712 3561 3782 quod
3591 3720 3650 3768 ut

2061 3803 2248 3858 eadem
2290 3805 2542 3857 dicuntur
2569 3817 2630 3857 ea
2661 3817 2783 3872 qua:
2808 3816 2917 3857 non
2946 3810 3073 3857 sunt
3099 3803 3309 3869 eadem,
3357 3817 3463 3873 quo
3494 3812 3649 3873 pacto

2061 3894 2453 3960 obsistendum,
2482 3907 2550 3948 eo
2574 3895 2714 3963 quod
2740 3893 2999 3947 habemus
3039 3907 3235 3961 genera
3260 3894 3649 3961 praedicamen-

2064 3994 2273 4049 turum;
2308 3998 2428 4037 nam
2458 3983 2545 4037 hic
2573 3983 2787 4051 quidem
2816 3982 2964 4035 dedit
2990 3981 3349 4050 interrogatus
3391 3997 3496 4037 non
3527 3997 3647 4041 esse

2062 4077 2261 4144 aliquid
2316 4089 2501 4129 eorum
2550 4089 2667 4142 quae
2715 4072 2843 4142 quid
2889 4082 2972 4127 est
3017 4071 3337 4139 signiﬁcant,
3372 4074 3463 4128 ille
3514 4089 3643 4130 vero

2062 4167 2295 4222 ostendit
2322 4166 2538 4237 quidem
2565 4179 2689 4221 esse
2711 4164 2913 4234 aliquid
2938 4174 3125 4219 eorum
3156 4179 3274 4233 quae
3299 4174 3424 4219 sunt
3448 4165 3516 4220 ad
3538 4167 3643 4222 ali-

2065 4258 2191 4329 quid
2215 4257 2302 4313 vei
2336 4256 2669 4327 quantitatis.
2706 4253 2966 4309 Videntur
2988 4263 3167 4308 autem
3196 4253 3322 4323 quid
3368 4264 3451 4311 est
3479 4255 3645 4325 signi.

2064 4354 2225 4408 ﬁcare
2253 4358 2469 4422 propter
2488 4350 2800 4419 dictionem,
2829 4358 2887 4404 ut
2914 4349 2969 4405 in
2998 4347 3099 4403 hac
3119 4346 3384 4405 oratione.
3408 4348 3645 4407 Putasne

2062 4447 2322 4516 contingit
2354 4445 2495 4500 idem
2516 4444 2677 4499 simul
2701 4444 2880 4500 facere
2915 4454 2971 4499 et
2994 4444 3147 4498 ﬁeri?
3175 4458 3311 4509 non;
3336 4453 3391 4499 at
3411 4459 3539 4498 vero
3565 4446 3645 4500 vi-

2063 4540 2191 4593 dcre
2221 4538 2377 4593 simul
2408 4548 2461 4593 et
2490 4537 2658 4593 videri
2690 4536 2830 4592 idem
2863 4544 2918 4591 et
2938 4536 3234 4591 secundum
3266 4536 3407 4592 idem
3434 4538 3645 4593 contin-

368 4629 675 4703 hujusmodi
704 4649 889 4690 omnes
937 4639 1209 4695 orationes
1259 4644 1555 4698 secundum
1596 4651 1945 4716 compositio-

2065 4630 2149 4701 git.
2174 4632 2406 4685 Putasne
2436 4639 2519 4685 est
2552 4628 2754 4698 aliquid
2785 4642 2972 4684 eorum
3000 4641 3123 4704 qua,
3146 4634 3275 4683 sunt
3300 4629 3409 4698 pati
3428 4629 3642 4686 facere?

368 4736 492 4778 Item
544 4733 598 4780 et
642 4725 984 4784 divisionem.
1031 4730 1263 4787 Putasne
1308 4748 1417 4802 quo
1469 4734 1646 4791 vidisti
1700 4747 1755 4793 tu
1811 4740 1950 4797 hunc

369 4827 703 4884 percussum,
736 4819 830 4873 illo
862 4834 1148 4890 percussus
1176 4833 1259 4879 est
1288 4824 1407 4879 hic?
1448 4836 1502 4881 et
1532 4843 1636 4897 quo
1668 4845 1948 4898 percussus

366 4913 472 4971 est,
519 4906 611 4962 ilio
650 4915 707 4963 tu
731 4910 945 4965 vidisti?
974 4911 1146 4968 Habet
1174 4914 1387 4982 quidem
1418 4918 1614 4988 aliquid
1657 4922 1816 4976 etiam
1848 4924 1948 4977 du-

369 4996 577 5051 biarum
622 5000 1005 5067 quaestionum,
1050 5006 1295 5073 quamvis
1336 5008 1406 5061 sit
1436 5018 1654 5078 propter
1682 5014 1947 5081 composi-

367 5087 588 5155 tionem,
622 5103 743 5145 nam
767 5104 873 5147 non
899 5101 986 5149 est
1021 5094 1225 5166 duplex
1266 5097 1338 5153 ob
1376 5098 1429 5153 id
1476 5101 1614 5170 quod
1643 5111 1725 5157 est
1754 5118 1947 5159 secun-

362 5176 490 5230 dum
537 5177 884 5250 divisionem,
921 5198 1029 5240 non
1057 5190 1207 5242 enim
1232 5189 1421 5245 eadem
1450 5193 1623 5247 oratio
1670 5194 1728 5248 tit
1756 5194 1947 5261 divisa,

362 5276 417 5321 et
444 5272 760 5352 composita.
784 5274 1061 5344 Siquidem
1083 5293 1178 5334 ora
1207 5292 1261 5335 et
1288 5281 1417 5336 hora
1440 5285 1735 5339 secundum
1758 5301 1949 5343 accen-

362 5368 473 5413 tum
504 5362 711 5430 prolata
740 5366 1042 5434 signiﬁcant
1064 5370 1230 5434 aliud,
1274 5373 1366 5427 sed
1404 5374 1457 5429 in
1497 5375 1708 5444 scriptis
1731 5379 1945 5446 quidem

360 5448 503 5504 idem
535 5466 755 5521 nomen,
778 5469 900 5510 cum
930 5472 998 5513 ex
1027 5462 1229 5515 eisdem
1256 5463 1541 5520 elementis
1570 5468 1827 5536 scriptum
1851 5472 1942 5539 sit,

361 5548 418 5594 et
448 5539 718 5609 similiter,
743 5554 799 5599 et
824 5546 933 5603 illic
962 5558 1143 5606 autem
1163 5551 1275 5621 jam
1304 5554 1455 5623 signa
1482 5556 1705 5622 faciunt,
1739 5560 1943 5627 prolata

361 5646 471 5687 non
497 5632 707 5689 eadem.
748 5637 926 5705 Quare
955 5655 1063 5697 non
1088 5643 1285 5713 duplex
1309 5647 1449 5714 quod
1479 5656 1701 5717 propter
1727 5650 1944 5707 divisio-

362 5738 487 5779 nem
508 5732 611 5779 est.
649 5726 994 5787 Manifestum
1025 5745 1202 5790 autem
1234 5741 1485 5808 quoniam
1512 5756 1618 5797 non
1647 5756 1833 5799 omnes
1859 5761 1944 5801 re-

362 5815 708 5889 dargutioaes
736 5831 954 5894 propter
982 5824 1199 5896 duplex,
1228 5829 1366 5886 sicut
1391 5833 1605 5898 quidam
1627 5834 1827 5891 dicunt.
1856 5838 1942 5893 Di-

2054 4734 2180 4775 non.
2210 4721 2397 4775 Nonne
2438 4719 2600 4788 igitur
2628 4726 2858 4784 secatur,
2892 4718 3087 4786 uritur,
3113 4728 3365 4788 operatur
3391 4720 3643 4777 similiter

2052 4821 2325 4884 dicuntur,
2363 4828 2417 4874 et
2446 4819 2626 4873 omnia
2656 4817 2873 4887 quidem
2913 4816 3024 4885 pati
3054 4815 3396 4887 signiﬁcant?
3426 4833 3639 4875 rursum

2053 4924 2230 4969 autem
2261 4927 2503 4977 currere,
2551 4911 2735 4967 videre
2764 4910 3014 4965 similiter
3060 4908 3167 4964 sibi
3192 4908 3423 4965 invicem
3450 4910 3639 4966 dicun-

2054 5016 2157 5071 tur,
2191 5015 2560 5062 verumtamen
2593 5002 2794 5068 viderc,
2828 5001 3038 5072 operari
3068 5001 3267 5071 aliquid
3301 5011 3420 5066 est,
3468 5014 3638 5072 quare

2053 5107 2108 5154 et
2135 5098 2241 5166 pati
2284 5098 2506 5168 aliquid,
2537 5097 2696 5152 simul
2725 5095 2885 5150 etiam
2914 5103 2971 5149 et
2997 5092 3196 5149 facere.
3232 5093 3291 5149 Si
3313 5103 3495 5149 autem
3539 5094 3640 5148 ali-

2053 5191 2173 5255 quis
2200 5190 2307 5244 iliic
2336 5188 2472 5243 dans
2499 5187 2813 5257 contingere
2838 5182 2999 5240 simul
3029 5184 3171 5238 idem
3195 5184 3389 5250 facere,
3422 5193 3475 5239 et
3502 5184 3634 5255 pati,

2051 5281 2254 5345 videre,
2284 5293 2339 5337 et
2366 5281 2533 5336 videri
2559 5280 2703 5335 dicat
2732 5277 3014 5348 possibile,
3046 5275 3282 5330 nondum
3315 5276 3632 5346 redargutus

2051 5384 2133 5429 est
2154 5375 2196 5428 si
2230 5386 2335 5426 non
2359 5373 2498 5426 dicat
2532 5372 2715 5427 videre
2741 5369 2925 5424 facere
2942 5366 3141 5437 aliquid
3165 5376 3261 5435 ,et
3288 5368 3461 5422 videri
3480 5370 3587 5437 pati
3614 5385 3629 5422 :

2052 5464 2252 5535 indiget
2280 5462 2423 5519 enim
2472 5463 2573 5518 hac
2626 5462 3080 5541 interrogatione,
3138 5459 3237 5515 sedi
3280 5460 3349 5514 ab
3377 5460 3634 5516 audiente

2049 5557 2299 5627 upiuatur
2325 5554 2510 5609 datum
2540 5568 2695 5619 esse,
2725 5567 2848 5608 cum
2877 5559 2937 5607 et
2983 5560 3171 5607 secare
3200 5549 3376 5609 iecere
3403 5550 3627 5623 aliquid,

2045 5658 2101 5703 et
2129 5646 2296 5702 secari
2322 5645 2435 5700 ﬁeri
2465 5643 2667 5714 aliquid
2694 5642 2868 5709 dedit;
2903 5651 2961 5698 et
2986 5641 3447 5712 quaecunque-alia
3472 5642 3628 5699 simi-

2046 5740 2166 5793 liter
2213 5738 2480 5792 Jicuntur.
2512 5736 2642 5788 Nam
2691 5734 2965 5804 reliquum
2996 5736 3110 5803 ipse
3151 5732 3297 5787 addit
3328 5733 3418 5802 qui
3451 5734 3622 5801 audit,

2049 5832 2210 5888 veluti
2237 5828 2481 5885 similiter
2524 5827 2745 5896 dictum,
2778 5828 2907 5884 illud
2960 5833 3137 5884 autem
3177 5825 3374 5882 dicitur
3400 5826 3616 5893 quidem
