4248 6272
663 349 797 406 1031

1925 342 2032 399 ΑΝ.
2075 345 2283 401 MANL.
2321 335 2498 403 SEV.
2518 346 2736 404 BOETll

3816 359 3837 412 1
3847 358 3953 414 032

663 482 774 523 non
801 464 1065 528 similiter,
1091 460 1300 516 videtur
1319 467 1497 515 autem
1523 467 1741 530 propter
1761 459 2074 514 dictionem.
2107 459 2249 514 fdem
2279 459 2512 524 Adixit.
2571 459 2682 516 Nec
2745 479 2865 518 cum
2931 464 3188 536 scyphum
3259 470 3380 537 quis
3437 468 3618 535 bibat,
3673 471 3815 540 quod
3868 473 3942 528 hi-

668 569 846 614 autem
892 554 1083 611 accidit
1137 553 1225 607 hic
1269 553 1411 622 quod
1454 553 1507 607 in
1540 553 2068 622 :cqiiivocationibus,
2103 561 2252 620 putat

660 651 803 706 enim
833 647 886 700 in
915 644 1205 714 :equivocis
1234 643 1438 699 inscius
1459 644 1784 707 orationum,
1814 658 1973 711 quam
1998 642 2134 697 dixit
2159 657 2256 698 nec

657 757 784 811 gare
807 754 942 800 rem,
974 754 1079 792 non
1109 751 1328 803 nomen,
1355 737 1584 806 ideoque
1605 736 1779 791 adhuc
1801 736 2003 806 indiget
2025 737 2255 792 interro-

657 834 874 903 gatione
917 833 961 886 si
994 831 1060 886 ad
1089 845 1248 885 unam
1281 829 1554 899 aspiciens
1600 829 1745 884 dicat
1773 829 2130 898 aaquivocum.
2167 829 2254 885 Sic

659 925 803 980 enim
853 923 1038 988 dante,
1079 924 1188 979 erit
1230 921 1555 991 redargutio.
1598 921 1815 976 Similes
1843 928 2022 975 autem
2071 929 2126 975 et
2171 920 2254 975 ha:

662 1019 940 1074 orationes
973 1018 1100 1083 illis,
1131 1017 1178 1071 si
1219 1016 1360 1087 quod
1389 1015 1509 1085 quis
1538 1013 1764 1082 habens,
1799 1023 1986 1084 postea
2015 1029 2121 1069 non
2161 1014 2252 1068 ha-

662 1112 780 1177 bet,
812 1111 1025 1176 amisit;
1077 1126 1202 1165 nam
1244 1125 1410 1164 unum
1462 1108 1635 1162 solum
1683 1109 1936 1162 amittens
1966 1107 2250 1176 calculum,

660 1219 769 1260 non
802 1203 1020 1259 habebit
1045 1205 1233 1258 decem
1257 1203 1515 1258 calculos.
1548 1205 1631 1257 An
1655 1202 1797 1272 quod
1824 1217 1929 1256 non
1961 1201 2122 1257 habet
2144 1201 2255 1272 qui-

657 1297 816 1362 dem,
867 1296 1014 1366 prius
1042 1295 1266 1360 habens,
1320 1295 1539 1350 amisit?
1570 1305 1826 1365 quantum
1859 1305 2041 1350 autem
2093 1294 2256 1350 habet

659 1391 888 1459 aliquot,
934 1404 1041 1444 non
1086 1403 1315 1444 necesse
1363 1397 1445 1443 est
1498 1396 1574 1441 tot
1603 1388 1872 1442 amittere.
1912 1386 2253 1455 Interrogans

657 1482 821 1552 igitur
871 1481 1014 1551 quod
1050 1481 1238 1548 habet,
1282 1479 1488 1549 colligit
1517 1479 1568 1533 in
1614 1493 1680 1534 eo
1706 1488 1858 1548 quot,
1912 1493 2033 1532 nam
2066 1477 2252 1532 decem

656 1577 884 1646 aliquot.
915 1575 971 1632 Si
1004 1575 1166 1644 igitur
1195 1573 1419 1628 dixisset
1463 1588 1494 1626 a
1527 1572 1816 1642 principio,
1867 1572 1912 1625 si
1958 1579 2093 1639 quot
2135 1569 2256 1638 quis

657 1684 767 1725 non
804 1667 965 1722 habet
1008 1667 1156 1734 prius
1187 1665 1414 1731 habens,
1448 1673 1674 1733 putasne
1704 1663 1884 1716 amisit
1929 1663 2046 1716 tot?
2078 1661 2255 1716 nullus

658 1763 844 1830 utique
887 1757 1152 1821 dedisset,
1185 1755 1279 1810 sed
1309 1767 1403 1810 aut
1437 1765 1536 1821 tot,
1580 1763 1673 1808 aut
1714 1754 1903 1808 horum
1936 1753 2159 1824 aliquid.
2191 1753 2257 1807 Et

2358 551 2452 616 bit,
2513 552 2605 605 sed
2653 569 2716 607 ex
2757 557 2917 623 .quo?
2977 557 3044 611 Et
3096 567 3247 627 putas
3299 559 3438 628 quod
3486 561 3608 629 quis
3665 560 3821 616 scivit
3867 564 3952 617 in-

2357 643 2598 709 veniens,
2662 645 2743 698 vel
2803 645 3018 700 discens
3080 649 3274 702 scivit?
3341 664 3564 718 quorum
3621 663 3797 707 autem
3848 655 3951 709 hoc

2355 724 2569 806 quidem
2641 738 2873 808 invenit,
2939 741 3068 794 illud
3121 752 3298 817 autem
3347 732 3551 811 didicit,
3613 745 3772 799 ambo
3831 742 3952 798 haec

2354 841 2625 886 neutrum.
2657 833 2738 887 An
2773 833 2885 887 brec
2932 834 3146 902 quidem
3196 850 3379 900 omne,
3429 835 3573 904 quod
3615 847 3794 893 autem
3840 854 3948 895 non

2353 926 2552 980 omne?
2581 926 2647 980 Et
2677 928 2928 996 quoniam
2958 937 3042 982 est
3066 927 3186 998 quis
3218 929 3410 984 tertius
3445 929 3609 984 homo
3635 946 3667 985 a
3692 945 3773 995 se,
3799 940 3855 986 et
3881 931 3952 987 ab

2355 1032 2694 1087 unoquoque.
2723 1018 2851 1072 Nam
2883 1018 3043 1073 homo
3088 1028 3141 1074 et
3167 1034 3328 1074 omne
3357 1035 3669 1087 commune,
3701 1037 3809 1077 non
3845 1021 3952 1076 hoc

2351 1110 2578 1182 aliquid,
2631 1113 2724 1166 sed
2776 1114 2934 1181 quale
2963 1112 3114 1182 quid,
3165 1116 3247 1169 vel
3280 1113 3348 1167 ad
3392 1114 3614 1184 aliquid,
3646 1115 3732 1170 vel
3765 1116 3954 1186 aliquo

2355 1205 2538 1268 modo,
2565 1205 2648 1260 vel
2680 1204 2982 1274 hujusniodi
3012 1205 3211 1274 aliquid
3234 1207 3518 1275 signiﬁcat.
3551 1207 3821 1263 Similiter
3845 1224 3954 1262 au-

2357 1303 2462 1350 tem
2494 1305 2549 1350 et
2579 1296 2631 1350 in
2663 1296 2784 1359 hoc,
2816 1295 3066 1350 Coriscus
3092 1305 3145 1350 et
3174 1296 3423 1350 Coriscus
3452 1298 3707 1364 musicus,
3762 1309 3952 1354 utrum

2358 1387 2500 1442 idem
2523 1402 2588 1440 an
2614 1387 2877 1441 alterum?
2899 1385 3030 1440 Nam
3062 1387 3162 1440 hoc
3184 1387 3398 1458 quidem
3433 1387 3535 1442 hoc
3559 1389 3782 1459 aliquid,
3817 1389 3951 1444 illud

2357 1489 2534 1534 autem
2566 1481 2724 1549 quale
2745 1480 2868 1549 quid
2911 1479 3198 1549 significat,
3240 1494 3407 1550 quare
3439 1497 3544 1535 non
3573 1492 3660 1536 est
3684 1482 3826 1537 idem
3857 1498 3950 1537 ex-

2359 1585 2579 1639 ponere.
2613 1571 2896 1640 Exponere
2920 1580 3098 1625 autem
3125 1586 3228 1624 non
3261 1570 3388 1625 facit
3409 1572 3624 1627 tertium
3650 1573 3942 1645 hominem,

2359 1663 2455 1718 sed
2487 1663 2719 1732 idipsunt
2764 1663 2891 1731 quid
2921 1672 3002 1717 est
3029 1662 3350 1729 concedere,
3391 1678 3498 1718 non
3539 1665 3682 1720 enim
3714 1667 3819 1722 erit.
3847 1667 3947 1724 hoc

2360 1755 2560 1825 aliquid
2590 1769 2712 1809 csse
2762 1755 2814 1808 id
2869 1754 3009 1824 quod
3047 1755 3243 1809 Callias
3282 1763 3336 1810 et
3366 1754 3419 1809 id
3461 1757 3602 1824 quod
3635 1758 3795 1814 homo
3825 1769 3944 1825 est;

658 1851 912 1922 quoniam
961 1849 1108 1904 dabit
1159 1847 1354 1917 aliquis
1399 1846 1544 1916 quod
1577 1861 1682 1900 non
1735 1845 1918 1912 habet,
1953 1859 2059 1900 non
2110 1844 2254 1900 enim
2286 1850 2334 1911 Β
2363 1863 2536 1917 neque
2566 1848 2610 1902 si
2641 1849 2761 1916 quis
2813 1846 3110 1916 expositum
3145 1863 3248 1901 non
3297 1846 3349 1901 id
3404 1847 3624 1917 quidem
3655 1852 3795 1919 quod
3847 1853 3948 1908 hoc

659 1944 822 1999 habet
844 1957 1009 1996 unum
1040 1940 1213 1995 solum
1240 1937 1534 1994 calculum.
1566 1938 1647 1992 An
1679 1951 1786 1992 non
1814 1937 1963 1991 dedit
1985 1936 2126 2006 quod
2146 1951 2252 1993 non

661 2035 869 2100 habuit,
898 2033 991 2088 sed
1023 2043 1079 2086 ut
1127 2047 1233 2087 non
1282 2030 1504 2084 habuit?
1547 2045 1670 2084 nam
1717 2030 1926 2096 solum,
1961 2045 2066 2084 non
2111 2029 2252 2097 quod

657 2126 945 2196 signiﬁcat,
991 2139 1166 2194 neque
1212 2123 1392 2193 quale,
1435 2136 1610 2192 neque
1637 2130 1928 2191 quantum,
1979 2120 2076 2176 sed
2109 2130 2166 2174 ut
2195 2135 2256 2176 se

659 2219 824 2274 habet
844 2217 912 2272 ad
941 2215 1167 2285 aliquid,
1191 2225 1247 2269 ut
1272 2214 1415 2284 quod
1446 2229 1552 2268 non
1582 2229 1707 2268 cum
1735 2212 1864 2266 alio.
1895 2212 2256 2280 Quemadmo-

657 2313 783 2365 dum
813 2311 856 2364 si
882 2309 1044 2374 dicat,
1075 2317 1302 2378 putasne
1346 2306 1489 2376 quod
1519 2321 1626 2360 non
1657 2305 1849 2375 aliquis
1880 2305 2044 2360 habet
2069 2305 2254 2361 dabit?

659 2421 766 2461 non
806 2413 1078 2458 annuente
1129 2410 1342 2469 autem,
1378 2401 1690 2468 interroget.
1725 2399 1781 2454 Si
1809 2398 1959 2453 dabit
1989 2400 2107 2469 quis
2155 2399 2254 2452 ali-

663 2495 790 2566 quid
819 2497 949 2557 cito,
998 2494 1086 2562 qui
1146 2509 1252 2547 non
1301 2491 1462 2548 habet
1491 2492 1632 2546 cito?
1682 2499 2015 2546 astruentcm
2071 2500 2252 2545 autem

661 2589 885 2658 colligat
915 2587 1058 2657 quod
1091 2585 1241 2640 dabit
1268 2585 1392 2654 quis
1422 2583 1566 2654 quod
1594 2598 1699 2637 non
1732 2585 1912 2649 habet,
1942 2592 1997 2638 et
2021 2582 2250 2639 manife-

659 2691 803 2737 stum
835 2679 1090 2749 quoniam
1147 2693 1256 2732 non
1308 2676 1667 2747 syllogizavit,
1719 2690 1840 2730 nam
1888 2676 1996 2730 cito
2037 2690 2144 2730 non
2173 2683 2256 2730 est

659 2775 800 2846 quod
842 2773 991 2841 dare,
1024 2771 1117 2826 sed
1165 2772 1269 2825 hoc
1320 2770 1482 2825 modo
1530 2769 1680 2824 dare.
1713 2770 1829 2836 Quo
1881 2778 2059 2822 autem
2093 2769 2254 2823 modo

659 2884 770 2924 non
799 2867 982 2931 habet,
1033 2864 1181 2920 dabit
1209 2864 1425 2933 aliquis,
1457 2872 1512 2917 ut
1559 2863 1700 2931 quod
1733 2862 2128 2918 delectabiliter
2154 2863 2252 2918 ha-

659 2959 771 3025 bet,
807 2967 1000 3013 muaste
1031 2956 1198 3012 dabit.
1232 2955 1449 3010 Similes
1481 2963 1656 3010 autem
1687 2964 1741 3008 et
1771 2953 2082 3023 huiusmodi
2121 2969 2249 3007 ora-

660 3052 858 3108 tiones.
893 3051 1130 3106 Putasne
1179 3065 1338 3120 quam
1389 3063 1495 3103 non
1547 3048 1730 3116 habet,
1775 3062 1936 3102 manu
1987 3047 2252 3117 percutiet

658 3143 815 3213 quis?
837 3152 928 3197 aut
957 3158 1117 3211 quem
1150 3155 1256 3196 non
1292 3141 1472 3205 habet,
1503 3140 1663 3195 oculo
1691 3138 1931 3195 videbit?
1961 3154 2066 3193 non
2105 3141 2250 3194 enim

2357 1936 2558 2007 aliquid
2588 1953 2708 1992 esse
2750 1936 2926 2001 dicat,
2960 1936 3056 1991 sed
3087 1937 3227 1992 idem
3256 1938 3399 2005 quod
3429 1939 3610 2006 quale,
3646 1940 3776 1994 nihil
3808 1943 3948 1999 refe-

2357 2043 2461 2094 ret,
2493 2046 2615 2085 nam
2638 2030 2739 2084 erit
2764 2046 2792 2084 a
2822 2031 3006 2085 multis
3037 2046 3200 2085 unum
3227 2031 3505 2102 quiddam,
3531 2042 3588 2086 ut
3618 2035 3808 2100 homo;
3835 2051 3948 2090 ma-

2359 2122 2612 2177 nifestum
2644 2136 2772 2191 ergo
2800 2123 3052 2192 quoniam
3078 2138 3181 2177 non
3213 2122 3450 2177 dandum
3484 2123 3584 2178 hoc
3604 2125 3804 2195 aliquid
3828 2143 3949 2186 esse

2358 2217 2483 2286 quid
2531 2216 2672 2286 quod
2719 2216 3075 2270 communiter
3103 2216 3426 2286 praedicatur
3451 2217 3520 2272 de
3549 2221 3821 2285 omnibus,
3851 2223 3949 2278 sed

2357 2319 2452 2362 aut
2481 2316 2758 2376 quantum,
2807 2319 2897 2361 aut
2927 2308 3105 2376 quale,
3129 2310 3245 2363 aut‘
3265 2307 3332 2362 ad
3374 2309 3594 2379 aliquid,
3627 2322 3717 2364 aut
3742 2312 3951 2382 aliquid

2320 2471 2326 2478 .
2358 2399 2543 2454 talium
2572 2401 2894 2468 significare.
2926 2399 3154 2454 Omnino
3181 2409 3359 2456 autem
3391 2401 3442 2456 in
3471 2418 3587 2472 quae
3612 2413 3835 2473 propter
3858 2406 3950 2461 di-

2313 2507 2319 2514 '
2356 2492 2587 2546 ctionem
2619 2500 2745 2546 sunt
2771 2491 3127 2556 orationibus,
3156 2508 3371 2564 semper
3395 2509 3487 2563 per
3511 2497 3812 2564 oppositum
3837 2500 3952 2556 erit

2355 2584 2552 2638 solutio
2583 2599 2742 2652 quam
2785 2593 3002 2654 propter
3049 2585 3191 2653 quod
3221 2594 3306 2640 est
3333 2587 3526 2654 oratio,
3561 2596 3618 2641 ut
3642 2588 3689 2644 si
3721 2600 3949 2659 propter

2355 2674 2803 2742 compositionem
2851 2675 3045 2741 oratio,
3091 2676 3289 2730 solutio
3329 2677 3637 2744 dividendo,
3669 2679 3713 2733 si
3762 2691 3944 2737 autem

2360 2774 2576 2834 propter
2597 2765 2937 2832 divisionem,
2965 2767 3360 2834 componendo.
3393 2767 3626 2823 Rursum
3649 2770 3693 2824 si
3725 2781 3948 2840 propter

2355 2865 2637 2910 accentum
2659 2866 2894 2920 acutum,
2918 2856 3100 2926 gravis
3121 2858 3224 2912 erit
3250 2857 3478 2924 solutio;
3501 2860 3544 2912 si
3571 2871 3699 2916 vero
3726 2873 3946 2931 propter

2354 2962 2592 3016 gravem,
2639 2956 2846 3002 acutus.
2877 2947 2934 3002 Si
2989 2958 3167 3002 autem
3199 2958 3418 3018 propter
3463 2952 3942 3020 tequivocationem

2353 3051 2458 3107 est,
2486 3051 2698 3110 oportet
2723 3043 3025 3110 Oppositum
3061 3057 3256 3097 nomen
3285 3043 3516 3099 dicendo
3541 3046 3783 3111 solvere,
3816 3057 3873 3102 ut
3897 3048 3944 3105 si

2355 3135 2651 3188 animatum
2679 3134 2876 3190 accidit
2900 3135 3102 3199 dicere,
3133 3138 3376 3205 negando
3405 3152 3518 3191 non
3549 3152 3691 3204 esse,
3719 3142 3945 3197 manife-

661 3239 824 3294 habct
853 3254 1014 3292 unum
1067 3237 1242 3291 solum
1272 3237 1512 3290 oculum.
1544 3234 1770 3290 Solvunt
1817 3245 1996 3288 autem
2027 3232 2249 3301 quidam
2279 3230 2324 3292 C
2359 3235 2502 3280 stum
2530 3227 2673 3296 quod
2693 3227 3142 3282 estinanimatum
3163 3245 3177 3292 ;
3199 3229 3241 3282 si
3261 3244 3388 3283 vero
3407 3230 3762 3287 inanimatam
3786 3233 3944 3294 dixit.

659 3330 921 3392 dicentes,
973 3338 1028 3383 et
1077 3329 1218 3398 quod
1273 3328 1434 3382 habet
1491 3343 1653 3382 unum
1696 3328 1870 3382 solum
1931 3326 2168 3392 oculum,
2198 3340 2253 3380 et

662 3421 810 3474 aliud
873 3419 1138 3488 quidlibet
1184 3419 1272 3486 qui
1334 3419 1484 3486 plura
1545 3418 1736 3483 habet,
1796 3417 2013 3486 quidam
2072 3426 2252 3471 autem

659 3521 715 3566 et
772 3519 829 3564 ut
863 3510 1004 3578 quod
1057 3510 1220 3563 habet
1263 3510 1490 3577 accepit.
1540 3509 1696 3562 Dedit
1739 3510 1880 3563 enim
1942 3524 2103 3561 unum
2163 3522 2254 3562 so-

661 3602 770 3656 lum
815 3599 901 3655 hic
940 3599 1228 3664 calculum,
1279 3607 1334 3653 et
1386 3599 1474 3652 hic
1505 3598 1666 3654 habet
1711 3597 1942 3668 (dicunt)
1971 3614 2134 3652 unum
2165 3613 2253 3654 so-

665 3692 776 3745 lum
809 3692 877 3746 ab
928 3692 1028 3744 hoc
1081 3689 1370 3754 calculum,
1423 3689 1630 3757 accepit
1670 3689 1814 3742 enim
1860 3689 1928 3743 ab
1959 3690 2078 3756 hoc,
2125 3705 2254 3759 eigo

581 3827 586 3832 .
661 3798 824 3836 unum
872 3781 1046 3838 solum
1094 3779 1256 3834 habet
1282 3779 1369 3834 hic
1399 3778 1686 3834 calculum.
1721 3779 1824 3834 Alii
1855 3789 2033 3834 autem
2070 3782 2252 3835 statim

658 3872 1131 3939 interrogationem
1181 3871 1574 3936 interimentes,
1627 3871 1750 3939 quia
1805 3870 2066 3940 contingit
2109 3873 2252 3941 quod

657 3980 764 4021 non
791 3965 996 4034 accepit
1036 3963 1256 4028 habere,
1290 3972 1348 4018 ut
1390 3963 1572 4017 vinum
1609 3962 1960 4033 accipientem
1993 3980 2177 4028 suave,
2207 3966 2252 4020 si

633 4065 1037 4126 corrumpatur
1066 4055 1119 4110 in
1151 4055 1491 4124 acceptione,
1545 4053 1746 4110 habere
1790 4069 1936 4110 acre.
1971 4056 2078 4113 Sed
2107 4056 2253 4125 quod

659 4151 860 4206 dictum
887 4157 977 4204 est
1003 4149 1175 4218 prius,
1219 4149 1274 4202 hi
1304 4162 1496 4203 omnes
1548 4163 1655 4204 non
1687 4148 1752 4203 ad
1801 4151 2124 4216 orationem,
2155 4149 2252 4205 scd

651 4245 720 4299 ad
750 4244 1020 4298 hominem
1051 4243 1284 4308 solvunt,
1321 4258 1445 4296 nam
1471 4241 1516 4295 si
1544 4251 1693 4297 esset
1727 4243 1843 4297 haec
1871 4244 2090 4310 solutio,
2118 4243 2253 4298 dan-

654 4346 762 4392 tem
794 4336 1100 4406 oppositum
1133 4348 1237 4388 non
1295 4332 1555 4401 possibile
1609 4343 1754 4388 esset
1783 4334 2016 4399 solvere,
2066 4351 2253 4404 quem-

653 4427 941 4482 admodum
963 4433 1018 4479 et
1055 4424 1106 4478 in
1138 4423 1297 4478 aliis:
1332 4431 1391 4476 ut
1417 4424 1461 4476 si
1495 4431 1576 4476 est
1599 4422 1818 4492 quidem
1850 4424 1995 4492 quod
2022 4433 2127 4490 est,
2170 4434 2254 4480 est

652 4522 815 4574 etiam
848 4517 987 4588 quod
1016 4531 1121 4572 non
1162 4523 1246 4572 est
1295 4515 1514 4570 solutio.
1545 4514 1602 4568 Si
1632 4515 1956 4584 simpliciter
1997 4516 2090 4572 det
2118 4517 2247 4585 dici,

2354 3315 2443 3370 hic
2487 3329 2666 3372 autem
2697 3319 2990 3372 animatum
3041 3318 3276 3388 colligat,
3327 3320 3614 3376 dicendum
3666 3324 3808 3391 quod
3854 3333 3944 3380 est

2355 3408 2727 3462 inanitnatum.
2761 3409 3023 3464 Similiter
3069 3422 3248 3465 autem
3297 3421 3353 3467 et
3399 3413 3454 3467 in
3504 3415 3847 3484 amphibolia.
3881 3415 3944 3474 Si

2354 3510 2531 3553 autem
2563 3501 2858 3554 secundum
2893 3501 3298 3558 similitudinem
3328 3504 3598 3573 dictionis,
3628 3508 3940 3576 oppositum

2354 3592 2458 3644 erit
2494 3592 2712 3656 solutio,
2747 3599 2971 3659 putas'ne
3001 3594 3142 3664 quod
3174 3610 3280 3649 non
3335 3595 3498 3652 habet
3543 3598 3689 3653 dabit
3717 3600 3944 3670 aliquis?

2357 3683 2438 3735 An
2470 3696 2574 3736 non
2606 3682 2749 3751 quod
2781 3700 2887 3738 non
2913 3683 3096 3751 habet,
3125 3686 3219 3740 sed
3252 3696 3308 3740 ut
3339 3701 3446 3741 non
3475 3688 3672 3743 habet?
3701 3699 3757 3744 ut
3778 3705 3943 3745 unum

2358 3776 2532 3829 solum
2558 3777 2846 3830 calculum.
2879 3777 3110 3834 Putasne
3140 3780 3282 3848 quod
3309 3779 3413 3834 scit
3454 3782 3690 3848 discens,
3734 3783 3818 3837 vel
3865 3783 3943 3838 in-

2357 3868 2582 3923 veniens
2611 3868 2747 3922 scit?
2776 3878 3012 3923 attamen
3046 3885 3151 3924 non
3181 3885 3299 3940 quae
3331 3872 3456 3936 scit,
3488 3882 3544 3926 et
3572 3872 3617 3926 si
3647 3873 3788 3941 quod
3825 3889 3944 3929 am-

2356 3957 2502 4013 bulat
2525 3959 2839 4028 pessundat,
2869 3975 2974 4014 non
3003 3968 3178 4016 tamen
3207 3963 3446 4030 quando.
3471 3961 3735 4019 Similiter
3758 3975 3942 4022 autem

2354 4059 2407 4103 et
2435 4049 2486 4103 in
2517 4049 2656 4105 aliis.

2971 4139 3195 4199 CAPUT
3251 4144 3326 4201 IV.

2688 4235 2767 4290 De
2797 4236 3053 4289 diluendis
3081 4239 3297 4308 argutiis
3323 4239 3614 4293 accidentis.

2430 4330 2511 4385 Ad
2541 4329 2659 4384 illas
2690 4344 2819 4384 vero
2859 4345 2978 4399 quae
3007 4339 3225 4400 propter
3264 4332 3548 4399 accidens,
3583 4345 3690 4385 una
3716 4331 3938 4402 quidem

2357 4424 2553 4478 solutio
2580 4431 2662 4476 est
2689 4421 2758 4476 ad
2779 4437 2985 4478 omnes.
3029 4423 3161 4478 Nam
3196 4426 3320 4492 quia
3354 4424 3832 4480 indetermiuatum
3860 4433 3944 4483 est

2356 4518 2568 4588 quando
2605 4515 2889 4572 dicendum
2911 4516 2978 4572 de
3005 4533 3096 4584 re,
3129 4533 3248 4573 cum
3281 4517 3548 4588 quidpiam
3568 4518 3830 4573 accidenti
3864 4519 3944 4574 in-

660 4611 962 4676 concludit;
996 4611 1039 4665 si
1071 4619 1250 4663 autem
1292 4622 1398 4662 non
1431 4605 1724 4672 concludit,
1757 4622 1864 4661 non
1893 4608 1997 4662 erit
2026 4609 2249 4664 solutio.
2276 4601 2332 4664 D
2357 4623 2437 4665 cst
2465 4611 2540 4680 (et
2579 4611 2631 4665 in
2675 4610 2996 4680 quibusdam
3022 4611 3236 4681 quidem
3263 4611 3470 4667 videtur
3492 4654 3508 4678 ,
3560 4622 3617 4668 et
3649 4613 3855 4680 dicunt,
3887 4613 3944 4670 in

657 4707 714 4761 ln
737 4704 1008 4776 praedictis
1030 4711 1210 4757 autem
1236 4700 1509 4772 (omnibus
1537 4699 1700 4769 datis)
1735 4714 1839 4754 non
1872 4699 2104 4755 dicimus
2134 4701 2251 4756 ﬁeri

655 4797 1047 4870 syllogismum.
1079 4793 1325 4863 Amplius
1359 4802 1541 4848 autem
1571 4801 1626 4846 et
1671 4791 1756 4847 hae
1785 4801 1910 4847 sunt
1940 4807 2007 4848 ex
2063 4792 2251 4862 hujus-

657 4891 801 4946 modi
827 4888 1180 4945 orationibus.
1216 4887 1454 4941 Putasne
1480 4883 1624 4954 quod
1654 4885 1914 4955 scriptum
1942 4895 2049 4951 est,
2080 4887 2252 4956 scrip-

653 4984 728 5040 sit
771 4980 924 5052 quis?
953 4980 1209 5048 scriptum
1262 4987 1347 5031 est
1370 4985 1554 5032 autem
1586 4991 1729 5032 nunc
1774 4977 1915 5046 quod
1970 4987 2024 5030 tu
2061 4979 2246 5046 sedes,

656 5076 789 5132 falsa
817 5073 1022 5138 oratio;
1053 5081 1170 5127 eiet
1187 5081 1366 5126 autem
1397 5085 1521 5125 vera
1545 5084 1667 5124 cum
1694 5069 2056 5134 scribebatur,
2088 5070 2250 5140 igitur

653 5167 816 5225 simul
851 5164 1184 5221 scribebatur
1215 5161 1348 5217 falsa
1393 5169 1448 5217 et
1476 5175 1622 5216 vera.
1655 5161 1788 5215 Nam
1820 5159 2008 5214 falsam
2037 5162 2123 5215 vel
2153 5177 2248 5218 ve-

656 5278 772 5318 ram
801 5260 1119 5326 orationem,
1148 5258 1232 5312 vel
1272 5255 1576 5325 opinionem
1625 5269 1770 5318 esse,
1807 5268 1914 5308 non
1947 5254 2111 5324 quod,
2152 5257 2249 5312 sed

655 5356 764 5411 tale
791 5353 1089 5425 signiﬁcat,
1134 5364 1258 5405 nam
1303 5348 1492 5405 eadem
1523 5349 1658 5404 ratio
1685 5356 1741 5403 ct
1786 5347 1838 5402 in
1866 5348 2142 5417 opinione.
2181 5349 2247 5404 Et

656 5460 814 5522 putas
834 5447 976 5519 quod
1007 5445 1166 5502 discit
1189 5443 1426 5507 discens,
1456 5441 1557 5495 hoc
1579 5451 1661 5497 est
1687 5439 1830 5510 quod
1862 5440 2057 5496 discit?
2087 5442 2249 5497 discit

658 5557 837 5602 autent
879 5543 1070 5615 aliquis
1095 5540 1238 5612 quod
1284 5548 1368 5595 est
1411 5537 1583 5603 tarde,
1619 5523 1890 5593 celeriter.
1940 5537 2056 5592 Non
2083 5537 2248 5607 igitur

658 5641 800 5711 quod
831 5639 1012 5703 discit,
1053 5634 1147 5691 sed
1177 5645 1232 5688 ut
1263 5633 1421 5688 discit
1456 5632 1614 5685 dixit.
1652 5631 1716 5684 Et
1755 5640 1911 5701 putas
1952 5630 2093 5700 quod
2141 5645 2257 5683 am-

660 5731 812 5784 bulat
861 5729 1084 5799 aliquis,
1154 5724 1480 5795 pessundat?
1540 5723 1778 5776 ambulat
1845 5732 2023 5777 autem
2090 5731 2254 5775 totam

661 5820 825 5873 diem.
863 5824 941 5875 An
1000 5835 1106 5874 non
1135 5817 1280 5884 quod
1323 5815 1580 5875 ambulat,
1611 5814 1705 5868 sed
1757 5815 1970 5880 quando
2023 5814 2259 5871 ambulat

2354 4703 2622 4770 aliquibus
2652 4711 2829 4757 autem
2863 4717 2969 4756 non
3019 4701 3207 4758 dicunt
3241 4702 3608 4758 necessarium
3638 4702 3822 4772 esse),
3857 4703 3946 4757 di-

2354 4793 2580 4850 cendum
2605 4795 2762 4863 igitur
2782 4794 3185 4850 conformantes
3215 4795 3469 4850 similiter
3490 4795 3557 4850 ad
3583 4809 3772 4850 omnes
3795 4795 3942 4865 quod

2354 4883 2462 4942 nun
2493 4896 2575 4944 est
2603 4887 2989 4953 necessarium;
3037 4886 3236 4943 habere
3261 4897 3440 4944 autem
3464 4897 3680 4958 Oportet
3724 4903 3833 4957 quo
3857 4904 3946 4944 re-

2355 4980 2499 5035 fellat
2541 4979 2774 5034 dicendo
2805 4979 2856 5033 id
2887 4979 3027 5048 quod
3061 4980 3280 5048 perinde
3305 4989 3410 5035 est.
3453 4982 3590 5034 Sunt
3619 4988 3799 5034 autem
3820 4994 3946 5033 om-

2355 5087 2452 5126 nes
2501 5071 2807 5140 huiusmodi
2862 5070 3132 5125 orationes
3173 5080 3392 5140 propter
3420 5071 3706 5134 accidens,
3751 5079 3808 5124 ut
3840 5085 3948 5138 pu-

2355 5172 2507 5220 ta'Sne
2553 5165 2602 5218 id
2631 5165 2768 5231 scis,
2813 5164 2954 5234 quod
2979 5163 3151 5221 debeo
3183 5173 3235 5218 te
3277 5164 3655 5236 interrogare?
3689 5163 3823 5231 Age,
3854 5176 3944 5217 co-

2355 5257 2641 5328 gnoscisne
2696 5256 3036 5319 venientem,
3104 5264 3197 5309 aut
3251 5255 3615 5324 coopertum?
3684 5255 3945 5309 Statuane

2357 5361 2503 5405 tuum
2529 5366 2662 5418 opus
2691 5351 2816 5404 est?
2855 5352 2937 5404 An
2979 5358 3100 5403 tuus
3144 5351 3292 5404 canis
3341 5349 3536 5418 pater?
3581 5350 3788 5406 Suntne
3819 5363 3944 5416 pau-

2357 5446 2467 5499 cies
2495 5459 2683 5514 pauca,
2719 5444 2928 5513 pauca?
2969 5442 3308 5498 Manifestum
3333 5443 3478 5496 enim
3500 5452 3581 5499 est
3611 5443 3663 5496 in
3697 5441 3942 5496 omnibus

2361 5538 2443 5592 his
2473 5538 2722 5606 quoniam
2773 5551 2876 5590 non
2907 5550 3126 5590 necesse
3154 5544 3238 5590 est
3263 5534 3406 5605 quod
3435 5533 3502 5589 de
3557 5534 3836 5589 accidente
3863 5532 3943 5586 di-

2359 5630 2516 5694 citur,
2546 5640 2598 5682 et
2625 5628 2692 5684 de
2716 5643 2772 5682 re
2793 5641 2976 5680 verum
3004 5641 3126 5681 esse
3147 5640 3161 5689 ;
3189 5626 3323 5680 solis
3346 5625 3490 5680 enim
3517 5625 3584 5680 iis
3603 5639 3723 5694 qua:
3747 5639 3945 5679 secuti.

2366 5720 2489 5774 dum
2519 5721 2872 5775 substantiam
2906 5728 3028 5772 sunt
3061 5718 3416 5774 iudifl'erentia
3439 5757 3455 5782 ,
3507 5727 3564 5772 et
3619 5732 3738 5785 qua:
3779 5727 3945 5770 unum

2364 5821 2508 5877 sunt,
2536 5813 2715 5867 omnia
2746 5810 2992 5867 videntur
3014 5809 3202 5865 eadem
3229 5810 3426 5876 inesse,
3459 5808 3600 5864 bono
3629 5816 3806 5861 autem
3840 5818 3945 5860 non
