4248 6272
327 324 468 387 1053

867 335 1349 397 ~ELENCHORUM
1390 322 1932 401 SOPIIISTICORU“
1968 325 2415 393 ARISTOTELIS
2453 334 3024 393 INTERPRETATIO.

3445 335 3584 392 1036

305 463 447 519 idem
486 473 569 518 est
597 464 794 517 bonum
823 475 963 526 esse,
994 470 1345 517 etventurum
1370 472 1491 513 esse
1529 458 1879 525 intermgare,
1929 447 1982 509 Α
2007 462 2223 519 propter
2246 452 2296 506 id
2326 452 2585 506 malorum
2610 461 2717 517 est,
2763 452 2856 508 scd
2889 468 2994 507 non
3044 454 3328 519 malorum,
3356 464 3582 522 propter

308 570 480 630 neque
503 554 758 618 venienti,
786 562 1173 621 autcooperto,
1224 561 1280 607 et
1333 550 1639 604 venientem
1683 562 1805 603 esse
1833 555 1888 600 et

307 646 605 701 Coriscum.
636 646 813 712 Quare
834 659 938 699 non
988 645 1032 698 si
1083 644 1350 712 cognosco
1371 639 1672 706 Coriscum,
1699 638 1887 708 ignoro

308 748 488 793 autem
515 728 837 802 venientem,
860 737 1106 790 eumdem
1118 748 1383 804 cognosco
1402 740 1457 788 et
1475 732 1681 800 ignoro,
1718 746 1897 800 neque

312 832 355 884 si
382 828 481 884 hoc
506 840 588 883 est
614 845 811 892 meum,
842 837 926 882 est
952 820 1130 880 autem
1172 840 1328 894 opus,
1374 837 1552 879 meum
1600 832 1683 877 est
1726 836 1887 891 opus,

307 921 407 975 sed
433 919 723 989 possessio,
755 918 837 973 vel
870 932 976 978 res,
1000 916 1080 969 vel
1111 914 1311 982 aliquid
1358 912 1651 983 quidpiam.
1688 911 1888 968 Eodem

312 1019 492 1064 autem
531 1009 689 1063 modo
716 1016 769 1061 et
801 1008 851 1060 iu
873 1006 1013 1059 aliis.
1073 1005 1297 1058 Solvunt
1325 1012 1505 1059 autem
1545 1003 1763 1079 quidem
1811 1002 1895 1057 in-

324 1110 634 1159 tcrimeutes
664 1088 1173 1173 interrogationem,
1196 1101 1381 1156 dicunt
1408 1099 1553 1156 enim
1587 1098 1897 1168 contingere

319 1199 562 1255 eamdem
587 1214 700 1254 rem
729 1209 1063 1267 cognoscere
1085 1236 1102 1263 ,
1132 1204 1188 1251 et
1210 1196 1460 1264 ignorare
1480 1233 1496 1259 ,
1524 1192 1621 1248 sed
1660 1206 1764 1246 non
1811 1205 1897 1246 se-

317 1266 746 1353 cundum'idem;
776 1266 1081 1344 venientem
1113 1286 1275 1356 igitur
1306 1299 1411 1340 non
1442 1293 1724 1339 noscentes
1745 1323 1761 1347 ,
1788 1279 1894 1335 Co-

318 1383 518 1439 riscum
558 1390 736 1436 autem
767 1388 1050 1434 noscentes
1073 1418 1089 1443 ,
1148 1376 1395 1432 eumdem
1426 1375 1643 1446 quidem
1691 1388 1896 1442 cogno-

319 1490 471 1531 scere
496 1480 553 1528 et
592 1473 837 1542 ignorare
861 1470 1079 1535 dicunt,
1108 1468 1201 1524 sed
1232 1482 1337 1522 non
1390 1465 1682 1521 secundum
1729 1464 1892 1518 idem.

303 1548 571 1625 'Attameu
601 1567 830 1635 primum
859 1564 1074 1634 quidem
1120 1558 1592 1633 (quemadmodum
1616 1558 1728 1627 jam
1758 1555 1896 1610 dixi-

320 1659 477 1729 mus)
499 1668 711 1727 oportet
735 1671 916 1711 earum
949 1670 1069 1724 qua:
1096 1661 1317 1723 propter
1367 1650 1507 1705 idem
1549 1658 1672 1703 sunt
1695 1649 1895 1725 oratio-

321 1767 448 1808 num
475 1748 718 1806 eamdem
744 1760 866 1802 esse
886 1745 1208 1800 solutionem
1235 1761 1248 1807 ;
1282 1743 1337 1796 id
1378 1749 1554 1795 autem
1581 1754 1689 1794 non
1717 1739 1821 1793 erit
1847 1737 1894 1793 si

2002 540 2055 596 id
2086 543 2243 611 igitur
2278 543 2422 612 quod
2462 544 2637 611 aliquo
2668 544 2826 597 modo
2867 545 3028 597 etiam
3074 544 3390 613 simpliciter
3418 561 3580 612 appa-

2000 644 2101 699 ret,
2133 648 2437 704 quanquam
2465 634 2724 701 contingit
2754 635 2981 689 fortasse
3008 635 3204 690 bonum
3232 650 3353 690 esse
3374 637 3580 707 aliquid

2000 727 2261 782 malorum
2294 726 2609 795 dupliciter,
2634 742 2740 780 non
2765 735 2939 781 tamen
2963 728 3014 780 itt
3040 728 3288 782 oratione
3321 728 3417 782 hac
3439 768 3452 788 .
3484 729 3585 785 sed

2000 820 2171 889 magis
2190 820 2238 873 si
2278 819 2417 889 quod
2448 818 2773 886 mancipium
2808 817 2879 871 sit
2906 817 3102 871 bonum
3134 820 3282 873 mali.
3326 817 3583 876 Fortasse

1997 921 2175 968 autem
2204 926 2380 981 neque
2404 910 2505 965 sic.
2552 908 2669 964 Non
2696 910 2836 963 enim
2868 908 2915 963 si
2942 910 3139 964 bonum
3171 920 3255 964 est
3300 919 3355 964 et
3399 911 3586 979 hujus,

1999 1003 2196 1073 bonum
2222 1000 2380 1070 hujus
2415 999 2617 1064 simul;
2677 1014 2864 1055 verum
2898 1014 3071 1068 neque
3101 999 3370 1055 hominem
3398 1001 3585 1057 dicere

1998 1092 2307 1148 animalium
2333 1106 2480 1157 esse,
2532 1090 2730 1145 dicitur
2758 1089 3125 1159 multipliciter
3157 1106 3171 1154 ;
3225 1106 3330 1143 non
3360 1093 3503 1144 enim
3532 1093 3583 1146 si

1998 1183 2198 1253 aliquid
2227 1182 2595 1253 significamus
2624 1183 2963 1247 auferentes,
3015 1181 3067 1236 id
3101 1180 3299 1235 dicitur
3328 1179 3585 1249 multipli-
3654 1206 3655 1209 η

1997 1277 2151 1345 citer,
2185 1291 2306 1329 nam
2337 1286 2389 1331 et
2418 1274 2696 1330 dimidium
2721 1275 2960 1330 dicentes
2986 1289 3171 1331 versus
3196 1274 3263 1329 da
3285 1274 3437 1339 mihi,
3466 1273 3587 1331 Ilia-

1997 1366 2065 1423 da
2089 1366 2470 1437 signiﬁcamus,
2497 1367 2633 1422 lram
2667 1368 2842 1437 pande
2869 1368 2994 1423 dea.

2616 1478 2847 1535 CAPUT
2889 1479 2951 1535 ν.

2157 1579 2236 1635 De
2275 1581 2527 1633 solutione
2565 1580 2986 1703 sciultiutorum
3025 1580 3252 1635 locorum
3284 1592 3427 1636 extra

2670 1660 2925 1703 tcttoncm.

2670 1660 2925 1704 tcttonem.

2040 1808 2045 1811 χ
2070 1759 2176 1814 Eas
2207 1776 2334 1815 vero
2362 1776 2481 1829 quae
2509 1767 2633 1815 sunt
2670 1770 2891 1830 propter
2921 1760 2973 1815 id
3000 1763 3141 1830 quod
3171 1765 3470 1833 praecipue,
3524 1769 3586 1821 il-

320 1841 442 1912 quis
466 1856 569 1894 non
597 1839 650 1894 in
679 1851 1041 1909 cognoscere,
1075 1835 1168 1891 sed
1215 1834 1266 1889 in
1316 1833 1457 1903 quod
1485 1840 1570 1887 est
1618 1846 1772 1897 esse,
1801 1837 1893 1884 aut

2001 1849 2093 1904 lud
2116 1858 2313 1915 autem,
2339 1823 2425 1906 vel
2448 1867 2573 1921 qua,
2611 1823 2699 1906 vel
2732 1823 2844 1914 ubi,
2879 1853 2959 1906 vel
2990 1823 3386 1922 aliquo-modo,
3416 1823 3495 1911 vel
3519 1858 3587 1914 ad

321 1936 500 2003 aliquo
522 1933 680 1986 modo
702 1945 760 1987 se
780 1930 976 1984 habere
1006 1928 1180 1998 ipsum
1207 1925 1350 1997 quod
1373 1925 1692 1995 approbant,
1720 1928 1899 1977 sumat

324 2026 406 2093 (ut
430 2024 473 2076 si
506 2023 595 2077 hic
623 2031 705 2077 est
734 2030 908 2090 pater,
955 2027 1039 2073 est
1068 2026 1244 2072 autem
1271 2016 1416 2083 tuus)
1443 2032 1457 2070 :
1511 2029 1635 2069 nam
1685 2011 1896 2067 tametsi

324 2113 382 2183 in
406 2110 721 2180 quibusdam
750 2110 800 2164 id
828 2123 1009 2164 verum
1041 2118 1145 2175 est,
1175 2116 1229 2161 ct
1250 2105 1510 2175 contingit
1538 2103 1678 2158 idem
1702 2116 1901 2171 cogno—

326 2217 478 2256 scere
510 2211 562 2255 ct
588 2202 853 2268 ignorare,
902 2206 1079 2252 tamen
1112 2198 1197 2251 hic
1227 2196 1360 2251 nihil
1406 2208 1689 2248 commune
1738 2192 1900 2247 habet

324 2291 464 2363 quod
493 2291 691 2345 dictum
721 2298 822 2344 est.
857 2288 996 2341 Nihil
1022 2296 1200 2343 autem
1225 2286 1468 2356 prohibet
1499 2283 1739 2340 eamdem
1770 2298 1895 2336 ora-

325 2382 522 2435 tionem
565 2380 741 2448 plures
789 2378 1104 2433 vitiositates
1163 2377 1391 2443 habere,
1443 2376 1537 2430 sed
1580 2388 1687 2430 non
1717 2373 1896 2429 omnis

326 2472 528 2545 peccati
557 2467 915 2526 manifestatio
944 2468 1139 2523 solutio
1168 2476 1269 2523 est.

399 2582 528 2636 Nam
555 2580 808 2650 possibile
831 2589 915 2635 est
937 2579 1222 2634 ostendere
1242 2579 1545 2647 quempiam
1567 2618 1583 2642 ,
1623 2577 1767 2646 quod
1794 2577 1898 2631 fal-

326 2688 445 2729 sum
495 2672 706 2741 quidem
733 2671 1067 2741 syllogizavit
1092 2711 1106 2733 ,
1150 2679 1364 2739 propter
1398 2668 1539 2737 quod
1581 2677 1759 2723 autem
1791 2681 1895 2723 non

328 2756 613 2820 ostendere
643 2761 975 2829 (utZenonis
1016 2761 1316 2814 orationem
1364 2760 1504 2827 quod
1537 2772 1643 2812 non
1673 2767 1757 2813 est
1783 2773 1898 2811 mo-

328 2856 501 2925 veri);
527 2869 691 2925 quare
710 2864 763 2909 et
787 2853 833 2908 si
858 2854 976 2923 quis
1005 2861 1229 2908 conetur
1251 2851 1501 2920 colligere
1530 2838 1587 2904 u't
1609 2849 1674 2904 ad
1700 2850 1899 2919 impos-

326 2949 505 3014 sibile,
538 2956 739 3016 peccat,
769 2956 823 3002 et
848 2945 895 3000 si
917 2945 1113 3000 millies
1143 2945 1421 3015 syllogizet
1446 2984 1462 3009 ,
1514 2960 1619 3000 non
1644 2944 1787 2999 enim
1816 2953 1897 2999 est

326 3040 442 3095 hac
468 3038 687 3107 solutio,
706 3052 826 3093 nam
848 3045 964 3092 erat
990 3036 1188 3092 solutio
1217 3037 1577 3092 manilestatio
1599 3036 1895 3107 syIIOgismi

326 3131 449 3199 falsi
479 3139 695 3201 propter
731 3129 871 3200 quod
910 3128 1095 3185 falsus.
1145 3130 1200 3184 Si
1230 3129 1389 3199 igitur
1414 3144 1519 3183 non
1544 3130 1890 3198 syllogizavit,

325 3224 568 3295 quamvis
598 3232 688 3278 aut
716 3237 921 3288 verum,
945 3232 1036 3277 aut
1068 3220 1256 3276 falsum
1286 3231 1508 3277 conetur
1528 3223 1800 3291 colligere,
1830 3223 1893 3277 il-

324 3314 428 3370 lius
478 3313 830 3369 manifestatio
876 3313 1069 3367 solutio
1099 3321 1197 3367 est.
1240 3312 1493 3368 Fortasse
1531 3321 1714 3368 autem
1756 3321 1810 3367 et
1838 3312 1889 3368 id

322 3406 375 3462 in
406 3404 721 3477 quibusdam
760 3403 893 3458 nihil
922 3402 1170 3472 prohibet
1196 3402 1465 3468 accidere,
1499 3417 1682 3459 verum
1726 3405 1778 3459 in
1808 3401 1892 3459 his

322 3511 421 3554 nec
466 3497 565 3551 hoc
591 3496 892 3560 videbitur,
927 3511 1047 3550 nam
1073 3505 1127 3551 et
1150 3496 1425 3551 Coriscum
1449 3496 1589 3565 quod
1620 3496 1890 3562 Coriscus,

322 3588 615 3659 cognoscit,
668 3596 722 3643 et
772 3590 1076 3641 ven'entem
1105 3586 1246 3655 quod
1274 3587 1516 3641 veniens.
1570 3586 1891 3657 Coutingere

320 3685 495 3732 autem
521 3676 659 3735 idem
681 3691 1006 3747 cognoscere
1030 3685 1084 3730 et
1112 3692 1217 3731 non
1237 3716 1251 3739 ,
1304 3685 1363 3730 ut
1389 3676 1530 3745 quod
1555 3676 1734 3732 album
1769 3678 1889 3746 qui-

321 3769 441 3825 dem
472 3783 792 3840 cognoscere
810 3809 827 3834 ,
848 3768 991 3838 quod
1018 3778 1193 3823 autem
1224 3769 1514 3835 musicum,
1557 3784 1659 3823 non
1687 3783 1890 3838 cogno-

319 3872 472 3916 scere
502 3875 518 3911 :
567 3860 650 3914 sic
676 3859 820 3914 enim
859 3858 999 3914 idem
1049 3859 1326 3928 cognoScit
1370 3868 1426 3914 et
1461 3874 1564 3914 non
1594 3859 1888 3928 cognoscit,

320 3951 413 4005 sed
440 3964 544 4003 non
574 3948 865 4003 secundum
900 3947 1064 4015 idem,
1123 3949 1421 4004 venientem
1451 3958 1630 4005 autem
1654 3959 1708 4004 et
1731 3950 1889 4005 Cori-

318 4056 492 4104 scum,
517 4048 570 4094 et
593 4039 736 4109 quod
764 4039 1005 4104 veniens,
1034 4050 1084 4094 et
1115 4041 1254 4109 quod
1285 4039 1555 4106 Coriscus,
1590 4043 1888 4112 cognoscit.

316 4140 577 4198 Similiter
626 4149 801 4192 autem
856 4148 1077 4208 peccant
1136 4148 1189 4194 et
1231 4140 1319 4207 qui
1373 4142 1585 4195 solvunt
1632 4143 1885 4212 quoniam

317 4232 493 4287 omnis
525 4245 780 4286 numerus
813 4245 1031 4299 paucus,
1064 4241 1121 4284 ut
1164 4232 1195 4285 ii
1236 4246 1370 4300 quos
1398 4232 1661 4299 diximus,
1684 4241 1741 4285 ut
1767 4243 1888 4300 pote

317 4323 409 4392 qui
438 4338 556 4377 cum
589 4337 694 4375 non
724 4322 1035 4375 conclusum
1073 4331 1152 4377 est
1173 4363 1188 4387 ,
1240 4323 1291 4377 id
1320 4323 1645 4389 omittentes,
1704 4340 1885 4379 verum

316 4413 627 4475 conclusum
656 4427 775 4467 esse
798 4413 979 4469 dicunt
1014 4414 1227 4482 (omnia
1254 4414 1396 4470 enim
1429 4429 1550 4470 esse
1576 4427 1630 4470 et
1661 4418 1887 4472 multum

316 4512 371 4559 et
392 4518 616 4571 paucum
646 4503 928 4572 dicentes),
955 4514 1197 4574 peccant.
1239 4505 1464 4570 Quidam
1495 4516 1675 4561 autem
1708 4519 1759 4562 et
1790 4508 1889 4562 du-

2000 1940 2199 2009 aliquid
2246 1943 2461 2005 dicitur,
2518 1952 2574 1996 et
2601 1957 2707 1995 nou
2745 1942 3087 2012 simpliciter,
3130 1944 3445 2000 solvendum
3499 1959 3589 2005 est

2000 2032 2393 2087 considerando
2434 2032 2837 2088 conclusionem
2886 2033 2952 2087 ad
2983 2034 3485 2103 centradicttonem,
3537 2039 3587 2093 si

2001 2123 2255 2191 contingit
2283 2123 2471 2177 horum
2502 2122 2701 2192 aliquid
2734 2137 2916 2191 passas
2941 2139 3082 2177 esse.
3124 2123 3257 2178 Nam
3289 2129 3582 2195 contraria,

2001 2222 2053 2267 ει
2080 2214 2345 2282 opposita,
2376 2221 2431 2268 et
2481 2214 2920 2278 afﬁrmationem,
2970 2226 3025 2268 et
3068 2219 3422 2283 negationem,
3454 2219 3584 2273 sint-

2002 2303 2212 2372 pliciter
2239 2303 2452 2373 quidem
2482 2304 2811 2372 impossibile
2846 2305 3023 2361 inessc
3053 2306 3249 2372 eidem,
3282 2326 3382 2377 qua
3406 2321 3584 2365 autem

2001 2403 2317 2465 utrumque,
2344 2396 2429 2452 vel
2452 2395 2518 2449 ad
2548 2396 2771 2466 aliquid,
2818 2397 2901 2453 vel
2929 2400 3110 2469 aliquo
3140 2402 3321 2465 modo,
3376 2405 3452 2457 vel
3484 2406 3587 2460 hoc

1999 2487 2216 2555 quidem
2246 2501 2369 2557 qua,
2401 2487 2533 2542 illud
2564 2496 2742 2543 autem
2796 2490 3111 2559 simpliciter
3132 2492 3262 2546 nihil
3292 2496 3538 2562 prohibet
3564 2513 3582 2562 ;

1999 2593 2165 2648 quare
2196 2581 2239 2633 si
2285 2580 2388 2634 hoc
2412 2580 2627 2649 quidem
2669 2581 3017 2651 simpliciter,
3073 2585 3207 2639 illud
3249 2597 3426 2643 autem
3457 2606 3584 2659 qua,

2001 2672 2236 2726 nondum
2260 2684 2343 2727 est
2391 2674 2727 2743 redargutio.
2782 2675 2893 2731 Hoc
2924 2688 3102 2733 autem
3154 2678 3209 2733 in
3240 2685 3587 2739 conclusione

2000 2764 2447 2819 considerandum
2478 2765 2545 2820 ad
2573 2767 3077 2823 contradictionem.
3112 2771 3247 2825 Sunt
3276 2784 3453 2828 autem
3486 2776 3586 2829 hu-

1994 2854 2231 2922 jusmodi
2268 2856 2541 2911 orationes
2566 2871 2757 2911 omnes
2781 2857 2833 2910 id
2868 2859 3160 2923 habentes,
3208 2872 3432 2926 putasne
3458 2880 3587 2917 cott-

2000 2947 2154 3018 tingit
2180 2947 2321 3016 quod
2377 2963 2483 3002 non
2532 2950 2807 3004 estesse?
2858 2958 3091 3003 attamen
3126 2966 3229 3004 non
3276 2956 3587 3023 estaliquid

1999 3038 2050 3092 id
2081 3041 2219 3108 quod
2270 3054 2377 3093 non
2406 3049 2507 3095 est.
2549 3040 2808 3095 Similiter
2856 3050 3033 3094 autem
3066 3051 3121 3095 et
3174 3044 3318 3110 quod
3358 3055 3441 3097 est
3476 3060 3581 3099 non

1998 3131 2121 3195 erit,
2145 3144 2265 3183 nam
2294 3145 2403 3185 non
2426 3130 2531 3185 erit
2576 3131 2776 3200 aliquid
2805 3146 2925 3184 cum
2954 3140 3096 3185 sunt.
3158 3130 3402 3201 Nunquid
3455 3152 3583 3189 cou-

2001 3225 2152 3292 tingit
2176 3224 2423 3279 eumdem
2450 3224 2610 3278 simul
2642 3226 2779 3279 bene
2804 3224 2991 3293 jurare
3020 3234 3074 3278 et
3106 3224 3391 3292 peierare?
3436 3226 3583 3282 Nun-

1995 3319 2123 3387 quid
2171 3318 2424 3386 possibile
2474 3328 2559 3374 est
2599 3318 2759 3372 simul
2809 3316 2985 3372 eidem
3028 3317 3257 3372 suadere
3292 3330 3346 3373 et
3375 3320 3583 3374 dissua-

1995 3408 2164 3463 dere?
2211 3408 2291 3461 Au
2325 3422 2499 3478 neque
2526 3422 2650 3463 esse
2672 3406 2821 3475 quid,
2854 3415 3070 3472 etesse,
3098 3406 3282 3460 idem?
3312 3408 3450 3477 quod
3482 3426 3580 3463 att-

1996 3506 2103 3552 tem
2134 3512 2240 3551 non
2269 3504 2373 3562 est,
2406 3512 2511 3551 non
2558 3496 2603 3551 si
2632 3505 2715 3551 est
2741 3496 2867 3566 quid
2887 3535 2901 3558 ,
2930 3496 3093 3550 etiam
3127 3506 3211 3550 est
3240 3498 3576 3567 simpliciter.

1994 3586 2177 3657 Neque
2199 3588 2241 3642 si
2274 3588 2411 3642 bene
2432 3589 2577 3655 jurat
2608 3586 2657 3640 id
2703 3586 2919 3656 quidem
2939 3627 2955 3649 ,
2983 3594 3037 3640 ct
3065 3601 3166 3654 qua
3186 3626 3203 3652 ,
3247 3602 3470 3643 necesse
3497 3601 3581 3645 est

1994 3689 2049 3735 et
2079 3678 2213 3734 bene
2237 3680 2445 3749 jurare,
2472 3695 2594 3733 nam
2622 3679 2710 3747 qui
2735 3678 2879 3748 jurat
2907 3692 2967 3733 se
3009 3676 3405 3746 pejeraturum.
3440 3681 3579 3738 bene

1990 3772 2135 3842 jurat
2165 3771 2411 3840 pejerans
2439 3773 2541 3825 hoc
2566 3771 2763 3835 solum,
2788 3779 2841 3823 at
2871 3785 2975 3823 non
3008 3769 3147 3825 bene
3172 3769 3334 3839 jurat.
3394 3770 3579 3841 Neque

1995 3866 2083 3935 qui
2113 3864 2410 3929 dissuadet,
2453 3862 2667 3926 suadet,
2720 3863 2815 3917 sed
2872 3862 3167 3917 secundum
3199 3863 3327 3932 quid
3364 3865 3579 3921 suadet.

1995 3956 2202 4012 Similis
2247 3962 2424 4009 autem
2470 3954 2607 4007 ratio
2636 3961 2722 4006 est
2771 3954 2917 4005 etde
2946 3966 3012 4005 eo
3052 3952 3196 4020 quod
3237 3962 3322 4007 est
3360 3956 3582 4011 mentiri

1996 4042 2245 4100 eumdem
2277 4042 2435 4096 simul
2459 4051 2514 4095 et
2536 4055 2719 4095 verum
2750 4039 2968 4105 dicere,
2993 4040 3089 4094 sed
3121 4052 3339 4109 propter
3361 4044 3411 4096 id
3434 4045 3578 4112 quod

1994 4152 2099 4192 non
2132 4144 2215 4191 est
2245 4133 2405 4188 facile
2438 4132 2706 4201 inspicere
2735 4140 2913 4184 utrum
2942 4132 3059 4200 quis
3089 4134 3327 4201 assignet
3368 4136 3578 4204 simpli-

1992 4229 2123 4285 citer
2151 4241 2398 4282 veracem
2422 4239 2575 4291 esse,
2610 4224 2691 4278 vel
2718 4224 3031 4279 mendacem
3060 4223 3278 4281 difﬁcile
3329 4237 3573 4296 apparet.

1992 4321 2246 4379 Prohibet
2290 4330 2468 4375 autem
2524 4318 2773 4373 eumdem
2826 4318 2958 4373 nihil
3005 4319 3318 4389 simpliciter
3355 4323 3573 4390 quidem

1993 4427 2112 4469 esse
2138 4410 2447 4467 mendacem
2480 4456 2495 4477 ,
2540 4424 2640 4479 qua
2673 4421 2852 4465 autem
2882 4425 3164 4477 veracem,
3220 4414 3302 4468 vel
3351 4414 3577 4484 alicujus

1992 4519 2111 4561 esse
2134 4517 2376 4557 veracem
2404 4502 2633 4571 aliquem
2653 4545 2666 4565 ,
2710 4517 2954 4557 veracem
2986 4514 3166 4559 autem
3197 4520 3326 4562 non.
3377 4506 3577 4564 Simili~

318 4596 436 4666 plicl
465 4594 675 4649 solvunt
704 4568 1061 4667 syllogismos,
1097 4608 1153 4650 ut
1174 4568 1422 4665 quoniam
1452 4608 1570 4652 tuus
1598 4610 1681 4654 est
1711 4610 1884 4669 pater,
1912 4568 1970 4630 ει)
1995 4605 2075 4651 ιει·
2103 4604 2282 4649 autem
2311 4602 2366 4649 et
2386 4595 2437 4647 in
2468 4568 2535 4647 ad
2562 4593 2783 4662 aliquid,
2811 4603 2866 4646 et
2903 4594 3014 4655 ubi.
3044 4604 3099 4648 et
3122 4597 3358 4663 quando,
3386 4614 3576 4655 omnes

314 4696 405 4740 aut
427 4686 588 4750 ﬁlius,
614 4695 705 4740 aut
726 4702 929 4741 servus.
989 4690 1237 4740 Attamen
1270 4688 1608 4741 manifestum
1636 4691 1887 4756 quoniam

314 4778 356 4857 si
386 4792 450 4831 eo
479 4778 615 4847 quod
653 4778 1012 4846 multipliciter
1041 4777 1237 4833 dicitur
1282 4788 1501 4847 apparet
1556 4779 1885 4850 redargutio,

312 4880 524 4938 Oportet
552 4886 743 4925 nomen
793 4872 872 4924 vel
903 4872 1201 4926 orationem
1243 4872 1456 4940 proprie
1486 4886 1605 4926 esse
1634 4873 1885 4941 plurium,

314 4962 453 5013 hunc
478 4968 653 5015 autem
684 4974 804 5013 esse
856 4958 1013 5028 hujus
1055 4960 1221 5014 ﬁlium
1242 5003 1258 5025 ,
1314 4976 1472 5015 nemo
1492 4961 1622 5016 dicit
1652 4962 1886 5031 proprie,

311 5050 353 5102 si
380 5048 624 5103 dominus
653 5057 735 5103 est
764 5049 876 5116 ﬁlii,
909 5049 1002 5104 sed
1052 5060 1268 5121 propter
1294 5054 1543 5110 accidens
1570 5055 1888 5123 compositio

310 5148 393 5193 est
417 5139 665 5207 (putasne
690 5141 895 5193 esthoc
925 5140 1106 5193 tuum?
1133 5145 1249 5205 sic;
1283 5155 1364 5198 est
1384 5154 1561 5200 autem
1594 5145 1694 5201 hoc
1727 5147 1886 5209 ﬁlius,

312 5240 431 5283 tuus
453 5230 611 5299 igitur
646 5230 806 5297 filius)
834 5269 848 5291 ,
901 5232 1021 5298 quia
1052 5232 1247 5287 accidit
1279 5250 1398 5289 esse
1426 5246 1479 5289 et
1510 5245 1687 5301 tuum,
1745 5248 1799 5293 et
1828 5238 1888 5290 ﬁ-

309 5323 474 5387 lium,
506 5322 598 5377 sed
629 5337 735 5377 non
781 5330 929 5376 tuum
963 5324 1149 5380 ﬁlium.
1201 5326 1268 5380 Et
1320 5343 1440 5383 csse
1488 5330 1687 5397 aliquid
1716 5332 1885 5384 malo-

309 5430 426 5470 rum
452 5414 674 5479 bonum,
709 5426 832 5466 nam
866 5414 1144 5481 prudentia
1181 5426 1265 5471 est
1292 5418 1578 5488 disciplina
1603 5422 1885 5475 malorum.

309 5508 421 5561 lloc
456 5512 632 5557 autem
656 5503 847 5556 horum
868 5520 987 5560 esse
1014 5520 1118 5560 non
1148 5506 1341 5562 dicitur
1368 5510 1731 5578 tnultipliciter
1754 5552 1768 5575 ,
1794 5513 1888 5566 sed

308 5594 621 5666 possessio;
679 5591 944 5660 siquidem
975 5598 1200 5653 fortasse
1230 5600 1603 5668 multipliciter
1635 5603 1652 5669 (
1680 5618 1805 5657 nam
1836 5612 1890 5658 et

307 5692 577 5763 hominem
606 5682 913 5739 animalium
938 5688 1168 5744 dicimus
1190 5690 1371 5759 esse),
1421 5693 1516 5747 sed
1540 5708 1641 5747 non
1675 5708 1887 5761 posses-

307 5781 553 5859 sionem;
602 5786 656 5832 et
694 5778 741 5830 si
773 5775 897 5845 quid
942 5780 1007 5834 ad
1047 5783 1186 5836 mala
1237 5783 1430 5840 dicitur
1486 5792 1542 5841 ut
1586 5784 1888 5856 aliquorum

594 5875 869 5939 Ρλτιιοι..
905 5876 1125 5938 LXIV.

1992 4689 2135 4747 enim
2184 4685 2486 4755 bujusmodi
2518 4685 2794 4740 orationes
2827 4692 3048 4753 propter
3070 4686 3121 4739 id
3150 4689 3415 4745 accidunt.
3470 4692 3575 4747 Pu-

1992 4791 2145 4837 tasne
2161 4780 2382 4844 sanitas,
2408 4779 2489 4832 vel
2517 4778 2717 4832 divitia:
2745 4778 2983 4832 bonum?
3014 4788 3251 4834 attamen
3273 4781 3570 4852 insipienti.

1991 4882 2046 4927 et
2071 4885 2174 4925 nou
2206 4878 2350 4925 recte
2380 4868 2547 4923 utenti
2574 4884 2679 4921 non
2708 4868 2905 4922 bonum
2927 4907 2942 4933 ,
2975 4884 3101 4937 ergo
3130 4870 3352 4938 bonum,
3382 4883 3437 4927 et
3465 4890 3570 4929 nou

1996 4962 2213 5016 bonum.
2266 4960 2429 5015 Estne
2471 4973 2660 5013 sanum
2701 4972 2846 5023 esse,
2906 4958 2991 5012 vel
3021 4968 3341 5028 potestatem
3374 4962 3575 5019 habere

1994 5052 2047 5107 in
2078 5052 2293 5106 civitate
2323 5050 2565 5104 bonum?
2616 5059 2981 5104 verumtamen
3011 5060 3094 5105 est
3125 5051 3444 5121 quandoque
3466 5069 3572 5108 non

1995 5147 2191 5200 bonum
2218 5163 2232 5211 ;
2287 5145 2426 5198 idem
2477 5143 2635 5208 igitur
2663 5140 2835 5195 eidem
2864 5139 3061 5195 bonum
3084 5180 3101 5202 ,
3131 5150 3191 5196 et
3216 5155 3320 5196 non
3351 5142 3571 5198 bonum.

1995 5241 2075 5292 An
2107 5236 2240 5291 nihil
2273 5235 2519 5303 prohibet
2548 5233 2689 5303 quod
2727 5232 3043 5300 simpliciter
3070 5241 3154 5287 est
3179 5233 3374 5289 bonum
3402 5276 3416 5299 ,
3452 5238 3575 5293 huic

1996 5342 2100 5383 non
2129 5340 2247 5380 esse
2290 5325 2539 5379 bonum?
2593 5332 2686 5378 aut
2707 5324 2832 5377 huic
2855 5321 3068 5390 quidem
3116 5324 3348 5389 bonum,
3390 5338 3447 5380 at
3467 5343 3572 5382 non

1998 5432 2157 5484 nunc,
2211 5417 2293 5470 vel
2339 5428 2443 5467 non
2478 5414 2579 5469 hoc
2631 5415 2682 5468 in
2736 5413 2855 5468 loco
2879 5412 3099 5468 bonum.
3149 5413 3385 5471 Putasne
3427 5420 3576 5487 quod

1995 5524 2100 5564 non
2130 5508 2239 5561 vult
2282 5506 2515 5574 sapiens,
2548 5504 2747 5558 malum
2778 5521 2793 5567 ;
2837 5504 3084 5558 amittere
3112 5515 3290 5560 autem
3323 5522 3428 5561 non
3461 5507 3577 5562 vult

1994 5600 2213 5663 bonum,
2247 5598 2441 5651 malum
2499 5596 2660 5665 igitur
2711 5594 2932 5649 bonum.
2993 5594 3109 5649 Non
3135 5595 3278 5651 enim
3317 5598 3457 5654 idem
3487 5608 3576 5653 est

1994 5693 2177 5749 dicere
2208 5690 2403 5744 malum
2434 5696 2515 5743 est
2546 5688 2770 5752 bonum,
2798 5696 2853 5742 et
2876 5687 3124 5743 amittere
3144 5688 3364 5745 bonum.
3417 5691 3579 5745 Simi-

1994 5787 2115 5842 liter
2142 5794 2318 5841 autem
2345 5792 2399 5838 et
2425 5797 2543 5851 quae
2566 5780 2633 5836 de
2664 5780 2780 5837 fure
2821 5788 2905 5836 est
2944 5783 3151 5848 oratio,
3194 5797 3300 5839 non
3347 5783 3491 5839 enim
3528 5786 3577 5841 si

2940 5874 3018 5935 33

3568 1523 3575 1539 ι
3598 1505 3633 1543 1'
