4248 6272
663 347 803 407 1035
1333 303 1349 309 ’
1668 338 1695 359 ⁸

1874 322 2692 399 AN.MANL.SEV.BOETH

3771 343 3914 404 10⁸56

667 468 864 523 malum
896 472 977 520 est
1002 462 1119 529 fur,
1167 461 1323 514 etiam
1352 470 1543 526 capere
1572 464 1655 511 est
1684 454 1881 509 malum
1902 495 1915 518 ,
1967 469 2097 523 ergo
2124 454 2239 507 vult
2270 442 2324 517 Α
2347 456 2477 512 Nam
2508 456 2551 510 si
2578 456 2812 525 genitum
2869 463 2951 510 est
2967 440 2985 521 ,θ
3028 456 3185 511 habet
3233 457 3575 527 principium,
3608 458 3912 531 ingenitum

672 560 906 622 malum,
938 554 1030 609 sed
1063 553 1239 623 potius
1270 554 1467 607 bonum
1489 593 1504 617 ,
1536 566 1657 605 nam
1691 566 1883 618 capere
1913 550 2109 603 bonum
2141 559 2241 604 est.

671 654 740 707 Et
768 646 1028 718 :egritudo
1054 646 1248 701 malum
1276 655 1357 700 est
1380 687 1394 709 ,
1438 645 1529 697 sed
1573 660 1676 697 non
1705 643 1949 696 amittere
1978 639 2246 710 (egritudi—

673 756 794 795 nem
831 738 1050 793 malum.
1103 735 1338 792 Putasne
1373 736 1574 805 justum
1606 734 1829 804 injuste,
1863 743 1913 787 et
1945 733 2083 802 quod
2101 732 2247 801 justo

673 826 739 886 eo
767 829 912 901 quod
937 822 1134 898 injuste
1166 828 1335 897 magis
1364 828 1664 896 eligendum
1704 827 1830 880 est?
1863 824 1955 879 sed
2001 825 2135 877 mori
2165 823 2247 876 in-

670 923 816 991 juste
843 921 1013 990 magis
1043 929 1126 974 est
1160 918 1481 988 eligendum.
1540 914 1772 972 Putasne
1794 918 1993 987 justum
2044 924 2125 970 est
2152 916 2247 969 sua

670 1006 877 1069 habere
906 1011 1218 1081 quemque?
1246 1026 1363 1081 qua:
1390 1020 1566 1065 autem
1596 1008 1789 1080 aliquis
1820 1008 2144 1078 adjudicabit
2164 1021 2249 1062 se-

676 1106 909 1161 cundum
937 1106 1243 1174 opinionem
1274 1118 1423 1157 suam
1454 1113 1505 1156 et
1533 1101 1577 1155 si
1603 1102 1673 1156 sit
1704 1101 1830 1155 falsa
1859 1143 1873 1167 ,
1899 1115 1991 1154 sua
2021 1108 2143 1152 sunt
2182 1112 2249 1153 ex

675 1194 813 1268 lege,
839 1198 978 1251 idem
1008 1196 1169 1266 igitur
1190 1196 1388 1264 justum
1422 1204 1475 1248 et
1500 1194 1778 1261 iniustum.
1814 1193 1877 1246 Et
1904 1201 2076 1245 utrum
2101 1204 2250 1258 opor-

680 1292 758 1346 tet
780 1278 1017 1359 judicare
1048 1286 1167 1342 eum
1197 1287 1285 1355 qui
1311 1286 1450 1355 justa
1484 1285 1631 1349 dicit,
1657 1301 1720 1337 an
1752 1284 1842 1354 qui
1893 1283 2085 1351 injusta
2116 1284 2138 1334 ?
2197 1288 2252 1335 at

678 1396 809 1437 vero
839 1394 959 1433 eum
979 1379 1069 1446 qui
1099 1377 1343 1446 injuriam
1370 1391 1556 1447 passus
1579 1386 1681 1439 est,
1714 1376 1912 1446 justum
1933 1383 2012 1428 est
2040 1370 2251 1427 abunde

680 1476 862 1529 dicere
890 1486 1008 1539 quae
1041 1484 1230 1539 passus
1259 1481 1335 1523 εει
1355 1510 1368 1533 ,
1400 1484 1461 1523 ea
1490 1476 1665 1522 autem
1695 1476 1847 1521 erant
1877 1465 2091 1534 iujusta.
2137 1463 2251 1517 Non

680 1575 824 1629 enim
851 1570 954 1626 etsi
986 1571 1088 1638 pati
1120 1567 1317 1638 aliquid
1372 1567 1568 1635 injuste
1616 1566 1960 1635 eligendum,
2015 1563 2064 1616 id
2110 1560 2251 1631 quod

679 1675 762 1722 est
783 1664 977 1734 injuste
1007 1662 1290 1731 eligibilius
1322 1676 1478 1729 quatn
1510 1660 1647 1728 quod
1668 1659 1810 1728 juste
1830 1698 1846 1721 ,
1875 1658 1967 1712 sed
1990 1654 2251 1723 simplici-

680 1767 761 1810 ter
787 1754 1004 1825 quidem
1027 1752 1165 1821 quod
1190 1752 1364 1819 juste,
1400 1750 1499 1803 hoc
1548 1759 1723 1803 autem
1776 1749 1908 1802 nihil
1939 1746 2185 1813 prohibet
2206 1744 2252 1799 si

680 1938 851 1993 aliena
882 1947 1058 1989 autem
1090 1949 1190 1987 non
1218 1934 1438 2000 justttm.
1487 1931 1751 1986 Judicium
1776 1944 1902 1983 vero
1933 1930 2031 1983 hoc
2048 1931 2252 1997 justum

680 2044 801 2084 esse
825 2028 953 2082 nihil
982 2024 1263 2096 prohibet,
1289 2034 1346 2077 ut
1366 2024 1507 2092 quod
1539 2024 1605 2077 sit
1634 2021 1925 2077 secundum
1949 2020 2253 2089 opinionem

676 2122 992 2194 judicantis,
1036 2136 1141 2173 non
1184 2120 1328 2173 enim
1365 2119 1406 2171 si
1438 2117 1639 2187 justum
1691 2123 1774 2169 est
1825 2115 1925 2169 hoc
1976 2111 2137 2166 modo
2165 2109 2251 2164 vel

682 2218 823 2280 huic,
878 2223 932 2267 ct
972 2212 1287 2281 simpliciter
1313 2210 1513 2277 justum
1544 2215 1644 2262 est.
1673 2205 1931 2261 Similiter
1975 2212 2152 2257 autem
2199 2211 2253 2255 et

681 2320 801 2375 quae
835 2305 1027 2372 injusta
1060 2310 1204 2365 sunt,
1257 2300 1385 2354 nihil
1436 2298 1685 2368 prohibet
1722 2297 1903 2363 dicere
1940 2310 2002 2350 ea
2051 2294 2251 2363 justum

684 2412 823 2453 esse.
882 2390 992 2449 Non
1037 2394 1179 2447 enim
1207 2392 1251 2445 si
1298 2392 1477 2446 dicere
1517 2390 1714 2459 justum
1766 2395 1891 2451 est,-
1924 2398 2142 2441 necesse
2173 2392 2254 2437 est

680 2491 822 2556 justa
846 2500 965 2541 esse
985 2527 1000 2550 ,
1028 2488 1165 2538 sicut
1192 2498 1288 2537 nec
1316 2486 1357 2535 si
1381 2492 1461 2537 est
1490 2482 1617 2535 utile
1646 2481 1844 2545 dicere,
1870 2479 2036 2531 utilia.
2094 2472 2254 2529 Simi-

690 2579 810 2631 liter
832 2587 1009 2630 autem
1051 2584 1106 2628 et
1138 2576 1189 2627 in
1232 2572 1458 2641 injustis.
1517 2574 1689 2638 Quare
1720 2586 1822 2623 non
1855 2571 1896 2622 si
1926 2582 2046 2637 qua:
2070 2567 2256 2621 dicun-

686 2683 773 2726 tttr
803 2671 997 2739 injusta
1026 2669 1114 2736 qui
1141 2667 1269 2719 dicit
1315 2665 1507 2733 injuste
1537 2663 1873 2716 convincitur
1895 2703 1909 2725 ,
1958 2660 2085 2714 dicit
2110 2658 2253 2712 enim

687 2779 807 2831 qua:
837 2746 1016 2815 dicere
1046 2767 1128 2813 est
1153 2758 1293 2827 justa
1313 2798 1326 2819 ,
1382 2755 1693 2824 simpliciter
1716 2763 1890 2807 autem
1919 2760 1973 2805 et
2002 2765 2118 2820 quae
2148 2747 2255 2818 pati

689 2856 907 2924 injusta.
954 2853 1022 2907 lis
1071 2863 1245 2906 autem
1291 2864 1407 2919 qme
1445 2856 1659 2917 propter
1708 2845 2071 2899 delinitionem
2126 2844 2258 2895 liunt

690 2948 1109 3016 redargutiones,
1140 2942 1588 3013 quemadmodum
1613 2941 1809 2993 dictum
1840 2947 1924 2992 est
1960 2937 2127 3003 prius,
2160 2932 2258 2987 ob-

686 3038 979 3091 sistendum
1012 3034 1476 3089 considerantibus
1509 3031 1904 3086 conclusionem
1934 3027 1998 3079 ad
2039 3033 2257 3080 contra-

678 3139 973 3192 dictionem
996 3179 1009 3201 ,
1061 3146 1117 3189 ut
1146 3137 1213 3188 sit
1238 3135 1409 3198 idem,
1455 3142 1511 3186 et
1536 3130 1824 3186 secundum
1875 3128 2056 3191 idem,
2103 3135 2155 3179 ct
2191 3124 2257 3178 ad

687 3231 852 3297 idem,
877 3239 929 3285 et
951 3221 1228 3290 similiter,
1253 3238 1304 3281 et
1336 3230 1384 3279 in
1417 3225 1604 3278 eodem
1638 3234 1893 3290 tempore.
1956 3220 2009 3275 Si
2048 3232 2177 3272 vero
2205 3219 2258 3272 in

691 3321 955 3389 principio
990 3321 1313 3387 interroget,
1342 3333 1443 3370 non
1466 3316 1825 3369 confitendum
1857 3312 2127 3379 (quoniam
2154 3310 2258 3363 im-

680 3412 945 3479 possibile
978 3422 1060 3465 est
1087 3412 1225 3464 idem
1259 3424 1377 3462 esse
1421 3418 1474 3461 et
1520 3407 1737 3472 duplum
1768 3412 1817 3457 et
1846 3419 1949 3457 non
1990 3400 2257 3468 duplum),

685 3501 781 3557 sed
815 3500 1128 3560 dicendum,
1162 3515 1263 3552 non
1293 3501 1372 3551 sic
1403 3509 1456 3549 ut
1487 3497 1622 3549 f‘vrte
1649 3497 1717 3549 sit
1747 3495 2065 3561 redarguere
2093 3493 2259 3545 conti;

687 3599 911 3646 tentem.
964 3591 1098 3644 Sunt
1152 3596 1327 3641 autem
1378 3601 1564 3639 omnes
1608 3585 1689 3637 ha:
1729 3586 1997 3637 orationes
2038 3592 2258 3651 prepter

681 3686 808 3737 hoc.
868 3683 1027 3735 Putas
1056 3680 1144 3748 qui
1187 3678 1338 3732 novit
1384 3678 1638 3745 quidque,
1681 3675 1821 3743 quod
1872 3688 2136 3742 quamque
2167 3687 2259 3727 co-

682 3773 864 3843 gnovit
885 3787 1019 3834 rem,
1044 3781 1095 3825 et
1122 3770 1210 3838 qui
1238 3770 1445 3840 ignorat
1469 3767 1761 3821 similiter?
1805 3780 2134 3835 cognoscens
2164 3779 2259 3817 au-

684 3874 790 3917 tem
823 3862 942 3930 quis
992 3861 1267 3914 Coriscum
1310 3859 1449 3929 quod
1499 3858 1767 3922 Curiscus,
1817 3856 2083 3925 ignorabit
2113 3854 2256 3925 quod

687 3956 921 4006 musicus
950 3968 964 4015 ;
996 3964 1160 4020 quare
1190 3950 1328 4003 idem
1357 3949 1625 4017 cognoscit
1646 3956 1699 4001 et
1726 3948 1954 4016 ignorat.
2025 3949 2258 3999 Putasne

684 4043 1106 4113 quadricubitum
1140 4041 1387 4095 tri'cubito
1419 4040 1635 4108 majus?
1687 4043 1796 4093 lteri
1828 4040 1969 4093 enim
1998 4046 2255 4107 potestea

683 4138 932 4191 tricubito
987 4134 1415 4204 quadricubitum
1474 4132 1768 4187 secundum
1830 4132 2254 4201 longitudinem,

682 4228 854 4297 majus
898 4238 1074 4280 autem
1124 4227 1331 4280 minore
1376 4226 1568 4294 majus,
1604 4225 1742 4278 idem
1775 4224 1933 4293 igitur
1953 4225 2140 4278 eodem
2173 4236 2259 4276 se-

680 4320 912 4373 cundum
943 4320 1083 4371 idem
1114 4318 1283 4385 majus
1325 4326 1380 4371 et
1417 4318 1609 4369 minus.
1677 4316 1771 4368 Illa
1818 4330 1948 4369 vero
1977 4332 2093 4385 qua:
2126 4316 2259 4368 liun‘t

679 4418 900 4481 propter
924 4407 975 4462 id
1002 4407 1143 4477 quod
1177 4415 1392 4475 petunt,
1423 4418 1582 4475 atque
1610 4414 1829 4460 sumunt
1854 4410 1992 4475 quod
2022 4409 2076 4460 in
2105 4408 2256 4475 prin-

678 4500 840 4569 cipio,
899 4501 942 4553 si
990 4499 1338 4567 interroganti
1368 4498 1582 4568 quidem
1633 4500 1971 4552 manifestum
2005 4510 2091 4559 stt,
2142 4510 2245 4552 non

680 4589 937 4653 dandum,
966 4602 1138 4657 neque
1168 4590 1219 4642 'si
1248 4588 1524 4658 probabile
1561 4589 1631 4642 sit
1656 4589 1926 4644 dicentem
1954 4604 2072 4644 esse
2102 4605 2255 4644 veru-

680 4696 818 4734 cem.
862 4680 917 4736 Si
947 4690 1125 4735 autem
1156 4682 1373 4745 lateant,
1425 4682 1779 4752 ignorantiam
1812 4684 1881 4736 ob
1913 4684 2255 4738 vitiositatem

681 4773 863 4826 taiium
889 4772 1187 4826 orationum
1230 4773 1295 4826 ad
1340 4773 1759 4843 interrogantem
1814 4776 2253 4844 retorquendam,

682 4865 935 4928 tanquam
983 4876 1086 4915 non
1116 4858 1550 4930 redarguetttem,
1606 4880 1725 4919 nam
1776 4866 2086 4933 redargutio
2138 4867 2253 4920 sine

684 4964 751 5005 eo
779 4960 863 5005 est
888 4952 1030 5021 quod
1066 4961 1150 5008 est
1194 4954 1247 5008 in
1276 4957 1556 5025 principio,
1617 4958 1811 5013 deinde
1832 4960 2011 5012 datum
2035 4968 2118 5013 est
2154 4973 2259 5014 non

684 5050 743 5095 ut
764 5050 1118 5107 conteretur,
1144 5046 1236 5099 sed
1262 5054 1318 5099 ut
1338 5047 1404 5100 ad
1432 5047 1561 5101 illud
1592 5049 1868 5117 colligeret
1897 5050 2257 5112 contrarium,

684 5143 743 5187 ut
773 5133 823 5186 in
856 5128 962 5187 non
990 5136 1208 5190 semotis
1252 5139 1732 5206 red‘argutiouibus.
1773 5139 1841 5193 Et
1870 5155 1960 5193 eas
1988 5156 2107 5209 qua:
2134 5157 2258 5209 pro-

686 5233 805 5292 pter
826 5237 1161 5292 consequens
1191 5237 1315 5281 sunt
1340 5229 1704 5297 conjectautes
1731 5271 1744 5293 ,
1800 5230 1852 5283 in
1886 5231 1995 5298 ipsa
2020 5233 2260 5291 oratione

686 5316 1111 5370 monstrandum.
1155 5319 1246 5371 Est
1272 5316 1450 5373 autem
1478 5320 1670 5388 duplex
1704 5324 2041 5389 sequentium
2070 5340 2260 5380 conse-

684 5407 940 5474 quentia,
992 5411 1256 5463 ntit-enim
1312 5416 1367 5463 tit
1410 5411 1741 5477 particula‘re
1770 5416 2012 5482 sequitur
2046 5421 2258 5472 univcr-

685 5496 821 5560 sale,
854 5506 914 5551 ut
966 5500 1237 5553 hominem
1290 5501 1487 5554 animal
1538 5504 1848 5571 (postulant
1904 5509 2048 5562 enim
2078 5511 2123 5564 si
2156 5511 2257 5566 hoc

683 5601 806 5641 cum
836 5589 947 5654 illo,
983 5600 1035 5645 et
1074 5592 1199 5645 illud
1224 5606 1343 5648 esse
1362 5610 1481 5647 eum
1515 5596 1649 5665 hoc)
1672 5639 1685 5661 ,
1718 5606 1811 5650 aut
1840 5603 2131 5655 secundum
2164 5598 2259 5671 op?

684 5680 1000 5744 positiones.
1043 5681 1172 5735 Nam
1198 5684 1243 5737 si
1272 5684 1395 5738 huic
1420 5697 1503 5739 est
1532 5688 1658 5739 illud
1683 5701 2042 5759 consequens,
2075 5703 2129 5745 et
2162 5706 2257 5761 op-

683 5773 858 5839 posito
904 5775 1242 5853 oppositum,
1303 5778 1519 5849 propter
1558 5781 1700 5852 quod
1730 5791 1786 5836 et
1822 5784 2022 5841 Melissi
2062 5786 2250 5847 oratio.

2352 547 2583 618 postulat
2613 561 2717 600 non
2747 546 2943 601 habere
2982 547 3324 617 principium.
3350 550 3530 615 Quare
3556 552 3598 604 si
3621 551 3920 621 ingenitum

2349 650 2432 695 est
2459 639 2652 694 coelum
2673 681 2686 703 ,
2720 648 2773 693 et
2805 624 3094 694 inﬁnitum.
3154 640 3210 695 id
3241 649 3417 694 autem
3455 654 3560 695 non
3586 653 3670 696 est
3691 684 3704 706 ,
3732 658 3763 696 e
3788 657 3925 697 con-

2347 743 2503 784 verso
2519 727 2661 782 enim
2684 730 3085 797 consequentia.
3129 730 3472 800 Quaeunque
3499 739 3673 786 autem
3703 742 3927 802 propter

2350 822 2402 877 id
2431 822 2572 891 quod
2605 821 2818 875 additur
2846 821 3046 890 aliquid
3076 822 3365 892 colligunt,
3397 823 3844 879 considerandum
3877 826 3928 879 si

2351 915 2439 985 (eo
2465 912 2700 981 sublato)
2723 912 2916 966 accidit
2942 911 3074 965 nihil
3107 913 3283 966 minus
3308 913 3679 981 impossibile;
3726 914 3931 970 deinde

2354 1005 2411 1060 id
2443 1003 2884 1060 mani’festandum
2913 1015 2966 1060 et
3000 1004 3284 1061 dicendum
3323 1007 3464 1076 quod
3497 1007 3645 1063 dedit
3672 1024 3779 1064 non
3808 1019 3928 1065 tan-

2353 1112 2512 1168 quam
2544 1097 2844 1163 videretur,
2875 1096 2967 1153 sed
2997 1106 3056 1153 ut
3077 1100 3139 1153 ad
3163 1099 3478 1169 orationem,
3503 1114 3610 1171 quo
3636 1117 3767 1157 vero
3798 1118 3937 1157 usus

2352 1202 2457 1256 est,
2499 1191 2633 1245 nihil
2664 1190 2731 1244 ad
2758 1192 3077 1246 orationem.
3127 1193 3207 1247 Ad
3236 1196 3329 1248 eas
3380 1202 3555 1249 autem
3586 1210 3704 1263 quas
3742 1195 3935 1264 plures

2355 1282 2810 1351 interrogationes
2842 1290 3000 1336 unam
3026 1284 3248 1348 iaciunt,
3270 1285 3449 1338 statim
3476 1288 3527 1340 in
3554 1286 3815 1356 principio
3837 1288 3933 1343 de-

2358 1364 2752 1427 terminandum
2800 1383 2902 1427 est.
2954 1366 3085 1428 Nam
3138 1375 3482 1443 interrogatio
3535 1378 3637 1429 una
3687 1386 3807 1441 est,
3864 1380 3933 1433 ad

2356 1464 2514 1536 quam
2544 1481 2643 1520 una
2675 1468 2957 1535 responsio
2987 1476 3086 1521 est.
3128 1468 3306 1534 Quare
3336 1481 3506 1537 neque
3534 1470 3683 1538 plura
3705 1470 3772 1524 de
3803 1486 3926 1537 uno,

2356 1572 2530 1626 neque
2558 1572 2720 1611 unum
2760 1558 2826 1611 de
2889 1550 3161 1626 pluribus,
3208 1558 3301 1611 sed
3345 1574 3506 1612 unum
3560 1560 3629 1614 de
3656 1574 3763 1614 uno
3787 1558 3934 1615 afﬁr-

2359 1653 2614 1707 mandum’
2646 1655 2729 1708 vel
2763 1653 3083 1721 negandum.
3141 1652 3294 1708 Sicut
3330 1662 3507 1707 autem
3552 1650 3605 1707 in
3645 1656 3935 1723 aequivoeis

2318 1810 2321 1813 δ
2358 1745 2675 1814 quandoque
2702 1742 2914 1815 quidem
2943 1745 3202 1799 ambobus
3228 1785 3241 1809 ,
3297 1744 3613 1814 quandoque
3654 1747 3822 1801 neutri
3852 1746 3935 1801 in-

679 1808 901 1915 injuste,
945 1843 1175 1912 anjuste
1208 1859 1220 1893 :
1277 1849 1331 1895 et
1359 1840 1559 1894 habere
1602 1855 1697 1893 sua
1738 1852 2003 1907 quemque
2028 1838 2250 1904 justum,
2283 1808 2332 1885 θ

2360 1846 2459 1892 est.
2521 1839 2698 1905 Quare
2727 1848 2847 1892 cum
2882 1852 2982 1891 non
3018 1837 3243 1906 simplex
3269 1848 3350 1892 est
3375 1837 3754 1907 interrogatio,
3806 1841 3937 1895 sim-

2361 1928 2576 1998 pliciter
2612 1928 3059 1999 reSpoudentibus
3092 1930 3223 1983 nihil
3278 1930 3471 1983 accidit
3506 1930 3637 1999 pati.
3678 1931 3940 1988 Similiter

2358 2026 2412 2073 et
2440 2018 2490 2073 in
2522 2018 2624 2084 his,
2659 2018 2870 2088 quando
2891 2019 3048 2089 igitur
3072 2019 3220 2089 plura
3251 2021 3363 2087 uni,
3394 2021 3479 2076 vel
3513 2037 3672 2077 unum
3697 2024 3941 2092 pluribus

2358 2112 2517 2176 inest,
2540 2113 2625 2166 vel
2654 2128 2758 2167 non
2786 2114 2946 2178 inest,
2975 2114 3289 2183 simpliciter
3309 2115 3488 2182 danti,
3513 2128 3566 2173 et
3590 2120 3688 2173 hoc
3716 2130 3940 2188 peccato

2358 2203 2631 2271 peccanti,
2666 2204 2799 2258 nihil
2841 2206 3166 2259 contrarium
3199 2206 3411 2261 accidit.
3469 2209 3797 2280 Quandoque
3839 2227 3939 2265 au-

2357 2302 2462 2346 tem
2492 2295 2613 2347 huic
2639 2293 2852 2360 quidem
2885 2293 3045 2359 inest,
3078 2295 3153 2350 illi
3184 2306 3362 2351 autem
3394 2312 3530 2363 non,
3566 2309 3656 2354 aut
3687 2303 3834 2369 plura
3868 2302 3940 2357 de

2358 2386 2615 2455 pluribus,
2645 2398 2699 2441 et
2719 2398 2802 2442 est
2829 2397 2885 2442 ut
2908 2387 3077 2443 insint
3102 2391 3396 2457 ambobus,
3430 2380 3508 2447 est
3528 2403 3702 2446 autem
3731 2404 3787 2447 ut
3820 2411 3938 2450 non

2357 2480 2521 2532 insint
2548 2495 2780 2543 rursum,
2815 2495 2979 2549 quare
3010 2481 3061 2534 id
3086 2482 3403 2537 cavendum.
3456 2483 3521 2539 Ut
3547 2484 3599 2538 in
3628 2484 3710 2538 his
3732 2486 3943 2541 oratio-

2358 2570 2535 2637 nibus,
2565 2572 2621 2626 Si
2645 2574 2745 2627 hoc
2773 2573 2988 2642 quidem
3004 2582 3086 2629 est
3106 2575 3323 2638 bonum,
3353 2575 3477 2629 illud
3503 2585 3683 2630 autem
3705 2577 3933 2644 malum,

2357 2661 2496 2727 quod
2521 2676 2703 2715 verum
2734 2670 2815 2715 est
2845 2662 3026 2717 dicere
3078 2664 3326 2732 quoniam
3356 2664 3471 2719 lucc
3501 2666 3697 2741 bonum
3735 2678 3789 2722 et
3821 2684 3937 2723 ma-

2359 2754 2466 2805 lum
2521 2762 2575 2807 et
2605 2766 2815 2807 rursum
2855 2769 3027 2824 neque
3074 2756 3269 2810 bonum
3320 2771 3496 2825 neque
3525 2759 3722 2812 malum
3759 2776 3774 2826 ;
3826 2776 3935 2819 non

2359 2840 2501 2895 enim
2530 2842 2671 2896 inest
2696 2849 2981 2912 utrumque
3019 2846 3229 2914 utrique
3256 2862 3270 2909 ;
3302 2862 3467 2913 quare
3499 2847 3637 2901 idem
3661 2850 3855 2905 bonum
3886 2856 3938 2911 ,ε

2360 2933 2579 2995 malum,
2603 2942 2656 2987 et
2684 2948 2856 3003 neque
2898 2935 3094 2989 bonum
3126 2951 3297 3005 neque
3314 2939 3536 2995 malum.
3601 2942 3667 2995 Et
3693 2944 3737 2997 si
3767 2959 3929 3000 unum

2362 3024 2607 3092 quodque
2638 3027 2809 3093 ipsum
2842 3025 2943 3080 sibi
2976 3026 3115 3081 idem
3142 3036 3226 3081 est
3250 3038 3304 3083 et
3332 3030 3450 3083 aliis
3474 3031 3765 3097 diVersum,
3799 3040 3935 3103 quoe

2363 3114 2503 3168 niam
2529 3130 2634 3169 non
2657 3116 2775 3170 aliis
2800 3118 3020 3183 eadem,
3046 3119 3162 3173 sed
3192 3120 3325 3187 sibi,
3376 3130 3430 3175 et
3457 3121 3667 3177 diversa
3693 3124 3893 3179 eisdem
3914 3166 3931 3190 ,

2365 3210 2479 3278 ipsa
2502 3212 2714 3266 sibimet
2744 3210 2953 3266 diversa
3000 3214 3287 3269 eteadem.
3337 3218 3613 3288 Amplius,
3664 3220 3707 3273 si
3735 3219 3933 3275 bonum

2364 3302 2576 3369 quidem
2608 3302 2803 3355 malum
2836 3303 2923 3367 sit,
2957 3304 3150 3356 malum
3173 3312 3350 3361 autem
3375 3306 3591 3374 bonum,
3622 3308 3726 3363 duo
3749 3298 3937 3377 utique

2365 3394 2511 3445 ﬁent.
2548 3392 2614 3445 Et
2638 3392 2865 3446 duorum
2886 3401 2942 3447 et
2962 3388 3300 3464 inaequalium
3325 3405 3604 3465 utrumque
3634 3399 3805 3468 ipsum
3827 3394 3941 3456 sibi

2362 3493 2484 3533 esse
2527 3481 2766 3548 :equale;
2796 3496 2961 3550 quare
3008 3484 3230 3552 aequalia
3259 3496 3312 3539 et
3358 3488 3635 3555 inaequalia
3667 3490 3777 3558 ipsa
3805 3489 3933 3547 sibi.

2363 3570 2609 3624 Incidunt
2635 3581 2813 3626 autem
2856 3572 2937 3627 hac
2963 3575 3237 3631 orationes
3265 3586 3321 3631 et
3350 3578 3404 3631 in
3445 3579 3577 3634 alias
3618 3580 3935 3648 solutiones,

2365 3676 2485 3714 nam
2516 3660 2677 3715 ambo
2719 3673 2774 3717 et
2811 3665 2992 3719 omnia
3030 3666 3181 3735 plura
3234 3670 3565 3738 significant;
3621 3684 3724 3725 non
3774 3674 3941 3745 igitur

2360 3752 2503 3806 idem
2530 3761 2725 3821 praeter
2770 3769 2965 3809 nomen
3008 3757 3493 3815 acciditailirmare
3514 3771 3577 3817 et
3607 3768 3823 3831 negare.
3880 3764 3939 3819 Id

2359 3852 2536 3897 autem
2564 3857 2667 3896 non
2696 3856 2812 3898 erat
2837 3846 3161 3916 redargutio,
3191 3850 3285 3905 sed
3303 3854 3666 3919 manifestum,
3687 3856 3935 3924 quoniam

2362 3931 2408 3985 si
2460 3949 2567 3988 non
2598 3950 2701 3989 una
2737 3937 3083 4008 interrogatio
3116 3941 3295 4009 plures
3333 3944 3489 4010 ﬂant,
3540 3946 3634 4002 sed
3674 3958 3837 4002 unum
3868 3949 3940 4003 de

2361 4043 2468 4085 uno
2490 4029 2726 4086 afﬁrmet
2743 4040 2841 4107 aut
2869 4043 3049 4102 neget,
3080 4034 3134 4089 id
3161 4049 3266 4090 non
3288 4037 3392 4092 erit
3418 4039 3765 4108 impossibile.

2969 4167 3194 4226 CAPUT
3233 4171 3324 4229 Vl.

2640 4288 2931 4344 Dilutiones
2959 4292 3249 4362 nugatiom's
3284 4301 3333 4347 el
3360 4293 3652 4350 solmcismi.

2430 4418 2484 4473 In
2531 4418 2635 4475 illis
2665 4430 2839 4474 autem
2877 4436 2995 4491 quae
3033 4422 3300 4479 deducunt
3327 4426 3395 4479 ad
3439 4426 3577 4481 idem
3626 4426 3936 4499 frequenter

2358 4509 2557 4574 dicere,
2583 4509 2916 4567 manifestum
2947 4516 3088 4583 quod
3114 4531 3216 4569 non
3243 4518 3473 4572 dandum
3506 4533 3689 4574 eorum
3717 4538 3835 4592 quae
3861 4523 3930 4578 ad

2362 4602 2561 4667 aliquid
2584 4602 2831 4660 dicuntur
2850 4606 3179 4675 signiﬁcare,
3212 4609 3409 4679 aliquid
3449 4622 3723 4678 separatas
3752 4629 3849 4682 per
3876 4629 3938 4670 se

2366 4695 2775 4762 praedicationes
2795 4739 2807 4760 ,
2840 4705 2898 4751 ut
2923 4698 3172 4766 duplum,
3208 4701 3321 4754 sine
3347 4715 3411 4755 eo
3438 4701 3577 4771 quod
3621 4712 3704 4758 est
3730 4704 3943 4760 dimidii

2365 4784 2489 4853 quid
2520 4786 2698 4841 inesse
2721 4797 2972 4857 apparet,
3026 4805 3146 4844 nam
3179 4801 3233 4846 et
3272 4791 3457 4846 decem
3486 4793 3541 4847 in
3567 4793 3945 4851 deﬁcientibus

2368 4892 2473 4935 uno
2500 4881 2565 4936 ad
2590 4881 2800 4949 decem,
2825 4892 2880 4938 et
2905 4884 3078 4939 facere
3116 4885 3167 4939 in
3194 4900 3299 4941 non
3333 4885 3531 4954 facere,
3560 4898 3615 4943 et
3640 4888 3862 4944 omnino
3890 4892 3947 4947 in

2369 4973 2647 5040 negatione
2680 4974 2962 5030 al’lirmatio
2992 4991 3007 5039 ;
3065 4992 3169 5031 non
3201 4986 3378 5032 tamen
3426 4980 3471 5034 si
3501 4981 3622 5050 quis
3643 4980 3787 5035 dicat
3832 4982 3940 5037 hoc

2367 5072 2481 5117 non‘
2496 5080 2613 5119 esse
2641 5066 2853 5131 album,
2886 5067 3015 5122 dicit
3040 5068 3179 5125 idem
3210 5071 3387 5124 album
3418 5086 3570 5137 esse,
3598 5072 3817 5141 duplum
3850 5088 3947 5128 au-

2368 5164 2470 5207 tem
2497 5171 2665 5224 neque
2694 5157 2957 5227 significat
2985 5159 3186 5229 aliquid
3218 5151 3463 5225 fortasse,
3493 5164 3945 5230 quemadmodum

2365 5259 2536 5312 neque
2560 5247 2696 5315 quod
2727 5249 2776 5300 in
2809 5247 3048 5303 dimidio.
3103 5249 3256 5315 Quod
3284 5252 3322 5304 si
3355 5250 3489 5305 forte
3519 5252 3805 5323 signiﬁcat,
3857 5264 3943 5308 at-

2366 5346 2539 5391 tamen
2567 5354 2668 5391 uon
2725 5340 2864 5393 idem
2893 5342 3346 5411 etconjunctum,
3398 5360 3571 5414 neque
3617 5346 3841 5401 scientia
3891 5351 3944 5401 in

2363 5431 2562 5496 specie,
2593 5439 2649 5482 ut
2676 5431 2717 5483 Si
2747 5438 2828 5485 est
2852 5431 3112 5488 medicina
3143 5434 3399 5501 scientia,
3421 5436 3595 5505 ipsum
3622 5438 3764 5507 quod
3796 5452 3947 5491 com-

2364 5534 2544 5582 mune,
2580 5520 2703 5573 iilud
2735 5532 2909 5574 autem
2938 5534 3052 5575 erat
3078 5524 3296 5579 scientia
3320 5527 3545 5583 scibilis.
3588 5527 3643 5582 ln
3668 5527 3733 5583 iis
3762 5537 3947 5583 autem

2364 5623 2484 5676 qua:
2516 5623 2610 5678 per
2656 5624 2713 5663 se
2741 5610 3090 5667 ostenduntur
3136 5616 3470 5683 przcdicatis,
3527 5618 3579 5673 id
3633 5602 3941 5684 dicendum,

2364 5700 2502 5766 quod
2529 5715 2633 5753 non
2661 5702 2799 5756 idem
2817 5714 2897 5757 est
2918 5719 3159 5759 seorsum
3187 5710 3313 5761 etin
3336 5710 3577 5763 oratione
3604 5711 3742 5787 quod
3764 5718 3951 5764 osten-

2363 5790 2532 5859 ditur,
2570 5806 2691 5847 nam
2717 5807 2904 5851 cavum
2926 5799 3285 5861 communiter
3309 5792 3521 5877 quidem
3563 5804 3704 5867 idem
3732 5802 3953 5885 signia.
