4248 6272
278 318 412 393 ιὀδτ

831 326 1299 387 ELENCHORUM
1336 314 1883 384 SOPIHSTICORUM
1920 310 2361 381 ARISTOTEMS
2396 323 2966 381 INTERPRETATIO.

3397 262 3563 383 {030‘

270 464 357 510 cat
386 455 439 508 in
461 453 598 509 sime
618 460 673 507 et
698 464 894 513 curvo,
922 446 1159 501 additum
1188 452 1366 499 autem
1384 486 1398 507 ,
1430 442 1564 498 nihil
1593 440 1841 512 prohibet
1872 434 2149 511 A‘cipiunt
2177 442 2499 505 audientem.
2532 456 2654 496 eum
2696 443 3001 511 irequenter
3030 442 3241 498 eadem
3272 442 3383 497 illis
3418 442 3543 498 exi-

272 546 373 600 hoc
395 544 611 614 quidem
642 556 794 609 naso,
823 537 952 594 illud
975 548 1154 592 autem
1177 537 1320 591 cruri
1341 534 1660 605 signiﬁcare,
1686 542 1740 589 et
1769 536 1849 589 ni-

273 636 346 690 hil
377 622 557 689 differt
584 632 794 695 dicere,
829 644 989 685 nasus
1009 630 1205 691 simus,
1237 635 1292 681 et
1314 626 1479 680 nasus
1506 640 1687 680 cavus.
1725 628 1849 681 Am-

273 729 431 796 plius,
462 740 567 779 non
590 723 762 778 danda
779 730 862 777 est
882 720 1044 775 dictio
1066 718 1354 773 secundum
1384 731 1607 772 rectum.
1638 717 1847 771 Falsum

272 818 416 872 enim
448 823 563 879 est,
592 829 712 868 nam
742 827 845 866 non
874 820 956 865 est
982 809 1177 863 simum
1207 821 1368 861 nasus
1395 821 1586 872 cavus,
1609 806 1704 860 sed
1733 805 1851 860 nasi

272 904 377 963 hee
407 917 463 962 ut
485 907 686 976 passio,
703 901 874 974 ’quare
900 901 1032 956 nihil
1062 910 1144 954 est
1170 900 1464 964 absonum,
1506 900 1551 953 si
1591 914 1751 954 nasus
1778 898 1851 954 si-

274 1014 394 1053 mus
413 1010 495 1052 est
523 1010 684 1051 nasus
714 994 916 1048 habens
945 992 1229 1045 cavitatem
1258 991 1393 1043 nasi.
1428 990 1503 1045 De
1528 989 1849 1045 soloecismis

271 1102 449 1145 autem
475 1097 691 1158 propter
712 1084 838 1155 quid
861 1092 1120 1153 apparent
1138 1081 1403 1147 accidere,
1428 1081 1659 1135 diximus
1682 1082 1848 1150 prius,

273 1184 543 1253 quomodo
566 1191 740 1236 autem
771 1178 1115 1241 solvendum,
1143 1176 1197 1229 in
1228 1175 1359 1245 ipsis
1383 1175 1721 1230 orationibus
1742 1175 1852 1230 erit

276 1276 633 1332 manifestum.
683 1273 884 1327 Omnes
938 1270 1080 1324 enim
1120 1267 1436 1337 bujusmodi
1494 1268 1679 1321 volunt
1723 1282 1853 1321 con.

273 1379 500 1423 struere.
546 1365 709 1418 Putas
735 1361 875 1430 quod
906 1359 1039 1414 dicis
1062 1358 1333 1428 quidpiam
1366 1356 1491 1411 vere
1519 1372 1661 1423 esse,
1691 1357 1851 1411 etiam

277 1472 359 1515 est
390 1458 519 1514 illud
552 1472 677 1511 vere
703 1458 726 1509 ‘?
756 1454 889 1510 dicis
919 1462 1095 1507 autem
1123 1451 1398 1521 quidpiam
1426 1449 1657 1518 lapidem
1707 1464 1850 1516 esse,

274 1567 354 1610 est
384 1554 542 1621 igitur
568 1549 842 1621 quidpiam
874 1548 1124 1618 lapidem.
1180 1550 1259 1601 An
1297 1546 1476 1601 dicere
1498 1542 1724 1612 lapidem
1748 1558 1854 1598 non

270 1656 357 1702 est
388 1646 567 1700 dicere
596 1644 769 1713 quod,
799 1642 891 1696 sed
920 1656 1077 1710 quem
1100 1680 1115 1705 ,
1152 1655 1258 1693 non
1286 1638 1417 1709 hoc,
1446 1637 1539 1691 sed
1571 1636 1709 1691 hunc
1733 1636 1756 1688 ?
1808 1636 1855 1689 si

274 1736 438 1805 igitur
467 1735 609 1788 dicat
635 1732 846 1799 aliquis,
875 1741 1031 1801 putas
1054 1745 1210 1799 quem
1239 1744 1364 1783 vere
1395 1728 1530 1783 dicis
1557 1736 1638 1783 est
1661 1727 1855 1781 iatum!

1954 534 2117 600 stant,
2154 548 2275 586 nam
2309 534 2554 587 eamdem
2588 533 2882 587 orationem
2914 544 3125 603 oportet
3162 548 3378 598 vocare,
3419 548 3555 602 quas.

1957 634 2173 696 propter
2205 624 2344 680 idem
2401 626 2478 678 lit.
2535 624 2730 679 Eadem
2764 634 2940 679 autem
2973 625 3147 679 oratio
3172 625 3290 679 aliis
3319 623 3563 693 quidem.

1955 728 2169 787 propter
2200 718 2515 784 dictionem,
2540 716 2663 769 aliis
2684 726 2861 770 autem
2889 725 3115 785 propter
3134 716 3403 780 accidens.
3419 713 3563 771 aliis.

1953 824 2080 864 vero
2106 819 2324 877 prapter
2346 807 2488 861 aliud
2519 806 2789 860 videbitur
2805 822 2926 860 esse
2944 848 2959 873 ,
2985 806 3104 874 quia
3127 804 3548 874 unumquodque

1956 900 2331 954 translatitiutn
2384 913 2488 952 non
2522 897 2771 951 similiter
2812 908 2898 955 est
2928 898 3289 953 manifestum.
3339 885 3553 965 Quem;

1952 990 2238 1045 admodum
2274 990 2434 1059 igitur
2475 990 2529 1044 in
2574 989 2639 1042 iis
2678 1003 2798 1057 quae
2825 996 2950 1042 sunt
2994 996 3207 1056 propter
3246 988 3549 1054 equivosaw

1956 1082 2157 1137 tionem
2210 1082 2324 1151 (qui
2374 1080 2567 1135 modus
2609 1081 2820 1135 videtur
2862 1093 2983 1135 esse
3031 1078 3421 1151 ineptissimus)
3451 1093 3546 1136 ca-

1957 1176 2247 1243 ptiosarum
2266 1175 2758 1239 ratiocinationum,
2780 1172 2893 1227 haec
2910 1172 3125 1242 quidem
3141 1180 3195 1226 et
3215 1169 3545 1241 quibuslibet

1954 1275 2079 1318 sunt
2127 1266 2410 1320 manifesta
2457 1268 2600 1336 (nam
2648 1274 2703 1319 et
2733 1264 3003 1327 orationes
3056 1278 3191 1332 pene
3239 1261 3550 1323 ridiculosn

1955 1370 2079 1415 sunt
2099 1376 2286 1415 omnes
2306 1370 2521 1429 prepter
2544 1359 2831 1413 dictionem
2854 1377 2865 1410 τ
2890 1359 2953 1413 Ut
2977 1358 3056 1411 vir
3088 1357 3357 1412 ferebatur
3378 1368 3550 1411 curm

1956 1458 2009 1507 in
2043 1430 2236 1517 scalas,
2272 1454 2359 1507 ubi
2393 1454 2536 1507 venit
2588 1466 2795 1516 servus,
2849 1452 2999 1520 apud.
3040 1449 3306 1504 Ccream?
3340 1450 3404 1503 Et
3435 1448 3545 1505 Bo-

1958 1561 2077 1600 reas
2108 1546 2377 1614 purnsne?
2410 1560 2516 1599 non
2547 1554 2727 1607 certe,
2762 1530 3106 1612 perdit‘énim
3134 1557 3427 1611 pauperem
3447 1583 3463 1607 ,
3492 1549 3550 1596 et

1959 1648 2247 1689 ementem.
2287 1637 2352 1688 Et
2406 1644 2522 1689 utra
2556 1637 2716 1689 boum
2755 1642 2880 1688 ante
2923 1634 3131 1703 pariet?
3176 1642 3362 1689 neutta
3389 1674 3405 1699 ,
3447 1633 3545 1713 sed

1942 1738 2103 1785 .retro
2132 1728 2323 1780 ambae.
2361 1726 2593 1779 Putasne
2626 1734 2709 1779 est
2740 1724 3050 1779 Evarchns?
3086 1738 3190 1776 non
3226 1732 3373 1777 certe
3396 1764 3410 1787 ,
3444 1723 3547 1777 sed

276 1844 382 1882 non
412 1825 626 1887 videtur
655 1824 892 1877 Romane
916 1823 1081 1890 loqui.
1121 1820 1582 1888 Quemadmodum
1612 1833 1782 1886 neque
1809 1818 1858 1872 si
1884 1819 1934 1882 Β
1961 1816 2325 1885 Apollonides.
2386 1815 2585 1869 Eodem
2618 1822 2797 1869 autem
2856 1813 3014 1867 modo
3059 1824 3113 1868 et
3153 1813 3376 1868 aliarum
3434 1813 3547 1869 fere

274 1919 437 1985 dicat,
470 1925 623 1986 putas
643 1929 800 1985 quam
832 1912 964 1972 dicis
990 1927 1130 1978 esse,
1155 1923 1239 1966 est
1264 1913 1363 1966 iste
1387 1912 1409 1963 ?
1452 1912 1648 1980 lignum
1677 1917 1856 1962 autem

275 2012 459 2067 dicere
486 2010 621 2073 istc,
652 2007 738 2062 vel
768 2020 1097 2075 quaecunque
1137 2020 1311 2070 neque
1341 2003 1694 2058 masculinum
1719 2046 1733 2068 ,
1767 2016 1856 2055 ne-

272 2114 381 2168 que
410 2097 724 2152 femininum
755 2095 1084 2164 significant,
1111 2094 1245 2148 nihil
1274 2086 1474 2159 refert;
1506 2107 1670 2162 quare
1696 2093 1856 2145 etiam

246 2222 250 2226 i
275 2202 385 2242 non
411 2189 468 2241 lit
495 2186 853 2251 soloecismus,
879 2186 922 2240 si
955 2184 1097 2255 quod
1123 2185 1259 2239 dicis
1285 2199 1405 2238 esse
1430 2226 1443 2246 ,
1467 2193 1551 2238 est
1576 2182 1715 2236 istud
1744 2198 1757 2245 ;
1792 2182 1858 2235 li-

272 2294 439 2349 gnum
465 2286 641 2333 autem
666 2277 801 2331 dicis
826 2254 1068 2341 esse,est
1101 2276 1264 2346 igitur
1283 2254 1480 2342 lignum
1511 2274 1650 2329 istud
1675 2290 1691 2338 ;
1726 2273 1859 2341 lapis

273 2380 451 2424 autem
477 2380 531 2424 et
561 2369 681 2431 iste,
716 2366 992 2421 masculini
1014 2367 1212 2421 habent
1240 2365 1677 2420 declinationem.
1708 2364 1859 2430 Quod

281 2464 326 2517 si
358 2465 476 2533 quis
505 2462 670 2525 dicat,
698 2471 925 2531 putasne
958 2461 1078 2526 iste,
1113 2460 1201 2513 illa
1223 2460 1352 2513 est?
1393 2457 1586 2512 deinde
1619 2472 1856 2519 rursum,

277 2554 401 2623 quid
428 2562 607 2607 autem
633 2567 808 2605 nonne
837 2549 939 2605 iste
969 2558 1051 2603 est
1088 2547 1343 2603 Corisens
1373 2550 1395 2600 ’ἐ
1446 2546 1517 2600 ita
1542 2548 1700 2599 dicat.
1761 2547 1857 2600 Est

277 2641 435 2711 igitur
457 2642 565 2706 illa,
583 2656 685 2694 non
700 2642 916 2709 collegit
945 2638 1334 2701 soloecismum,
1353 2638 1398 2690 si
1417 2636 1667 2690 tioriscns
1694 2637 1855 2690 etiam

277 2748 385 2792 non
416 2734 679 2804 significet
708 2734 847 2787 idem
879 2732 1023 2802 quod
1054 2732 1167 2795 illa,
1194 2747 1299 2784 non
1328 2730 1420 2783 dat
1447 2740 1624 2784 autent
1655 2732 1742 2798 qui
1773 2745 1861 2784 re-

277 2829 530 2900 spondet,
560 2828 656 2880 sed
700 2834 907 2894 oportet
944 2824 1046 2877 hoc
1084 2815 1552 2892 ‘przeinterrogirc.
1610 2822 1861 2876 siautem

280 2935 456 2989 neque
482 2928 585 2980 est,
616 2930 787 2986 neque
810 2915 899 2969 dat
930 2931 1035 2969 non
1065 2914 1307 2983 collegit,
1343 2928 1517 2982 neque
1546 2914 1597 2966 in
1625 2930 1690 2969 eo
1713 2915 1858 2993 quod

277 3022 367 3069 est
393 3026 516 3068 esse
539 3009 761 3080 aliquid,
795 3023 967 3078 neque
1010 3008 1077 3062 ad
1106 3023 1229 3063 eum
1264 3010 1352 3077 qui
1378 3008 1736 3077 interrogatus
1758 3019 1861 3063 est.

279 3106 543 3162 Similiter
572 3105 734 3174 igitur
763 3110 1005 3171 Oportet,
1056 3110 1109 3157 et
1148 3101 1254 3156 illic
1286 3101 1515 3170 lapidem
1561 3102 1862 3171 significare
1906 3166 1909 3167 ν

1961 1925 2118 1979 quam
2158 1908 2445 1977 plurunae),
2483 1908 2567 1961 illa
2600 1917 2779 1962 autem
2828 1916 2882 1961 et
2913 1903 3274 1975 peritissimos
3294 1906 3549 1960 videntur
3607 1952 3611 1956 .

1962 2002 2146 2055 latere.
2182 2001 2403 2069 Signum
2456 2010 2635 2056 autem
2690 2001 2884 2056 borum
2927 2003 3179 2072 quoniam
3210 2001 3566 2057 contendunt2

1960 2108 2105 2161 saepe
2147 2094 2213 2147 de
2262 2092 2600 2158 nominibus,
2646 2103 2701 2147 ut
2727 2102 2903 2148 utrum
2937 2095 3076 2148 idem
3127 2094 3426 2163 significent
3477 2094 3567 2152 de

1963 2184 2212 2237 omnibus
2244 2198 2343 2237 ens
2374 2192 2426 2238 et
2474 2196 2667 2249 unum,
2699 2199 2766 2238 an
2811 2184 2997 2244 aliud;
3018 2184 3137 2237 aliis
3168 2187 3310 2239 enim
3336 2186 3565 2240 videtur-

1962 2274 2269 2344 significare
2294 2288 2390 2328 ens
2434 2284 2486 2328 et
2519 2289 2712 2339 unum;
2747 2274 2839 2328 alii
2870 2284 3049 2329 autem
3079 2274 3310 2329 Zenonis
3347 2276 3551 2330 oratio-

1964 2386 2084 2425 nem
2117 2380 2171 2425 et
2216 2370 2550 2425 Parmenidis
2580 2371 2830 2435 solvunt,
2864 2388 2928 2425 eo
2977 2373 3125 2442 quod
3182 2373 3555 2441 multipliciter

1962 2464 2143 2516 dicant
2179 2478 2341 2516 unum
2375 2462 2507 2528 dici,
2541 2473 2595 2517 et
2616 2478 2733 2517 ens.
2766 2462 3027 2517 Similiter
3057 2471 3230 2518 autem
3254 2472 3308 2519 et
3331 2473 3553 2533 propter

1962 2555 2209 2608 accidens
2238 2563 2291 2607 et
2323 2554 2552 2607 aliorum
2587 2554 2853 2623 singulum
2877 2554 3149 2622 quodque,
3176 2555 3293 2608 aliae
3338 2554 3555 2625 quidem

1962 2646 2234 2698 orationes
2263 2654 2418 2697 erunt
2451 2643 2634 2699 faciles
2661 2644 2854 2712 videri,
2892 2646 3167 2700 alim‘vero
3197 2645 3554 2703 difficiliores.

1968 2736 2034 2789 Et
2057 2750 2268 2790 sumere
2301 2737 2355 2788 in
2378 2750 2483 2804 quo
2523 2750 2753 2804 genere,
2786 2744 2841 2791 et
2870 2747 3050 2791 utrum
3096 2738 3436 2807 redargutio,
3477 2750 3567 2795 alt-

1966 2844 2071 2881 non
2106 2828 2436 2898 redargntio,
2471 2842 2576 2882 non
2607 2827 2764 2883 facile
2802 2828 3051 2883 similiter
3082 2830 3134 2882 in
3169 2828 3415 2883 omnibus
3446 2837 3557 2883 est.

1968 2920 2065 2974 Est
2088 2930 2265 2974 autem
2299 2928 2451 2973 acuta
2482 2920 2680 2984 oratio,
2713 2934 2833 2989 quae
2861 2918 3105 2973 dubitare
3134 2918 3260 2973 facit
3281 2920 3512 2973 maxime
3532 2954 3550 2986 ς

1968 3011 2176 3065 mordet
2213 3011 2354 3065 enim
2397 3012 2510 3064 haec
2544 3012 2797 3076 maxime,
2834 3008 3096 3062 dubitatio
3124 3018 3303 3061 autem
3334 3016 3419 3062 est
3449 3007 3555 3061 du-

1922 3162 1925 3163 ν
1969 3104 2085 3172 plex
2107 3143 2122 3166 ,
2158 3102 2271 3154 haec
2312 3101 2528 3167 quidem
2563 3102 2614 3154 in
2648 3100 3088 3169 syllogizantibus
3116 3142 3129 3167 ,
3180 3113 3337 3166 quam
3392 3098 3559 3168 eligat

282 3200 421 3261 iste;
464 3198 509 3250 si
537 3205 713 3250 autem
751 3207 923 3263 neque
954 3201 1067 3258 est,
1102 3207 1275 3262 neque
1302 3192 1480 3258 datur,
1509 3207 1613 3245 non
1639 3192 1863 3248 dicenda
1893 3182 1938 3244 C
1969 3198 2087 3263 quis
2115 3193 2590 3262 interrogationum
2611 3234 2625 3254 ,
2662 3192 2749 3244 illa
2780 3199 2959 3245 autem
2994 3192 3043 3244 in
3076 3193 3411 3245 eontentiose
3432 3204 3551 3244 sus-

280 3289 592 3355 conclusio,
645 3293 869 3355 apparet
913 3295 1090 3338 autem
1135 3299 1201 3337 eo
1228 3284 1368 3352 quod
1400 3282 1677 3336 dissimilis
1711 3296 1868 3338 casus

285 3380 517 3436 nominis
545 3378 734 3432 similis
782 3385 1055 3445 appareat.
1083 3376 1312 3429 Putasne
1343 3390 1531 3430 verum
1567 3382 1648 3429 est
1690 3374 1870 3429 dicere

286 3470 537 3540 quoniam
568 3469 668 3523 ista
710 3477 792 3522 est
824 3467 874 3521 id
902 3466 1044 3536 quod
1091 3480 1213 3520 esse
1259 3466 1368 3530 ais,
1400 3480 1517 3519 eam
1544 3480 1663 3519 esse
1689 3474 1867 3519 autem

285 3561 367 3615 ais
391 3558 648 3629 aspidem,
679 3565 761 3610 est
789 3556 948 3623 igitur
977 3556 1075 3608 ista
1106 3554 1363 3621 aspidem.
1400 3554 1482 3609 An
1510 3569 1616 3607 non
1649 3568 1869 3609 necesse

285 3649 449 3713 est,si
474 3663 578 3703 non
600 3648 702 3701 ista
723 3645 962 3714 aspidem
991 3643 1280 3715 significat,
1312 3645 1406 3699 sed
1436 3644 1601 3714 aspis,
1631 3644 1869 3713 aspidem

285 3748 464 3793 autem
495 3739 650 3793 istam
679 3753 696 3801 ς
755 3750 925 3805 neque
954 3736 997 3790 si
1039 3751 1196 3805 quem
1221 3736 1356 3789 dicis
1408 3750 1529 3791 esse
1564 3735 1756 3801 istum,
1787 3746 1872 3795 est

289 3831 412 3895 iste,
439 3830 575 3883 dicis
603 3838 780 3882 autem
811 3829 968 3882 istum
999 3844 1120 3884 esse
1147 3827 1438 3893 Cleonem,
1471 3837 1555 3883 est
1584 3828 1744 3897 igitur
1770 3828 1872 3885 iste

285 3921 543 3976 Cleonem
579 3936 595 3983 ;
655 3935 761 3973 non
820 3921 965 3974 enim
993 3929 1076 3974 est
1106 3921 1207 3975 iste
1227 3923 1503 3977 Cleonem.
1557 3923 1760 3976 Dictum
1790 3929 1873 3976 est

288 4011 435 4066 enim
467 4009 718 4078 quoniam
742 4025 896 4077 quem
920 4010 1041 4064 dico
1092 4011 1250 4065 istum
1281 4027 1402 4067 esse
1422 4054 1436 4077 ,
1486 4020 1566 4067 est
1597 4012 1729 4077 iste,
1762 4026 1871 4067 non

289 4102 487 4165 SStum,
514 4114 687 4169 neque
712 4101 853 4154 enim
885 4102 1124 4156 Romane
1146 4100 1354 4157 dicetur
1382 4118 1489 4172 quo
1519 4114 1676 4172 pacto
1706 4104 1873 4157 inter-

290 4193 499 4262 rogatio
527 4191 689 4246 dicta.
725 4190 884 4244 Putas
903 4230 917 4253 ,
953 4191 1092 4245 istud
1114 4191 1220 4246 scis
1244 4194 1266 4244 7
1313 4194 1451 4246 istud
1474 4202 1652 4257 autem
1682 4199 1767 4247 est
1794 4193 1871 4245 la-

290 4286 397 4355 pis,
427 4286 535 4339 scis
558 4283 712 4353 igitur
746 4284 900 4353 lapis.
934 4285 1015 4338 An
1054 4300 1160 4340 non
1186 4285 1326 4341 idem
1356 4286 1620 4356 significat
1649 4285 1787 4340 istud
1819 4287 1873 4341 in

288 4388 356 4430 eo
386 4374 525 4442 quod
548 4383 648 4434 est.
684 4384 835 4441 putas
866 4373 1003 4427 istud
1030 4375 1136 4429 scis
1157 4417 1172 4440 ,
1202 4382 1258 4429 et
1292 4376 1344 4429 in
1375 4375 1500 4441 hoc,
1529 4376 1667 4431 istud
1694 4387 1871 4432 autem

290 4464 450 4531 lapis,
469 4464 563 4517 sed
587 4465 636 4517 in
670 4466 838 4531 primo
858 4465 1074 4534 quidem
1101 4467 1261 4529 hunc,
1284 4467 1337 4521 in
1367 4469 1668 4537 posteriore
1694 4479 1871 4523 autem

1973 3286 2295 3349 liuentibus,
2337 3285 2606 3355 quomodo
2654 3284 2798 3338 dicat
2846 3286 2963 3353 quis
3014 3288 3364 3353 propositum.
3407 3284 3557 3351 Qua-i

1974 3389 2192 3447 propter
2223 3378 2275 3431 in
2322 3379 2387 3433 iis
2426 3394 2545 3448 quw
2576 3378 2919 3448 sjllogizant,
2980 3378 3248 3432 acutiores
3276 3378 3558 3435 orationes

1973 3472 2246 3535 inquirere
2279 3471 2446 3539 magis
2470 3470 2691 3525 faciunt.
2726 3468 2820 3523 Est
2844 3480 3025 3523 autem
3051 3485 3112 3524 ea
3128 3486 3247 3539 quae
3279 3469 3560 3540 syllogim

1969 3562 2205 3631 quidem,
2231 3563 2401 3617 oratio
2427 3562 2733 3617 acutissima
2758 3602 2772 3626 ,
2806 3561 2851 3617 si
2894 3577 2961 3618 ex
2992 3577 3152 3633 quam
3188 3563 3421 3617 maxime
3455 3578 3556 3632 ap-

1976 3659 2289 3725 parentibus
2319 3656 2477 3727 qnaiu
2503 3658 2733 3711 maxime
2767 3658 3042 3726 probabile
3066 3659 3324 3713 interimit
3344 3668 3400 3713 et
3427 3673 3562 3714 com

1973 3750 2151 3803 struit.
2182 3749 2314 3801 Nam
2347 3763 2465 3802 eum
2501 3762 2604 3802 una
2634 3749 2806 3802 oratio
2836 3750 2905 3804 sit
2954 3750 3299 3819 (transposita
3341 3760 3560 3805 contra-

1975 3839 2236 3910 dictione)
2261 3855 2450 3895 omnes
2480 3841 2730 3895 similiter
2761 3841 2981 3895 habebit
3010 3842 3386 3911 syllogismos:
3420 3858 3564 3899 sem-

1975 3945 2070 3999 per
2107 3933 2245 4007 cniqt
2279 3947 2344 3983 ex
2385 3931 2753 3999 probabilibus
2780 3932 3030 3985 similiter
3060 3933 3342 3999 probabile
3372 3935 3559 3990 interi-

1975 4029 2083 4075 met
2111 4030 2523 4085 auteonstruet;
2557 4021 3162 4093 quapropter_dubitare
3193 4026 3558 4079 necessarium

1975 4120 2078 4166 est.
2102 4111 2331 4164 Maxime
2362 4110 2522 4179 igitur
2553 4110 2672 4164 talis
2703 4120 2883 4175 acuta,
2911 4123 3030 4179 qua:
3060 4124 3127 4163 ex
3154 4124 3309 4179 (equo
3338 4113 3559 4166 conclu-

1975 4202 2177 4255 sionem
2212 4199 2337 4254 facit
2365 4198 2911 4268 interrogationibus;
2956 4198 3191 4253 secunda
3220 4208 3397 4254 autem
3432 4210 3559 4269 qua

1976 4307 2041 4347 ex
2063 4292 2309 4347 omnibus
2341 4292 2624 4347 similibus.
2657 4290 2781 4345 Haec
2802 4292 2945 4346 enim
2976 4291 3224 4347 similiter
3264 4292 3419 4349 faciet
3448 4294 3557 4349 du-

1978 4386 2179 4447 bitare,
2235 4400 2355 4455 quae
2395 4384 2886 4454 interrogationum
2942 4384 3293 4439 interimenda
3343 4395 3462 4451 est;
3498 4387 3555 4444 id

1977 4486 2154 4530 autem
2215 4476 2438 4531 dilficile
2468 4477 2591 4531 est?
2656 4491 2778 4530 nam
2831 4477 3242 4531 interimendum
3301 4478 3556 4547 quidem,

292 4556 400 4610 hic.
438 4557 664 4609 Putasne
690 4555 837 4623 cujus
865 4558 1142 4611 scientiam
1177 4558 1482 4622 habes,scis
1506 4557 1678 4611 illud?
1700 4559 1876 4614 scien-
1902 4544 1956 4605 Β
1980 4568 2110 4638 quid
2147 4576 2323 4621 autem
2357 4567 2794 4632 interimendum,
2819 4565 3062 4621 dubium,
3090 4544 3557 4625 Contentjrjsapmg‘

293 4650 421 4703 tiam
449 4658 623 4702 autem
653 4648 816 4703 babes
839 4647 1026 4715 lapidis
1046 4690 1060 4713 ,
1084 4649 1189 4702 scis
1222 4649 1380 4718 igitur
1402 4649 1611 4717 lapidis.
1667 4652 1748 4705 An
1772 4651 1872 4706 hu-

290 4740 378 4808 jus
408 4738 618 4806 quidem
648 4738 839 4807 lapidis
861 4739 1018 4807 dicis,
1068 4739 1210 4793 hunc
1239 4748 1415 4794 autem
1445 4741 1673 4809 lapidem
1701 4744 1725 4796 τ
1778 4744 1877 4796 da-

294 4843 404 4884 tum
428 4841 509 4885 est
539 4841 714 4884 autem
732 4830 882 4899 cujus
910 4830 1138 4886 scientia
1170 4830 1335 4885 babes
1362 4830 1489 4885 illud
1512 4832 1639 4897 scis,
1674 4850 1779 4888 non
1816 4835 1877 4888 il-

294 4923 418 4986 lius,
446 4922 539 4976 sed
564 4922 725 4987 illud;
753 4937 919 4991 quare
946 4938 1049 4977 non
1081 4923 1296 4992 lapidis,
1322 4925 1417 4979 sed
1436 4925 1685 4995 lapidem.
1724 4926 1877 4994 Quod

293 5012 456 5082 igitur
468 5013 768 5082 bujusmodi
790 5014 1182 5070 orationesnon
1197 5016 1460 5087 colligunt
1480 5017 1875 5083 solmeismum,

294 5104 390 5156 sed
421 5112 699 5172 apparent,
728 5111 783 5157 et
809 5114 1028 5173 propter
1056 5104 1182 5174 quid
1214 5118 1495 5175 apparent,
1531 5115 1585 5163 et
1609 5108 1879 5177 quomodo

296 5203 381 5247 est
417 5193 783 5249 obsistendum
824 5192 964 5261 illis,
1022 5203 1107 5249 est
1144 5194 1482 5250 manifestum
1532 5213 1597 5251 ex
1647 5198 1713 5252 iis
1760 5212 1879 5267 qua:

296 5286 440 5342 dicta
480 5296 627 5342 sunt.

904 5374 1133 5430 CAPUT
1168 5376 1274 5432 VII.

581 5487 657 5541 De
681 5488 908 5541 oratione
938 5489 1110 5556 facili,
1138 5490 1330 5558 diﬁicili
1356 5500 1401 5544 et
1421 5499 1593 5545 acuta.

365 5606 593 5676 Oportet
633 5611 810 5657 autem
846 5604 1146 5672 intelligere
1176 5606 1427 5675 quoniam
1483 5604 1721 5658 omnium
1763 5617 1883 5659 ora-

294 5703 499 5756 tionum
522 5690 647 5751 aliae
668 5694 883 5766 quidem
909 5706 1034 5749 sunt
1066 5698 1243 5751 faciles
1276 5690 1535 5766 conspiei,
1568 5697 1684 5750 aliae
1706 5705 1882 5752 autem

290 5791 648 5859 difﬁciliores,
677 5796 895 5859 propter
929 5787 979 5842 id
1010 5787 1148 5861 quod
1174 5798 1223 5841 et
1249 5789 1299 5843 in
1329 5790 1507 5865 aliquo
1538 5786 1758 5845 subdole
1788 5787 1884 5847 de-

1983 4673 2161 4714 antem
2211 4658 2553 4719 acutissima,
2608 4672 2728 4724 qua:
2761 4658 2990 4724 primum
3022 4656 3201 4711 statim
3249 4656 3405 4714 dubia
3436 4669 3559 4726 est,

1985 4762 2163 4804 utrum
2195 4748 2498 4819 syllogizat,
2528 4763 2596 4801 an
2628 4763 2754 4811 non,
2792 4747 2877 4802 vel
2906 4755 3080 4801 utrum
3102 4759 3316 4816 propter
3346 4750 3560 4818 falsum,

1987 4855 2055 4894 an
2083 4840 2409 4893 divisionem
2434 4838 2650 4893 solutio.
2678 4837 2921 4893 Secunda
2948 4847 3126 4892 autem
3159 4838 3402 4903 aliarum,
3442 4838 3563 4907 qua

1988 4933 2265 4989 manifesta
2289 4920 2500 5002 quidem
2521 4931 2661 5001 quod
2688 4942 2909 5001 propter
2933 4930 3253 4987 divisionem
3279 4931 3361 4986 vel
3391 4932 3561 4985 inter-

1987 5027 2308 5095 emptiOnem
2341 5034 2443 5089 est,
2478 5039 2583 5079 non
2629 5033 2805 5079 tamen
2837 5034 2920 5078 est
2950 5024 3227 5092 explorata
3280 5037 3375 5091 per
3406 5025 3560 5092 cujus

1989 5117 2460 5185 interrogationum
2503 5115 3009 5183 interemptiohem,
3058 5115 3141 5169 vel
3192 5113 3510 5169 divisionem
3540 5155 3556 5177 ,

1988 5209 2239 5264 solvenda
2269 5218 2371 5272 est,
2419 5208 2623 5263 scilicet
2653 5216 2829 5261 utrum
2873 5215 3093 5276 propter
3118 5204 3516 5267 conclusionem
3543 5244 3561 5268 .

1990 5316 2056 5354 an
2094 5309 2306 5368 propter
2358 5300 2591 5366 aliquam
2640 5298 3117 5367 interrogationum
3151 5292 3205 5351 id
3238 5302 3343 5350 est.
3383 5294 3567 5359 Quan-

1990 5396 2163 5463 doque
2193 5393 2351 5462 igitur
2401 5406 2506 5445 non
2555 5390 2874 5461 syllogisans
2904 5389 3076 5461 oratio
3122 5387 3293 5441 facilis
3351 5398 3469 5453 est,
3518 5385 3569 5441 si

2011 5487 2090 5540 int
2126 5483 2279 5537 valde
2322 5483 2665 5551 inopinabilia
2692 5521 2707 5547 ,
2755 5482 2837 5535 vel
2887 5481 3018 5533 falsa
3054 5494 3173 5547 quae
3229 5488 3517 5531 sumuntur
3543 5517 3563 5542 ,

1986 5584 2302 5653 quandoque
2339 5590 2516 5635 autem
2555 5594 2662 5633 non
2709 5577 2865 5648 digna
2905 5578 3128 5645 deSpici.
3163 5576 3294 5631 Nam
3342 5574 3561 5647 quando

1988 5687 2140 5743 deest
2185 5686 2356 5755 aliqua
2404 5682 2587 5737 talium
2618 5680 3111 5749 interrogationum,
3146 5679 3215 5734 de
3246 5696 3347 5748 qua
3380 5678 3558 5735 oratio

1989 5799 2043 5847 et
2074 5798 2291 5868 propter
2319 5802 2475 5863 quam
2512 5794 2612 5853 est,
2646 5793 2698 5840 et
2730 5785 2817 5857 qui
2852 5799 2955 5845 non
2980 5784 3141 5839 sumit
3172 5784 3337 5851 illam,
3364 5792 3417 5839 et
3440 5781 3564 5855 eoi.
