4248 6272
641 1546 805 1611 lt“

690 314 834 373 £039

694 542 817 596 quae
855 525 1187 578 extrinsecus
1238 536 1343 577 non
1391 520 1735 591 despicienda
1780 519 1889 575 ullo
1932 520 2131 585 modo,
2172 518 2272 587 sed

690 615 863 670 oratio
891 612 1105 683 quidem
1132 613 1310 683 justa,
1363 614 1703 681 interrogans
1734 620 1913 667 autem
1963 626 2068 666 non
2103 610 2272 687 probe

686 706 1057 776 interrogavit.
1093 707 1158 761 Et
1184 716 1420 767 estsane
1450 706 1763 763 solvendum
1801 704 2124 776 quandoque
2149 704 2271 775 qui-

687 802 810 854 dem
843 800 907 853 ad
936 799 1257 867 orationem,
1279 802 1598 871 quandoque
1624 811 1801 856 autem
1834 800 1902 855 ad
1931 800 2272 869 interrogan-

687 901 819 957 tem,
845 906 899 946 et
919 893 1411 961 interrogationem,
1444 892 1763 962 quandoque
1792 907 1919 946 vero
1940 891 2006 944 ad
2025 900 2273 945 neutrum

686 985 915 1050 horum;
948 985 1195 1040 similiter
1221 996 1273 1040 et
1300 984 1736 1055 interrogandum
1769 992 1823 1037 et
1850 980 2272 1052 syllogizandum

690 1085 847 1133 estet
868 1077 933 1131 ad
960 1077 1294 1154 positionem,
1326 1088 1380 1131 et
1408 1076 1474 1130 ad
1496 1075 1935 1143 respondentem,
1968 1080 2024 1127 et
2053 1072 2119 1126 ad
2138 1082 2275 1128 tem-

689 1176 813 1237 pus,
847 1166 1060 1236 quando
1106 1168 1267 1220 fuerit
1314 1167 1481 1235 pluris
1525 1164 1785 1233 temporis
1828 1178 1991 1232 egens
2037 1162 2272 1225 solutio,

606 1332 609 1333 ν
689 1272 851 1329 quam
874 1258 1151 1327 praesentis
1184 1256 1441 1327 temporis
1470 1256 1599 1329 (quo
1640 1252 2004 1325 disputantur)
2038 1253 2103 1309 ad
2134 1254 2275 1309 solu-

687 1350 911 1406 tionem.

1267 1521 1493 1577 CAPUT
1537 1520 1675 1575 VIII.

722 1628 981 1725 Epilogus
1018 1665 1128 1712 octo
1158 1658 1548 1782 pra’cedlegtinm
1589 1665 1637 1711 et
1666 1657 1883 1711 duorum
1914 1655 2237 1725 manentium

1367 1745 1381 1781 t
1419 1742 1613 1782 rorum.

1367 1742 1613 1782 tororum.

654 1792 665 1858 ι
719 1827 726 1835 ,

715 1915 722 1923 ν
765 1894 841 1947 Ex
872 1900 1004 1962 quot
1051 1891 1230 1960 igitur,
1262 1896 1320 1943 et
1350 1902 1415 1941 ex
1447 1885 1642 1956 quibus
1672 1883 1804 1937 Iiuut
1851 1881 1915 1935 iis
1961 1881 2050 1951 q‘ni
2087 1881 2272 1949 dispu-

690 1994 807 2042 tant
855 1985 1111 2053 captiosa:
1152 1978 1605 2047 ratiocinationes,
1637 1985 1693 2030 et
1722 1972 1992 2043 quomodo
2022 1970 2273 2026 ostende-

688 2094 830 2145 mus,
857 2076 1045 2131 falsutn
1074 2084 1129 2129 et
1159 2070 1503 2141 inopipabilia
1533 2068 1715 2123 dicere
1740 2065 2018 2131 faciemus,
2043 2062 2272 2132 amplius

687 2182 868 2225 autem
911 2185 981 2224 ex
1036 2167 1237 2237 quibus.
1258 2164 1455 2225 accidit
1502 2162 1873 2231 syllogismus,
1916 2168 1969 2214 et
2004 2159 2273 2227 quomodo

686 2259 1167 2330 interrogandum,
1198 2267 1257 2315 et.
1287 2256 1408 2326 quis
1433 2254 1567 2308 ordo
1589 2248 2094 2319 interrogationum,
2128 2250 2273 2303 insu-

685 2367 787 2424 per
813 2367 994 2405 antem
1019 2350 1084 2405 ad
1102 2346 1391 2427 quid-{sunt
1414 2345 1572 2416 utiles
1605 2341 1911 2412 hnjnsmodi
1940 2356 2128 2395 omnes
2153 2355 2275 2394 ora-

688 2450 890 2507 tiones.
924 2456 978 2498 et
1015 2444 1082 2497 de
1111 2440 1464 2510 responsione
1506 2436 1823 2506 simpliciter
1849 2434 2016 2499 omni,
2049 2443 2101 2486 et
2143 2446 2275 2502 quo-

694 2537 858 2595 modo
888 2534 1215 2607 solvendum
1247 2543 1330 2585 est
1359 2530 1631 2583 orationes
1653 2535 1708 2581 et
1738 2525 2103 2596 syllogismos,
2134 2525 2273 2576 dicta

692 2630 802 2685 sint
843 2628 909 2681 de
938 2625 1254 2682 omnibus.a
1287 2622 1440 2695 nobis
1490 2621 1624 2674 haec.
1661 2619 1943 2687 Reliquum
1992 2625 2166 2671 autem
2197 2622 2279 2669 est

690 2719 760 2774 de
784 2733 848 2774 eo
875 2717 1016 2787 quod
1042 2731 1071 2769 a
1115 2713 1381 2784 principio,
1422 2721 1541 2787 erat
1584 2714 1913 2779 prepositum
1959 2707 2027 2760 ad
2074 2721 2278 2760 memo-

691 2812 825 2866 riam
876 2818 1190 2869 revocantes
1214 2848 1229 2873 ,
1280 2806 1552 2875 quidpiam
1600 2804 1666 2857 de
1697 2818 1757 2856 ea
1802 2819 1857 2855 re
1890 2802 1988 2854 sub
2020 2800 2278 2853 brevitate

696 2902 897 2965 dicere,
927 2910 982 2956 et
1004 2900 1160 2954 linem
1191 2898 1470 2966 imponere
1491 2894 1668 2947 dictis.
1704 2891 2067 2946 Praemisimus
2096 2891 2277 2957 igitur,

604 3024 607 3027 -
697 2994 1008 3052 inveniendi
1060 2992 1362 3046 facultatem
1407 2989 1696 3059 quamdam
1751 2985 2175 3039 ratiocinativam
2211 2983 2279 3037 de

694 3088 976 3159 proposito
1006 3100 1069 3139 ex
1102 3084 1167 3138 iis
1197 3098 1316 3153 quae
1347 3091 1472 3137 sunt
1522 3095 1679 3150 quam
1729 3078 2189 3147 probabilissima;
2226 3075 2277 3131 id

1926 306 2039 363 AN.
2079 304 2286 361 MANL.
2325 302 2481 362 SEN.
2520 302 2743 362 BOETII

690 434 812 505 Iigit
834 473 850 500 ,
892 434 1069 503 inepta
1096 438 1181 487 est
1218 429 1590 495 ratiocinatio;
1622 427 1839 499 quando
1865 437 2045 484 autem
2074 440 2263 482 eorum
2297 427 2351 485 Δ

3823 303 3965 363 ιοω

3002 422 3230 482 CAPUT
3278 426 3372 483 IX.

3026 518 3323 575 Peroratio.

2446 613 2637 684 Opera:
2663 616 2899 685 pretium
2928 622 3109 670 autem
3137 624 3220 670 est
3249 627 3347 668 nos
3370 628 3475 667 non
3514 611 3681 668 latere
3705 612 3964 681 quidnam

2380 709 2571 765 accidit
2609 708 2754 762 circa
2797 708 2899 762 hoc
2920 706 3213 776 negotium.
3244 703 3377 759 Nam
3408 719 3593 759 eorum
3642 718 3760 773 qua:
3808 704 3960 758 inve-

2382 803 2601 857 niuntur
2631 800 2892 867 omnium,
2926 816 3045 871 quae
3071 801 3284 871 quidem
3333 800 3401 855 ab
3435 800 3554 854 aliis
3599 807 3809 868 sumpta
3840 806 3970 853 sunt

2378 893 2546 963 prius,
2596 891 2864 946 elaborata
2918 891 3165 960 paulatim
3210 891 3601 945 incrementum
3633 897 3849 942 sumunt
3894 888 3964 941 ab

2381 984 2490 1039 illis
2514 984 2605 1054 qui
2631 982 2965 1052 postmodum
2996 982 3311 1052 accipiunt;
3344 996 3464 1050 qum
3509 989 3689 1035 autem
3719 979 3786 1034 ab
3814 978 3972 1033 initio

2381 1075 2810 1144 comperiuntur,
2844 1089 3063 1144 parvum
3090 1074 3145 1128 in
3190 1074 3375 1143 primis
3419 1087 3636 1127 sumere
3664 1072 3841 1127 solent
3888 1071 3973 1125 in-

2380 1177 2743 1230 erementum,
2777 1173 3011 1220 attamen
3061 1164 3243 1220 utilius
3273 1163 3440 1218 multo
3468 1177 3534 1217 eo
3578 1163 3745 1235 (quod
3779 1174 3972 1231 postea

2378 1257 2447 1311 ab
2497 1256 2617 1311 aliis
2677 1255 3142 1327 tit)accremento.
3200 1254 3491 1310 Maximum
3540 1252 3684 1307 enim
3733 1254 3975 1308 fortasse

2381 1348 2699 1418 principium
2750 1347 2991 1403 omnium
3019 1387 3035 1413 ,
3082 1356 3143 1401 ut
3167 1345 3392 1409 dicitur,
3422 1358 3591 1414 quare
3633 1354 3688 1399 et
3711 1343 3975 1399 difficilli-

2379 1456 2547 1496 mum.
2594 1442 2806 1508 Quanto
2856 1440 2999 1495 enim
3046 1446 3311 1509 potestate
3357 1436 3790 1502 validissimum,
3822 1446 3974 1492 tanto

2381 1530 2523 1585 mole
2560 1530 2869 1597 minimum,
2903 1528 3279 1584 difficillimum
3328 1537 3412 1583 est
3437 1526 3627 1582 videri.
3682 1527 3760 1581 Eo
3789 1536 3969 1581 autem

2380 1632 2681 1689 comperto,
2714 1620 2865 1675 facile
2894 1629 2978 1676 est
2997 1619 3252 1689 adjicere,
3284 1625 3645 1688 coaptareque
3674 1616 3969 1687 reliquum.

2380 1709 2531 1777 Quod
2560 1719 2616 1765 et
2644 1710 2782 1766 circa
2826 1709 3125 1765 rhetoricas
3154 1709 3437 1765 orationes
3469 1706 3682 1771 accidit,
3714 1723 3848 1778 pene
3861 1722 3974 1797 ξιι-

2302 1772 2353 1833 B
2381 1811 2487 1857 tem
2518 1813 2570 1857 et
2600 1802 2740 1858 circa
2767 1802 2898 1856 alias
2944 1812 3090 1857 artes
3144 1814 3337 1857 omnes
3382 1817 3395 1855 :
3429 1814 3552 1853 nam
3592 1798 3683 1869 qui
3713 1772 3970 1867 principia

2378 1897 2671 1959 invenere,
2704 1894 2925 1948 omnino
2974 1894 3040 1963 ad
3092 1894 3345 1963 exiguum
3387 1892 3516 1962 quid
3571 1870 3969 1987 perduiteiunt;

2374 1989 2464 2057 qui
2496 1997 2673 2041 autem
2708 2000 2849 2039 nunc
2876 1984 3205 2041 celebriores
3236 1983 3526 2047 habentur,
3548 1982 3886 2038 vindicantes
3933 2000 3965 2038 a

2378 2075 2583 2141 multis,
2611 2075 2755 2130 velut
2785 2091 2849 2129 ex
2875 2076 3219 2131 successione
3242 2074 3600 2145 particulatim
3628 2075 3965 2144 colligentes,

2378 2166 2459 2221 sic
2512 2176 2795 2221 auxerunt.
2850 2166 3019 2220 Tisias
3061 2167 3274 2233 quidem
3310 2175 3429 2235 post
3463 2167 3701 2234 priores,
3735 2166 3971 2237 Thrasy-

2378 2258 2601 2313 machus
2654 2274 2781 2314 vero
2836 2248 2960 2329 pos!
2986 2258 3207 2326 Tisiam,
3258 2258 3576 2313 Theodorus
3634 2269 3813 2313 autem
3844 2268 3973 2329 post

2380 2350 2557 2415 hunc,
2594 2360 2650 2405 et
2700 2350 2854 2404 multi
2905 2350 3099 2404 multas
3146 2350 3520 2405 coadunavere
3574 2361 3775 2419 partes.
3814 2352 3969 2417 Qua-

2379 2451 2596 2511 propter
2640 2440 2772 2495 nihil
2812 2440 3003 2494 mirum
3035 2442 3079 2495 si
3127 2442 3178 2494 in
3212 2441 3445 2510 amplum
3476 2440 3689 2508 quidem
3719 2441 3970 2498 creverit

2380 2549 2487 2587 ars.
2510 2532 2676 2602 Ilujus
2708 2545 2886 2587 autem
2910 2533 3109 2601 negotii
3138 2548 3242 2589 non
3268 2533 3370 2589 hoc
3389 2532 3601 2603 quidem
3630 2543 3748 2587 erat
3765 2535 3971 2602 explo-

2380 2633 2555 2677 ratum
2581 2663 2595 2689 ,
2655 2622 2785 2678 illud
2838 2637 3016 2678 autem
3049 2640 3153 2681 non
3210 2636 3355 2690 erat,
3412 2640 3597 2679 verum
3631 2626 3763 2681 nihil
3794 2624 3974 2695 ipsius

2383 2730 2610 2786 prorsus
2654 2726 2801 2783 erat,
2849 2733 2970 2771 naut
3018 2732 3204 2773 eorum
3248 2718 3345 2789 qui
3374 2720 3516 2773 circa
3553 2718 3811 2787 litigiosas
3840 2733 3971 2773 ora-

2386 2808 2560 2863 tiones
2600 2821 2755 2862 erant
2815 2811 3171 2876 mercenarii,
3203 2810 3397 2865 similis
3426 2810 3644 2879 quidem
3701 2811 3971 2878 doctrina,

2384 2896 2592 2967 Gorgia:
2626 2899 2857 2969 negotio.
2904 2900 3186 2956 Orationes
3226 2902 3369 2956 enim
3401 2901 3452 2955 hi
3484 2904 3704 2971 quidem
3736 2903 3973 2959 rhetori-

2382 3004 2476 3046 cas
2494 2979 2523 3055 ,’
2542 2991 2615 3046 illi
2658 3003 2833 3047 autem
2868 2992 3278 3062 interrogativas
3307 2994 3577 3049 docebant
3607 2995 3846 3051 ediscere
3866 3037 3881 3059 ,
3912 2998 3970 3051 in

2386 3098 2519 3153 quas
2570 3083 2768 3153 saepius
2797 3083 3034 3139 incidere
3075 3084 3322 3141 solebant
3349 3085 3659 3141 alternatim
3703 3096 3976 3143 utrorum-

699 3199 843 3239 euun
874 3194 1008 3249 epos
1024 3190 1105 3234 est
1131 3177 1435 3249 dialectices
1464 3175 1757 3230 secundum
1790 3188 1869 3238 se,
1900 3183 1953 3227 et
1984 3173 2278 3227 tentativm.
2310 3151 2359 3215 (ἶ
2390 3192 2493 3246 que
2513 3176 2581 3231 ad
2610 3177 2836 3233 invicem
2859 3179 3153 3233 orationes.
3186 3179 3524 3246 Quapropter
3545 3181 3700 3234 velox
3728 3180 3971 3249 quidem,

692 3274 827 3340 Quia
859 3283 1036 3326 autem
1071 3269 1464 3339 praeinstruitur
1491 3267 1612 3335 quis
1641 3267 1707 3320 ab
1737 3281 1798 3319 ea
1848 3276 2065 3333 propter
2096 3264 2284 3333 sephi-

693 3365 860 3418 Stices
888 3362 1240 3424 vicinitatem,
1269 3369 1327 3412 ut
1354 3374 1458 3412 non
1490 3359 1661 3410 solum
1695 3356 2127 3425 experimentum
2164 3370 2286 3424 pos-

695 3454 766 3510 sit
793 3467 1005 3508 snmere
1050 3450 1331 3505 diulectico
1362 3465 1542 3511 more,
1568 3448 1662 3503 sed
1687 3450 1846 3501 etiam
1891 3446 2045 3515 quasi
2068 3446 2283 3500 scienti-

698 3544 804 3615 fico
830 3585 844 3607 ,
892 3551 1113 3611 propter
1143 3542 1192 3595 id
1240 3556 1345 3594 non
1387 3542 1559 3594 solum
1586 3542 1787 3594 dictum
1819 3539 2018 3606 negotii
2048 3538 2283 3593 officium

697 3634 979 3705 posuimus
1021 3631 1320 3686 orationem
1357 3644 1514 3697 posse
1555 3644 1799 3692 sumere,
1845 3630 1940 3683 sed
1988 3630 2149 3685 etiam
2190 3641 2280 3697 ut,

696 3721 995 3777 orationem
1019 3719 1364 3783 sustinentes,
1397 3728 1452 3773 tu
1476 3732 1630 3773 emur
1659 3718 1979 3787 positionem
2009 3736 2105 3790 per
2125 3737 2282 3790 quam

696 3810 1129 3882 probabilissinta
1172 3809 1334 3864 simili
1365 3810 1544 3883 modo.
1569 3810 1800 3865 Causam
1833 3820 2009 3866 autem
2045 3812 2283 3870 diximus

697 3905 879 3974 hujus,
913 3904 1036 3974 quia
1068 3914 1123 3959 et
1157 3912 1375 3973 propter
1412 3903 1463 3958 id
1494 3904 1745 3959 Socrates
1776 3904 2160 3973 interrogabat,
2189 3906 2283 3963 sed

699 4015 807 4054 non
848 3996 1250 4067 respondebat:
1284 3997 1642 4052 confitebatur
1670 3998 1813 4052 enim
1863 4009 1925 4054 se
1974 3986 2078 4052 non
2118 4001 2278 4055 seire.

697 4089 1038 4148 Manifestum
1087 4098 1264 4143 autem
1313 4075 1395 4143 est
1437 4089 1491 4153 in
1523 4090 1789 4158 prioribus
1830 4095 1895 4145 ex
1937 4099 2069 4161 quot
2114 4103 2167 4147 et
2215 4094 2282 4147 ad

698 4193 828 4255 quot
860 4184 911 4237 id
941 4184 1070 4244 erit,
1105 4182 1327 4237 et-unde
1375 4182 1551 4237 idonei
1603 4184 1804 4238 erimus
1849 4184 2057 4238 horum.
2096 4183 2283 4245 Adhuc

698 4284 878 4329 autem
907 4274 1176 4343 quomodo
1202 4273 1578 4343 interroganda
1620 4275 1702 4329 vel
1734 4275 2028 4330 ordinanda
2060 4279 2283 4346 quaestio

699 4368 876 4423 omnis
899 4407 915 4431 ,
958 4377 1011 4421 et
1055 4365 1124 4421 de
1154 4366 1590 4433 responsionibus
1619 4382 1741 4434 qua:
1782 4376 1907 4420 sunt
1932 4367 1999 4421 ad
2030 4369 2281 4438 syllogis-

700 4475 839 4517 mos.
866 4459 1193 4514 I’atefactum
1210 4466 1290 4511 est
1310 4467 1486 4511 autem
1519 4467 1575 4511 et
1603 4458 1669 4511 de
1692 4457 1811 4511 aliis
1831 4472 2161 4528 quzecunque
2183 4462 2281 4516 htt-

2394 3277 2451 3321 ut
2481 3277 2604 3335 pote
2631 3282 2750 3338 qua:
2779 3268 2895 3323 sine
2921 3278 3039 3323 arte
3057 3308 3071 3332 ,
3117 3279 3232 3323 erat
3257 3268 3500 3323 doctrina
3541 3270 3876 3325 discentibus
3901 3270 3976 3326 ab

2392 3356 2533 3412 illis:
2565 3374 2669 3413 non
2699 3359 2841 3414 enim
2869 3368 3039 3415 artem
3058 3404 3073 3428 ,
3106 3361 3199 3415 sed
3223 3377 3342 3431 quae
3371 3363 3438 3417 ah
3466 3371 3582 3418 arte
3612 3373 3733 3417 sunt
3755 3364 3974 3431 dantes,

2390 3449 2634 3505 arbitrati
2669 3458 2795 3506 sunt
2839 3453 2984 3522 loqui
3031 3454 3258 3509 erudite.
3306 3454 3536 3512 Perinde
3575 3472 3633 3510 ac
3661 3457 3703 3511 si
3734 3457 3857 3526 quis
3886 3458 3978 3513 (I-

2388 3542 2666 3609 sciplinatn
2718 3544 2861 3598 dicat
2904 3560 2963 3600 se
2998 3545 3209 3602 tradere
3248 3556 3307 3601 ut
3356 3563 3462 3603 non
3506 3548 3720 3603 doleant
3771 3549 3978 3620 pedes,

2388 3633 2585 3689 deinde
2631 3634 2890 3691 sutoriam
2943 3638 3157 3707 quidem
3208 3654 3314 3693 non
3337 3640 3560 3707 doceat,
3612 3656 3786 3711 neque
3832 3644 3980 3698 unde

2390 3727 2597 3796 possint
2637 3730 2937 3797 comparari
2986 3731 3135 3798 talia,
3182 3733 3274 3787 det
3301 3742 3478 3789 autem
3531 3750 3693 3804 quam
3744 3738 3980 3807 plurima

2386 3834 2584 3889 genera
2612 3820 3045 3878 omnimodorum
3076 3824 3406 3880 calceorum.
3441 3826 3539 3880 Hic
3570 3827 3817 3896 profecto
3849 3844 3979 3898 pro—

2388 3910 2486 3965 fuit
2513 3911 2578 3964 ad
2613 3926 2787 3976 usum,
2815 3924 2985 3969 artem
3032 3926 3212 3972 autem
3246 3932 3351 3972 non
3385 3919 3627 3973 tradidit.
3663 3921 3727 3975 Et
3754 3921 3822 3975 de
3851 3922 3981 3977 rhe-

2387 4006 2567 4061 toricis
2587 4007 2801 4077 quidem
2828 4017 2982 4063 erant
3012 4011 3176 4064 multa
3225 4021 3280 4066 et
3322 4013 3543 4083 antiqua
3570 4013 3731 4079 dicta,
3764 4014 3834 4069 de
3864 4015 3982 4084 εει-

2386 4101 2624 4170 logismis
2667 4111 2843 4157 autem
2892 4103 3113 4158 omnino
3155 4104 3288 4159 nihil
3330 4105 3617 4161 habuimus
3648 4107 3797 4175 prius
3828 4105 3977 4161 aliud

2385 4190 2703 4260 quidquam,
2724 4194 2866 4262 quod
2897 4194 3201 4250 diceremus
3221 4234 3237 4261 ,
3283 4211 3443 4265 quam
3473 4211 3622 4251 mora
3654 4195 3983 4266 perquiren-

2388 4290 2487 4349 tes,
2516 4286 2685 4340 multo
2712 4294 2955 4356 tempore
2988 4288 3436 4344 insudaverimus.
3462 4290 3518 4345 Si
3550 4300 3729 4345 autem
3766 4292 3981 4347 videtur

2386 4390 2449 4429 ex
2483 4377 3006 4434 considerationihos
3056 4381 3256 4436 nostris
3291 4383 3370 4449 (ut
3414 4397 3477 4435 ex
3511 4382 3577 4436 iis
3602 4396 3721 4452 qua:
3752 4392 3978 4437 suntex

2386 4469 2669 4539 principio)
2715 4469 2829 4525 haec
2874 4472 3094 4533 habere,
3123 4472 3401 4541 disciplina
3448 4473 3784 4528 sufficienter
3814 4487 3980 4540 supra

700 4554 851 4622 jnsce
886 4552 1181 4621 disciplina:
1221 4561 1346 4605 sunt
1392 4551 1680 4606 orationes.
1713 4551 1915 4607 Praeter
1959 4553 2073 4609 haec
2099 4566 2279 4612 autem
2305 4529 2360 4591 Β
2387 4562 2491 4615 alia
2541 4563 2748 4630 negotia
2782 4578 2899 4631 quas
2944 4579 3006 4618 ex
3061 4564 3347 4619 traditione
3380 4565 3595 4620 inducta
3646 4574 3804 4626 sunt,
3852 4563 3982 4618 reli-

702 4655 757 4700 et
778 4645 843 4698 de
854 4644 1106 4712 captiosis
1122 4643 1618 4699 ratiocinationibus
1632 4648 2076 4716 pertractavimus
2097 4665 2285 4718 quemv

699 4736 986 4791 admodum
1029 4737 1387 4804 dixitnusjam
1410 4738 1575 4805 prius.
1601 4738 1752 4805 Quod
1778 4740 1936 4810 igitur
1985 4754 2136 4796 nacta
2160 4752 2284 4797 sunt

702 4828 862 4883 finem
884 4826 1210 4881 sufficienter
1231 4843 1293 4880 ea
1322 4845 1439 4897 qua:
1469 4831 1857 4897 proposuimus,
1878 4834 2237 4888 manifestum.

1322 5042 1585 5146 ΑΝ.
1724 5047 2211 5152 MANL.

2237 4956 2354 4969 ———

2354 5048 2708 5152 SEV.

2390 4671 2549 4724 quum
2574 4654 2675 4709 erit
2696 4656 2935 4709 omnium
2972 4667 3233 4726 vestrum,
3258 4659 3342 4713 vel
3366 4674 3551 4713 eorum
3589 4659 3678 4728 qui
3704 4658 3985 4712 audierint

2390 4738 2491 4799 hoc
2524 4760 2657 4814 onus
2684 4790 2697 4813 ,
2744 4747 2939 4801 omissa
2984 4748 3203 4818 quidem
3236 4751 3389 4814 artis,
3423 4752 3581 4804 venia
3606 4750 3814 4821 dignari
3841 4790 3857 4813 ,
3895 4750 3983 4803 in-

2390 4848 2545 4920 venta
2579 4848 2777 4899 autem,
2810 4841 2975 4893 multa
3006 4844 3253 4912 prosequi
3284 4843 3473 4911 gratia.

2850 5054 3391 5160 BOETII

2708 4926 3956 4961 Μ-

700 5242 703 5247 ’
811 5239 960 5355 ΙΝ
1050 5225 1579 5353 ΤΟΡΙΕᾹ
1652 5242 2297 5358 CICERONI

2380 5249 2402 5355 ἱ
2492 5246 3830 5371 COMMENTARIORUM

2093 5407 2304 5467 LIBRI
2354 5408 2534 5468 SEX.

1975 5570 2262 5647 LIBER
2325 5570 2733 5648 PRIMUS.

770 5678 1156 5734 Exhortatione
1200 5688 1307 5742 tua,
1356 5680 1549 5736 Patrici
1600 5681 1875 5737 rhetorum
1931 5686 2278 5754 peritissime,

701 5782 818 5836 quae
865 5772 1128 5825 honestati
1177 5772 1453 5840 praesentis
1500 5774 1761 5842 propositi
1800 5785 1857 5830 et
1892 5774 2081 5832 futura:
2110 5777 2285 5832 mtatis

2394 5686 2602 5739 utilitati
2655 5688 2937 5755 conjuncta
2982 5697 3100 5754 est,
3151 5690 3281 5745 nihil
3334 5690 3600 5759 antiquius
3650 5686 3991 5745 existimavi.

2394 5775 2488 5832 Cui
2512 5779 2721 5834 muneri
2754 5779 3006 5838 libentius
3027 5782 3292 5857 acquievi,
3321 5797 3428 5837 non
3456 5781 3595 5851 quod
3620 5781 3687 5837 ad
3712 5780 3997 5839 instruen-
