4258 6270
313 450 447 510 1061

1129 449 1194 508 ΙΝ
1220 450 1474 538 TOPICA
1510 446 1864 511 CICERONIS
1901 449 2415 513 COMMENTARIA.
2460 456 2589 513 LIB.
2629 459 2669 514 l.

3428 470 3451 526 ρ
3461 471 3575 525 042

303 570 432 649 dum
464 577 539 632 te,
571 566 987 623 commentarios
1018 567 1069 622 in
1104 566 1174 623 Μ.
1206 568 1366 623 Tullii
1397 567 1595 637 Topica
1630 546 1879 624 laborare
1906 566 1957 625 Α
1984 576 2323 635 pertractem,
2357 572 2694 641 prooemium,
2718 588 2822 641 quo
2847 576 2914 629 ad
2943 574 3251 634 Trebatium
3266 578 3334 634 Μ.
3360 581 3569 641 Tulliul

304 658 623 727 mecredidi
660 657 938 731 (ridiculus
979 658 1173 727 quippe
1203 658 1371 714 forem
1413 660 1457 713 si
1490 658 1800 723 Minervam,
1826 667 1885 717 ut

305 748 474 817 aiunt,
496 750 698 805 litteras
726 749 919 805 docere
939 750 1175 819 vellem),
1196 749 1290 805 sed
1318 760 1373 805 ut
1392 766 1455 806 ex
1480 751 1879 820 disciplinarum

305 840 605 898 liberalium
657 850 933 912 sumptum,
971 858 1112 912 penu
1134 882 1150 907 ,
1184 851 1382 899 nostrae
1410 843 1551 913 apud
1586 852 1636 899 te
1665 858 1881 913 semper

300 934 494 1005 pignus
534 934 785 989 amicitia:
824 942 1183 1003 permaneret.
1230 934 1383 1003 Quod
1415 936 1555 991 enim
1597 951 1789 989 munus
1813 949 1879 990 ex

301 1027 482 1081 animo
527 1027 869 1098 diligentibus
896 1012 1182 1097 iocundius
1222 1028 1447 1084 inveniri
1490 1036 1684 1098 potest,
1717 1042 1875 1097 quam

300 1119 442 1189 quod
474 1119 637 1188 ipsius
684 1101 1074 1189 animi'partes
1125 1120 1322 1176 format
1368 1129 1422 1175 et
1462 1120 1710 1176 instruit?
1742 1118 1874 1174 Nam

299 1215 491 1262 caetera
540 1208 653 1263 fere
705 1209 928 1274 caduca,
974 1210 1261 1273 imbecilla,
1313 1209 1563 1274 labantia,
1616 1218 1668 1264 ct
1715 1210 1758 1263 si
1807 1208 1872 1262 ad

297 1298 524 1353 fortunae
550 1300 717 1354 vicem
760 1310 994 1371 spectes,
1029 1316 1165 1370 pene
1195 1316 1408 1370 semper
1436 1301 1607 1355 aliena
1636 1308 1780 1354 sunt.
1806 1301 1874 1355 At

298 1400 425 1443 vero
468 1388 797 1456 opulentiam
831 1389 1150 1454 litterarum,
1181 1404 1278 1444 nec
1328 1404 1563 1459 praesens
1608 1388 1872 1443 imminuit

297 1486 448 1544 :ctas,
476 1492 767 1548 earumque
798 1480 1167 1535 auctoritatem
1191 1480 1302 1550 ipsa
1334 1482 1494 1535 etiam
1519 1486 1708 1533 cuncta
1741 1494 1869 1533 con-

296 1566 503 1633 ficiens,
539 1578 695 1638 auget
722 1570 898 1638 potius
942 1578 995 1625 et
1045 1571 1326 1625 confirmat
1370 1580 1626 1625 vetustas.
1672 1570 1869 1639 Accipe

296 1657 457 1727 igitur
485 1674 637 1728 opus,
669 1674 774 1715 non
803 1660 1104 1716 efficientia:
1144 1640 1451 1729 securitate,
1478 1661 1572 1717 sed
1622 1660 1868 1716 amicitia:

291 1753 712 1819 praesumptione
760 1762 1095 1821 susceptum,
1123 1754 1262 1823 apud
1308 1770 1466 1824 quam
1519 1754 1699 1807 nescio
1734 1767 1868 1821 quo-

292 1855 415 1895 nam
445 1852 597 1910 pacto
634 1843 837 1912 garrire
881 1859 985 1899 non
1033 1844 1278 1911 dedecet,
1304 1847 1461 1900 simul
1493 1844 1615 1915 quia
1645 1844 1867 1913 praelato

1989 661 2172 739 utitur,
2204 664 2385 732 paucis
2414 665 2707 720 absolvam.
2738 667 2826 721 Ait
2852 670 3022 723 enim:
3392 726 3393 733 η

2058 752 2283 826 Majores
2312 773 2401 810 nos
2433 774 2510 809 res
2531 758 2745 812 scribere
2772 760 3047 829 ingressos,
3072 764 3129 818 C.
3163 764 3384 834 Trebati,
3414 780 3460 824 et
3496 771 3565 825 iis

1982 843 2125 898 libris
2154 862 2279 914 quos
2306 847 2439 900 brevi
2458 857 2680 914 tempore
2700 851 2823 903 satis
2844 853 3029 906 multos
3055 857 3326 922 edidimus,
3355 862 3567 931 dignio-

1979 953 2085 1001 res,
2120 954 2146 990 e
2186 954 2337 993 cursu
2374 942 2484 1008 ipso
2516 942 2761 994 revocarit
2809 942 3042 998 voluntas
3086 956 3191 1001 tua.
3246 950 3373 1003 Cum
3423 956 3561 1009 enim

1980 1043 2176 1082 mecum
2201 1031 2253 1080 in
2282 1027 2576 1084 Tusculano
2602 1047 2750 1097 esses,
2775 1041 2823 1085 et
2862 1033 2915 1085 in
2956 1034 3257 1092 bibliotheca
3285 1048 3560 1108 separatim

1978 1126 2186 1185 uterque
2208 1128 2435 1172 nostrum
2463 1120 2532 1173 ad
2553 1137 2703 1173 suum
2725 1123 2951 1176 studium
2983 1123 3205 1191 libellos,
3236 1145 3360 1193 quos
3386 1134 3555 1198 vellet,

1976 1208 2241 1291 evolveret,
2271 1211 2493 1264 incidisti
2523 1213 2574 1265 in
2618 1213 2905 1268 Aristotelis
2932 1214 3125 1283 Topica
3152 1220 3409 1288 qutedam,
3443 1239 3560 1291 qut:

1973 1311 2091 1354 sunt
2116 1286 2177 1355 ab
2208 1301 2299 1356 illo
2321 1304 2549 1370 pluribus
2594 1306 2736 1360 libris
2765 1310 3038 1374 explicata.
3083 1286 3196 1377 Qua
3224 1286 3557 1381 inscriptione

1972 1402 2270 1459 commotus,
2300 1396 2592 1449 continuoa
2621 1414 2699 1449 me
2743 1382 2920 1452 eorum
2967 1399 3213 1454 librorum
3254 1407 3557 1458 sententiam

1969 1484 2246 1551 requisisti.
2294 1485 2462 1550 Quam
2516 1488 2605 1541 tibi
2648 1506 2765 1542 cum
2822 1494 3165 1561 exposuissem
3224 1496 3565 1564 disciplinam

1968 1575 2379 1630 inveniendorum
2410 1587 2827 1647 argumentorum
2848 1626 2862 1647 ,
2888 1591 2944 1635 ut
2987 1584 3097 1637 sine
3139 1585 3247 1638 ullo
3286 1604 3457 1643 errore
3483 1592 3552 1645 ad

1970 1681 2079 1717 eam
2107 1668 2355 1721 rationem
2382 1669 2462 1723 via
2502 1672 2872 1739 perveniremus
2912 1674 2975 1726 ab
3004 1675 3274 1730 Aristotele
3319 1679 3547 1749 inventa,

1966 1755 2071 1809 illis
2102 1756 2247 1809 libris
2291 1760 2562 1828 contineri,
2606 1766 2883 1817 verecunde
2923 1772 2976 1818 tu
3014 1768 3217 1833 quidem
3255 1779 3309 1822 ut
3352 1773 3550 1840 omnia,

1968 1848 2057 1900 sed
2098 1858 2263 1902 tamen
2303 1860 2358 1903 ut
2387 1852 2536 1922 facile
2559 1868 2810 1908 cernerem
2838 1862 2886 1909 te
2913 1856 3094 1910 ardere
3130 1860 3320 1925 studio,
3354 1877 3554 1917 mecum

288 1946 317 1984 a
349 1932 500 1987 nobis
530 1948 751 1990 munere
779 1950 898 1988 cum
932 1944 1141 1991 tuorum
1188 1936 1388 2007 aliquid
1418 1951 1642 2005 operum
1683 1945 1866 2006 postu-
1895 1923 1945 1984 Β
1973 1948 2026 1991 ut
2055 1940 2145 1993 tibi
2174 1940 2265 1993 illa
2295 1942 2547 1995 traderem
2576 1944 2743 2013 egisti.
2778 1942 2905 1999 Cum
2931 1955 3103 2001 autem
3121 1964 3214 2019 ego
3239 1959 3285 2003 te
3308 1923 3415 2004 non
3444 1963 3551 2008 tam

290 2021 496 2089 lavero,
545 2024 768 2093 injurius
823 2024 1020 2092 fueris,
1067 2027 1114 2081 si
1175 2027 1410 2097 negabis.
1472 2026 1577 2082 Sed
1633 2041 1754 2081 cum
1807 2026 1863 2083 in

288 2109 361 2168 Μ.
391 2112 549 2168 Tullii
582 2114 779 2185 Topica
809 2116 1018 2171 Marcus
1047 2117 1351 2173 Victorinus
1393 2118 1576 2173 rhetor
1619 2118 1861 2186 plurima:

287 2202 340 2255 in
369 2203 666 2260 disserendi
707 2215 821 2261 arte
863 2208 1065 2263 notitia:
1107 2219 1412 2293 commenta
1455 2210 1857 2279 conscripserit,

284 2309 389 2349 non
419 2311 507 2350 me
551 2297 879 2366 oportuisset
922 2299 1234 2355 melioribus
1280 2300 1502 2355 forsitan
1546 2308 1859 2370 attemptata

280 2390 611 2459 contingere,
644 2391 744 2444 nisi
776 2400 919 2447 esset
957 2392 1155 2463 aliquid
1200 2409 1305 2464 quo
1343 2409 1401 2449 se
1428 2406 1611 2451 noswr
1647 2409 1856 2465 quoque

281 2480 426 2536 labor
448 2498 702 2539 exercere
724 2493 884 2555 atque
907 2499 1096 2555 parere
1122 2488 1401 2555 potuisset.
1442 2487 1679 2556 Quatuor
1709 2489 1853 2543 enim

280 2573 632 2632 voluminibus
664 2577 967 2634 Victorinus
996 2580 1048 2635 in
1072 2579 1269 2650 Topica
1301 2582 1642 2653 conscriptis,
1668 2597 1853 2638 eorum

278 2663 452 2731 primo
481 2666 814 2725 declarandis
847 2680 1050 2726 tantum
1079 2672 1200 2727 libri
1232 2674 1507 2744 principiis
1536 2686 1849 2745 occupatur.

278 2753 441 2810 Addit
464 2758 624 2813 etiam
654 2762 771 2815 etsi
800 2777 903 2831 qua
925 2763 977 2816 in
999 2764 1188 2819 eodem
1214 2766 1487 2821 volumine
1517 2766 1851 2833 prmdicenda

276 2844 505 2903 fuissent
531 2852 830 2920 perpendit,
856 2863 917 2909 ut
944 2855 1012 2909 ab
1043 2856 1265 2911 exordio
1293 2859 1580 2913 voluminis
1623 2859 1853 2927 Tapicoo

276 2951 414 3000 rum,
446 2941 585 3010 quod
632 2952 743 3010 est,
775 2943 1003 3017 Majores
1049 2963 1139 3002 nos
1182 2964 1264 3001 res
1307 2949 1522 3003 scribere
1562 2951 1849 3020 ingressos,

277 3023 337 3080 C.
383 3028 607 3102 Trebati,
648 3050 815 3106 usque
864 3038 929 3091 ad
968 3053 1089 3092 eum
1134 3039 1309 3095 locum
1347 3043 1434 3110 qui
1475 3050 1575 3107 est,
1611 3042 1715 3097 Sed
1734 3044 1849 3112 jam

276 3129 476 3191 tempus
522 3134 594 3181 est
637 3129 705 3181 ad
752 3129 806 3181 id
848 3132 985 3200 quod
1033 3132 1346 3187 instituimus
1392 3135 1657 3203 accedere,
1694 3136 1849 3203 primi

273 3212 563 3270 voluminis
609 3216 864 3273 Victorini
913 3222 1175 3291 expositio
1214 3224 1547 3279 terminetur.
1600 3225 1848 3281 Secundo

274 3302 548 3361 volumine
588 3307 656 3363 de
695 3309 987 3378 judicandi,
1019 3321 1176 3384 atque
1222 3315 1525 3371 inveniendi
1556 3316 1850 3372 dialectica:
1878 3295 1924 3357 Ο

275 3394 536 3462 partibus,
565 3406 620 3453 et
647 3398 715 3454 de
742 3400 861 3456 loco
886 3411 1042 3472 atque
1071 3407 1369 3474 argumenti
1392 3406 1707 3464 diffinitione
1729 3424 1848 3479 per-

277 3494 489 3552 tractat,
524 3498 580 3543 ut
606 3492 673 3546 ab
698 3507 764 3547 eo
796 3494 913 3549 loco
956 3495 1299 3563 Topicorum,
1325 3502 1414 3569 qui
1452 3510 1552 3565 est,
1585 3500 1713 3556 Cum
1740 3520 1851 3556 om-

276 3577 356 3630 nis
383 3580 513 3633 ratio
552 3580 767 3655 diligens
787 3586 1073 3640 disserendi
1088 3587 1217 3641 duas
1241 3589 1420 3643 habeat
1452 3603 1621 3662 partes
1651 3609 1668 3646 :
1693 3610 1850 3647 unam

276 3669 578 3737 inveniendi,
609 3675 823 3729 alteram
861 3678 1165 3747 judicandi,
1194 3694 1362 3750 usque
1402 3682 1468 3736 ad
1497 3697 1616 3738 eum
1650 3685 1847 3746 locum,

276 3760 363 3829 qui
416 3770 515 3828 est,
553 3761 734 3834 Itaque
781 3766 901 3820 licet
942 3767 1160 3837 difﬁnire
1212 3771 1379 3825 locum
1418 3789 1525 3827 esse
1566 3778 1853 3846 argumenti

274 3852 463 3908 sedem.
515 3856 898 3923 Argumentum
946 3871 1123 3916 autem
1174 3863 1433 3919 rationem
1454 3906 1468 3927 .
1496 3881 1615 3935 quae
1642 3870 1717 3923 rei
1747 3869 1848 3923 du-

275 3944 379 3997 bias
420 3943 581 4001 faciat
610 3947 790 4017 fidem,
819 3952 1039 4007 secundi
1084 3953 1205 4010 libri
1237 3957 1542 4025 explanatio
1570 3961 1851 4015 subsistat.

274 4031 493 4088 Tertius
538 4050 666 4091 vero
713 4050 873 4109 atque
916 4053 1137 4112 quartus
1187 4045 1566 4103 discretionem
1611 4049 1850 4105 locorum

274 4121 416 4179 inter
434 4138 494 4181 se
514 4141 810 4200 eorumque
835 4134 1076 4204 exempla
1098 4136 1497 4194 multiformiter
1520 4153 1852 4210 persequun-

275 4222 382 4272 tur.
418 4218 490 4273 Ita
522 4227 581 4275 ut
609 4223 797 4277 tertius
827 4223 1039 4292 quidem
1069 4225 1307 4283 Tulliana
1331 4229 1429 4284 sibi
1462 4228 1528 4283 de
1568 4230 1689 4299 jure
1721 4246 1844 4297 pro-

210 4288 231 4309 .
278 4320 441 4379 ponat
462 4316 725 4384 exempla.
760 4317 992 4381 Quartus
1018 4333 1146 4374 vero
1174 4321 1393 4375 eosdem
1424 4322 1570 4375 locos
1593 4337 1690 4391 per
1716 4322 1851 4378 alias

276 4415 465 4456 rursus
492 4404 864 4461 similitudines
889 4418 1153 4464 monstret
1174 4425 1239 4464 ex
1266 4409 1492 4481 Virgilio
1513 4421 1566 4468 et
1592 4412 1852 4469 Terentio

277 4493 473 4560 poetis,
502 4494 801 4551 oratoribus
825 4494 1083 4554 Cicerone
1110 4508 1165 4554 et
1192 4498 1392 4555 Catone
1413 4543 1427 4567 ,
1460 4514 1518 4557 ut
1546 4504 1685 4572 quod
1716 4518 1853 4573 prae-

276 4586 448 4654 ceptis
474 4585 793 4654 ostenditur,
816 4592 1076 4661 exemplis
1105 4594 1473 4664 multipliciter
1500 4597 1848 4665 collucescat,

280 4690 455 4746 neque
474 4678 541 4732 ab
571 4693 637 4734 eo
662 4680 780 4736 loco
808 4683 898 4752 qui
930 4693 1013 4739 est
1043 4686 1097 4739 in
1125 4663 1362 4756 Topicis,
1393 4688 1487 4744 sed
1511 4704 1575 4744 ex
1606 4690 1687 4744 his
1717 4663 1849 4746 locis
1877 4663 1933 4724 D

280 4770 337 4822 in
384 4771 573 4839 quibus
616 4785 927 4843 argumenta
966 4777 1168 4833 inclusa
1211 4790 1368 4846 sunt,
1419 4780 1681 4848 expositio
1731 4797 1854 4850 pro-

278 4875 466 4929 gressa
501 4878 623 4918 eum
665 4869 993 4925 transcendit
1022 4870 1197 4926 locum
1228 4873 1318 4942 qui
1349 4880 1449 4937 est,
1486 4872 1667 4927 Valeat
1694 4876 1855 4942 tequi-

281 4962 381 5019 tas,
400 4972 513 5023 qua:
538 4959 745 5025 paribus
764 4962 817 5014 in
842 4964 1010 5016 causis
1032 4965 1177 5031 paria
1198 4966 1323 5035 jura
1342 4964 1617 5020 desiderat.
1643 4966 1849 5033 Quanta

280 5061 409 5103 vero
456 5064 580 5118 pars
625 5052 830 5123 reliqua
878 5055 923 5108 si
979 5054 1300 5125 Topicorum
1350 5058 1516 5127 ipsius
1568 5059 1855 5115 voluminis

281 5140 589 5209 magnitudo
616 5143 969 5212 demonstrat,
1012 5161 1170 5212 quam
1202 5146 1529 5216 Victorinus,
1568 5165 1738 5218 neque
1765 5160 1851 5206 at-

281 5233 417 5301 tigit,
443 5250 617 5305 neque
636 5237 898 5307 attingere
919 5239 1197 5308 potuisset,
1225 5242 1295 5295 ita
1325 5250 1409 5297 est
1432 5242 1590 5299 rebus
1616 5246 1851 5301 minimis

281 5325 629 5396 immoratus,
680 5330 777 5385 nisi
823 5346 957 5400 Opus
1014 5334 1180 5388 multa
1236 5335 1491 5391 librorum
1554 5339 1853 5405 pluralitate

282 5416 629 5475 distenderet.
692 5423 797 5477 Nos
847 5439 985 5479 vero
1016 5434 1067 5479 et
1111 5425 1247 5480 hanc
1299 5412 1467 5495 ipsam
1517 5427 1849 5497 particulam,

281 5522 442 5576 quam
489 5510 789 5567 Victorinus
835 5515 1007 5583 attigit
1059 5516 1341 5587 diligenter
1394 5518 1481 5589 (ut
1534 5521 1851 5588 possumus)

282 5599 673 5668 aggrediamur,
705 5612 760 5657 et
798 5606 1003 5675 longius
1033 5609 1370 5678 expositione
1418 5611 1705 5678 progressi,
1735 5625 1852 5665 cum

282 5688 605 5758 Topicorum
650 5694 906 5751 di-liemus
936 5700 1038 5753 fine
1067 5702 1384 5756 consistere.
1434 5700 1608 5768 Quare
1642 5701 1764 5756 hinc
1790 5701 1857 5757 de

284 5791 391 5837 tota
422 5787 602 5853 operis
650 5792 1010 5856 propositione
1040 5794 1365 5848 conveniens
1396 5808 1667 5849 sumamus
1694 5808 1853 5848 cxor-

282 5873 453 5930 dium.
496 5878 602 5932 Sed
650 5889 931 5951 authuam
981 5884 1049 5939 de
1093 5885 1285 5956 topica:
1331 5883 1593 5941 facultatis
1650 5884 1861 5942 ratione

1965 2032 2158 2085 vitandi
2194 2032 2382 2087 laboris
2408 2037 2508 2087 mei
2534 2050 2710 2102 causa,
2740 2053 2896 2106 quam
2926 2040 3063 2109 quod
3094 2050 3181 2093 tua
3219 2042 3274 2094 id
3310 2044 3551 2098 interesse

1964 2121 2258 2191 arbitrarer,
2281 2124 2415 2177 velut
2460 2140 2543 2179 eos
2586 2141 2673 2193 per
2712 2136 2759 2180 te
2786 2129 2895 2196 ipse
2943 2131 3153 2199 legeres,
3176 2132 3254 2185 vel
3288 2142 3346 2186 ut
3386 2143 3549 2188 totam

1961 2214 2210 2268 rationem
2239 2231 2271 2267 a
2298 2216 2589 2269 doctissinto
2634 2218 2858 2287 quodam
2898 2219 3097 2274 rhetore
3122 2223 3395 2291 acciperes,
3426 2224 3571 2299 hor-_

1962 2314 2097 2358 tatus
2123 2320 2300 2360 essem.
2352 2304 2627 2376 Utrumque
2648 2317 2701 2361 ut
2730 2325 2794 2362 ex
2824 2318 2872 2363 te
2899 2311 3165 2366 audiebam
3198 2330 3250 2367 es
3276 2324 3539 2386 expertus,

1959 2396 2049 2449 sed
2091 2412 2121 2448 a
2170 2395 2314 2450 libris
2360 2407 2408 2450 te
2451 2398 2731 2452 obscuritas
2768 2400 2962 2468 rejecit.
3011 2400 3205 2457 Rhetor
3251 2414 3420 2459 autem
3454 2408 3546 2461 ille

1958 2502 2171 2556 magnus
2192 2488 2322 2553 lues,
2350 2496 2405 2539 ut
2428 2488 2627 2556 Opinor,
2655 2489 2973 2543 Aristotelica
2999 2507 3052 2545 se
3075 2493 3312 2562 ignorare
3329 2512 3541 2566 respon-

1958 2575 2052 2628 dit.
2089 2576 2239 2641 Quod
2267 2576 2472 2647 quidem
2511 2578 2716 2631 minime
2742 2596 2854 2632 sum
2897 2582 3179 2637 admiratus
3218 2584 3330 2638 eum
3373 2589 3543 2651 philo-

1956 2668 2175 2738 sOphum
2213 2670 2406 2722 rhetori
2435 2686 2535 2723 non
2562 2686 2669 2724 esse
2704 2672 2985 2741 cognitum,
3010 2675 3102 2744 qui
3130 2678 3193 2728 ab
3220 2677 3345 2747 ipsis
3373 2678 3566 2761 ρὴἱιοη

1955 2758 2129 2830 saphis
2170 2769 2354 2830 pra'ter
2390 2760 2666 2816 admodum
2698 2779 2887 2829 paucos
2933 2765 3212 2836 ignoretur.
3261 2766 3452 2831 Quibus
3481 2786 3541 2824 eo

1958 2850 2125 2904 minus
2148 2850 2509 2921 ignoscendum
2539 2862 2630 2919 est,
2654 2855 2788 2924 quod
2819 2872 2920 2908 non
2951 2857 3105 2909 modo
3134 2859 3281 2912 rebus
3305 2858 3405 2921 his,
3424 2877 3542 2931 qua

1955 2943 2015 2993 ab
2042 2942 2135 2995 illa
2172 2942 2321 2996 dicta:
2342 2953 2390 2997 et
2419 2944 2633 2999 inventa
2669 2954 2807 3013 sunt,
2842 2946 2981 3000 allici
3006 2949 3303 3014 debuerunt,
3335 2952 3424 3005 sed
3452 2952 3570 3011 di-Z

1953 3033 2100 3086 cendi
2129 3050 2322 3103 quoque
2348 3035 2634 3091 incredibili
2659 3046 2885 3108 quadam
2909 3056 3025 3093 cum
3046 3043 3214 3110 copia,
3242 3053 3349 3097 tum
3376 3045 3537 3099 etiam
3562 3110 3565 3111 ν

1951 3126 2216 3179 suavitate.
2263 3125 2388 3180 Non
2418 3129 2563 3197 potui
2590 3128 2748 3199 igitur
2777 3130 2868 3183 tibi
2906 3132 3093 3198 stepius
3119 3133 3212 3187 hoc
3237 3137 3459 3204 roganti,
3487 3147 3539 3191 et

1952 3225 2118 3269 tamen
2145 3218 2331 3271 verenti
2359 3234 2422 3272 ne
2446 3218 2568 3271 mihi
2609 3220 2779 3290 gravis
2804 3236 2937 3275 esses
2965 3219 3140 3291 (facile
3182 3224 3314 3276 enim
3344 3224 3397 3276 id
3424 3241 3534 3278 cer-

1956 3309 2181 3379 nebam),
2214 3310 2393 3364 debere
2438 3312 2665 3374 diutius,
2696 3327 2758 3365 ne
2801 3313 2899 3381 ipsi
2932 3314 3073 3383 juris
3119 3314 3379 3384 interpreti
3422 3317 3537 3385 fieri

1954 3401 2208 3454 videretur
2244 3402 2461 3472 injuria.
2503 3394 2704 3455 Etenim
2749 3419 2863 3456 cum
2890 3413 2945 3457 tu
2973 3403 3098 3456 mihi
3125 3407 3348 3475 meisque
3371 3410 3539 3461 multa

1954 3509 2088 3561 stepe
2113 3493 2349 3558 cavisses,
2374 3494 2563 3548 veritus
2594 3511 2725 3561 sum,
2758 3512 2819 3549 ne
2841 3496 2887 3548 si
2926 3511 3017 3567 ego
3045 3512 3305 3567 gravarer,
3336 3508 3425 3551 aut
3454 3500 3534 3553 in-

1955 3592 2160 3654 gratum
2193 3584 2248 3637 id
2285 3594 2376 3638 aut
2419 3585 2689 3655 superbum
2716 3585 2988 3639 videretur.
3035 3586 3139 3641 Sed
3179 3588 3299 3640 dum
3338 3590 3567 3661 fuimus,

1954 3693 2078 3743 una,
2105 3688 2160 3731 tu
2199 3679 2421 3747 optimus
2459 3695 2511 3732 es
2550 3680 2689 3732 testis
2719 3694 2870 3747 quam
2909 3680 3093 3748 fuerim
3132 3664 3435 3749 occupatus:
3468 3683 3539 3737 Ut

1955 3777 2125 3822 autem
2146 3786 2178 3823 a
2208 3778 2255 3825 te
2283 3771 2489 3824 discessi
2510 3772 2561 3824 in
2591 3768 2842 3825 Grtrciam
2866 3772 3210 3840 proficiscens,
3237 3791 3351 3828 cum
3381 3792 3535 3845 opera

1954 3881 2066 3918 mea
2106 3881 2198 3918 nec
2232 3866 2536 3935 respublica,
2568 3883 2658 3919 nec
2709 3867 2862 3919 amici
2900 3874 3180 3932 uterentur,
3207 3883 3299 3919 nec
3329 3867 3536 3921 honeste
3562 3860 3567 3867 ’

1953 3958 2085 4010 inter
2113 3974 2255 4010 arma
2293 3959 2483 4010 versari
2511 3972 2733 4027 possem,
2766 3973 2826 4009 ne
2867 3957 2912 4008 si
2952 3965 3060 4009 tuta
3089 3956 3145 4009 id
3181 3958 3384 4026 quidem
3409 3959 3536 4011 mihi

1956 4049 2148 4110 liceret,
2177 4057 2233 4100 ut
2262 4048 2373 4099 veni
2411 4046 2605 4099 Veliam
2634 4056 2875 4114 tanquam
2902 4054 2951 4098 et
2982 4055 3096 4099 tuos
3133 4046 3267 4105 vidi,
3297 4048 3535 4099 admoni-

1954 4145 2034 4190 tus
2078 4136 2233 4204 hujns
2272 4136 2389 4189 teris
2433 4135 2608 4200 alieni,
2639 4135 2779 4187 nolui
2825 4136 2994 4188 deesse
3022 4151 3082 4188 ne
3123 4136 3293 4190 tacitas
3329 4138 3534 4205 quidem

1955 4227 2262 4297 ﬂagitationi
2291 4236 2407 4279 tute.
2456 4224 2640 4295 Itaque
2685 4226 2811 4290 lucc,
2846 4240 2961 4277 cum
3006 4241 3201 4278 ntecum
3245 4227 3401 4279 libros
3426 4243 3533 4281 non

1955 4318 2212 4382 haberem,
2243 4321 2487 4370 memoria
2516 4318 2727 4385 repetita
2755 4319 2809 4370 in
2828 4318 2939 4387 ipsa
2968 4318 3288 4389 navigatione
3310 4320 3535 4371 conscri-

1956 4409 2056 4479 psi,
2088 4408 2276 4477 tibique
2303 4424 2364 4460 επ
2391 4408 2568 4460 itinere
2610 4409 2754 4473 misi,
2784 4418 2836 4459 ut
2875 4425 2987 4462 mea
3033 4408 3296 4478 diligentia
3328 4410 3535 4463 manda-
3564 4408 3567 4413 ’

1958 4512 2122 4555 torum
2170 4512 2392 4568 tuorum,
2418 4510 2462 4555 te
2504 4518 2719 4570 quoque,
2748 4510 2794 4555 et
2842 4503 2887 4554 si
2924 4503 3242 4556 admonitore
3266 4521 3367 4556 non
3394 4520 3452 4572 eg
3484 4520 3530 4564 s,

1957 4594 2026 4646 ad
2072 4594 2366 4647 memoriam
2407 4601 2698 4647 nostrarum
2745 4610 2913 4646 rerum
2955 4594 3246 4649 excitarem.
3290 4596 3397 4650 Sed
3419 4599 3533 4665 jam

1956 4697 2150 4753 tempus
2172 4697 2244 4741 est
2267 4687 2333 4739 ad
2361 4686 2414 4738 id
2455 4688 2590 4754 quod
2620 4687 2932 4740 instituimus
2958 4689 3211 4742 accedere.

2025 4778 2198 4833 Omne
2227 4778 2566 4847 prooemium,
2592 4777 2731 4845 quod
2755 4778 2819 4829 ad
2852 4778 3276 4846 componendum
3307 4779 3535 4835 intendit

1956 4870 2273 4933 auditorem,
2305 4877 2361 4922 ιιι
2402 4870 2453 4923 in
2508 4868 2793 4922 rhetoricis
2817 4868 3059 4936 discitur,
3087 4878 3175 4923 aut
3209 4871 3533 4925 benevolen-

1956 4962 2083 5017 tiam
2122 4971 2317 5031 captat,
2363 4972 2451 5013 aut
2499 4960 2847 5014 attentionem
2898 4972 3178 5031 przrparat,
3233 4971 3323 5016 aut
3368 4964 3533 5018 efficit

1960 5053 2284 5108 docilitatem
2314 5071 2325 5105 :
2352 5051 2436 5106 liis
2464 5051 2634 5106 tribus
2679 5051 2916 5117 partibus
2964 5052 3064 5106 sibi
3103 5053 3289 5108 Cicero
3330 5054 3536 5109 Treba-

1959 5146 2089 5199 tium
2132 5143 2347 5197 format.
2393 5142 2523 5196 Nam
2570 5142 2711 5212 quod
2752 5157 2809 5195 se
2836 5155 2863 5195 a
2897 5157 3203 5213 magnarum
3237 5160 3411 5199 rerum
3444 5149 3534 5199 in-

1957 5238 2240 5291 choatione
2282 5248 2585 5290 revocatum
2628 5238 2692 5290 ad
2722 5237 2880 5289 amici
2921 5239 3142 5293 contulit
3180 5240 3529 5305 voluntatem,

1956 5328 2194 5382 favorem
2227 5326 2461 5381 Trebatii
2502 5328 2647 5380 velut
2693 5327 2905 5394 jndicis,
2940 5327 3326 5381 benevolentia:
3368 5332 3532 5397 parti-

1957 5420 2055 5476 bus
2087 5429 2342 5474 meretur.
2371 5418 2595 5487 Majores
2617 5429 2792 5471 autem
2814 5433 2902 5471 res
2928 5428 3072 5481 sunt,
3095 5432 3124 5469 a
3147 5432 3370 5486 quarum
3397 5421 3533 5473 scri-

1957 5514 2140 5582 ptione
2160 5511 2225 5565 ad
2248 5511 2402 5565 amici
2444 5510 2674 5564 studium
2719 5522 2902 5563 versus
2937 5520 3039 5573 est,
3060 5510 3277 5563 moralis
3303 5509 3536 5578 philoso-

1963 5604 2100 5672 phia:
2148 5609 2421 5656 tractatus.
2482 5598 2645 5667 Major
2683 5607 2764 5651 est
2800 5600 2941 5652 enim
2974 5613 3178 5652 morum
3210 5600 3345 5653 ratio
3372 5615 3530 5668 quam

1960 5694 2151 5763 peritia
2170 5691 2489 5749 disserendi.
2516 5690 2568 5744 Id
2592 5696 2768 5742 autem
2792 5697 2999 5756 tempus
3024 5690 3185 5743 fuisse
3196 5690 3538 5759 conjicimus,

1961 5802 2067 5856 quo
2092 5795 2309 5858 propter
2339 5782 2638 5836 turbulenta
2670 5779 2971 5847 reipublica:
3010 5791 3251 5849 tempora
3280 5782 3331 5834 in
3362 5782 3530 5837 otium

1962 5899 2023 5941 se
2049 5882 2310 5949 contulit,
2339 5888 2496 5949 atque
2537 5874 2602 5931 sd
2649 5874 3003 5947 pliilosOphiaa
3048 5872 3376 5945 disciplinas.
3423 5875 3531 5931 Sed
