  <div class='ocr_page' id='page_1' title='image "/cluster/home/n/w/nwhite01/storage/ocr_20150623/64/hvd.32044073505265/527.png"; bbox 0 0 4248 6272; ppageno 0'>
   <div class='ocr_carea' id='block_1_1' title="bbox 689 468 830 531">
    <p class='ocr_par' dir='ltr' id='par_1_1' title="bbox 689 468 830 531">
     <span class='ocr_line' id='line_1_1' title="bbox 689 468 830 531; baseline -0.014 0"><span class='ocrx_word' id='word_1_1' title='bbox 689 468 830 531; x_wconf 70' lang='grc' dir='ltr'>ιοιδ</span> 
     </span>
    </p>
   </div>
   <div class='ocr_carea' id='block_1_2' title="bbox 1984 452 2802 541">
    <p class='ocr_par' dir='ltr' id='par_1_2' title="bbox 1984 452 2802 541">
     <span class='ocr_line' id='line_1_2' title="bbox 1984 452 2802 541; baseline -0.004 -23"><span class='ocrx_word' id='word_1_2' title='bbox 1984 463 2094 518; x_wconf 71' lang='grc' dir='ltr'><strong>ΑΝ.</strong></span> <span class='ocrx_word' id='word_1_3' title='bbox 2135 455 2342 516; x_wconf 78' lang='lat' dir='ltr'><strong>MANL.</strong></span> <span class='ocrx_word' id='word_1_4' title='bbox 2383 456 2541 541; x_wconf 75' lang='lat' dir='ltr'><strong>sev.</strong></span> <span class='ocrx_word' id='word_1_5' title='bbox 2578 452 2802 516; x_wconf 70' lang='lat' dir='ltr'><strong>nomn</strong></span> 
     </span>
    </p>
   </div>
   <div class='ocr_carea' id='block_1_3' title="bbox 3826 455 3970 511">
    <p class='ocr_par' dir='ltr' id='par_1_3' title="bbox 3826 455 3970 511">
     <span class='ocr_line' id='line_1_3' title="bbox 3826 455 3970 511; baseline 0 -1"><span class='ocrx_word' id='word_1_6' title='bbox 3826 455 3970 511; x_wconf 65' lang='grc'><strong>1064</strong></span> 
     </span>
    </p>
   </div>
   <div class='ocr_carea' id='block_1_4' title="bbox 689 570 3969 663">
    <p class='ocr_par' dir='ltr' id='par_1_4' title="bbox 689 570 3969 663">
     <span class='ocr_line' id='line_1_4' title="bbox 689 570 3969 663; baseline -0.007 -18"><span class='ocrx_word' id='word_1_7' title='bbox 689 593 812 663; x_wconf 72' lang='lat' dir='ltr'><strong>quia</strong></span> <span class='ocrx_word' id='word_1_8' title='bbox 842 588 993 643; x_wconf 86' lang='lat' dir='ltr'><strong>nobis</strong></span> <span class='ocrx_word' id='word_1_9' title='bbox 1027 586 1359 643; x_wconf 87' lang='lat' dir='ltr'><strong>audientium</strong></span> <span class='ocrx_word' id='word_1_10' title='bbox 1387 593 1598 643; x_wconf 77' lang='lat' dir='ltr'><strong>mentes</strong></span> <span class='ocrx_word' id='word_1_11' title='bbox 1637 585 1885 641; x_wconf 72' lang='lat' dir='ltr'><strong>veritatis</strong></span> <span class='ocrx_word' id='word_1_12' title='bbox 1924 599 2141 654; x_wconf 90' lang='lat' dir='ltr'><strong>quoque</strong></span> <span class='ocrx_word' id='word_1_13' title='bbox 2166 584 2280 652; x_wconf 88' lang='lat' dir='ltr'><strong>opi-</strong></span> <span class='ocrx_word' id='word_1_14' title='bbox 2309 574 2364 639; x_wconf 73' lang='grc' dir='ltr'>Α</span> <span class='ocrx_word' id='word_1_15' title='bbox 2386 580 2719 647; x_wconf 74' lang='lat' dir='ltr'><strong>exsequitur,</strong></span> <span class='ocrx_word' id='word_1_16' title='bbox 2745 580 2797 634; x_wconf 90' lang='lat' dir='ltr'><strong>id</strong></span> <span class='ocrx_word' id='word_1_17' title='bbox 2831 592 2960 636; x_wconf 86' lang='lat' dir='ltr'><strong>vero</strong></span> <span class='ocrx_word' id='word_1_18' title='bbox 2980 589 3068 636; x_wconf 88' lang='lat' dir='ltr'><strong>est</strong></span> <span class='ocrx_word' id='word_1_19' title='bbox 3094 578 3236 649; x_wconf 81' lang='lat' dir='ltr'><strong>quod</strong></span> <span class='ocrx_word' id='word_1_20' title='bbox 3262 576 3346 632; x_wconf 89' lang='lat' dir='ltr'><strong>vel</strong></span> <span class='ocrx_word' id='word_1_21' title='bbox 3370 574 3468 645; x_wconf 85' lang='lat' dir='ltr'><strong>ipsi</strong></span> <span class='ocrx_word' id='word_1_22' title='bbox 3494 573 3577 629; x_wconf 85' lang='lat' dir='ltr'><strong>vel</strong></span> <span class='ocrx_word' id='word_1_23' title='bbox 3599 572 3666 629; x_wconf 87' lang='lat' dir='ltr'><strong>iis</strong></span> <span class='ocrx_word' id='word_1_24' title='bbox 3691 584 3823 642; x_wconf 88' lang='lat' dir='ltr'><strong>quos</strong></span> <span class='ocrx_word' id='word_1_25' title='bbox 3850 570 3969 640; x_wconf 81' lang='lat' dir='ltr'><strong>ipso</strong></span> 
     </span>
    </p>
   </div>
   <div class='ocr_carea' id='block_1_5' title="bbox 634 676 2279 753">
    <p class='ocr_par' dir='ltr' id='par_1_5' title="bbox 634 676 2279 753">
     <span class='ocr_line' id='line_1_5' title="bbox 634 676 2279 753; baseline -0.004 -18"><span class='ocrx_word' id='word_1_26' title='bbox 634 748 635 753; x_wconf 20' lang='grc' dir='ltr'><strong>η</strong></span> <span class='ocrx_word' id='word_1_27' title='bbox 687 680 781 736; x_wconf 86' lang='lat' dir='ltr'><strong>nio</strong></span> <span class='ocrx_word' id='word_1_28' title='bbox 827 689 1157 750; x_wconf 72' lang='lat' dir='ltr'><strong>praesumpta</strong></span> <span class='ocrx_word' id='word_1_29' title='bbox 1186 678 1469 743; x_wconf 90' lang='lat' dir='ltr'><strong>conciliat,</strong></span> <span class='ocrx_word' id='word_1_30' title='bbox 1504 678 1557 733; x_wconf 91' lang='lat' dir='ltr'><strong>in</strong></span> <span class='ocrx_word' id='word_1_31' title='bbox 1602 692 1668 735; x_wconf 83' lang='lat' dir='ltr'><strong>eo</strong></span> <span class='ocrx_word' id='word_1_32' title='bbox 1710 678 1869 732; x_wconf 90' lang='lat' dir='ltr'><strong>etiam</strong></span> <span class='ocrx_word' id='word_1_33' title='bbox 1914 676 2279 746; x_wconf 59' lang='lat' dir='ltr'><strong>praeparanda</strong></span> 
     </span>
    </p>
   </div>
   <div class='ocr_carea' id='block_1_6' title="bbox 620 771 2279 848">
    <p class='ocr_par' dir='ltr' id='par_1_6' title="bbox 620 771 2279 848">
     <span class='ocr_line' id='line_1_6' title="bbox 620 771 2279 848; baseline -0.003 -21"><span class='ocrx_word' id='word_1_34' title='bbox 620 822 629 848; x_wconf 38' lang='grc' dir='ltr'>π</span> <span class='ocrx_word' id='word_1_35' title='bbox 687 771 1076 829; x_wconf 62' lang='lat' dir='ltr'><strong>benevolentiae</strong></span> <span class='ocrx_word' id='word_1_36' title='bbox 1104 774 1345 843; x_wconf 89' lang='lat' dir='ltr'><strong>partibus</strong></span> <span class='ocrx_word' id='word_1_37' title='bbox 1368 775 1554 827; x_wconf 91' lang='lat' dir='ltr'><strong>utitur.</strong></span> <span class='ocrx_word' id='word_1_38' title='bbox 1583 771 1735 841; x_wconf 87' lang='lat' dir='ltr'><strong>Quod</strong></span> <span class='ocrx_word' id='word_1_39' title='bbox 1766 772 1817 825; x_wconf 90' lang='lat' dir='ltr'><strong>in</strong></span> <span class='ocrx_word' id='word_1_40' title='bbox 1849 784 2279 826; x_wconf 78' lang='lat' dir='ltr'><strong>commemoran-</strong></span> 
     </span>
    </p>
   </div>
   <div class='ocr_carea' id='block_1_7' title="bbox 690 861 2281 935">
    <p class='ocr_par' dir='ltr' id='par_1_7' title="bbox 690 861 2281 935">
     <span class='ocr_line' id='line_1_7' title="bbox 690 861 2281 935; baseline -0.003 -15"><span class='ocrx_word' id='word_1_41' title='bbox 690 865 775 920; x_wconf 88' lang='lat' dir='ltr'><strong>dis</strong></span> <span class='ocrx_word' id='word_1_42' title='bbox 826 866 1092 922; x_wconf 79' lang='lat' dir='ltr'><strong>veraciter</strong></span> <span class='ocrx_word' id='word_1_43' title='bbox 1144 867 1208 921; x_wconf 90' lang='lat' dir='ltr'><strong>iis</strong></span> <span class='ocrx_word' id='word_1_44' title='bbox 1251 881 1369 935; x_wconf 75' lang='lat' dir='ltr'><strong>qua:</strong></span> <span class='ocrx_word' id='word_1_45' title='bbox 1414 864 1701 921; x_wconf 83' lang='lat' dir='ltr'><strong>Trebatius</strong></span> <span class='ocrx_word' id='word_1_46' title='bbox 1749 871 1992 927; x_wconf 86' lang='lat' dir='ltr'><strong>noverat,</strong></span> <span class='ocrx_word' id='word_1_47' title='bbox 2022 862 2147 917; x_wconf 80' lang='lat' dir='ltr'><strong>facit</strong></span> <span class='ocrx_word' id='word_1_48' title='bbox 2175 861 2281 916; x_wconf 84' lang='lat' dir='ltr'><strong>illis</strong></span> 
     </span>
    </p>
   </div>
   <div class='ocr_carea' id='block_1_8' title="bbox 691 959 2282 1034">
    <p class='ocr_par' dir='ltr' id='par_1_8' title="bbox 691 959 2282 1034">
     <span class='ocr_line' id='line_1_8' title="bbox 691 959 2282 1034; baseline -0.004 -17"><span class='ocrx_word' id='word_1_49' title='bbox 691 963 854 1018; x_wconf 79' lang='lat' dir='ltr'><strong>ﬁdem</strong></span> <span class='ocrx_word' id='word_1_50' title='bbox 926 978 1047 1033; x_wconf 73' lang='lat' dir='ltr'><strong>qua:</strong></span> <span class='ocrx_word' id='word_1_51' title='bbox 1121 963 1390 1034; x_wconf 87' lang='lat' dir='ltr'><strong>posterius</strong></span> <span class='ocrx_word' id='word_1_52' title='bbox 1468 961 1688 1017; x_wconf 84' lang='lat' dir='ltr'><strong>evenire</strong></span> <span class='ocrx_word' id='word_1_53' title='bbox 1759 970 1815 1016; x_wconf 90' lang='lat' dir='ltr'><strong>et</strong></span> <span class='ocrx_word' id='word_1_54' title='bbox 1873 959 2125 1015; x_wconf 82' lang='lat' dir='ltr'><strong>Trebatio</strong></span> <span class='ocrx_word' id='word_1_55' title='bbox 2185 973 2282 1027; x_wconf 88' lang='lat' dir='ltr'><strong>po-</strong></span> 
     </span>
    </p>
   </div>
   <div class='ocr_carea' id='block_1_9' title="bbox 690 1048 2282 1126">
    <p class='ocr_par' dir='ltr' id='par_1_9' title="bbox 690 1048 2282 1126">
     <span class='ocr_line' id='line_1_9' title="bbox 690 1048 2282 1126; baseline -0.004 -17"><span class='ocrx_word' id='word_1_56' title='bbox 690 1064 913 1111; x_wconf 86' lang='lat' dir='ltr'><strong>tuerunt</strong></span> <span class='ocrx_word' id='word_1_57' title='bbox 984 1071 1105 1111; x_wconf 91' lang='lat' dir='ltr'><strong>esse</strong></span> <span class='ocrx_word' id='word_1_58' title='bbox 1174 1056 1371 1126; x_wconf 89' lang='lat' dir='ltr'><strong>ignota.</strong></span> <span class='ocrx_word' id='word_1_59' title='bbox 1431 1053 1555 1108; x_wconf 66' lang='lat' dir='ltr'><strong>Haec</strong></span> <span class='ocrx_word' id='word_1_60' title='bbox 1600 1061 1777 1107; x_wconf 90' lang='lat' dir='ltr'><strong>autem</strong></span> <span class='ocrx_word' id='word_1_61' title='bbox 1824 1061 1986 1117; x_wconf 87' lang='lat' dir='ltr'><strong>sunt,</strong></span> <span class='ocrx_word' id='word_1_62' title='bbox 2036 1050 2177 1117; x_wconf 90' lang='lat' dir='ltr'><strong>quod</strong></span> <span class='ocrx_word' id='word_1_63' title='bbox 2229 1048 2282 1103; x_wconf 91' lang='lat' dir='ltr'><strong>in</strong></span> 
     </span>
    </p>
   </div>
   <div class='ocr_carea' id='block_1_10' title="bbox 652 1144 2286 1216">
    <p class='ocr_par' dir='ltr' id='par_1_10' title="bbox 652 1144 2286 1216">
     <span class='ocr_line' id='line_1_10' title="bbox 652 1144 2286 1216; baseline -0.004 -13"><span class='ocrx_word' id='word_1_64' title='bbox 652 1149 1001 1205; x_wconf 27' lang='lat' dir='ltr'><strong>.Tusculano</strong></span> <span class='ocrx_word' id='word_1_65' title='bbox 1057 1149 1123 1204; x_wconf 89' lang='lat' dir='ltr'><strong>ad</strong></span> <span class='ocrx_word' id='word_1_66' title='bbox 1169 1165 1324 1204; x_wconf 88' lang='lat' dir='ltr'><strong>suum</strong></span> <span class='ocrx_word' id='word_1_67' title='bbox 1378 1148 1609 1203; x_wconf 87' lang='lat' dir='ltr'><strong>studium</strong></span> <span class='ocrx_word' id='word_1_68' title='bbox 1670 1156 1896 1216; x_wconf 86' lang='lat' dir='ltr'><strong>uterque</strong></span> <span class='ocrx_word' id='word_1_69' title='bbox 1950 1145 2113 1199; x_wconf 88' lang='lat' dir='ltr'><strong>libros</strong></span> <span class='ocrx_word' id='word_1_70' title='bbox 2142 1144 2286 1197; x_wconf 88' lang='lat' dir='ltr'><strong>evol-</strong></span> 
     </span>
    </p>
   </div>
   <div class='ocr_carea' id='block_1_11' title="bbox 692 1239 2288 1314">
    <p class='ocr_par' dir='ltr' id='par_1_11' title="bbox 692 1239 2288 1314">
     <span class='ocr_line' id='line_1_11' title="bbox 692 1239 2288 1314; baseline -0.001 -17"><span class='ocrx_word' id='word_1_71' title='bbox 692 1245 852 1297; x_wconf 83' lang='lat' dir='ltr'><strong>verit.</strong></span> <span class='ocrx_word' id='word_1_72' title='bbox 925 1243 1183 1314; x_wconf 86' lang='lat' dir='ltr'><strong>Quodque</strong></span> <span class='ocrx_word' id='word_1_73' title='bbox 1244 1243 1527 1299; x_wconf 82' lang='lat' dir='ltr'><strong>Trebatius</strong></span> <span class='ocrx_word' id='word_1_74' title='bbox 1574 1258 1701 1299; x_wconf 87' lang='lat' dir='ltr'><strong>casu</strong></span> <span class='ocrx_word' id='word_1_75' title='bbox 1734 1244 1800 1297; x_wconf 45' lang='lat' dir='ltr'><strong>\in</strong></span> <span class='ocrx_word' id='word_1_76' title='bbox 1850 1240 2158 1297; x_wconf 83' lang='lat' dir='ltr'><strong>Aristotelis</strong></span> <span class='ocrx_word' id='word_1_77' title='bbox 2189 1239 2288 1295; x_wconf 83' lang='grc' dir='ltr'><strong>Το-</strong></span> 
     </span>
    </p>
   </div>
   <div class='ocr_carea' id='block_1_12' title="bbox 694 1331 2285 1404">
    <p class='ocr_par' dir='ltr' id='par_1_12' title="bbox 694 1331 2285 1404">
     <span class='ocr_line' id='line_1_12' title="bbox 694 1331 2285 1404; baseline -0.002 -17"><span class='ocrx_word' id='word_1_78' title='bbox 694 1335 813 1401; x_wconf 80' lang='lat' dir='ltr'><strong>pica</strong></span> <span class='ocrx_word' id='word_1_79' title='bbox 844 1334 1111 1400; x_wconf 87' lang='lat' dir='ltr'><strong>inciderit,</strong></span> <span class='ocrx_word' id='word_1_80' title='bbox 1139 1333 1358 1404; x_wconf 84' lang='lat' dir='ltr'><strong>etquod</strong></span> <span class='ocrx_word' id='word_1_81' title='bbox 1404 1334 1615 1388; x_wconf 87' lang='lat' dir='ltr'><strong>titulum</strong></span> <span class='ocrx_word' id='word_1_82' title='bbox 1664 1333 1845 1402; x_wconf 92' lang='lat' dir='ltr'><strong>operis</strong></span> <span class='ocrx_word' id='word_1_83' title='bbox 1893 1331 2207 1396; x_wconf 85' lang='lat' dir='ltr'><strong>admiratus,</strong></span> <span class='ocrx_word' id='word_1_84' title='bbox 2256 1345 2285 1384; x_wconf 91' lang='lat' dir='ltr'><strong>a</strong></span> 
     </span>
    </p>
   </div>
   <div class='ocr_carea' id='block_1_13' title="bbox 694 1420 2286 1494">
    <p class='ocr_par' dir='ltr' id='par_1_13' title="bbox 694 1420 2286 1494">
     <span class='ocr_line' id='line_1_13' title="bbox 694 1420 2286 1494; baseline -0.004 -15"><span class='ocrx_word' id='word_1_85' title='bbox 694 1422 767 1479; x_wconf 71' lang='grc' dir='ltr'><strong>Μ.</strong></span> <span class='ocrx_word' id='word_1_86' title='bbox 800 1423 976 1477; x_wconf 80' lang='lat' dir='ltr'><strong>Tullio</strong></span> <span class='ocrx_word' id='word_1_87' title='bbox 1016 1424 1379 1492; x_wconf 82' lang='lat' dir='ltr'><strong>inscriptionis</strong></span> <span class='ocrx_word' id='word_1_88' title='bbox 1409 1425 1727 1480; x_wconf 90' lang='lat' dir='ltr'><strong>sententiam</strong></span> <span class='ocrx_word' id='word_1_89' title='bbox 1750 1422 2115 1494; x_wconf 89' lang='lat' dir='ltr'><strong>perquisierit.</strong></span> <span class='ocrx_word' id='word_1_90' title='bbox 2152 1420 2286 1475; x_wconf 87' lang='lat' dir='ltr'><strong>Illud</strong></span> 
     </span>
    </p>
   </div>
   <div class='ocr_carea' id='block_1_14' title="bbox 694 1512 2290 1586">
    <p class='ocr_par' dir='ltr' id='par_1_14' title="bbox 694 1512 2290 1586">
     <span class='ocr_line' id='line_1_14' title="bbox 694 1512 2290 1586; baseline -0.003 -16"><span class='ocrx_word' id='word_1_91' title='bbox 694 1514 857 1570; x_wconf 85' lang='lat' dir='ltr'><strong>etiam</strong></span> <span class='ocrx_word' id='word_1_92' title='bbox 886 1514 1026 1585; x_wconf 89' lang='lat' dir='ltr'><strong>quod</strong></span> <span class='ocrx_word' id='word_1_93' title='bbox 1053 1516 1315 1571; x_wconf 87' lang='lat' dir='ltr'><strong>eiCicero</strong></span> <span class='ocrx_word' id='word_1_94' title='bbox 1345 1532 1403 1571; x_wconf 89' lang='lat' dir='ltr'><strong>se</strong></span> <span class='ocrx_word' id='word_1_95' title='bbox 1434 1515 1749 1586; x_wconf 87' lang='lat' dir='ltr'><strong>exposuisse</strong></span> <span class='ocrx_word' id='word_1_96' title='bbox 1771 1522 2175 1578; x_wconf 88' lang='lat' dir='ltr'><strong>commemorat,</strong></span> <span class='ocrx_word' id='word_1_97' title='bbox 2208 1512 2290 1566; x_wconf 86' lang='lat' dir='ltr'><strong>in-</strong></span> 
     </span>
    </p>
   </div>
   <div class='ocr_carea' id='block_1_15' title="bbox 694 1604 2284 1677">
    <p class='ocr_par' dir='ltr' id='par_1_15' title="bbox 694 1604 2284 1677">
     <span class='ocr_line' id='line_1_15' title="bbox 694 1604 2284 1677; baseline -0.002 -17"><span class='ocrx_word' id='word_1_98' title='bbox 694 1604 1082 1662; x_wconf 75' lang='lat' dir='ltr'><strong>veniendorum</strong></span> <span class='ocrx_word' id='word_1_99' title='bbox 1143 1621 1575 1677; x_wconf 87' lang='lat' dir='ltr'><strong>argumentorum</strong></span> <span class='ocrx_word' id='word_1_100' title='bbox 1633 1607 1739 1663; x_wconf 89' lang='lat' dir='ltr'><strong>illis</strong></span> <span class='ocrx_word' id='word_1_101' title='bbox 1798 1606 1951 1661; x_wconf 87' lang='lat' dir='ltr'><strong>libris</strong></span> <span class='ocrx_word' id='word_1_102' title='bbox 2006 1606 2284 1660; x_wconf 84' lang='lat' dir='ltr'><strong>scientiam</strong></span> 
     </span>
    </p>
   </div>
   <div class='ocr_carea' id='block_1_16' title="bbox 694 1695 2277 1768">
    <p class='ocr_par' dir='ltr' id='par_1_16' title="bbox 694 1695 2277 1768">
     <span class='ocr_line' id='line_1_16' title="bbox 694 1695 2277 1768; baseline -0.001 -17"><span class='ocrx_word' id='word_1_103' title='bbox 694 1695 982 1762; x_wconf 89' lang='lat' dir='ltr'><strong>contineri,</strong></span> <span class='ocrx_word' id='word_1_104' title='bbox 1011 1705 1068 1751; x_wconf 91' lang='lat' dir='ltr'><strong>ut</strong></span> <span class='ocrx_word' id='word_1_105' title='bbox 1104 1696 1220 1752; x_wconf 88' lang='lat' dir='ltr'><strong>sine</strong></span> <span class='ocrx_word' id='word_1_106' title='bbox 1260 1698 1369 1750; x_wconf 89' lang='lat' dir='ltr'><strong>ullo</strong></span> <span class='ocrx_word' id='word_1_107' title='bbox 1412 1712 1595 1752; x_wconf 86' lang='lat' dir='ltr'><strong>errore</strong></span> <span class='ocrx_word' id='word_1_108' title='bbox 1628 1698 1692 1751; x_wconf 86' lang='lat' dir='ltr'><strong>ad</strong></span> <span class='ocrx_word' id='word_1_109' title='bbox 1725 1704 2164 1768; x_wconf 84' lang='lat' dir='ltr'><strong>argumentorum</strong></span> <span class='ocrx_word' id='word_1_110' title='bbox 2197 1695 2277 1749; x_wconf 90' lang='lat' dir='ltr'><strong>in-</strong></span> 
     </span>
    </p>
   </div>
   <div class='ocr_carea' id='block_1_17' title="bbox 692 1787 2287 1859">
    <p class='ocr_par' dir='ltr' id='par_1_17' title="bbox 692 1787 2287 1859">
     <span class='ocr_line' id='line_1_17' title="bbox 692 1787 2287 1859; baseline -0.002 -16"><span class='ocrx_word' id='word_1_111' title='bbox 692 1788 1003 1844; x_wconf 79' lang='lat' dir='ltr'><strong>ventionem</strong></span> <span class='ocrx_word' id='word_1_112' title='bbox 1042 1790 1123 1843; x_wconf 93' lang='lat' dir='ltr'><strong>via</strong></span> <span class='ocrx_word' id='word_1_113' title='bbox 1165 1789 1392 1859; x_wconf 88' lang='lat' dir='ltr'><strong>quadam</strong></span> <span class='ocrx_word' id='word_1_114' title='bbox 1440 1800 1491 1844; x_wconf 91' lang='lat' dir='ltr'><strong>et</strong></span> <span class='ocrx_word' id='word_1_115' title='bbox 1538 1798 1685 1843; x_wconf 88' lang='lat' dir='ltr'><strong>recto</strong></span> <span class='ocrx_word' id='word_1_116' title='bbox 1726 1788 1815 1842; x_wconf 93' lang='lat' dir='ltr'><strong>ﬁlo</strong></span> <span class='ocrx_word' id='word_1_117' title='bbox 1860 1799 2020 1857; x_wconf 89' lang='lat' dir='ltr'><strong>atque</strong></span> <span class='ocrx_word' id='word_1_118' title='bbox 2060 1787 2287 1843; x_wconf 90' lang='lat' dir='ltr'><strong>artiﬁcio</strong></span> 
     </span>
    </p>
   </div>
   <div class='ocr_carea' id='block_1_18' title="bbox 692 1880 2288 1951">
    <p class='ocr_par' dir='ltr' id='par_1_18' title="bbox 692 1880 2288 1951">
     <span class='ocr_line' id='line_1_18' title="bbox 692 1880 2288 1951; baseline -0.001 -16"><span class='ocrx_word' id='word_1_119' title='bbox 692 1880 990 1945; x_wconf 67' lang='lat' dir='ltr'><strong>Veniretur,</strong></span> <span class='ocrx_word' id='word_1_120' title='bbox 1019 1896 1136 1951; x_wconf 66' lang='lat' dir='ltr'><strong>qua:</strong></span> <span class='ocrx_word' id='word_1_121' title='bbox 1163 1897 1247 1935; x_wconf 91' lang='lat' dir='ltr'><strong>res</strong></span> <span class='ocrx_word' id='word_1_122' title='bbox 1276 1881 1509 1935; x_wconf 87' lang='lat' dir='ltr'><strong>breviter</strong></span> <span class='ocrx_word' id='word_1_123' title='bbox 1535 1882 1829 1945; x_wconf 88' lang='lat' dir='ltr'><strong>enuntiata,</strong></span> <span class='ocrx_word' id='word_1_124' title='bbox 1858 1882 2005 1935; x_wconf 69' lang='lat' dir='ltr'><strong>vvlut</strong></span> <span class='ocrx_word' id='word_1_125' title='bbox 2029 1880 2288 1935; x_wconf 87' lang='lat' dir='ltr'><strong>intentio-</strong></span> 
     </span>
    </p>
   </div>
   <div class='ocr_carea' id='block_1_19' title="bbox 2384 666 3968 741">
    <p class='ocr_par' dir='ltr' id='par_1_19' title="bbox 2384 666 3968 741">
     <span class='ocr_line' id='line_1_19' title="bbox 2384 666 3968 741; baseline -0.003 -17"><span class='ocrx_word' id='word_1_126' title='bbox 2384 669 2704 736; x_wconf 81' lang='lat' dir='ltr'><strong>defenderit,</strong></span> <span class='ocrx_word' id='word_1_127' title='bbox 2740 671 2888 741; x_wconf 90' lang='lat' dir='ltr'><strong>plura</strong></span> <span class='ocrx_word' id='word_1_128' title='bbox 2918 672 3173 727; x_wconf 84' lang='lat' dir='ltr'><strong>cavisset.</strong></span> <span class='ocrx_word' id='word_1_129' title='bbox 3200 669 3321 725; x_wconf 88' lang='lat' dir='ltr'><strong>Fuit</strong></span> <span class='ocrx_word' id='word_1_130' title='bbox 3347 668 3530 739; x_wconf 89' lang='lat' dir='ltr'><strong>igitur,</strong></span> <span class='ocrx_word' id='word_1_131' title='bbox 3563 674 3623 721; x_wconf 90' lang='lat' dir='ltr'><strong>ut</strong></span> <span class='ocrx_word' id='word_1_132' title='bbox 3648 666 3738 729; x_wconf 91' lang='lat' dir='ltr'><strong>ait,</strong></span> <span class='ocrx_word' id='word_1_133' title='bbox 3770 678 3968 719; x_wconf 78' lang='lat' dir='ltr'><strong>veren-</strong></span> 
     </span>
    </p>
   </div>
   <div class='ocr_carea' id='block_1_20' title="bbox 2384 760 3971 835">
    <p class='ocr_par' dir='ltr' id='par_1_20' title="bbox 2384 760 3971 835">
     <span class='ocr_line' id='line_1_20' title="bbox 2384 760 3971 835; baseline -0.004 -17"><span class='ocrx_word' id='word_1_134' title='bbox 2384 763 2536 829; x_wconf 90' lang='lat' dir='ltr'><strong>dum,</strong></span> <span class='ocrx_word' id='word_1_135' title='bbox 2563 779 2647 830; x_wconf 91' lang='lat' dir='ltr'><strong>ne,</strong></span> <span class='ocrx_word' id='word_1_136' title='bbox 2675 764 2719 817; x_wconf 90' lang='lat' dir='ltr'><strong>si</strong></span> <span class='ocrx_word' id='word_1_137' title='bbox 2745 766 3024 820; x_wconf 86' lang='lat' dir='ltr'><strong>restituere</strong></span> <span class='ocrx_word' id='word_1_138' title='bbox 3044 764 3267 835; x_wconf 83' lang='lat' dir='ltr'><strong>gratiam</strong></span> <span class='ocrx_word' id='word_1_139' title='bbox 3294 763 3573 823; x_wconf 87' lang='lat' dir='ltr'><strong>noluisset,</strong></span> <span class='ocrx_word' id='word_1_140' title='bbox 3599 760 3971 829; x_wconf 81' lang='lat' dir='ltr'><strong>autingratnm</strong></span> 
     </span>
    </p>
   </div>
   <div class='ocr_carea' id='block_1_21' title="bbox 2386 850 3970 924">
    <p class='ocr_par' dir='ltr' id='par_1_21' title="bbox 2386 850 3970 924">
     <span class='ocr_line' id='line_1_21' title="bbox 2386 850 3970 924; baseline -0.004 -16"><span class='ocrx_word' id='word_1_141' title='bbox 2386 853 2439 909; x_wconf 91' lang='lat' dir='ltr'><strong>id</strong></span> <span class='ocrx_word' id='word_1_142' title='bbox 2481 865 2569 909; x_wconf 92' lang='lat' dir='ltr'><strong>aut</strong></span> <span class='ocrx_word' id='word_1_143' title='bbox 2608 857 2895 924; x_wconf 86' lang='lat' dir='ltr'><strong>superbum</strong></span> <span class='ocrx_word' id='word_1_144' title='bbox 2935 850 3055 911; x_wconf 83' lang='lat' dir='ltr'><strong>esse</strong></span> <span class='ocrx_word' id='word_1_145' title='bbox 3095 856 3384 909; x_wconf 88' lang='lat' dir='ltr'><strong>videretur.</strong></span> <span class='ocrx_word' id='word_1_146' title='bbox 3419 852 3693 922; x_wconf 82' lang='lat' dir='ltr'><strong>Ingratum</strong></span> <span class='ocrx_word' id='word_1_147' title='bbox 3726 850 3970 919; x_wconf 88' lang='lat' dir='ltr'><strong>quidem,</strong></span> 
     </span>
    </p>
   </div>
   <div class='ocr_carea' id='block_1_22' title="bbox 2387 934 3973 1016">
    <p class='ocr_par' dir='ltr' id='par_1_22' title="bbox 2387 934 3973 1016">
     <span class='ocr_line' id='line_1_22' title="bbox 2387 934 3973 1016; baseline -0.003 -17"><span class='ocrx_word' id='word_1_148' title='bbox 2387 946 2433 1000; x_wconf 86' lang='lat' dir='ltr'><strong>si</strong></span> <span class='ocrx_word' id='word_1_149' title='bbox 2475 961 2662 1016; x_wconf 87' lang='lat' dir='ltr'><strong>magna</strong></span> <span class='ocrx_word' id='word_1_150' title='bbox 2695 947 2926 1002; x_wconf 89' lang='lat' dir='ltr'><strong>Trebatii</strong></span> <span class='ocrx_word' id='word_1_151' title='bbox 2971 948 3161 1002; x_wconf 86' lang='lat' dir='ltr'><strong>merita</strong></span> <span class='ocrx_word' id='word_1_152' title='bbox 3203 946 3398 1016; x_wconf 87' lang='lat' dir='ltr'><strong>quibus</strong></span> <span class='ocrx_word' id='word_1_153' title='bbox 3446 934 3563 1014; x_wconf 87' lang='lat' dir='ltr'><strong>ipse</strong></span> <span class='ocrx_word' id='word_1_154' title='bbox 3602 956 3729 997; x_wconf 91' lang='lat' dir='ltr'><strong>usus</strong></span> <span class='ocrx_word' id='word_1_155' title='bbox 3776 944 3973 1005; x_wconf 72' lang='lat' dir='ltr'><strong>fuerat,</strong></span> 
     </span>
    </p>
   </div>
   <div class='ocr_carea' id='block_1_23' title="bbox 2391 1034 3976 1106">
    <p class='ocr_par' dir='ltr' id='par_1_23' title="bbox 2391 1034 3976 1106">
     <span class='ocr_line' id='line_1_23' title="bbox 2391 1034 3976 1106; baseline -0.002 -16"><span class='ocrx_word' id='word_1_156' title='bbox 2391 1051 2553 1106; x_wconf 85' lang='lat' dir='ltr'><strong>parvo</strong></span> <span class='ocrx_word' id='word_1_157' title='bbox 2596 1039 2860 1093; x_wconf 65' lang='lat' dir='ltr'><strong>aestimare</strong></span> <span class='ocrx_word' id='word_1_158' title='bbox 2891 1039 3190 1104; x_wconf 78' lang='lat' dir='ltr'><strong>videretur,</strong></span> <span class='ocrx_word' id='word_1_159' title='bbox 3224 1051 3345 1093; x_wconf 92' lang='lat' dir='ltr'><strong>cum</strong></span> <span class='ocrx_word' id='word_1_160' title='bbox 3391 1036 3593 1091; x_wconf 88' lang='lat' dir='ltr'><strong>nullam</strong></span> <span class='ocrx_word' id='word_1_161' title='bbox 3642 1034 3690 1087; x_wconf 91' lang='lat' dir='ltr'><strong>ci</strong></span> <span class='ocrx_word' id='word_1_162' title='bbox 3738 1034 3976 1104; x_wconf 79' lang='lat' dir='ltr'><strong>gratiam</strong></span> 
     </span>
    </p>
   </div>
   <div class='ocr_carea' id='block_1_24' title="bbox 2390 1128 3973 1200">
    <p class='ocr_par' dir='ltr' id='par_1_24' title="bbox 2390 1128 3973 1200">
     <span class='ocr_line' id='line_1_24' title="bbox 2390 1128 3973 1200; baseline -0.002 -16"><span class='ocrx_word' id='word_1_163' title='bbox 2390 1130 2775 1185; x_wconf 84' lang='lat' dir='ltr'><strong>restituendam</strong></span> <span class='ocrx_word' id='word_1_164' title='bbox 2809 1140 3052 1199; x_wconf 86' lang='lat' dir='ltr'><strong>putaret,</strong></span> <span class='ocrx_word' id='word_1_165' title='bbox 3086 1130 3375 1200; x_wconf 83' lang='lat' dir='ltr'><strong>superbum</strong></span> <span class='ocrx_word' id='word_1_166' title='bbox 3405 1144 3555 1192; x_wconf 89' lang='lat' dir='ltr'><strong>vero,</strong></span> <span class='ocrx_word' id='word_1_167' title='bbox 3588 1128 3631 1183; x_wconf 91' lang='lat' dir='ltr'><strong>si</strong></span> <span class='ocrx_word' id='word_1_168' title='bbox 3660 1135 3973 1198; x_wconf 85' lang='lat' dir='ltr'><strong>sperneret.</strong></span> 
     </span>
    </p>
   </div>
   <div class='ocr_carea' id='block_1_25' title="bbox 2394 1219 3981 1287">
    <p class='ocr_par' dir='ltr' id='par_1_25' title="bbox 2394 1219 3981 1287">
     <span class='ocr_line' id='line_1_25' title="bbox 2394 1219 3981 1287; baseline -0.003 -11"><span class='ocrx_word' id='word_1_169' title='bbox 2394 1223 2471 1276; x_wconf 84' lang='lat' dir='ltr'><strong>Ad</strong></span> <span class='ocrx_word' id='word_1_170' title='bbox 2517 1222 2654 1276; x_wconf 89' lang='lat' dir='ltr'><strong>idem</strong></span> <span class='ocrx_word' id='word_1_171' title='bbox 2685 1232 2877 1276; x_wconf 55' lang='lat' dir='ltr'><strong>caetera</strong></span> <span class='ocrx_word' id='word_1_172' title='bbox 2916 1230 3274 1287; x_wconf 86' lang='lat' dir='ltr'><strong>revertuntur,</strong></span> <span class='ocrx_word' id='word_1_173' title='bbox 3320 1221 3369 1275; x_wconf 90' lang='lat' dir='ltr'><strong>id</strong></span> <span class='ocrx_word' id='word_1_174' title='bbox 3419 1230 3503 1275; x_wconf 89' lang='lat' dir='ltr'><strong>est</strong></span> <span class='ocrx_word' id='word_1_175' title='bbox 3538 1221 3605 1275; x_wconf 90' lang='lat' dir='ltr'><strong>ad</strong></span> <span class='ocrx_word' id='word_1_176' title='bbox 3640 1219 3981 1275; x_wconf 85' lang='lat' dir='ltr'><strong>benevolen-</strong></span> 
     </span>
    </p>
   </div>
   <div class='ocr_carea' id='block_1_26' title="bbox 2392 1313 3979 1385">
    <p class='ocr_par' dir='ltr' id='par_1_26' title="bbox 2392 1313 3979 1385">
     <span class='ocr_line' id='line_1_26' title="bbox 2392 1313 3979 1385; baseline 0 -17"><span class='ocrx_word' id='word_1_177' title='bbox 2392 1317 2543 1368; x_wconf 84' lang='lat' dir='ltr'><strong>tiam.</strong></span> <span class='ocrx_word' id='word_1_178' title='bbox 2576 1316 2729 1382; x_wconf 87' lang='lat' dir='ltr'><strong>Quod</strong></span> <span class='ocrx_word' id='word_1_179' title='bbox 2758 1314 2993 1385; x_wconf 77' lang='lat' dir='ltr'><strong>rjusdem</strong></span> <span class='ocrx_word' id='word_1_180' title='bbox 3029 1315 3333 1370; x_wconf 87' lang='lat' dir='ltr'><strong>testimonio</strong></span> <span class='ocrx_word' id='word_1_181' title='bbox 3374 1315 3559 1368; x_wconf 91' lang='lat' dir='ltr'><strong>nititur</strong></span> <span class='ocrx_word' id='word_1_182' title='bbox 3589 1313 3711 1368; x_wconf 90' lang='lat' dir='ltr'><strong>dum</strong></span> <span class='ocrx_word' id='word_1_183' title='bbox 3736 1313 3904 1367; x_wconf 71' lang='lat' dir='ltr'><strong>fuerit</strong></span> <span class='ocrx_word' id='word_1_184' title='bbox 3925 1315 3979 1368; x_wconf 87' lang='lat' dir='ltr'><strong>in</strong></span> 
     </span>
    </p>
   </div>
   <div class='ocr_carea' id='block_1_27' title="bbox 2393 1407 3979 1476">
    <p class='ocr_par' dir='ltr' id='par_1_27' title="bbox 2393 1407 3979 1476">
     <span class='ocr_line' id='line_1_27' title="bbox 2393 1407 3979 1476; baseline 0.001 -17"><span class='ocrx_word' id='word_1_185' title='bbox 2393 1407 2547 1474; x_wconf 85' lang='lat' dir='ltr'><strong>urbe,</strong></span> <span class='ocrx_word' id='word_1_186' title='bbox 2584 1420 2643 1460; x_wconf 90' lang='lat' dir='ltr'><strong>se</strong></span> <span class='ocrx_word' id='word_1_187' title='bbox 2679 1423 2743 1462; x_wconf 88' lang='lat' dir='ltr'><strong>ne</strong></span> <span class='ocrx_word' id='word_1_188' title='bbox 2771 1407 3003 1461; x_wconf 81' lang='lat' dir='ltr'><strong>debitam</strong></span> <span class='ocrx_word' id='word_1_189' title='bbox 3034 1407 3282 1461; x_wconf 87' lang='lat' dir='ltr'><strong>redderet</strong></span> <span class='ocrx_word' id='word_1_190' title='bbox 3309 1407 3533 1476; x_wconf 84' lang='lat' dir='ltr'><strong>gratiam</strong></span> <span class='ocrx_word' id='word_1_191' title='bbox 3563 1407 3979 1473; x_wconf 84' lang='lat' dir='ltr'><strong>occupationum</strong></span> 
     </span>
    </p>
   </div>
   <div class='ocr_carea' id='block_1_28' title="bbox 2392 1495 3980 1567">
    <p class='ocr_par' dir='ltr' id='par_1_28' title="bbox 2392 1495 3980 1567">
     <span class='ocr_line' id='line_1_28' title="bbox 2392 1495 3980 1567; baseline -0.001 -13"><span class='ocrx_word' id='word_1_192' title='bbox 2392 1501 2713 1554; x_wconf 84' lang='lat' dir='ltr'><strong>necessitate</strong></span> <span class='ocrx_word' id='word_1_193' title='bbox 2758 1500 3126 1554; x_wconf 83' lang='lat' dir='ltr'><strong>constrictum.</strong></span> <span class='ocrx_word' id='word_1_194' title='bbox 3173 1499 3325 1567; x_wconf 86' lang='lat' dir='ltr'><strong>Quod</strong></span> <span class='ocrx_word' id='word_1_195' title='bbox 3374 1509 3431 1553; x_wconf 91' lang='grc' dir='ltr'><strong>ιιι</strong></span> <span class='ocrx_word' id='word_1_196' title='bbox 3476 1498 3687 1553; x_wconf 89' lang='lat' dir='ltr'><strong>venerit</strong></span> <span class='ocrx_word' id='word_1_197' title='bbox 3732 1495 3980 1565; x_wconf 81' lang='lat' dir='ltr'><strong>Veliam,</strong></span> 
     </span>
    </p>
   </div>
   <div class='ocr_carea' id='block_1_29' title="bbox 2392 1580 3979 1654">
    <p class='ocr_par' dir='ltr' id='par_1_29' title="bbox 2392 1580 3979 1654">
     <span class='ocr_line' id='line_1_29' title="bbox 2392 1580 3979 1654; baseline -0.001 -11"><span class='ocrx_word' id='word_1_198' title='bbox 2392 1580 2689 1643; x_wconf 81' lang='lat' dir='ltr'><strong>amicorum</strong></span> <span class='ocrx_word' id='word_1_199' title='bbox 2724 1588 2961 1645; x_wconf 86' lang='lat' dir='ltr'><strong>Trebatii</strong></span> <span class='ocrx_word' id='word_1_200' title='bbox 2992 1590 3344 1645; x_wconf 84' lang='lat' dir='ltr'><strong>conventione</strong></span> <span class='ocrx_word' id='word_1_201' title='bbox 3376 1588 3760 1654; x_wconf 80' lang='lat' dir='ltr'><strong>commonitus,</strong></span> <span class='ocrx_word' id='word_1_202' title='bbox 3802 1604 3868 1643; x_wconf 90' lang='lat' dir='ltr'><strong>ne</strong></span> <span class='ocrx_word' id='word_1_203' title='bbox 3899 1598 3979 1642; x_wconf 90' lang='lat' dir='ltr'><strong>ta-</strong></span> 
     </span>
    </p>
   </div>
   <div class='ocr_carea' id='block_1_30' title="bbox 2391 1680 3981 1759">
    <p class='ocr_par' dir='ltr' id='par_1_30' title="bbox 2391 1680 3981 1759">
     <span class='ocr_line' id='line_1_30' title="bbox 2391 1680 3981 1759; baseline 0.001 -25"><span class='ocrx_word' id='word_1_204' title='bbox 2391 1681 2511 1734; x_wconf 82' lang='lat' dir='ltr'><strong>citae</strong></span> <span class='ocrx_word' id='word_1_205' title='bbox 2532 1681 2744 1750; x_wconf 87' lang='lat' dir='ltr'><strong>quidem</strong></span> <span class='ocrx_word' id='word_1_206' title='bbox 2764 1682 2880 1751; x_wconf 91' lang='lat' dir='ltr'><strong>ejus</strong></span> <span class='ocrx_word' id='word_1_207' title='bbox 2899 1682 3208 1752; x_wconf 77' lang='lat' dir='ltr'><strong>ﬂagitationi</strong></span> <span class='ocrx_word' id='word_1_208' title='bbox 3234 1681 3423 1759; x_wconf 79' lang='lat' dir='ltr'><strong>deesse</strong></span> <span class='ocrx_word' id='word_1_209' title='bbox 3446 1680 3722 1746; x_wconf 88' lang='lat' dir='ltr'><strong>voluisset,</strong></span> <span class='ocrx_word' id='word_1_210' title='bbox 3753 1691 3806 1735; x_wconf 91' lang='lat' dir='ltr'><strong>et</strong></span> <span class='ocrx_word' id='word_1_211' title='bbox 3829 1680 3981 1750; x_wconf 87' lang='lat' dir='ltr'><strong>quod</strong></span> 
     </span>
    </p>
   </div>
   <div class='ocr_carea' id='block_1_31' title="bbox 2394 1769 3983 1841">
    <p class='ocr_par' dir='ltr' id='par_1_31' title="bbox 2394 1769 3983 1841">
     <span class='ocr_line' id='line_1_31' title="bbox 2394 1769 3983 1841; baseline 0 -16"><span class='ocrx_word' id='word_1_212' title='bbox 2394 1771 2523 1825; x_wconf 86' lang='lat' dir='ltr'><strong>licet</strong></span> <span class='ocrx_word' id='word_1_213' title='bbox 2554 1772 2821 1837; x_wconf 75' lang='lat' dir='ltr'><strong>librorum</strong></span> <span class='ocrx_word' id='word_1_214' title='bbox 2861 1774 3014 1839; x_wconf 86' lang='lat' dir='ltr'><strong>copia</strong></span> <span class='ocrx_word' id='word_1_215' title='bbox 3069 1772 3207 1825; x_wconf 86' lang='lat' dir='ltr'><strong>nulla</strong></span> <span class='ocrx_word' id='word_1_216' title='bbox 3242 1781 3573 1841; x_wconf 84' lang='lat' dir='ltr'><strong>suppeteret,</strong></span> <span class='ocrx_word' id='word_1_217' title='bbox 3608 1769 3675 1825; x_wconf 90' lang='lat' dir='ltr'><strong>de</strong></span> <span class='ocrx_word' id='word_1_218' title='bbox 3704 1770 3983 1825; x_wconf 75' lang='lat' dir='ltr'><strong>memoria:</strong></span> 
     </span>
    </p>
   </div>
   <div class='ocr_carea' id='block_1_32' title="bbox 2395 1862 3982 1935">
    <p class='ocr_par' dir='ltr' id='par_1_32' title="bbox 2395 1862 3982 1935">
     <span class='ocr_line' id='line_1_32' title="bbox 2395 1862 3982 1935; baseline -0.001 -17"><span class='ocrx_word' id='word_1_219' title='bbox 2395 1872 2571 1919; x_wconf 89' lang='lat' dir='ltr'><strong>tamen</strong></span> <span class='ocrx_word' id='word_1_220' title='bbox 2596 1865 2840 1932; x_wconf 70' lang='lat' dir='ltr'><strong>repetittn</strong></span> <span class='ocrx_word' id='word_1_221' title='bbox 2868 1865 3243 1935; x_wconf 83' lang='lat' dir='ltr'><strong>promptuariis</strong></span> <span class='ocrx_word' id='word_1_222' title='bbox 3267 1866 3319 1917; x_wconf 91' lang='lat' dir='ltr'><strong>in</strong></span> <span class='ocrx_word' id='word_1_223' title='bbox 3343 1864 3454 1932; x_wconf 86' lang='lat' dir='ltr'><strong>ipsa</strong></span> <span class='ocrx_word' id='word_1_224' title='bbox 3489 1862 3820 1932; x_wconf 87' lang='lat' dir='ltr'><strong>navigatione</strong></span> <span class='ocrx_word' id='word_1_225' title='bbox 3845 1877 3982 1917; x_wconf 81' lang='lat' dir='ltr'><strong>con-</strong></span> 
     </span>
    </p>
   </div>
   <div class='ocr_carea' id='block_1_33' title="bbox 692 1947 2294 2046">
    <p class='ocr_par' dir='ltr' id='par_1_33' title="bbox 692 1947 2278 2046">
     <span class='ocr_line' id='line_1_33' title="bbox 692 1947 2278 2046; baseline -0.003 -22"><span class='ocrx_word' id='word_1_226' title='bbox 692 1980 818 2024; x_wconf 75' lang='lat' dir='ltr'><strong>nem</strong></span> <span class='ocrx_word' id='word_1_227' title='bbox 850 1947 1343 2046; x_wconf 34' lang='lat' dir='ltr'><strong>operis-monstrat,</strong></span> <span class='ocrx_word' id='word_1_228' title='bbox 1376 1980 1430 2023; x_wconf 92' lang='lat' dir='ltr'><strong>et</strong></span> <span class='ocrx_word' id='word_1_229' title='bbox 1461 1968 1687 2023; x_wconf 85' lang='lat' dir='ltr'><strong>docilem</strong></span> <span class='ocrx_word' id='word_1_230' title='bbox 1729 1967 1935 2036; x_wconf 74' lang='lat' dir='ltr'><strong>perﬁrit</strong></span> <span class='ocrx_word' id='word_1_231' title='bbox 1961 1968 2278 2021; x_wconf 88' lang='lat' dir='ltr'><strong>auditorem.</strong></span> 
     </span>
    </p>
   </div>
   <div class='ocr_carea' id='block_1_34' title="bbox 2394 1947 3984 2046">
    <p class='ocr_par' dir='ltr' id='par_1_34' title="bbox 2395 1955 3984 2024">
     <span class='ocr_line' id='line_1_34' title="bbox 2395 1955 3984 2024; baseline -0.001 -13"><span class='ocrx_word' id='word_1_232' title='bbox 2395 1957 2705 2022; x_wconf 89' lang='lat' dir='ltr'><strong>scripserit,</strong></span> <span class='ocrx_word' id='word_1_233' title='bbox 2738 1957 2894 2024; x_wconf 85' lang='lat' dir='ltr'><strong>eique</strong></span> <span class='ocrx_word' id='word_1_234' title='bbox 2926 1971 2989 2010; x_wconf 82' lang='lat' dir='ltr'><strong>ex</strong></span> <span class='ocrx_word' id='word_1_235' title='bbox 3023 1958 3219 2012; x_wconf 91' lang='lat' dir='ltr'><strong>itinere</strong></span> <span class='ocrx_word' id='word_1_236' title='bbox 3260 1956 3491 2019; x_wconf 87' lang='lat' dir='ltr'><strong>miserit,</strong></span> <span class='ocrx_word' id='word_1_237' title='bbox 3525 1965 3584 2011; x_wconf 92' lang='lat' dir='ltr'><strong>ut</strong></span> <span class='ocrx_word' id='word_1_238' title='bbox 3611 1955 3847 2011; x_wconf 88' lang='lat' dir='ltr'><strong>beneﬁcii</strong></span> <span class='ocrx_word' id='word_1_239' title='bbox 3881 1972 3984 2010; x_wconf 85' lang='lat' dir='ltr'><strong>cu-</strong></span> 
     </span>
    </p>
   </div>
   <div class='ocr_carea' id='block_1_35' title="bbox 692 2061 2283 2131">
    <p class='ocr_par' dir='ltr' id='par_1_35' title="bbox 692 2061 2283 2131">
     <span class='ocr_line' id='line_1_35' title="bbox 692 2061 2283 2131; baseline -0.001 -14"><span class='ocrx_word' id='word_1_240' title='bbox 692 2062 753 2118; x_wconf 88' lang='lat' dir='ltr'><strong>ln</strong></span> <span class='ocrx_word' id='word_1_241' title='bbox 786 2062 886 2117; x_wconf 82' lang='lat' dir='ltr'><strong>hoc</strong></span> <span class='ocrx_word' id='word_1_242' title='bbox 916 2076 1145 2131; x_wconf 87' lang='lat' dir='ltr'><strong>namque</strong></span> <span class='ocrx_word' id='word_1_243' title='bbox 1176 2061 1383 2116; x_wconf 91' lang='lat' dir='ltr'><strong>videtur</strong></span> <span class='ocrx_word' id='word_1_244' title='bbox 1421 2076 1542 2117; x_wconf 89' lang='lat' dir='ltr'><strong>esse</strong></span> <span class='ocrx_word' id='word_1_245' title='bbox 1582 2063 2029 2130; x_wconf 89' lang='lat' dir='ltr'><strong>comprehensum</strong></span> <span class='ocrx_word' id='word_1_246' title='bbox 2062 2076 2183 2130; x_wconf 61' lang='lat' dir='ltr'><strong>quae</strong></span> <span class='ocrx_word' id='word_1_247' title='bbox 2213 2061 2283 2115; x_wconf 91' lang='lat' dir='ltr'><strong>sit</strong></span> 
     </span>
    </p>
   </div>
   <div class='ocr_carea' id='block_1_36' title="bbox 693 2148 2280 2225">
    <p class='ocr_par' dir='ltr' id='par_1_36' title="bbox 693 2148 2280 2225">
     <span class='ocr_line' id='line_1_36' title="bbox 693 2148 2280 2225; baseline -0.003 -13"><span class='ocrx_word' id='word_1_248' title='bbox 693 2155 927 2212; x_wconf 82' lang='lat' dir='ltr'><strong>intentio</strong></span> <span class='ocrx_word' id='word_1_249' title='bbox 954 2148 1301 2225; x_wconf 83' lang='lat' dir='ltr'><strong>Topicornm,</strong></span> <span class='ocrx_word' id='word_1_250' title='bbox 1336 2156 1589 2224; x_wconf 84' lang='lat' dir='ltr'><strong>quoniam</strong></span> <span class='ocrx_word' id='word_1_251' title='bbox 1620 2151 1811 2209; x_wconf 86' lang='lat' dir='ltr'><strong>Cicero</strong></span> <span class='ocrx_word' id='word_1_252' title='bbox 1844 2155 1919 2208; x_wconf 87' lang='lat' dir='ltr'><strong>ait</strong></span> <span class='ocrx_word' id='word_1_253' title='bbox 1944 2155 2280 2224; x_wconf 88' lang='lat' dir='ltr'><strong>disciplinam</strong></span> 
     </span>
    </p>
   </div>
   <div class='ocr_carea' id='block_1_37' title="bbox 692 2246 2286 2319">
    <p class='ocr_par' dir='ltr' id='par_1_37' title="bbox 692 2246 2286 2319">
     <span class='ocr_line' id='line_1_37' title="bbox 692 2246 2286 2319; baseline -0.003 -13"><span class='ocrx_word' id='word_1_254' title='bbox 692 2263 814 2306; x_wconf 81' lang='lat' dir='ltr'><strong>esse</strong></span> <span class='ocrx_word' id='word_1_255' title='bbox 835 2246 1278 2304; x_wconf 86' lang='lat' dir='ltr'><strong>inveniendorum</strong></span> <span class='ocrx_word' id='word_1_256' title='bbox 1304 2256 1765 2319; x_wconf 88' lang='lat' dir='ltr'><strong>argmnentorum,</strong></span> <span class='ocrx_word' id='word_1_257' title='bbox 1794 2262 1896 2300; x_wconf 90' lang='lat' dir='ltr'><strong>non</strong></span> <span class='ocrx_word' id='word_1_258' title='bbox 1924 2255 1983 2300; x_wconf 91' lang='lat' dir='ltr'><strong>ut</strong></span> <span class='ocrx_word' id='word_1_259' title='bbox 2010 2246 2286 2301; x_wconf 89' lang='lat' dir='ltr'><strong>invenian-</strong></span> 
     </span>
    </p>
   </div>
   <div class='ocr_carea' id='block_1_38' title="bbox 691 2341 2287 2414">
    <p class='ocr_par' dir='ltr' id='par_1_38' title="bbox 691 2341 2287 2414">
     <span class='ocr_line' id='line_1_38' title="bbox 691 2341 2287 2414; baseline -0.003 -15"><span class='ocrx_word' id='word_1_260' title='bbox 691 2352 783 2399; x_wconf 80' lang='lat' dir='ltr'><strong>tur</strong></span> <span class='ocrx_word' id='word_1_261' title='bbox 809 2342 885 2414; x_wconf 88' lang='lat' dir='ltr'><strong>(id</strong></span> <span class='ocrx_word' id='word_1_262' title='bbox 917 2344 1059 2399; x_wconf 89' lang='lat' dir='ltr'><strong>enim</strong></span> <span class='ocrx_word' id='word_1_263' title='bbox 1092 2354 1280 2398; x_wconf 89' lang='lat' dir='ltr'><strong>natura</strong></span> <span class='ocrx_word' id='word_1_264' title='bbox 1312 2343 1664 2414; x_wconf 88' lang='lat' dir='ltr'><strong>suppeditat).</strong></span> <span class='ocrx_word' id='word_1_265' title='bbox 1692 2342 1796 2397; x_wconf 87' lang='lat' dir='ltr'><strong>Sed</strong></span> <span class='ocrx_word' id='word_1_266' title='bbox 1824 2350 1882 2396; x_wconf 88' lang='lat' dir='ltr'><strong>ut</strong></span> <span class='ocrx_word' id='word_1_267' title='bbox 1907 2341 2025 2397; x_wconf 92' lang='lat' dir='ltr'><strong>sine</strong></span> <span class='ocrx_word' id='word_1_268' title='bbox 2072 2341 2181 2397; x_wconf 92' lang='lat' dir='ltr'><strong>ullo</strong></span> <span class='ocrx_word' id='word_1_269' title='bbox 2211 2341 2287 2394; x_wconf 88' lang='lat' dir='ltr'><strong>la-</strong></span> 
     </span>
    </p>
   </div>
   <div class='ocr_carea' id='block_1_39' title="bbox 692 2430 2291 2503">
    <p class='ocr_par' dir='ltr' id='par_1_39' title="bbox 692 2430 2291 2503">
     <span class='ocr_line' id='line_1_39' title="bbox 692 2430 2291 2503; baseline -0.005 -11"><span class='ocrx_word' id='word_1_270' title='bbox 692 2433 851 2500; x_wconf 87' lang='lat' dir='ltr'><strong>bore,</strong></span> <span class='ocrx_word' id='word_1_271' title='bbox 877 2449 939 2490; x_wconf 91' lang='lat' dir='ltr'><strong>ac</strong></span> <span class='ocrx_word' id='word_1_272' title='bbox 968 2436 1087 2491; x_wconf 90' lang='lat' dir='ltr'><strong>sine</strong></span> <span class='ocrx_word' id='word_1_273' title='bbox 1116 2434 1224 2490; x_wconf 91' lang='lat' dir='ltr'><strong>ulla</strong></span> <span class='ocrx_word' id='word_1_274' title='bbox 1267 2433 1583 2503; x_wconf 74' lang='lat' dir='ltr'><strong>conlusione</strong></span> <span class='ocrx_word' id='word_1_275' title='bbox 1622 2450 1729 2487; x_wconf 92' lang='lat' dir='ltr'><strong>non</strong></span> <span class='ocrx_word' id='word_1_276' title='bbox 1758 2448 1887 2487; x_wconf 88' lang='lat' dir='ltr'><strong>casu</strong></span> <span class='ocrx_word' id='word_1_277' title='bbox 1916 2430 1983 2487; x_wconf 90' lang='lat' dir='ltr'><strong>ad</strong></span> <span class='ocrx_word' id='word_1_278' title='bbox 2013 2446 2075 2487; x_wconf 90' lang='lat' dir='ltr'><strong>ea</strong></span> <span class='ocrx_word' id='word_1_279' title='bbox 2113 2446 2291 2495; x_wconf 82' lang='lat' dir='ltr'><strong>mens,</strong></span> 
     </span>
    </p>
   </div>
   <div class='ocr_carea' id='block_1_40' title="bbox 693 2518 2290 2595">
    <p class='ocr_par' dir='ltr' id='par_1_40' title="bbox 693 2518 2290 2595">
     <span class='ocr_line' id='line_1_40' title="bbox 693 2518 2290 2595; baseline -0.002 -15"><span class='ocrx_word' id='word_1_280' title='bbox 693 2526 792 2580; x_wconf 78' lang='lat' dir='ltr'><strong>sed</strong></span> <span class='ocrx_word' id='word_1_281' title='bbox 820 2525 1048 2595; x_wconf 89' lang='lat' dir='ltr'><strong>quadam</strong></span> <span class='ocrx_word' id='word_1_282' title='bbox 1074 2525 1157 2579; x_wconf 88' lang='lat' dir='ltr'><strong>via</strong></span> <span class='ocrx_word' id='word_1_283' title='bbox 1196 2533 1251 2579; x_wconf 91' lang='lat' dir='ltr'><strong>et</strong></span> <span class='ocrx_word' id='word_1_284' title='bbox 1282 2525 1490 2579; x_wconf 82' lang='lat' dir='ltr'><strong>ratione</strong></span> <span class='ocrx_word' id='word_1_285' title='bbox 1531 2524 1842 2593; x_wconf 89' lang='lat' dir='ltr'><strong>perveniat,</strong></span> <span class='ocrx_word' id='word_1_286' title='bbox 1876 2532 1995 2593; x_wconf 90' lang='lat' dir='ltr'><strong>post</strong></span> <span class='ocrx_word' id='word_1_287' title='bbox 2027 2518 2164 2577; x_wconf 87' lang='lat' dir='ltr'><strong>hanc</strong></span> <span class='ocrx_word' id='word_1_288' title='bbox 2196 2524 2290 2577; x_wconf 91' lang='lat' dir='ltr'><strong>be-</strong></span> 
     </span>
    </p>
   </div>
   <div class='ocr_carea' id='block_1_41' title="bbox 695 2602 2284 2687">
    <p class='ocr_par' dir='ltr' id='par_1_41' title="bbox 695 2602 2284 2687">
     <span class='ocr_line' id='line_1_41' title="bbox 695 2602 2284 2687; baseline -0.004 -13"><span class='ocrx_word' id='word_1_289' title='bbox 695 2619 1019 2674; x_wconf 79' lang='lat' dir='ltr'><strong>nevolentiae</strong></span> <span class='ocrx_word' id='word_1_290' title='bbox 1048 2619 1432 2687; x_wconf 89' lang='lat' dir='ltr'><strong>captationem,</strong></span> <span class='ocrx_word' id='word_1_291' title='bbox 1481 2602 1715 2671; x_wconf 80' lang='lat' dir='ltr'><strong>Trebatii</strong></span> <span class='ocrx_word' id='word_1_292' title='bbox 1745 2616 1955 2671; x_wconf 90' lang='lat' dir='ltr'><strong>laudem</strong></span> <span class='ocrx_word' id='word_1_293' title='bbox 1986 2614 2284 2685; x_wconf 84' lang='lat' dir='ltr'><strong>subjungit,</strong></span> 
     </span>
    </p>
   </div>
   <div class='ocr_carea' id='block_1_42' title="bbox 698 2706 2289 2780">
    <p class='ocr_par' dir='ltr' id='par_1_42' title="bbox 698 2706 2289 2780">
     <span class='ocr_line' id='line_1_42' title="bbox 698 2706 2289 2780; baseline -0.004 -16"><span class='ocrx_word' id='word_1_294' title='bbox 698 2724 821 2764; x_wconf 89' lang='lat' dir='ltr'><strong>cum</strong></span> <span class='ocrx_word' id='word_1_295' title='bbox 852 2709 970 2780; x_wconf 82' lang='lat' dir='ltr'><strong>ejus</strong></span> <span class='ocrx_word' id='word_1_296' title='bbox 999 2706 1377 2765; x_wconf 90' lang='lat' dir='ltr'><strong>verecundiam</strong></span> <span class='ocrx_word' id='word_1_297' title='bbox 1412 2710 1462 2761; x_wconf 90' lang='lat' dir='ltr'><strong>in</strong></span> <span class='ocrx_word' id='word_1_298' title='bbox 1502 2707 1586 2761; x_wconf 92' lang='lat' dir='ltr'><strong>his</strong></span> <span class='ocrx_word' id='word_1_299' title='bbox 1611 2717 2000 2761; x_wconf 88' lang='lat' dir='ltr'><strong>commemorat</strong></span> <span class='ocrx_word' id='word_1_300' title='bbox 2027 2714 2289 2773; x_wconf 80' lang='lat' dir='ltr'><strong>expeten-</strong></span> 
     </span>
    </p>
   </div>
   <div class='ocr_carea' id='block_1_43' title="bbox 702 2792 2292 2873">
    <p class='ocr_par' dir='ltr' id='par_1_43' title="bbox 702 2792 2292 2873">
     <span class='ocr_line' id='line_1_43' title="bbox 702 2792 2292 2873; baseline -0.004 -16"><span class='ocrx_word' id='word_1_301' title='bbox 702 2792 808 2868; x_wconf 88' lang='lat' dir='ltr'><strong>dis,</strong></span> <span class='ocrx_word' id='word_1_302' title='bbox 850 2817 971 2872; x_wconf 66' lang='lat' dir='ltr'><strong>quae</strong></span> <span class='ocrx_word' id='word_1_303' title='bbox 1003 2803 1045 2856; x_wconf 88' lang='lat' dir='ltr'><strong>si</strong></span> <span class='ocrx_word' id='word_1_304' title='bbox 1102 2798 1395 2873; x_wconf 89' lang='lat' dir='ltr'><strong>postulanti</strong></span> <span class='ocrx_word' id='word_1_305' title='bbox 1442 2800 1616 2854; x_wconf 89' lang='lat' dir='ltr'><strong>amico</strong></span> <span class='ocrx_word' id='word_1_306' title='bbox 1646 2800 1839 2854; x_wconf 83' lang='lat' dir='ltr'><strong>Cicero</strong></span> <span class='ocrx_word' id='word_1_307' title='bbox 1870 2798 2207 2870; x_wconf 85' lang='lat' dir='ltr'><strong>praestitisset</strong></span> <span class='ocrx_word' id='word_1_308' title='bbox 2236 2806 2292 2851; x_wconf 92' lang='lat' dir='ltr'><strong>et</strong></span> 
     </span>
    </p>
   </div>
   <div class='ocr_carea' id='block_1_44' title="bbox 696 2889 2289 2964">
    <p class='ocr_par' dir='ltr' id='par_1_44' title="bbox 696 2889 2289 2964">
     <span class='ocr_line' id='line_1_44' title="bbox 696 2889 2289 2964; baseline -0.004 -16"><span class='ocrx_word' id='word_1_309' title='bbox 696 2894 886 2964; x_wconf 67' lang='lat' dir='ltr'><strong>gloriae</strong></span> <span class='ocrx_word' id='word_1_310' title='bbox 922 2894 1201 2964; x_wconf 74' lang='lat' dir='ltr'><strong>praemium</strong></span> <span class='ocrx_word' id='word_1_311' title='bbox 1246 2891 1409 2948; x_wconf 80' lang='lat' dir='ltr'><strong>ferret</strong></span> <span class='ocrx_word' id='word_1_312' title='bbox 1449 2900 1503 2959; x_wconf 82' lang='lat' dir='ltr'><strong>et</strong></span> <span class='ocrx_word' id='word_1_313' title='bbox 1542 2889 1745 2959; x_wconf 69' lang='lat' dir='ltr'><strong>gratim,</strong></span> <span class='ocrx_word' id='word_1_314' title='bbox 1775 2889 1870 2946; x_wconf 87' lang='lat' dir='ltr'><strong>sed</strong></span> <span class='ocrx_word' id='word_1_315' title='bbox 1900 2890 2042 2961; x_wconf 92' lang='lat' dir='ltr'><strong>quod</strong></span> <span class='ocrx_word' id='word_1_316' title='bbox 2088 2889 2289 2958; x_wconf 88' lang='lat' dir='ltr'><strong>petenti</strong></span> 
     </span>
    </p>
   </div>
   <div class='ocr_carea' id='block_1_45' title="bbox 694 2981 2291 3058">
    <p class='ocr_par' dir='ltr' id='par_1_45' title="bbox 694 2981 2291 3058">
     <span class='ocr_line' id='line_1_45' title="bbox 694 2981 2291 3058; baseline -0.007 -13"><span class='ocrx_word' id='word_1_317' title='bbox 694 2988 981 3055; x_wconf 81' lang='lat' dir='ltr'><strong>Trebatio,</strong></span> <span class='ocrx_word' id='word_1_318' title='bbox 1029 2997 1084 3042; x_wconf 92' lang='lat' dir='ltr'><strong>ut</strong></span> <span class='ocrx_word' id='word_1_319' title='bbox 1109 2987 1157 3043; x_wconf 92' lang='lat' dir='ltr'><strong>ei</strong></span> <span class='ocrx_word' id='word_1_320' title='bbox 1185 2986 1380 3058; x_wconf 85' lang='lat' dir='ltr'><strong>Topica</strong></span> <span class='ocrx_word' id='word_1_321' title='bbox 1411 2985 1647 3041; x_wconf 89' lang='lat' dir='ltr'><strong>traderet</strong></span> <span class='ocrx_word' id='word_1_322' title='bbox 1673 2984 1892 3039; x_wconf 90' lang='lat' dir='ltr'><strong>minime</strong></span> <span class='ocrx_word' id='word_1_323' title='bbox 1918 2981 2202 3037; x_wconf 76' lang='lat' dir='ltr'><strong>conceSsit.</strong></span> <span class='ocrx_word' id='word_1_324' title='bbox 2236 2981 2291 3034; x_wconf 89' lang='lat' dir='ltr'><strong>id</strong></span> 
     </span>
    </p>
   </div>
   <div class='ocr_carea' id='block_1_46' title="bbox 693 3076 2339 3155">
    <p class='ocr_par' dir='ltr' id='par_1_46' title="bbox 693 3076 2339 3155">
     <span class='ocr_line' id='line_1_46' title="bbox 693 3076 2339 3155; baseline -0.007 -16"><span class='ocrx_word' id='word_1_325' title='bbox 693 3096 807 3139; x_wconf 76' lang='lat' dir='ltr'><strong>non</strong></span> <span class='ocrx_word' id='word_1_326' title='bbox 839 3082 1044 3153; x_wconf 91' lang='lat' dir='ltr'><strong>proprii</strong></span> <span class='ocrx_word' id='word_1_327' title='bbox 1074 3080 1274 3137; x_wconf 76' lang='lat' dir='ltr'><strong>laboris</strong></span> <span class='ocrx_word' id='word_1_328' title='bbox 1304 3080 1424 3151; x_wconf 82' lang='lat' dir='ltr'><strong>fuga</strong></span> <span class='ocrx_word' id='word_1_329' title='bbox 1452 3122 1468 3149; x_wconf 89' lang='lat'><strong>,</strong></span> <span class='ocrx_word' id='word_1_330' title='bbox 1517 3080 1611 3136; x_wconf 89' lang='lat' dir='ltr'><strong>sed</strong></span> <span class='ocrx_word' id='word_1_331' title='bbox 1643 3078 1880 3134; x_wconf 87' lang='lat' dir='ltr'><strong>Trebatii</strong></span> <span class='ocrx_word' id='word_1_332' title='bbox 1925 3076 2102 3147; x_wconf 89' lang='lat' dir='ltr'><strong>potius</strong></span> <span class='ocrx_word' id='word_1_333' title='bbox 2131 3088 2292 3130; x_wconf 87' lang='lat' dir='ltr'><strong>causa</strong></span> <span class='ocrx_word' id='word_1_334' title='bbox 2332 3148 2339 3155; x_wconf 33' lang='lat'>.</span> 
     </span>
    </p>
   </div>
   <div class='ocr_carea' id='block_1_47' title="bbox 694 3167 2291 3240">
    <p class='ocr_par' dir='ltr' id='par_1_47' title="bbox 694 3167 2291 3240">
     <span class='ocr_line' id='line_1_47' title="bbox 694 3167 2291 3240; baseline -0.004 -13"><span class='ocrx_word' id='word_1_335' title='bbox 694 3170 901 3229; x_wconf 74' lang='lat' dir='ltr'><strong>factum</strong></span> <span class='ocrx_word' id='word_1_336' title='bbox 930 3187 1049 3228; x_wconf 87' lang='lat' dir='ltr'><strong>esse</strong></span> <span class='ocrx_word' id='word_1_337' title='bbox 1079 3170 1377 3237; x_wconf 89' lang='lat' dir='ltr'><strong>contendit,</strong></span> <span class='ocrx_word' id='word_1_338' title='bbox 1412 3181 1472 3225; x_wconf 91' lang='lat' dir='ltr'><strong>ut</strong></span> <span class='ocrx_word' id='word_1_339' title='bbox 1499 3171 1552 3225; x_wconf 89' lang='lat' dir='ltr'><strong>in</strong></span> <span class='ocrx_word' id='word_1_340' title='bbox 1593 3185 1657 3225; x_wconf 90' lang='lat' dir='ltr'><strong>eo</strong></span> <span class='ocrx_word' id='word_1_341' title='bbox 1685 3184 1899 3240; x_wconf 87' lang='lat' dir='ltr'><strong>quoque</strong></span> <span class='ocrx_word' id='word_1_342' title='bbox 1928 3167 2165 3223; x_wconf 86' lang='lat' dir='ltr'><strong>Trebatii</strong></span> <span class='ocrx_word' id='word_1_343' title='bbox 2200 3182 2291 3221; x_wconf 92' lang='lat' dir='ltr'><strong>ve-</strong></span> 
     </span>
    </p>
   </div>
   <div class='ocr_carea' id='block_1_48' title="bbox 692 3260 2287 3333">
    <p class='ocr_par' dir='ltr' id='par_1_48' title="bbox 692 3260 2287 3333">
     <span class='ocr_line' id='line_1_48' title="bbox 692 3260 2287 3333; baseline -0.006 -14"><span class='ocrx_word' id='word_1_344' title='bbox 692 3262 795 3320; x_wconf 85' lang='lat' dir='ltr'><strong>luti</strong></span> <span class='ocrx_word' id='word_1_345' title='bbox 826 3272 950 3322; x_wconf 92' lang='lat' dir='ltr'><strong>tunc</strong></span> <span class='ocrx_word' id='word_1_346' title='bbox 977 3263 1181 3333; x_wconf 84' lang='lat' dir='ltr'><strong>repulsi</strong></span> <span class='ocrx_word' id='word_1_347' title='bbox 1210 3264 1480 3319; x_wconf 86' lang='lat' dir='ltr'><strong>subiratus</strong></span> <span class='ocrx_word' id='word_1_348' title='bbox 1504 3262 1725 3316; x_wconf 76' lang='lat' dir='ltr'><strong>forsitan</strong></span> <span class='ocrx_word' id='word_1_349' title='bbox 1752 3260 1982 3327; x_wconf 86' lang='lat' dir='ltr'><strong>animus,</strong></span> <span class='ocrx_word' id='word_1_350' title='bbox 2011 3274 2153 3313; x_wconf 86' lang='lat' dir='ltr'><strong>nunc</strong></span> <span class='ocrx_word' id='word_1_351' title='bbox 2183 3274 2287 3313; x_wconf 91' lang='lat' dir='ltr'><strong>non</strong></span> 
     </span>
    </p>
   </div>
   <div class='ocr_carea' id='block_1_49' title="bbox 2392 2047 3982 2116">
    <p class='ocr_par' dir='ltr' id='par_1_49' title="bbox 2392 2047 3982 2116">
     <span class='ocr_line' id='line_1_49' title="bbox 2392 2047 3982 2116; baseline 0.004 -15"><span class='ocrx_word' id='word_1_352' title='bbox 2392 2047 2539 2101; x_wconf 91' lang='lat' dir='ltr'><strong>mulo</strong></span> <span class='ocrx_word' id='word_1_353' title='bbox 2583 2047 2803 2116; x_wconf 85' lang='lat' dir='ltr'><strong>parendi</strong></span> <span class='ocrx_word' id='word_1_354' title='bbox 2852 2050 3013 2103; x_wconf 90' lang='lat' dir='ltr'><strong>etiam</strong></span> <span class='ocrx_word' id='word_1_355' title='bbox 3064 2049 3311 2103; x_wconf 81' lang='lat' dir='ltr'><strong>celeritas</strong></span> <span class='ocrx_word' id='word_1_356' title='bbox 3358 2047 3665 2103; x_wconf 89' lang='lat' dir='ltr'><strong>adderetur.</strong></span> <span class='ocrx_word' id='word_1_357' title='bbox 3695 2050 3823 2116; x_wconf 65' lang='lat' dir='ltr'><strong>Qua:</strong></span> <span class='ocrx_word' id='word_1_358' title='bbox 3855 2064 3982 2107; x_wconf 85' lang='lat' dir='ltr'><strong>cum</strong></span> 
     </span>
    </p>
   </div>
   <div class='ocr_carea' id='block_1_50' title="bbox 2393 2139 3981 2209">
    <p class='ocr_par' dir='ltr' id='par_1_50' title="bbox 2393 2139 3981 2209">
     <span class='ocr_line' id='line_1_50' title="bbox 2393 2139 3981 2209; baseline 0.002 -16"><span class='ocrx_word' id='word_1_359' title='bbox 2393 2140 2574 2193; x_wconf 89' lang='lat' dir='ltr'><strong>omnia</strong></span> <span class='ocrx_word' id='word_1_360' title='bbox 2622 2139 2909 2209; x_wconf 87' lang='lat' dir='ltr'><strong>benignum</strong></span> <span class='ocrx_word' id='word_1_361' title='bbox 2940 2149 3155 2209; x_wconf 89' lang='lat' dir='ltr'><strong>captare</strong></span> <span class='ocrx_word' id='word_1_362' title='bbox 3197 2141 3432 2196; x_wconf 88' lang='lat' dir='ltr'><strong>Trebatii</strong></span> <span class='ocrx_word' id='word_1_363' title='bbox 3470 2140 3749 2195; x_wconf 86' lang='lat' dir='ltr'><strong>videantur</strong></span> <span class='ocrx_word' id='word_1_364' title='bbox 3785 2156 3981 2196; x_wconf 81' lang='lat' dir='ltr'><strong>assen-</strong></span> 
     </span>
    </p>
   </div>
   <div class='ocr_carea' id='block_1_51' title="bbox 2393 2232 3981 2305">
    <p class='ocr_par' dir='ltr' id='par_1_51' title="bbox 2393 2232 3981 2305">
     <span class='ocr_line' id='line_1_51' title="bbox 2393 2232 3981 2305; baseline 0.003 -19"><span class='ocrx_word' id='word_1_365' title='bbox 2393 2250 2534 2299; x_wconf 90' lang='lat' dir='ltr'><strong>sum,</strong></span> <span class='ocrx_word' id='word_1_366' title='bbox 2568 2235 2812 2302; x_wconf 69' lang='lat' dir='ltr'><strong>quaadam</strong></span> <span class='ocrx_word' id='word_1_367' title='bbox 2860 2244 3036 2289; x_wconf 89' lang='lat' dir='ltr'><strong>tamen</strong></span> <span class='ocrx_word' id='word_1_368' title='bbox 3084 2234 3320 2289; x_wconf 88' lang='lat' dir='ltr'><strong>brevitas</strong></span> <span class='ocrx_word' id='word_1_369' title='bbox 3369 2232 3688 2305; x_wconf 87' lang='lat' dir='ltr'><strong>Topicorum</strong></span> <span class='ocrx_word' id='word_1_370' title='bbox 3720 2234 3981 2290; x_wconf 68' lang='lat' dir='ltr'><strong>inemori:</strong></span> 
     </span>
    </p>
   </div>
   <div class='ocr_carea' id='block_1_52' title="bbox 2394 2325 3987 2394">
    <p class='ocr_par' dir='ltr' id='par_1_52' title="bbox 2394 2325 3987 2394">
     <span class='ocr_line' id='line_1_52' title="bbox 2394 2325 3987 2394; baseline 0.001 -15"><span class='ocrx_word' id='word_1_371' title='bbox 2394 2328 2645 2394; x_wconf 83' lang='lat' dir='ltr'><strong>repetita,</strong></span> <span class='ocrx_word' id='word_1_372' title='bbox 2674 2326 2981 2380; x_wconf 87' lang='lat' dir='ltr'><strong>attentionis</strong></span> <span class='ocrx_word' id='word_1_373' title='bbox 3004 2341 3227 2381; x_wconf 83' lang='lat' dir='ltr'><strong>necesse</strong></span> <span class='ocrx_word' id='word_1_374' title='bbox 3257 2337 3338 2382; x_wconf 88' lang='lat' dir='ltr'><strong>est</strong></span> <span class='ocrx_word' id='word_1_375' title='bbox 3369 2326 3829 2381; x_wconf 79' lang='lat' dir='ltr'><strong>animadversione</strong></span> <span class='ocrx_word' id='word_1_376' title='bbox 3864 2325 3987 2381; x_wconf 78' lang='lat' dir='ltr'><strong>fun-</strong></span> 
     </span>
    </p>
   </div>
   <div class='ocr_carea' id='block_1_53' title="bbox 2396 2418 3988 2489">
    <p class='ocr_par' dir='ltr' id='par_1_53' title="bbox 2396 2418 3988 2489">
     <span class='ocr_line' id='line_1_53' title="bbox 2396 2418 3988 2489; baseline 0.003 -20"><span class='ocrx_word' id='word_1_377' title='bbox 2396 2428 2570 2487; x_wconf 84' lang='lat' dir='ltr'><strong>gatur,</strong></span> <span class='ocrx_word' id='word_1_378' title='bbox 2618 2423 2729 2485; x_wconf 87' lang='lat' dir='ltr'><strong>ipsa</strong></span> <span class='ocrx_word' id='word_1_379' title='bbox 2777 2433 3005 2487; x_wconf 83' lang='lat' dir='ltr'><strong>namque</strong></span> <span class='ocrx_word' id='word_1_380' title='bbox 3035 2418 3308 2474; x_wconf 82' lang='lat' dir='ltr'><strong>memoriae</strong></span> <span class='ocrx_word' id='word_1_381' title='bbox 3336 2419 3576 2489; x_wconf 87' lang='lat' dir='ltr'><strong>repetitio</strong></span> <span class='ocrx_word' id='word_1_382' title='bbox 3617 2418 3786 2473; x_wconf 90' lang='lat' dir='ltr'><strong>breve</strong></span> <span class='ocrx_word' id='word_1_383' title='bbox 3819 2434 3988 2474; x_wconf 85' lang='lat' dir='ltr'><strong>mon-</strong></span> 
     </span>
    </p>
   </div>
   <div class='ocr_carea' id='block_1_54' title="bbox 2394 2511 3978 2582">
    <p class='ocr_par' dir='ltr' id='par_1_54' title="bbox 2394 2511 3978 2582">
     <span class='ocr_line' id='line_1_54' title="bbox 2394 2511 3978 2582; baseline 0.001 -17"><span class='ocrx_word' id='word_1_384' title='bbox 2394 2521 2527 2565; x_wconf 87' lang='lat' dir='ltr'><strong>strat</strong></span> <span class='ocrx_word' id='word_1_385' title='bbox 2558 2528 2676 2566; x_wconf 86' lang='lat' dir='ltr'><strong>esse</strong></span> <span class='ocrx_word' id='word_1_386' title='bbox 2704 2512 2842 2580; x_wconf 86' lang='lat' dir='ltr'><strong>quod</strong></span> <span class='ocrx_word' id='word_1_387' title='bbox 2874 2511 3095 2582; x_wconf 86' lang='lat' dir='ltr'><strong>colligit.</strong></span> <span class='ocrx_word' id='word_1_388' title='bbox 3131 2512 3390 2582; x_wconf 83' lang='lat' dir='ltr'><strong>Quodque</strong></span> <span class='ocrx_word' id='word_1_389' title='bbox 3417 2511 3699 2581; x_wconf 66' lang='lat' dir='ltr'><strong>diligentia:</strong></span> <span class='ocrx_word' id='word_1_390' title='bbox 3728 2511 3829 2566; x_wconf 88' lang='lat' dir='ltr'><strong>sibi</strong></span> <span class='ocrx_word' id='word_1_391' title='bbox 3860 2511 3978 2567; x_wconf 62' lang='lat' dir='ltr'><strong>fuco</strong></span> 
     </span>
    </p>
   </div>
   <div class='ocr_carea' id='block_1_55' title="bbox 2394 2602 3979 2673">
    <p class='ocr_par' dir='ltr' id='par_1_55' title="bbox 2394 2602 3979 2673">
     <span class='ocr_line' id='line_1_55' title="bbox 2394 2602 3979 2673; baseline 0 -16"><span class='ocrx_word' id='word_1_392' title='bbox 2394 2603 2501 2657; x_wconf 90' lang='lat' dir='ltr'><strong>rint</strong></span> <span class='ocrx_word' id='word_1_393' title='bbox 2540 2603 2788 2657; x_wconf 88' lang='lat' dir='ltr'><strong>mandata</strong></span> <span class='ocrx_word' id='word_1_394' title='bbox 2828 2603 3086 2668; x_wconf 85' lang='lat' dir='ltr'><strong>Trebatii,</strong></span> <span class='ocrx_word' id='word_1_395' title='bbox 3134 2614 3186 2658; x_wconf 92' lang='lat' dir='ltr'><strong>et</strong></span> <span class='ocrx_word' id='word_1_396' title='bbox 3234 2604 3376 2673; x_wconf 91' lang='lat' dir='ltr'><strong>quod</strong></span> <span class='ocrx_word' id='word_1_397' title='bbox 3424 2603 3488 2657; x_wconf 89' lang='lat' dir='ltr'><strong>ad</strong></span> <span class='ocrx_word' id='word_1_398' title='bbox 3520 2602 3861 2658; x_wconf 78' lang='lat' dir='ltr'><strong>excitandam</strong></span> <span class='ocrx_word' id='word_1_399' title='bbox 3890 2603 3979 2658; x_wconf 87' lang='lat' dir='ltr'><strong>sui</strong></span> 
     </span>
    </p>
   </div>
   <div class='ocr_carea' id='block_1_56' title="bbox 2397 2695 3989 2767">
    <p class='ocr_par' dir='ltr' id='par_1_56' title="bbox 2397 2695 3989 2767">
     <span class='ocr_line' id='line_1_56' title="bbox 2397 2695 3989 2767; baseline -0.001 -17"><span class='ocrx_word' id='word_1_400' title='bbox 2397 2698 2713 2750; x_wconf 88' lang='lat' dir='ltr'><strong>memoriam</strong></span> <span class='ocrx_word' id='word_1_401' title='bbox 2753 2698 2903 2765; x_wconf 89' lang='lat' dir='ltr'><strong>quasi</strong></span> <span class='ocrx_word' id='word_1_402' title='bbox 2937 2698 3126 2767; x_wconf 85' lang='lat' dir='ltr'><strong>pignus</strong></span> <span class='ocrx_word' id='word_1_403' title='bbox 3156 2698 3332 2751; x_wconf 90' lang='lat' dir='ltr'><strong>amico</strong></span> <span class='ocrx_word' id='word_1_404' title='bbox 3361 2695 3575 2766; x_wconf 87' lang='lat' dir='ltr'><strong>aliquod</strong></span> <span class='ocrx_word' id='word_1_405' title='bbox 3610 2704 3771 2765; x_wconf 86' lang='lat' dir='ltr'><strong>atque</strong></span> <span class='ocrx_word' id='word_1_406' title='bbox 3800 2695 3989 2750; x_wconf 74' lang='lat' dir='ltr'><strong>moni-‘</strong></span> 
     </span>
    </p>
   </div>
   <div class='ocr_carea' id='block_1_57' title="bbox 2397 2786 3983 2856">
    <p class='ocr_par' dir='ltr' id='par_1_57' title="bbox 2397 2786 3983 2856">
     <span class='ocr_line' id='line_1_57' title="bbox 2397 2786 3983 2856; baseline 0 -15"><span class='ocrx_word' id='word_1_407' title='bbox 2397 2795 2637 2841; x_wconf 90' lang='lat' dir='ltr'><strong>mentum</strong></span> <span class='ocrx_word' id='word_1_408' title='bbox 2669 2786 2927 2841; x_wconf 89' lang='lat' dir='ltr'><strong>voluisset</strong></span> <span class='ocrx_word' id='word_1_409' title='bbox 2957 2797 3190 2843; x_wconf 80' lang='lat' dir='ltr'><strong>exstare.</strong></span> <span class='ocrx_word' id='word_1_410' title='bbox 3218 2786 3317 2842; x_wconf 89' lang='lat' dir='ltr'><strong>Cui</strong></span> <span class='ocrx_word' id='word_1_411' title='bbox 3340 2788 3523 2856; x_wconf 84' lang='lat' dir='ltr'><strong>adjicit</strong></span> <span class='ocrx_word' id='word_1_412' title='bbox 3548 2786 3676 2841; x_wconf 92' lang='lat' dir='ltr'><strong>illud</strong></span> <span class='ocrx_word' id='word_1_413' title='bbox 3695 2828 3712 2853; x_wconf 90' lang='lat'><strong>,</strong></span> <span class='ocrx_word' id='word_1_414' title='bbox 3733 2797 3789 2842; x_wconf 89' lang='lat' dir='ltr'><strong>et</strong></span> <span class='ocrx_word' id='word_1_415' title='bbox 3814 2789 3855 2841; x_wconf 93' lang='lat' dir='ltr'><strong>si</strong></span> <span class='ocrx_word' id='word_1_416' title='bbox 3886 2786 3983 2841; x_wconf 89' lang='lat' dir='ltr'><strong>ad-</strong></span> 
     </span>
    </p>
   </div>
   <div class='ocr_carea' id='block_1_58' title="bbox 2396 2879 3983 2950">
    <p class='ocr_par' dir='ltr' id='par_1_58' title="bbox 2396 2879 3983 2950">
     <span class='ocr_line' id='line_1_58' title="bbox 2396 2879 3983 2950; baseline -0.001 -15"><span class='ocrx_word' id='word_1_417' title='bbox 2396 2881 2693 2936; x_wconf 84' lang='lat' dir='ltr'><strong>monitione</strong></span> <span class='ocrx_word' id='word_1_418' title='bbox 2724 2896 2829 2935; x_wconf 89' lang='lat' dir='ltr'><strong>non</strong></span> <span class='ocrx_word' id='word_1_419' title='bbox 2859 2896 3018 2950; x_wconf 85' lang='lat' dir='ltr'><strong>eges,</strong></span> <span class='ocrx_word' id='word_1_420' title='bbox 3053 2896 3120 2936; x_wconf 88' lang='lat' dir='ltr'><strong>ne</strong></span> <span class='ocrx_word' id='word_1_421' title='bbox 3161 2879 3398 2935; x_wconf 71' lang='lat' dir='ltr'><strong>offendat</strong></span> <span class='ocrx_word' id='word_1_422' title='bbox 3435 2880 3671 2935; x_wconf 88' lang='lat' dir='ltr'><strong>animum</strong></span> <span class='ocrx_word' id='word_1_423' title='bbox 3708 2879 3862 2933; x_wconf 84' lang='lat' dir='ltr'><strong>amici</strong></span> <span class='ocrx_word' id='word_1_424' title='bbox 3893 2893 3983 2933; x_wconf 89' lang='lat' dir='ltr'><strong>se-</strong></span> 
     </span>
    </p>
   </div>
   <div class='ocr_carea' id='block_1_59' title="bbox 2398 2970 4025 3042">
    <p class='ocr_par' dir='ltr' id='par_1_59' title="bbox 2398 2970 4025 3042">
     <span class='ocr_line' id='line_1_59' title="bbox 2398 2970 4025 3042; baseline 0 -17"><span class='ocrx_word' id='word_1_425' title='bbox 2398 2972 2617 3025; x_wconf 88' lang='lat' dir='ltr'><strong>dulitate</strong></span> <span class='ocrx_word' id='word_1_426' title='bbox 2664 2971 2708 3027; x_wconf 93' lang='lat' dir='ltr'><strong>si</strong></span> <span class='ocrx_word' id='word_1_427' title='bbox 2754 2988 2910 3042; x_wconf 86' lang='lat' dir='ltr'><strong>quem</strong></span> <span class='ocrx_word' id='word_1_428' title='bbox 2950 2972 3397 3027; x_wconf 89' lang='lat' dir='ltr'><strong>commonendum</strong></span> <span class='ocrx_word' id='word_1_429' title='bbox 3444 2971 3649 3037; x_wconf 85' lang='lat' dir='ltr'><strong>credit,</strong></span> <span class='ocrx_word' id='word_1_430' title='bbox 3690 2970 3981 3025; x_wconf 79' lang='lat' dir='ltr'><strong>oblivionis</strong></span> <span class='ocrx_word' id='word_1_431' title='bbox 4018 3000 4025 3005; x_wconf 87' lang='lat'><strong>-</strong></span> 
     </span>
    </p>
   </div>
   <div class='ocr_carea' id='block_1_60' title="bbox 2398 3062 3982 3134">
    <p class='ocr_par' dir='ltr' id='par_1_60' title="bbox 2398 3062 3982 3134">
     <span class='ocr_line' id='line_1_60' title="bbox 2398 3062 3982 3134; baseline 0.001 -18"><span class='ocrx_word' id='word_1_432' title='bbox 2398 3062 2645 3119; x_wconf 90' lang='lat' dir='ltr'><strong>videatur</strong></span> <span class='ocrx_word' id='word_1_433' title='bbox 2673 3080 2918 3134; x_wconf 85' lang='lat' dir='ltr'><strong>arguere.</strong></span> <span class='ocrx_word' id='word_1_434' title='bbox 2948 3065 3071 3120; x_wconf 60' lang='grc' dir='ltr'>Περι)</span> <span class='ocrx_word' id='word_1_435' title='bbox 3098 3066 3299 3129; x_wconf 88' lang='lat' dir='ltr'><strong>omnia,</strong></span> <span class='ocrx_word' id='word_1_436' title='bbox 3334 3073 3389 3118; x_wconf 92' lang='lat' dir='ltr'><strong>ut</strong></span> <span class='ocrx_word' id='word_1_437' title='bbox 3418 3064 3564 3130; x_wconf 81' lang='lat' dir='ltr'><strong>dixi‘,</strong></span> <span class='ocrx_word' id='word_1_438' title='bbox 3594 3062 3982 3118; x_wconf 72' lang='lat' dir='ltr'><strong>benevolentia:</strong></span> 
     </span>
    </p>
   </div>
   <div class='ocr_carea' id='block_1_61' title="bbox 2398 3153 3991 3226">
    <p class='ocr_par' dir='ltr' id='par_1_61' title="bbox 2398 3153 3991 3226">
     <span class='ocr_line' id='line_1_61' title="bbox 2398 3153 3991 3226; baseline 0 -18"><span class='ocrx_word' id='word_1_439' title='bbox 2398 3155 2639 3225; x_wconf 86' lang='lat' dir='ltr'><strong>partibus</strong></span> <span class='ocrx_word' id='word_1_440' title='bbox 2680 3157 2837 3226; x_wconf 90' lang='lat' dir='ltr'><strong>plena</strong></span> <span class='ocrx_word' id='word_1_441' title='bbox 2879 3167 3022 3210; x_wconf 90' lang='lat' dir='ltr'><strong>sunt.</strong></span> <span class='ocrx_word' id='word_1_442' title='bbox 3066 3156 3170 3211; x_wconf 88' lang='lat' dir='ltr'><strong>Sed</strong></span> <span class='ocrx_word' id='word_1_443' title='bbox 3207 3156 3272 3212; x_wconf 90' lang='lat' dir='ltr'><strong>dc</strong></span> <span class='ocrx_word' id='word_1_444' title='bbox 3314 3157 3574 3224; x_wconf 79' lang='lat' dir='ltr'><strong>proccmio</strong></span> <span class='ocrx_word' id='word_1_445' title='bbox 3610 3154 3742 3209; x_wconf 90' lang='lat' dir='ltr'><strong>satis</strong></span> <span class='ocrx_word' id='word_1_446' title='bbox 3777 3153 3991 3219; x_wconf 14' lang='lat' dir='ltr'><strong>dictum,</strong></span> 
     </span>
    </p>
   </div>
   <div class='ocr_carea' id='block_1_62' title="bbox 2399 3246 3983 3319">
    <p class='ocr_par' dir='ltr' id='par_1_62' title="bbox 2399 3246 3983 3319">
     <span class='ocr_line' id='line_1_62' title="bbox 2399 3246 3983 3319; baseline -0.002 -15"><span class='ocrx_word' id='word_1_447' title='bbox 2399 3258 2501 3305; x_wconf 90' lang='lat' dir='ltr'><strong>est.</strong></span> <span class='ocrx_word' id='word_1_448' title='bbox 2533 3248 2683 3315; x_wconf 80' lang='lat' dir='ltr'><strong>Nunc</strong></span> <span class='ocrx_word' id='word_1_449' title='bbox 2710 3248 2775 3303; x_wconf 90' lang='lat' dir='ltr'><strong>ad</strong></span> <span class='ocrx_word' id='word_1_450' title='bbox 2816 3248 3095 3319; x_wconf 88' lang='lat' dir='ltr'><strong>sequentia</strong></span> <span class='ocrx_word' id='word_1_451' title='bbox 3126 3259 3479 3316; x_wconf 88' lang='lat' dir='ltr'><strong>transeamus,</strong></span> <span class='ocrx_word' id='word_1_452' title='bbox 3506 3264 3603 3303; x_wconf 86' lang='lat' dir='ltr'><strong>nec</strong></span> <span class='ocrx_word' id='word_1_453' title='bbox 3639 3248 3683 3301; x_wconf 81' lang='lat' dir='ltr'><strong>si</strong></span> <span class='ocrx_word' id='word_1_454' title='bbox 3716 3246 3833 3318; x_wconf 85' lang='lat' dir='ltr'><strong>quis</strong></span> <span class='ocrx_word' id='word_1_455' title='bbox 3866 3246 3983 3301; x_wconf 66' lang='lat' dir='ltr'><strong>haec</strong></span> 
     </span>
    </p>
   </div>
   <div class='ocr_carea' id='block_1_63' title="bbox 693 3324 3982 3419">
    <p class='ocr_par' dir='ltr' id='par_1_63' title="bbox 693 3324 3982 3419">
     <span class='ocr_line' id='line_1_63' title="bbox 693 3324 3982 3419; baseline -0.005 -9"><span class='ocrx_word' id='word_1_456' title='bbox 693 3356 768 3410; x_wconf 76' lang='lat' dir='ltr'><strong>ait</strong></span> <span class='ocrx_word' id='word_1_457' title='bbox 818 3324 1057 3409; x_wconf 50' lang='lat' dir='ltr'><strong>alienus:</strong></span> <span class='ocrx_word' id='word_1_458' title='bbox 1097 3355 1359 3410; x_wconf 86' lang='lat' dir='ltr'><strong>Intererat</strong></span> <span class='ocrx_word' id='word_1_459' title='bbox 1404 3369 1532 3409; x_wconf 82' lang='lat' dir='ltr'><strong>vero</strong></span> <span class='ocrx_word' id='word_1_460' title='bbox 1581 3352 1833 3407; x_wconf 89' lang='lat' dir='ltr'><strong>Trebatio</strong></span> <span class='ocrx_word' id='word_1_461' title='bbox 1867 3362 1922 3405; x_wconf 90' lang='lat' dir='ltr'><strong>nt</strong></span> <span class='ocrx_word' id='word_1_462' title='bbox 1957 3324 2043 3405; x_wconf 86' lang='lat' dir='ltr'><strong>vel</strong></span> <span class='ocrx_word' id='word_1_463' title='bbox 2088 3365 2185 3419; x_wconf 88' lang='lat' dir='ltr'><strong>per</strong></span> <span class='ocrx_word' id='word_1_464' title='bbox 2230 3365 2289 3404; x_wconf 89' lang='lat' dir='ltr'><strong>se</strong></span> <span class='ocrx_word' id='word_1_465' title='bbox 2318 3324 2367 3390; x_wconf 62' lang='grc' dir='ltr'><strong>θ</strong></span> <span class='ocrx_word' id='word_1_466' title='bbox 2396 3342 2535 3410; x_wconf 88' lang='lat' dir='ltr'><strong>apud</strong></span> <span class='ocrx_word' id='word_1_467' title='bbox 2565 3341 2897 3396; x_wconf 79' lang='lat' dir='ltr'><strong>Victorinum</strong></span> <span class='ocrx_word' id='word_1_468' title='bbox 2946 3342 3102 3397; x_wconf 88' lang='lat' dir='ltr'><strong>latius</strong></span> <span class='ocrx_word' id='word_1_469' title='bbox 3149 3352 3372 3396; x_wconf 84' lang='lat' dir='ltr'><strong>tractata</strong></span> <span class='ocrx_word' id='word_1_470' title='bbox 3422 3342 3715 3411; x_wconf 88' lang='lat' dir='ltr'><strong>repererit,</strong></span> <span class='ocrx_word' id='word_1_471' title='bbox 3756 3354 3851 3394; x_wconf 93' lang='lat' dir='ltr'><strong>nos</strong></span> <span class='ocrx_word' id='word_1_472' title='bbox 3882 3355 3982 3393; x_wconf 87' lang='lat' dir='ltr'><strong>ne-</strong></span> 
     </span>
    </p>
   </div>
   <div class='ocr_carea' id='block_1_64' title="bbox 693 3442 2287 3514">
    <p class='ocr_par' dir='ltr' id='par_1_64' title="bbox 693 3442 2287 3514">
     <span class='ocr_line' id='line_1_64' title="bbox 693 3442 2287 3514; baseline -0.001 -15"><span class='ocrx_word' id='word_1_473' title='bbox 693 3443 816 3513; x_wconf 76' lang='lat' dir='ltr'><strong>lpse</strong></span> <span class='ocrx_word' id='word_1_474' title='bbox 847 3445 934 3498; x_wconf 92' lang='lat' dir='ltr'><strong>illa</strong></span> <span class='ocrx_word' id='word_1_475' title='bbox 974 3445 1157 3514; x_wconf 83' lang='lat' dir='ltr'><strong>legens</strong></span> <span class='ocrx_word' id='word_1_476' title='bbox 1188 3447 1537 3499; x_wconf 82' lang='lat' dir='ltr'><strong>exercitatior</strong></span> <span class='ocrx_word' id='word_1_477' title='bbox 1568 3445 1743 3509; x_wconf 86' lang='lat' dir='ltr'><strong>ﬁeret,</strong></span> <span class='ocrx_word' id='word_1_478' title='bbox 1777 3443 1861 3497; x_wconf 90' lang='lat' dir='ltr'><strong>vel</strong></span> <span class='ocrx_word' id='word_1_479' title='bbox 1901 3445 1949 3497; x_wconf 91' lang='lat' dir='ltr'><strong>ei</strong></span> <span class='ocrx_word' id='word_1_480' title='bbox 1996 3442 2287 3511; x_wconf 76' lang='lat' dir='ltr'><strong>perfectius</strong></span> 
     </span>
    </p>
   </div>
   <div class='ocr_carea' id='block_1_65' title="bbox 694 3532 2285 3606">
    <p class='ocr_par' dir='ltr' id='par_1_65' title="bbox 694 3532 2285 3606">
     <span class='ocr_line' id='line_1_65' title="bbox 694 3532 2285 3606; baseline -0.003 -15"><span class='ocrx_word' id='word_1_481' title='bbox 694 3535 744 3591; x_wconf 78' lang='lat' dir='ltr'><strong>si</strong></span> <span class='ocrx_word' id='word_1_482' title='bbox 771 3552 876 3606; x_wconf 90' lang='lat' dir='ltr'><strong>qua</strong></span> <span class='ocrx_word' id='word_1_483' title='bbox 903 3534 1175 3591; x_wconf 86' lang='lat' dir='ltr'><strong>dubitaret</strong></span> <span class='ocrx_word' id='word_1_484' title='bbox 1198 3536 1384 3590; x_wconf 86' lang='lat' dir='ltr'><strong>rhetor</strong></span> <span class='ocrx_word' id='word_1_485' title='bbox 1417 3533 1626 3588; x_wconf 87' lang='lat' dir='ltr'><strong>doctior</strong></span> <span class='ocrx_word' id='word_1_486' title='bbox 1653 3533 1953 3601; x_wconf 82' lang='lat' dir='ltr'><strong>expediret.</strong></span> <span class='ocrx_word' id='word_1_487' title='bbox 1990 3532 2285 3601; x_wconf 87' lang='lat' dir='ltr'><strong>Utrumque</strong></span> 
     </span>
    </p>
   </div>
   <div class='ocr_carea' id='block_1_66' title="bbox 694 3624 2286 3693">
    <p class='ocr_par' dir='ltr' id='par_1_66' title="bbox 694 3624 2286 3693">
     <span class='ocr_line' id='line_1_66' title="bbox 694 3624 2286 3693; baseline -0.001 -11"><span class='ocrx_word' id='word_1_488' title='bbox 694 3642 825 3684; x_wconf 83' lang='lat' dir='ltr'><strong>vero</strong></span> <span class='ocrx_word' id='word_1_489' title='bbox 846 3644 877 3682; x_wconf 84' lang='lat' dir='ltr'><strong>a</strong></span> <span class='ocrx_word' id='word_1_490' title='bbox 907 3626 1161 3682; x_wconf 79' lang='lat' dir='ltr'><strong>Trebatio</strong></span> <span class='ocrx_word' id='word_1_491' title='bbox 1186 3642 1245 3682; x_wconf 90' lang='lat' dir='ltr'><strong>se</strong></span> <span class='ocrx_word' id='word_1_492' title='bbox 1276 3637 1456 3680; x_wconf 90' lang='lat' dir='ltr'><strong>narrat</strong></span> <span class='ocrx_word' id='word_1_493' title='bbox 1483 3626 1723 3680; x_wconf 88' lang='lat' dir='ltr'><strong>audisse.</strong></span> <span class='ocrx_word' id='word_1_494' title='bbox 1757 3624 1888 3678; x_wconf 80' lang='lat' dir='ltr'><strong>Nam</strong></span> <span class='ocrx_word' id='word_1_495' title='bbox 1919 3635 1975 3678; x_wconf 92' lang='lat' dir='ltr'><strong>et</strong></span> <span class='ocrx_word' id='word_1_496' title='bbox 2005 3634 2286 3693; x_wconf 77' lang='lat' dir='ltr'><strong>expertum</strong></span> 
     </span>
    </p>
   </div>
   <div class='ocr_carea' id='block_1_67' title="bbox 696 3717 2283 3792">
    <p class='ocr_par' dir='ltr' id='par_1_67' title="bbox 696 3717 2283 3792">
     <span class='ocr_line' id='line_1_67' title="bbox 696 3717 2283 3792; baseline -0.004 -15"><span class='ocrx_word' id='word_1_497' title='bbox 696 3736 845 3787; x_wconf 83' lang='lat' dir='ltr'><strong>cum,</strong></span> <span class='ocrx_word' id='word_1_498' title='bbox 874 3729 928 3773; x_wconf 88' lang='lat' dir='ltr'><strong>ut</strong></span> <span class='ocrx_word' id='word_1_499' title='bbox 954 3734 1047 3792; x_wconf 89' lang='lat' dir='ltr'><strong>per</strong></span> <span class='ocrx_word' id='word_1_500' title='bbox 1068 3732 1126 3772; x_wconf 89' lang='lat' dir='ltr'><strong>se</strong></span> <span class='ocrx_word' id='word_1_501' title='bbox 1146 3718 1263 3787; x_wconf 85' lang='lat' dir='ltr'><strong>ipse</strong></span> <span class='ocrx_word' id='word_1_502' title='bbox 1280 3719 1504 3788; x_wconf 84' lang='lat' dir='ltr'><strong>legeret,</strong></span> <span class='ocrx_word' id='word_1_503' title='bbox 1528 3717 1621 3772; x_wconf 90' lang='lat' dir='ltr'><strong>sed</strong></span> <span class='ocrx_word' id='word_1_504' title='bbox 1646 3717 1972 3772; x_wconf 88' lang='lat' dir='ltr'><strong>obscuritate</strong></span> <span class='ocrx_word' id='word_1_505' title='bbox 2005 3720 2283 3785; x_wconf 88' lang='lat' dir='ltr'><strong>rejectum,</strong></span> 
     </span>
    </p>
   </div>
   <div class='ocr_carea' id='block_1_68' title="bbox 697 3808 2285 3879">
    <p class='ocr_par' dir='ltr' id='par_1_68' title="bbox 697 3808 2285 3879">
     <span class='ocr_line' id='line_1_68' title="bbox 697 3808 2285 3879; baseline -0.003 -10"><span class='ocrx_word' id='word_1_506' title='bbox 697 3823 755 3869; x_wconf 89' lang='lat' dir='ltr'><strong>et</strong></span> <span class='ocrx_word' id='word_1_507' title='bbox 799 3812 949 3867; x_wconf 89' lang='lat' dir='ltr'><strong>illum</strong></span> <span class='ocrx_word' id='word_1_508' title='bbox 988 3810 1260 3865; x_wconf 85' lang='lat' dir='ltr'><strong>rhetorem</strong></span> <span class='ocrx_word' id='word_1_509' title='bbox 1291 3825 1320 3864; x_wconf 89' lang='lat' dir='ltr'><strong>a</strong></span> <span class='ocrx_word' id='word_1_510' title='bbox 1350 3824 1455 3879; x_wconf 92' lang='lat' dir='ltr'><strong>quo</strong></span> <span class='ocrx_word' id='word_1_511' title='bbox 1482 3808 1806 3879; x_wconf 86' lang='lat' dir='ltr'><strong>Topicorum</strong></span> <span class='ocrx_word' id='word_1_512' title='bbox 1846 3808 2285 3877; x_wconf 85' lang='lat' dir='ltr'><strong>explanationem</strong></span> 
     </span>
    </p>
   </div>
   <div class='ocr_carea' id='block_1_69' title="bbox 698 3900 2285 3977">
    <p class='ocr_par' dir='ltr' id='par_1_69' title="bbox 698 3900 2285 3977">
     <span class='ocr_line' id='line_1_69' title="bbox 698 3900 2285 3977; baseline -0.004 -17"><span class='ocrx_word' id='word_1_513' title='bbox 698 3905 967 3977; x_wconf 87' lang='lat' dir='ltr'><strong>petiisset,</strong></span> <span class='ocrx_word' id='word_1_514' title='bbox 995 3901 1085 3957; x_wconf 88' lang='lat' dir='ltr'><strong>illa</strong></span> <span class='ocrx_word' id='word_1_515' title='bbox 1127 3917 1250 3958; x_wconf 89' lang='lat' dir='ltr'><strong>sese</strong></span> <span class='ocrx_word' id='word_1_516' title='bbox 1292 3901 1637 3957; x_wconf 82' lang='lat' dir='ltr'><strong>Aristotelica</strong></span> <span class='ocrx_word' id='word_1_517' title='bbox 1671 3901 1922 3970; x_wconf 88' lang='lat' dir='ltr'><strong>ignorare</strong></span> <span class='ocrx_word' id='word_1_518' title='bbox 1950 3900 2285 3955; x_wconf 85' lang='lat' dir='ltr'><strong>confessum.</strong></span> 
     </span>
    </p>
   </div>
   <div class='ocr_carea' id='block_1_70' title="bbox 697 3993 2290 4069">
    <p class='ocr_par' dir='ltr' id='par_1_70' title="bbox 697 3993 2290 4069">
     <span class='ocr_line' id='line_1_70' title="bbox 697 3993 2290 4069; baseline -0.004 -15"><span class='ocrx_word' id='word_1_519' title='bbox 697 4000 832 4069; x_wconf 83' lang='lat' dir='ltr'><strong>Quae</strong></span> <span class='ocrx_word' id='word_1_520' title='bbox 880 4013 987 4062; x_wconf 92' lang='lat' dir='ltr'><strong>res,</strong></span> <span class='ocrx_word' id='word_1_521' title='bbox 1010 4005 1227 4067; x_wconf 90' lang='lat' dir='ltr'><strong>propter</strong></span> <span class='ocrx_word' id='word_1_522' title='bbox 1267 3995 1448 4064; x_wconf 89' lang='lat' dir='ltr'><strong>operis</strong></span> <span class='ocrx_word' id='word_1_523' title='bbox 1492 3993 1897 4055; x_wconf 78' lang='lat' dir='ltr'><strong>difﬁcultatem,</strong></span> <span class='ocrx_word' id='word_1_524' title='bbox 1939 4008 2165 4051; x_wconf 79' lang='lat' dir='ltr'><strong>necesse</strong></span> <span class='ocrx_word' id='word_1_525' title='bbox 2208 4003 2290 4048; x_wconf 90' lang='lat' dir='ltr'><strong>est</strong></span> 
     </span>
    </p>
   </div>
   <div class='ocr_carea' id='block_1_71' title="bbox 702 4086 2289 4157">
    <p class='ocr_par' dir='ltr' id='par_1_71' title="bbox 702 4086 2289 4157">
     <span class='ocr_line' id='line_1_71' title="bbox 702 4086 2289 4157; baseline -0.006 -9"><span class='ocrx_word' id='word_1_526' title='bbox 702 4092 1001 4148; x_wconf 86' lang='lat' dir='ltr'><strong>auditorem</strong></span> <span class='ocrx_word' id='word_1_527' title='bbox 1036 4089 1224 4145; x_wconf 89' lang='lat' dir='ltr'><strong>reddat</strong></span> <span class='ocrx_word' id='word_1_528' title='bbox 1244 4099 1524 4144; x_wconf 92' lang='lat' dir='ltr'><strong>attentum.</strong></span> <span class='ocrx_word' id='word_1_529' title='bbox 1553 4088 1630 4142; x_wconf 86' lang='lat' dir='ltr'><strong>Ea</strong></span> <span class='ocrx_word' id='word_1_530' title='bbox 1654 4088 1851 4157; x_wconf 90' lang='lat' dir='ltr'><strong>quippe</strong></span> <span class='ocrx_word' id='word_1_531' title='bbox 1880 4102 1987 4141; x_wconf 88' lang='lat' dir='ltr'><strong>non</strong></span> <span class='ocrx_word' id='word_1_532' title='bbox 2017 4086 2289 4156; x_wconf 84' lang='lat' dir='ltr'><strong>negligen-</strong></span> 
     </span>
    </p>
   </div>
   <div class='ocr_carea' id='block_1_72' title="bbox 697 4178 2290 4254">
    <p class='ocr_par' dir='ltr' id='par_1_72' title="bbox 697 4178 2290 4254">
     <span class='ocr_line' id='line_1_72' title="bbox 697 4178 2290 4254; baseline -0.005 -14"><span class='ocrx_word' id='word_1_533' title='bbox 697 4195 780 4240; x_wconf 89' lang='lat' dir='ltr'><strong>tes</strong></span> <span class='ocrx_word' id='word_1_534' title='bbox 809 4181 1144 4254; x_wconf 88' lang='lat' dir='ltr'><strong>inspicimus,</strong></span> <span class='ocrx_word' id='word_1_535' title='bbox 1170 4198 1292 4251; x_wconf 82' lang='lat' dir='ltr'><strong>quae</strong></span> <span class='ocrx_word' id='word_1_536' title='bbox 1326 4197 1431 4236; x_wconf 92' lang='lat' dir='ltr'><strong>non</strong></span> <span class='ocrx_word' id='word_1_537' title='bbox 1457 4181 1627 4236; x_wconf 83' lang='lat' dir='ltr'><strong>facilis</strong></span> <span class='ocrx_word' id='word_1_538' title='bbox 1655 4196 1776 4235; x_wconf 74' lang='lat' dir='ltr'><strong>esse</strong></span> <span class='ocrx_word' id='word_1_539' title='bbox 1806 4178 2172 4249; x_wconf 70' lang='lat' dir='ltr'><strong>iutelligentim</strong></span> <span class='ocrx_word' id='word_1_540' title='bbox 2200 4194 2290 4233; x_wconf 90' lang='lat' dir='ltr'><strong>su-</strong></span> 
     </span>
    </p>
   </div>
   <div class='ocr_carea' id='block_1_73' title="bbox 698 4272 2287 4348">
    <p class='ocr_par' dir='ltr' id='par_1_73' title="bbox 698 4272 2287 4348">
     <span class='ocr_line' id='line_1_73' title="bbox 698 4272 2287 4348; baseline -0.004 -16"><span class='ocrx_word' id='word_1_541' title='bbox 698 4278 1003 4348; x_wconf 84' lang='lat' dir='ltr'><strong>spicamur,</strong></span> <span class='ocrx_word' id='word_1_542' title='bbox 1038 4278 1089 4331; x_wconf 94' lang='lat' dir='ltr'><strong>in</strong></span> <span class='ocrx_word' id='word_1_543' title='bbox 1119 4291 1225 4344; x_wconf 89' lang='lat' dir='ltr'><strong>quo</strong></span> <span class='ocrx_word' id='word_1_544' title='bbox 1265 4276 1426 4331; x_wconf 88' lang='lat' dir='ltr'><strong>etiam</strong></span> <span class='ocrx_word' id='word_1_545' title='bbox 1459 4275 1649 4331; x_wconf 83' lang='lat' dir='ltr'><strong>Cicero</strong></span> <span class='ocrx_word' id='word_1_546' title='bbox 1682 4274 1905 4327; x_wconf 86' lang='lat' dir='ltr'><strong>minime</strong></span> <span class='ocrx_word' id='word_1_547' title='bbox 1942 4288 2002 4326; x_wconf 89' lang='lat' dir='ltr'><strong>se</strong></span> <span class='ocrx_word' id='word_1_548' title='bbox 2034 4272 2287 4326; x_wconf 89' lang='lat' dir='ltr'><strong>miratum</strong></span> 
     </span>
    </p>
   </div>
   <div class='ocr_carea' id='block_1_74' title="bbox 698 4363 2289 4435">
    <p class='ocr_par' dir='ltr' id='par_1_74' title="bbox 698 4363 2289 4435">
     <span class='ocr_line' id='line_1_74' title="bbox 698 4363 2289 4435; baseline -0.004 -13"><span class='ocrx_word' id='word_1_549' title='bbox 698 4382 821 4423; x_wconf 89' lang='lat' dir='ltr'><strong>esse</strong></span> <span class='ocrx_word' id='word_1_550' title='bbox 862 4374 1272 4430; x_wconf 88' lang='lat' dir='ltr'><strong>commemorat,</strong></span> <span class='ocrx_word' id='word_1_551' title='bbox 1324 4366 1467 4435; x_wconf 87' lang='lat' dir='ltr'><strong>quod</strong></span> <span class='ocrx_word' id='word_1_552' title='bbox 1521 4366 1563 4419; x_wconf 88' lang='lat' dir='ltr'><strong>is</strong></span> <span class='ocrx_word' id='word_1_553' title='bbox 1609 4364 1960 4433; x_wconf 87' lang='lat' dir='ltr'><strong>philosophus</strong></span> <span class='ocrx_word' id='word_1_554' title='bbox 2000 4378 2030 4416; x_wconf 89' lang='lat' dir='ltr'><strong>a</strong></span> <span class='ocrx_word' id='word_1_555' title='bbox 2071 4363 2289 4416; x_wconf 86' lang='lat' dir='ltr'><strong>rhetore</strong></span> 
     </span>
    </p>
   </div>
   <div class='ocr_carea' id='block_1_75' title="bbox 698 4455 2289 4531">
    <p class='ocr_par' dir='ltr' id='par_1_75' title="bbox 698 4455 2289 4531">
     <span class='ocr_line' id='line_1_75' title="bbox 698 4455 2289 4531; baseline -0.004 -16"><span class='ocrx_word' id='word_1_556' title='bbox 698 4462 1017 4529; x_wconf 85' lang='lat' dir='ltr'><strong>nesciretur,</strong></span> <span class='ocrx_word' id='word_1_557' title='bbox 1066 4457 1158 4531; x_wconf 91' lang='lat' dir='ltr'><strong>qui</strong></span> <span class='ocrx_word' id='word_1_558' title='bbox 1208 4458 1391 4513; x_wconf 90' lang='lat' dir='ltr'><strong>multis</strong></span> <span class='ocrx_word' id='word_1_559' title='bbox 1438 4460 1601 4512; x_wconf 86' lang='lat' dir='ltr'><strong>etiam</strong></span> <span class='ocrx_word' id='word_1_560' title='bbox 1653 4455 1989 4527; x_wconf 80' lang='lat' dir='ltr'><strong>philoSOphis</strong></span> <span class='ocrx_word' id='word_1_561' title='bbox 2018 4455 2289 4510; x_wconf 87' lang='lat' dir='ltr'><strong>videretur</strong></span> 
     </span>
    </p>
   </div>
   <div class='ocr_carea' id='block_1_76' title="bbox 698 4547 2287 4621">
    <p class='ocr_par' dir='ltr' id='par_1_76' title="bbox 698 4547 2287 4621">
     <span class='ocr_line' id='line_1_76' title="bbox 698 4547 2287 4621; baseline -0.006 -14"><span class='ocrx_word' id='word_1_562' title='bbox 698 4551 1022 4621; x_wconf 85' lang='lat' dir='ltr'><strong>incognitus.</strong></span> <span class='ocrx_word' id='word_1_563' title='bbox 1083 4551 1320 4618; x_wconf 90' lang='lat' dir='ltr'><strong>Quorum</strong></span> <span class='ocrx_word' id='word_1_564' title='bbox 1368 4549 1529 4605; x_wconf 88' lang='lat' dir='ltr'><strong>etiam</strong></span> <span class='ocrx_word' id='word_1_565' title='bbox 1573 4548 1697 4618; x_wconf 88' lang='lat' dir='ltr'><strong>jure</strong></span> <span class='ocrx_word' id='word_1_566' title='bbox 1751 4547 1931 4616; x_wconf 90' lang='lat' dir='ltr'><strong>culpat</strong></span> <span class='ocrx_word' id='word_1_567' title='bbox 1979 4547 2242 4618; x_wconf 89' lang='lat' dir='ltr'><strong>ignaviam</strong></span> <span class='ocrx_word' id='word_1_568' title='bbox 2271 4586 2287 4610; x_wconf 94' lang='lat'><strong>,</strong></span> 
     </span>
    </p>
   </div>
   <div class='ocr_carea' id='block_1_77' title="bbox 698 4642 2286 4715">
    <p class='ocr_par' dir='ltr' id='par_1_77' title="bbox 698 4642 2286 4715">
     <span class='ocr_line' id='line_1_77' title="bbox 698 4642 2286 4715; baseline -0.003 -16"><span class='ocrx_word' id='word_1_569' title='bbox 698 4645 839 4715; x_wconf 83' lang='lat' dir='ltr'><strong>quod</strong></span> <span class='ocrx_word' id='word_1_570' title='bbox 888 4644 954 4698; x_wconf 86' lang='lat' dir='ltr'><strong>ad</strong></span> <span class='ocrx_word' id='word_1_571' title='bbox 1004 4643 1363 4699; x_wconf 78' lang='lat' dir='ltr'><strong>Aristotelicac</strong></span> <span class='ocrx_word' id='word_1_572' title='bbox 1407 4642 1766 4713; x_wconf 70' lang='lat' dir='ltr'><strong>philosophiae.</strong></span> <span class='ocrx_word' id='word_1_573' title='bbox 1812 4642 2151 4713; x_wconf 88' lang='lat' dir='ltr'><strong>disciplinam</strong></span> <span class='ocrx_word' id='word_1_574' title='bbox 2180 4656 2286 4696; x_wconf 91' lang='lat' dir='ltr'><strong>non</strong></span> 
     </span>
    </p>
   </div>
   <div class='ocr_carea' id='block_1_78' title="bbox 700 4705 2369 4803">
    <p class='ocr_par' dir='ltr' id='par_1_78' title="bbox 700 4705 2369 4803">
     <span class='ocr_line' id='line_1_78' title="bbox 700 4705 2369 4803; baseline -0.002 -10"><span class='ocrx_word' id='word_1_575' title='bbox 700 4738 1039 4795; x_wconf 83' lang='lat' dir='ltr'><strong>inventorum</strong></span> <span class='ocrx_word' id='word_1_576' title='bbox 1089 4737 1308 4803; x_wconf 89' lang='lat' dir='ltr'><strong>utilitas,</strong></span> <span class='ocrx_word' id='word_1_577' title='bbox 1339 4752 1447 4791; x_wconf 92' lang='lat' dir='ltr'><strong>non</strong></span> <span class='ocrx_word' id='word_1_578' title='bbox 1477 4737 1738 4791; x_wconf 86' lang='lat' dir='ltr'><strong>orationis</strong></span> <span class='ocrx_word' id='word_1_579' title='bbox 1769 4737 1910 4793; x_wconf 91' lang='lat' dir='ltr'><strong>nitor</strong></span> <span class='ocrx_word' id='word_1_580' title='bbox 1940 4736 2195 4791; x_wconf 75' lang='lat' dir='ltr'><strong>illexerit.</strong></span> <span class='ocrx_word' id='word_1_581' title='bbox 2231 4736 2284 4790; x_wconf 89' lang='lat' dir='ltr'><strong>In</strong></span> <span class='ocrx_word' id='word_1_582' title='bbox 2312 4705 2369 4769; x_wconf 77' lang='grc' dir='ltr'><strong>Ῑ)</strong></span> 
     </span>
    </p>
   </div>
   <div class='ocr_carea' id='block_1_79' title="bbox 700 4826 2284 4898">
    <p class='ocr_par' dir='ltr' id='par_1_79' title="bbox 700 4826 2284 4898">
     <span class='ocr_line' id='line_1_79' title="bbox 700 4826 2284 4898; baseline 0.002 -19"><span class='ocrx_word' id='word_1_583' title='bbox 700 4845 808 4898; x_wconf 86' lang='lat' dir='ltr'><strong>quo</strong></span> <span class='ocrx_word' id='word_1_584' title='bbox 840 4829 1001 4883; x_wconf 90' lang='lat' dir='ltr'><strong>etiam</strong></span> <span class='ocrx_word' id='word_1_585' title='bbox 1028 4826 1247 4895; x_wconf 88' lang='lat' dir='ltr'><strong>majoris</strong></span> <span class='ocrx_word' id='word_1_586' title='bbox 1275 4826 1627 4898; x_wconf 74' lang='lat' dir='ltr'><strong>perspicacia:</strong></span> <span class='ocrx_word' id='word_1_587' title='bbox 1651 4828 1849 4883; x_wconf 89' lang='lat' dir='ltr'><strong>crescit</strong></span> <span class='ocrx_word' id='word_1_588' title='bbox 1880 4829 2129 4893; x_wconf 87' lang='lat' dir='ltr'><strong>attentio,</strong></span> <span class='ocrx_word' id='word_1_589' title='bbox 2160 4828 2284 4898; x_wconf 84' lang='lat' dir='ltr'><strong>quia</strong></span> 
     </span>
    </p>
   </div>
   <div class='ocr_carea' id='block_1_80' title="bbox 697 4919 2283 4992">
    <p class='ocr_par' dir='ltr' id='par_1_80' title="bbox 697 4919 2283 4992">
     <span class='ocr_line' id='line_1_80' title="bbox 697 4919 2283 4992; baseline 0.001 -18"><span class='ocrx_word' id='word_1_590' title='bbox 697 4919 856 4976; x_wconf 76' lang='lat' dir='ltr'><strong>facile</strong></span> <span class='ocrx_word' id='word_1_591' title='bbox 885 4921 951 4975; x_wconf 90' lang='lat' dir='ltr'><strong>ad</strong></span> <span class='ocrx_word' id='word_1_592' title='bbox 983 4920 1219 4975; x_wconf 91' lang='lat' dir='ltr'><strong>studium</strong></span> <span class='ocrx_word' id='word_1_593' title='bbox 1250 4929 1480 4989; x_wconf 91' lang='lat' dir='ltr'><strong>mentes,</strong></span> <span class='ocrx_word' id='word_1_594' title='bbox 1512 4921 1738 4975; x_wconf 89' lang='lat' dir='ltr'><strong>aliorum</strong></span> <span class='ocrx_word' id='word_1_595' title='bbox 1771 4922 2028 4992; x_wconf 77' lang='lat' dir='ltr'><strong>segnities</strong></span> <span class='ocrx_word' id='word_1_596' title='bbox 2069 4922 2283 4988; x_wconf 87' lang='lat' dir='ltr'><strong>culpata</strong></span> 
     </span>
    </p>
   </div>
   <div class='ocr_carea' id='block_1_81' title="bbox 697 5013 2287 5083">
    <p class='ocr_par' dir='ltr' id='par_1_81' title="bbox 697 5013 2287 5083">
     <span class='ocr_line' id='line_1_81' title="bbox 697 5013 2287 5083; baseline -0.002 -12"><span class='ocrx_word' id='word_1_597' title='bbox 697 5014 1049 5078; x_wconf 78' lang='lat' dir='ltr'><strong>converterit,</strong></span> <span class='ocrx_word' id='word_1_598' title='bbox 1074 5027 1393 5082; x_wconf 89' lang='lat' dir='ltr'><strong>quocunque</strong></span> <span class='ocrx_word' id='word_1_599' title='bbox 1424 5029 1549 5069; x_wconf 87' lang='lat' dir='ltr'><strong>vero</strong></span> <span class='ocrx_word' id='word_1_600' title='bbox 1576 5015 1803 5069; x_wconf 88' lang='lat' dir='ltr'><strong>attentio</strong></span> <span class='ocrx_word' id='word_1_601' title='bbox 1834 5013 2017 5077; x_wconf 80' lang='lat' dir='ltr'><strong>fuerit.</strong></span> <span class='ocrx_word' id='word_1_602' title='bbox 2049 5028 2156 5068; x_wconf 92' lang='lat' dir='ltr'><strong>non</strong></span> <span class='ocrx_word' id='word_1_603' title='bbox 2190 5029 2287 5083; x_wconf 86' lang='lat' dir='ltr'><strong>po-</strong></span> 
     </span>
    </p>
   </div>
   <div class='ocr_carea' id='block_1_82' title="bbox 698 5102 2282 5173">
    <p class='ocr_par' dir='ltr' id='par_1_82' title="bbox 698 5102 2282 5173">
     <span class='ocr_line' id='line_1_82' title="bbox 698 5102 2282 5173; baseline 0 -13"><span class='ocrx_word' id='word_1_604' title='bbox 698 5108 826 5160; x_wconf 85' lang='lat' dir='ltr'><strong>terit</strong></span> <span class='ocrx_word' id='word_1_605' title='bbox 866 5105 1055 5159; x_wconf 81' lang='lat' dir='ltr'><strong>abesse</strong></span> <span class='ocrx_word' id='word_1_606' title='bbox 1100 5102 1370 5159; x_wconf 85' lang='lat' dir='ltr'><strong>docilitas.</strong></span> <span class='ocrx_word' id='word_1_607' title='bbox 1414 5103 1473 5158; x_wconf 84' lang='lat' dir='ltr'><strong>in</strong></span> <span class='ocrx_word' id='word_1_608' title='bbox 1522 5104 1606 5160; x_wconf 89' lang='lat' dir='ltr'><strong>his</strong></span> <span class='ocrx_word' id='word_1_609' title='bbox 1656 5105 1821 5160; x_wconf 91' lang='lat' dir='ltr'><strong>etiam</strong></span> <span class='ocrx_word' id='word_1_610' title='bbox 1871 5105 1990 5159; x_wconf 89' lang='lat' dir='ltr'><strong>laus</strong></span> <span class='ocrx_word' id='word_1_611' title='bbox 2039 5106 2282 5173; x_wconf 60' lang='lat' dir='ltr'><strong>quatdam</strong></span> 
     </span>
    </p>
   </div>
   <div class='ocr_carea' id='block_1_83' title="bbox 695 5196 2286 5269">
    <p class='ocr_par' dir='ltr' id='par_1_83' title="bbox 695 5196 2286 5269">
     <span class='ocr_line' id='line_1_83' title="bbox 695 5196 2286 5269; baseline 0 -15"><span class='ocrx_word' id='word_1_612' title='bbox 695 5197 936 5254; x_wconf 84' lang='lat' dir='ltr'><strong>Trebatii</strong></span> <span class='ocrx_word' id='word_1_613' title='bbox 1009 5197 1241 5252; x_wconf 84' lang='lat' dir='ltr'><strong>latenter</strong></span> <span class='ocrx_word' id='word_1_614' title='bbox 1269 5196 1555 5253; x_wconf 87' lang='lat' dir='ltr'><strong>inducitur.</strong></span> <span class='ocrx_word' id='word_1_615' title='bbox 1600 5198 1847 5269; x_wconf 80' lang='lat' dir='ltr'><strong>Magnum</strong></span> <span class='ocrx_word' id='word_1_616' title='bbox 1884 5208 1967 5253; x_wconf 82' lang='lat' dir='ltr'><strong>est</strong></span> <span class='ocrx_word' id='word_1_617' title='bbox 1992 5198 2132 5253; x_wconf 90' lang='lat' dir='ltr'><strong>enim</strong></span> <span class='ocrx_word' id='word_1_618' title='bbox 2167 5201 2286 5269; x_wconf 80' lang='lat' dir='ltr'><strong>phi-</strong></span> 
     </span>
    </p>
   </div>
   <div class='ocr_carea' id='block_1_84' title="bbox 695 5290 2286 5362">
    <p class='ocr_par' dir='ltr' id='par_1_84' title="bbox 695 5290 2286 5362">
     <span class='ocr_line' id='line_1_84' title="bbox 695 5290 2286 5362; baseline 0.001 -14"><span class='ocrx_word' id='word_1_619' title='bbox 695 5291 938 5361; x_wconf 78' lang='lat' dir='ltr'><strong>loSOpbis</strong></span> <span class='ocrx_word' id='word_1_620' title='bbox 978 5292 1034 5348; x_wconf 91' lang='lat' dir='ltr'><strong>in</strong></span> <span class='ocrx_word' id='word_1_621' title='bbox 1076 5306 1176 5347; x_wconf 88' lang='lat' dir='ltr'><strong>suo</strong></span> <span class='ocrx_word' id='word_1_622' title='bbox 1220 5290 1375 5362; x_wconf 90' lang='lat' dir='ltr'><strong>quasi</strong></span> <span class='ocrx_word' id='word_1_623' title='bbox 1419 5306 1644 5347; x_wconf 85' lang='lat' dir='ltr'><strong>munere</strong></span> <span class='ocrx_word' id='word_1_624' title='bbox 1671 5290 2009 5346; x_wconf 86' lang='lat' dir='ltr'><strong>cessantibus</strong></span> <span class='ocrx_word' id='word_1_625' title='bbox 2049 5290 2191 5348; x_wconf 92' lang='lat' dir='ltr'><strong>hunc</strong></span> <span class='ocrx_word' id='word_1_626' title='bbox 2219 5308 2286 5350; x_wconf 87' lang='lat' dir='ltr'><strong>ne</strong></span> 
     </span>
    </p>
   </div>
   <div class='ocr_carea' id='block_1_85' title="bbox 696 5385 2285 5460">
    <p class='ocr_par' dir='ltr' id='par_1_85' title="bbox 696 5385 2285 5460">
     <span class='ocr_line' id='line_1_85' title="bbox 696 5385 2285 5460; baseline 0 -17"><span class='ocrx_word' id='word_1_627' title='bbox 696 5389 915 5459; x_wconf 90' lang='lat' dir='ltr'><strong>proprio</strong></span> <span class='ocrx_word' id='word_1_628' title='bbox 944 5389 1160 5460; x_wconf 91' lang='lat' dir='ltr'><strong>quidem</strong></span> <span class='ocrx_word' id='word_1_629' title='bbox 1201 5387 1380 5443; x_wconf 91' lang='lat' dir='ltr'><strong>studio</strong></span> <span class='ocrx_word' id='word_1_630' title='bbox 1405 5385 1758 5458; x_wconf 73' lang='lat' dir='ltr'><strong>prazpeditum</strong></span> <span class='ocrx_word' id='word_1_631' title='bbox 1779 5426 1794 5451; x_wconf 91' lang='lat'><strong>,</strong></span> <span class='ocrx_word' id='word_1_632' title='bbox 1826 5386 2015 5443; x_wconf 64' lang='lat' dir='ltr'><strong>alienae</strong></span> <span class='ocrx_word' id='word_1_633' title='bbox 2046 5386 2285 5443; x_wconf 65' lang='lat' dir='ltr'><strong>scientiae</strong></span> 
     </span>
    </p>
   </div>
   <div class='ocr_carea' id='block_1_86' title="bbox 696 5480 2286 5549">
    <p class='ocr_par' dir='ltr' id='par_1_86' title="bbox 696 5480 2286 5549">
     <span class='ocr_line' id='line_1_86' title="bbox 696 5480 2286 5549; baseline -0.001 -14"><span class='ocrx_word' id='word_1_634' title='bbox 696 5490 903 5538; x_wconf 84' lang='lat' dir='ltr'><strong>secreta</strong></span> <span class='ocrx_word' id='word_1_635' title='bbox 926 5480 1132 5537; x_wconf 89' lang='lat' dir='ltr'><strong>rimari.</strong></span> <span class='ocrx_word' id='word_1_636' title='bbox 1160 5481 1279 5537; x_wconf 87' lang='lat' dir='ltr'><strong>Jam</strong></span> <span class='ocrx_word' id='word_1_637' title='bbox 1310 5495 1442 5536; x_wconf 91' lang='lat' dir='ltr'><strong>vero</strong></span> <span class='ocrx_word' id='word_1_638' title='bbox 1472 5480 1752 5549; x_wconf 87' lang='lat' dir='ltr'><strong>sequentia</strong></span> <span class='ocrx_word' id='word_1_639' title='bbox 1781 5481 1949 5535; x_wconf 90' lang='lat' dir='ltr'><strong>multo</strong></span> <span class='ocrx_word' id='word_1_640' title='bbox 1978 5480 2142 5535; x_wconf 90' lang='lat' dir='ltr'><strong>etiam</strong></span> <span class='ocrx_word' id='word_1_641' title='bbox 2174 5480 2286 5536; x_wconf 88' lang='lat' dir='ltr'><strong>cla-</strong></span> 
     </span>
    </p>
   </div>
   <div class='ocr_carea' id='block_1_87' title="bbox 695 5571 2284 5642">
    <p class='ocr_par' dir='ltr' id='par_1_87' title="bbox 695 5571 2284 5642">
     <span class='ocr_line' id='line_1_87' title="bbox 695 5571 2284 5642; baseline -0.001 -16"><span class='ocrx_word' id='word_1_642' title='bbox 695 5571 809 5627; x_wconf 78' lang='lat' dir='ltr'><strong>rius</strong></span> <span class='ocrx_word' id='word_1_643' title='bbox 839 5572 1268 5628; x_wconf 85' lang='lat' dir='ltr'><strong>benevolentiam</strong></span> <span class='ocrx_word' id='word_1_644' title='bbox 1313 5582 1529 5642; x_wconf 86' lang='lat' dir='ltr'><strong>petunt,</strong></span> <span class='ocrx_word' id='word_1_645' title='bbox 1572 5572 1716 5627; x_wconf 89' lang='lat' dir='ltr'><strong>velut</strong></span> <span class='ocrx_word' id='word_1_646' title='bbox 1759 5571 1864 5626; x_wconf 90' lang='lat' dir='ltr'><strong>hoc</strong></span> <span class='ocrx_word' id='word_1_647' title='bbox 1897 5572 2037 5642; x_wconf 88' lang='lat' dir='ltr'><strong>quod</strong></span> <span class='ocrx_word' id='word_1_648' title='bbox 2067 5571 2284 5640; x_wconf 86' lang='lat' dir='ltr'><strong>elegan-</strong></span> 
     </span>
    </p>
   </div>
   <div class='ocr_carea' id='block_1_88' title="bbox 698 5662 2284 5729">
    <p class='ocr_par' dir='ltr' id='par_1_88' title="bbox 698 5662 2284 5729">
     <span class='ocr_line' id='line_1_88' title="bbox 698 5662 2284 5729; baseline 0.001 -12"><span class='ocrx_word' id='word_1_649' title='bbox 698 5663 904 5719; x_wconf 77' lang='lat' dir='ltr'><strong>tissime</strong></span> <span class='ocrx_word' id='word_1_650' title='bbox 929 5664 1128 5721; x_wconf 87' lang='lat' dir='ltr'><strong>dictum</strong></span> <span class='ocrx_word' id='word_1_651' title='bbox 1157 5674 1241 5719; x_wconf 90' lang='lat' dir='ltr'><strong>est</strong></span> <span class='ocrx_word' id='word_1_652' title='bbox 1265 5705 1281 5728; x_wconf 94' lang='lat'><strong>,</strong></span> <span class='ocrx_word' id='word_1_653' title='bbox 1320 5665 1547 5721; x_wconf 91' lang='lat' dir='ltr'><strong>veritum</strong></span> <span class='ocrx_word' id='word_1_654' title='bbox 1576 5680 1637 5721; x_wconf 88' lang='lat' dir='ltr'><strong>se</strong></span> <span class='ocrx_word' id='word_1_655' title='bbox 1664 5679 1786 5720; x_wconf 88' lang='lat' dir='ltr'><strong>esse</strong></span> <span class='ocrx_word' id='word_1_656' title='bbox 1826 5678 1896 5720; x_wconf 91' lang='lat' dir='ltr'><strong>ne</strong></span> <span class='ocrx_word' id='word_1_657' title='bbox 1919 5704 1933 5729; x_wconf 95' lang='lat'><strong>,</strong></span> <span class='ocrx_word' id='word_1_658' title='bbox 1966 5664 2012 5718; x_wconf 91' lang='lat' dir='ltr'><strong>si</strong></span> <span class='ocrx_word' id='word_1_659' title='bbox 2042 5662 2284 5719; x_wconf 86' lang='lat' dir='ltr'><strong>modeste</strong></span> 
     </span>
    </p>
   </div>
   <div class='ocr_carea' id='block_1_89' title="bbox 697 5755 2282 5825">
    <p class='ocr_par' dir='ltr' id='par_1_89' title="bbox 697 5755 2282 5825">
     <span class='ocr_line' id='line_1_89' title="bbox 697 5755 2282 5825; baseline -0.001 -15"><span class='ocrx_word' id='word_1_660' title='bbox 697 5756 1017 5823; x_wconf 83' lang='lat' dir='ltr'><strong>postulantis</strong></span> <span class='ocrx_word' id='word_1_661' title='bbox 1061 5755 1402 5811; x_wconf 75' lang='lat' dir='ltr'><strong>verecundia:</strong></span> <span class='ocrx_word' id='word_1_662' title='bbox 1449 5764 1835 5825; x_wconf 83' lang='lat' dir='ltr'><strong>pernegasset,</strong></span> <span class='ocrx_word' id='word_1_663' title='bbox 1880 5756 1981 5825; x_wconf 87' lang='lat' dir='ltr'><strong>ipsi</strong></span> <span class='ocrx_word' id='word_1_664' title='bbox 2019 5755 2282 5825; x_wconf 89' lang='lat' dir='ltr'><strong>quodam-</strong></span> 
     </span>
    </p>
   </div>
   <div class='ocr_carea' id='block_1_90' title="bbox 697 5844 2279 5915">
    <p class='ocr_par' dir='ltr' id='par_1_90' title="bbox 697 5844 2279 5915">
     <span class='ocr_line' id='line_1_90' title="bbox 697 5844 2279 5915; baseline 0.002 -16"><span class='ocrx_word' id='word_1_665' title='bbox 697 5844 858 5899; x_wconf 86' lang='lat' dir='ltr'><strong>modo</strong></span> <span class='ocrx_word' id='word_1_666' title='bbox 880 5844 1015 5911; x_wconf 87' lang='lat' dir='ltr'><strong>juris</strong></span> <span class='ocrx_word' id='word_1_667' title='bbox 1053 5846 1329 5915; x_wconf 84' lang='lat' dir='ltr'><strong>interpreti</strong></span> <span class='ocrx_word' id='word_1_668' title='bbox 1361 5845 1477 5901; x_wconf 88' lang='lat' dir='ltr'><strong>ﬁeri</strong></span> <span class='ocrx_word' id='word_1_669' title='bbox 1508 5844 1781 5902; x_wconf 83' lang='lat' dir='ltr'><strong>videretur</strong></span> <span class='ocrx_word' id='word_1_670' title='bbox 1803 5844 2020 5913; x_wconf 82' lang='lat' dir='ltr'><strong>injuria,</strong></span> <span class='ocrx_word' id='word_1_671' title='bbox 2055 5855 2111 5901; x_wconf 90' lang='lat' dir='ltr'><strong>et</strong></span> <span class='ocrx_word' id='word_1_672' title='bbox 2139 5848 2279 5915; x_wconf 89' lang='lat' dir='ltr'><strong>quod</strong></span> 
     </span>
    </p>
   </div>
   <div class='ocr_carea' id='block_1_91' title="bbox 696 5934 2280 6010">
    <p class='ocr_par' dir='ltr' id='par_1_91' title="bbox 696 5934 2280 6010">
     <span class='ocr_line' id='line_1_91' title="bbox 696 5934 2280 6010; baseline 0.005 -19"><span class='ocrx_word' id='word_1_673' title='bbox 696 5934 1009 6004; x_wconf 68' lang='lat' dir='ltr'><strong>praecedens</strong></span> <span class='ocrx_word' id='word_1_674' title='bbox 1024 5936 1261 5995; x_wconf 85' lang='lat' dir='ltr'><strong>Trebatii</strong></span> <span class='ocrx_word' id='word_1_675' title='bbox 1283 5934 1530 5993; x_wconf 87' lang='lat' dir='ltr'><strong>meritum</strong></span> <span class='ocrx_word' id='word_1_676' title='bbox 1551 5939 1790 6010; x_wconf 83' lang='lat' dir='ltr'><strong>percepti</strong></span> <span class='ocrx_word' id='word_1_677' title='bbox 1807 5935 2051 5996; x_wconf 83' lang='lat' dir='ltr'><strong>beneﬁcii</strong></span> <span class='ocrx_word' id='word_1_678' title='bbox 2074 5954 2280 5999; x_wconf 87' lang='lat' dir='ltr'><strong>memor</strong></span> 
     </span>
    </p>
   </div>
   <div class='ocr_carea' id='block_1_92' title="bbox 2393 3430 3987 3507">
    <p class='ocr_par' dir='ltr' id='par_1_92' title="bbox 2393 3430 3987 3507">
     <span class='ocr_line' id='line_1_92' title="bbox 2393 3430 3987 3507; baseline -0.001 -23"><span class='ocrx_word' id='word_1_679' title='bbox 2393 3431 2553 3503; x_wconf 87' lang='lat' dir='ltr'><strong>glecti</strong></span> <span class='ocrx_word' id='word_1_680' title='bbox 2584 3431 2904 3499; x_wconf 83' lang='lat' dir='ltr'><strong>integritatis</strong></span> <span class='ocrx_word' id='word_1_681' title='bbox 2929 3433 3155 3503; x_wconf 86' lang='lat' dir='ltr'><strong>stringat</strong></span> <span class='ocrx_word' id='word_1_682' title='bbox 3184 3433 3406 3507; x_wconf 86' lang='lat' dir='ltr'><strong>invidia.</strong></span> <span class='ocrx_word' id='word_1_683' title='bbox 3436 3432 3567 3487; x_wconf 86' lang='lat' dir='ltr'><strong>Nam</strong></span> <span class='ocrx_word' id='word_1_684' title='bbox 3600 3448 3695 3486; x_wconf 89' lang='lat' dir='ltr'><strong>nec</strong></span> <span class='ocrx_word' id='word_1_685' title='bbox 3715 3430 3767 3484; x_wconf 91' lang='lat' dir='ltr'><strong>in</strong></span> <span class='ocrx_word' id='word_1_686' title='bbox 3793 3431 3987 3499; x_wconf 86' lang='lat' dir='ltr'><strong>singu-</strong></span> 
     </span>
    </p>
   </div>
   <div class='ocr_carea' id='block_1_93' title="bbox 2392 3522 3987 3595">
    <p class='ocr_par' dir='ltr' id='par_1_93' title="bbox 2392 3522 3987 3595">
     <span class='ocr_line' id='line_1_93' title="bbox 2392 3522 3987 3595; baseline 0 -18"><span class='ocrx_word' id='word_1_687' title='bbox 2392 3524 2459 3578; x_wconf 89' lang='lat' dir='ltr'><strong>lis</strong></span> <span class='ocrx_word' id='word_1_688' title='bbox 2489 3524 2570 3595; x_wconf 91' lang='lat' dir='ltr'><strong>(ut</strong></span> <span class='ocrx_word' id='word_1_689' title='bbox 2598 3524 2687 3579; x_wconf 91' lang='lat' dir='ltr'><strong>ille</strong></span> <span class='ocrx_word' id='word_1_690' title='bbox 2717 3523 2863 3593; x_wconf 76' lang='lat' dir='ltr'><strong>facit)</strong></span> <span class='ocrx_word' id='word_1_691' title='bbox 2901 3524 3077 3578; x_wconf 85' lang='lat' dir='ltr'><strong>verbis</strong></span> <span class='ocrx_word' id='word_1_692' title='bbox 3119 3525 3326 3579; x_wconf 77' lang='lat' dir='ltr'><strong>luerere</strong></span> <span class='ocrx_word' id='word_1_693' title='bbox 3366 3525 3645 3590; x_wconf 88' lang='lat' dir='ltr'><strong>volumus,</strong></span> <span class='ocrx_word' id='word_1_694' title='bbox 3673 3533 3727 3580; x_wconf 89' lang='lat' dir='ltr'><strong>et</strong></span> <span class='ocrx_word' id='word_1_695' title='bbox 3766 3522 3833 3578; x_wconf 90' lang='lat' dir='ltr'><strong>ad</strong></span> <span class='ocrx_word' id='word_1_696' title='bbox 3864 3538 3987 3578; x_wconf 91' lang='lat' dir='ltr'><strong>am-</strong></span> 
     </span>
    </p>
   </div>
   <div class='ocr_carea' id='block_1_94' title="bbox 2393 3617 3331 3689">
    <p class='ocr_par' dir='ltr' id='par_1_94' title="bbox 2393 3617 3331 3689">
     <span class='ocr_line' id='line_1_94' title="bbox 2393 3617 3331 3689; baseline 0 -17"><span class='ocrx_word' id='word_1_697' title='bbox 2393 3620 2564 3689; x_wconf 88' lang='lat' dir='ltr'><strong>pliora</strong></span> <span class='ocrx_word' id='word_1_698' title='bbox 2600 3619 2759 3688; x_wconf 75' lang='lat' dir='ltr'><strong>hujus</strong></span> <span class='ocrx_word' id='word_1_699' title='bbox 2788 3620 2975 3688; x_wconf 83' lang='lat' dir='ltr'><strong>Operis</strong></span> <span class='ocrx_word' id='word_1_700' title='bbox 2998 3617 3331 3673; x_wconf 75' lang='lat' dir='ltr'><strong>festinamus.</strong></span> 
     </span>
    </p>
   </div>
   <div class='ocr_carea' id='block_1_95' title="bbox 2464 3720 3981 3791">
    <p class='ocr_par' dir='ltr' id='par_1_95' title="bbox 2464 3720 3981 3791">
     <span class='ocr_line' id='line_1_95' title="bbox 2464 3720 3981 3791; baseline -0.003 -16"><span class='ocrx_word' id='word_1_701' title='bbox 2464 3720 2593 3775; x_wconf 83' lang='lat' dir='ltr'><strong>Cum</strong></span> <span class='ocrx_word' id='word_1_702' title='bbox 2635 3722 2798 3775; x_wconf 86' lang='lat' dir='ltr'><strong>omnis</strong></span> <span class='ocrx_word' id='word_1_703' title='bbox 2844 3721 2977 3774; x_wconf 80' lang='lat' dir='ltr'><strong>ratio</strong></span> <span class='ocrx_word' id='word_1_704' title='bbox 3019 3721 3238 3791; x_wconf 83' lang='lat' dir='ltr'><strong>diligens</strong></span> <span class='ocrx_word' id='word_1_705' title='bbox 3283 3721 3569 3779; x_wconf 74' lang='lat' dir='ltr'><strong>disserendi</strong></span> <span class='ocrx_word' id='word_1_706' title='bbox 3617 3721 3749 3773; x_wconf 86' lang='lat' dir='ltr'><strong>duas</strong></span> <span class='ocrx_word' id='word_1_707' title='bbox 3793 3720 3981 3773; x_wconf 75' lang='lat' dir='ltr'><strong>habent</strong></span> 
     </span>
    </p>
   </div>
   <div class='ocr_carea' id='block_1_96' title="bbox 2393 3812 3983 3883">
    <p class='ocr_par' dir='ltr' id='par_1_96' title="bbox 2393 3812 3983 3883">
     <span class='ocr_line' id='line_1_96' title="bbox 2393 3812 3983 3883; baseline -0.002 -17"><span class='ocrx_word' id='word_1_708' title='bbox 2393 3822 2591 3883; x_wconf 85' lang='lat' dir='ltr'><strong>partes,</strong></span> <span class='ocrx_word' id='word_1_709' title='bbox 2624 3829 2779 3866; x_wconf 83' lang='lat' dir='ltr'><strong>unum</strong></span> <span class='ocrx_word' id='word_1_710' title='bbox 2808 3812 3113 3879; x_wconf 74' lang='lat' dir='ltr'><strong>inveniendi,</strong></span> <span class='ocrx_word' id='word_1_711' title='bbox 3146 3815 3364 3867; x_wconf 83' lang='lat' dir='ltr'><strong>alteram</strong></span> <span class='ocrx_word' id='word_1_712' title='bbox 3383 3812 3679 3881; x_wconf 87' lang='lat' dir='ltr'><strong>judicandi.</strong></span> <span class='ocrx_word' id='word_1_713' title='bbox 3715 3813 3983 3881; x_wconf 80' lang='lat' dir='ltr'><strong>utriusque</strong></span> 
     </span>
    </p>
   </div>
   <div class='ocr_carea' id='block_1_97' title="bbox 2395 3904 3980 3975">
    <p class='ocr_par' dir='ltr' id='par_1_97' title="bbox 2395 3904 3980 3975">
     <span class='ocr_line' id='line_1_97' title="bbox 2395 3904 3980 3975; baseline -0.001 -18"><span class='ocrx_word' id='word_1_714' title='bbox 2395 3906 2652 3974; x_wconf 80' lang='lat' dir='ltr'><strong>princeps,</strong></span> <span class='ocrx_word' id='word_1_715' title='bbox 2676 3914 2730 3957; x_wconf 82' lang='lat' dir='ltr'><strong>ut</strong></span> <span class='ocrx_word' id='word_1_716' title='bbox 2754 3904 2876 3957; x_wconf 79' lang='lat' dir='ltr'><strong>milii</strong></span> <span class='ocrx_word' id='word_1_717' title='bbox 2896 3906 3099 3975; x_wconf 83' lang='lat' dir='ltr'><strong>quidem</strong></span> <span class='ocrx_word' id='word_1_718' title='bbox 3114 3904 3337 3969; x_wconf 82' lang='lat' dir='ltr'><strong>videtur,</strong></span> <span class='ocrx_word' id='word_1_719' title='bbox 3356 3904 3654 3959; x_wconf 82' lang='lat' dir='ltr'><strong>Aristoteles</strong></span> <span class='ocrx_word' id='word_1_720' title='bbox 3675 3904 3796 3973; x_wconf 78' lang='lat' dir='ltr'><strong>fuit.</strong></span> <span class='ocrx_word' id='word_1_721' title='bbox 3816 3905 3980 3958; x_wconf 77' lang='lat' dir='ltr'><strong>Stoici</strong></span> 
     </span>
    </p>
   </div>
   <div class='ocr_carea' id='block_1_98' title="bbox 2394 3994 3981 4051">
    <p class='ocr_par' dir='ltr' id='par_1_98' title="bbox 2394 3994 3981 4051">
     <span class='ocr_line' id='line_1_98' title="bbox 2394 3994 3981 4051; baseline 0 -2"><span class='ocrx_word' id='word_1_722' title='bbox 2394 4006 2562 4051; x_wconf 84' lang='lat' dir='ltr'><strong>autem</strong></span> <span class='ocrx_word' id='word_1_723' title='bbox 2600 3997 2655 4051; x_wconf 87' lang='lat' dir='ltr'><strong>in</strong></span> <span class='ocrx_word' id='word_1_724' title='bbox 2695 3998 2858 4050; x_wconf 81' lang='lat' dir='ltr'><strong>altera</strong></span> <span class='ocrx_word' id='word_1_725' title='bbox 2903 3996 3309 4051; x_wconf 79' lang='lat' dir='ltr'><strong>elaboraverunt.</strong></span> <span class='ocrx_word' id='word_1_726' title='bbox 3354 3994 3635 4049; x_wconf 75' lang='lat' dir='ltr'><strong>Iudicandi</strong></span> <span class='ocrx_word' id='word_1_727' title='bbox 3680 3997 3815 4050; x_wconf 81' lang='lat' dir='ltr'><strong>enim</strong></span> <span class='ocrx_word' id='word_1_728' title='bbox 3843 3996 3981 4050; x_wconf 78' lang='lat' dir='ltr'><strong>viam</strong></span> 
     </span>
    </p>
   </div>
   <div class='ocr_carea' id='block_1_99' title="bbox 2395 4087 3987 4160">
    <p class='ocr_par' dir='ltr' id='par_1_99' title="bbox 2395 4087 3987 4160">
     <span class='ocr_line' id='line_1_99' title="bbox 2395 4087 3987 4160; baseline 0.002 -19"><span class='ocrx_word' id='word_1_729' title='bbox 2395 4087 2666 4160; x_wconf 83' lang='lat' dir='ltr'><strong>diligenter</strong></span> <span class='ocrx_word' id='word_1_730' title='bbox 2706 4090 2958 4159; x_wconf 81' lang='lat' dir='ltr'><strong>persecuti</strong></span> <span class='ocrx_word' id='word_1_731' title='bbox 2986 4099 3136 4155; x_wconf 81' lang='lat' dir='ltr'><strong>sunt,</strong></span> <span class='ocrx_word' id='word_1_732' title='bbox 3179 4106 3288 4143; x_wconf 85' lang='lat' dir='ltr'><strong>eam</strong></span> <span class='ocrx_word' id='word_1_733' title='bbox 3318 4090 3606 4156; x_wconf 84' lang='lat' dir='ltr'><strong>scientiam,</strong></span> <span class='ocrx_word' id='word_1_734' title='bbox 3636 4107 3790 4160; x_wconf 86' lang='lat' dir='ltr'><strong>quam</strong></span> <span class='ocrx_word' id='word_1_735' title='bbox 3820 4091 3987 4145; x_wconf 76' lang='lat' dir='ltr'><strong>diale-</strong></span> 
     </span>
    </p>
   </div>
   <div class='ocr_carea' id='block_1_100' title="bbox 2393 4180 3986 4258">
    <p class='ocr_par' dir='ltr' id='par_1_100' title="bbox 2393 4180 3986 4258">
     <span class='ocr_line' id='line_1_100' title="bbox 2393 4180 3986 4258; baseline 0.003 -24"><span class='ocrx_word' id='word_1_736' title='bbox 2393 4181 2557 4236; x_wconf 75' lang='lat' dir='ltr'><strong>ctircn</strong></span> <span class='ocrx_word' id='word_1_737' title='bbox 2602 4183 2886 4251; x_wconf 85' lang='lat' dir='ltr'><strong>appellant.</strong></span> <span class='ocrx_word' id='word_1_738' title='bbox 2935 4180 3234 4235; x_wconf 77' lang='lat' dir='ltr'><strong>Inveniendi</strong></span> <span class='ocrx_word' id='word_1_739' title='bbox 3279 4198 3396 4236; x_wconf 80' lang='lat' dir='ltr'><strong>vero</strong></span> <span class='ocrx_word' id='word_1_740' title='bbox 3439 4191 3599 4236; x_wconf 87' lang='lat' dir='ltr'><strong>artem</strong></span> <span class='ocrx_word' id='word_1_741' title='bbox 3637 4199 3747 4252; x_wconf 78' lang='lat' dir='ltr'><strong>qua:</strong></span> <span class='ocrx_word' id='word_1_742' title='bbox 3780 4182 3986 4258; x_wconf 68' lang='lat' dir='ltr'><strong>Topicc</strong></span> 
     </span>
    </p>
   </div>
   <div class='ocr_carea' id='block_1_101' title="bbox 2395 4271 4061 4343">
    <p class='ocr_par' dir='ltr' id='par_1_101' title="bbox 2395 4271 4061 4343">
     <span class='ocr_line' id='line_1_101' title="bbox 2395 4271 4061 4343; baseline 0.005 -20"><span class='ocrx_word' id='word_1_743' title='bbox 2395 4271 2605 4338; x_wconf 79' lang='lat' dir='ltr'><strong>dicitur,</strong></span> <span class='ocrx_word' id='word_1_744' title='bbox 2654 4287 2770 4341; x_wconf 78' lang='lat' dir='ltr'><strong>qua:</strong></span> <span class='ocrx_word' id='word_1_745' title='bbox 2811 4272 2878 4323; x_wconf 85' lang='lat' dir='ltr'><strong>ad</strong></span> <span class='ocrx_word' id='word_1_746' title='bbox 2920 4289 3064 4326; x_wconf 82' lang='lat' dir='ltr'><strong>usum</strong></span> <span class='ocrx_word' id='word_1_747' title='bbox 3115 4276 3283 4343; x_wconf 86' lang='lat' dir='ltr'><strong>potior</strong></span> <span class='ocrx_word' id='word_1_748' title='bbox 3327 4283 3463 4340; x_wconf 84' lang='lat' dir='ltr'><strong>erat,</strong></span> <span class='ocrx_word' id='word_1_749' title='bbox 3495 4284 3541 4329; x_wconf 83' lang='lat' dir='ltr'><strong>et</strong></span> <span class='ocrx_word' id='word_1_750' title='bbox 3572 4274 3752 4329; x_wconf 79' lang='lat' dir='ltr'><strong>ordine</strong></span> <span class='ocrx_word' id='word_1_751' title='bbox 3782 4286 3985 4331; x_wconf 71' lang='lat' dir='ltr'><strong>natura:</strong></span> <span class='ocrx_word' id='word_1_752' title='bbox 4040 4274 4061 4295; x_wconf 89' lang='grc'><strong><em>⁸</em></strong></span> 
     </span>
    </p>
   </div>
   <div class='ocr_carea' id='block_1_102' title="bbox 2396 4348 3991 4439">
    <p class='ocr_par' dir='ltr' id='par_1_102' title="bbox 2396 4348 3991 4439">
     <span class='ocr_line' id='line_1_102' title="bbox 2396 4348 3991 4439; baseline 0.004 -27"><span class='ocrx_word' id='word_1_753' title='bbox 2396 4370 2529 4415; x_wconf 77' lang='lat' dir='ltr'><strong>certe</strong></span> <span class='ocrx_word' id='word_1_754' title='bbox 2554 4363 2717 4429; x_wconf 86' lang='lat' dir='ltr'><strong>prior,</strong></span> <span class='ocrx_word' id='word_1_755' title='bbox 2750 4371 2907 4415; x_wconf 79' lang='lat' dir='ltr'><strong>totam</strong></span> <span class='ocrx_word' id='word_1_756' title='bbox 2951 4364 3307 4433; x_wconf 48' lang='lat' dir='ltr'><strong>reliquerunt.</strong></span> <span class='ocrx_word' id='word_1_757' title='bbox 3341 4364 3453 4420; x_wconf 79' lang='lat' dir='ltr'><strong>Nos</strong></span> <span class='ocrx_word' id='word_1_758' title='bbox 3492 4376 3689 4433; x_wconf 84' lang='lat' dir='ltr'><strong>autem,</strong></span> <span class='ocrx_word' id='word_1_759' title='bbox 3738 4348 3991 4439; x_wconf 2' lang='lat' dir='ltr'><strong>quoniam,</strong></span> 
     </span>
    </p>
   </div>
   <div class='ocr_carea' id='block_1_103' title="bbox 2394 4454 3983 4527">
    <p class='ocr_par' dir='ltr' id='par_1_103' title="bbox 2394 4454 3983 4527">
     <span class='ocr_line' id='line_1_103' title="bbox 2394 4454 3983 4527; baseline 0.005 -21"><span class='ocrx_word' id='word_1_760' title='bbox 2394 4454 2447 4506; x_wconf 88' lang='lat' dir='ltr'><strong>in</strong></span> <span class='ocrx_word' id='word_1_761' title='bbox 2501 4464 2715 4524; x_wconf 85' lang='lat' dir='ltr'><strong>utraque</strong></span> <span class='ocrx_word' id='word_1_762' title='bbox 2761 4470 2962 4511; x_wconf 85' lang='lat' dir='ltr'><strong>summa</strong></span> <span class='ocrx_word' id='word_1_763' title='bbox 3001 4456 3198 4511; x_wconf 87' lang='lat' dir='ltr'><strong>utilitas</strong></span> <span class='ocrx_word' id='word_1_764' title='bbox 3246 4469 3339 4524; x_wconf 81' lang='lat' dir='ltr'><strong>est,</strong></span> <span class='ocrx_word' id='word_1_765' title='bbox 3395 4467 3442 4512; x_wconf 86' lang='lat' dir='ltr'><strong>et</strong></span> <span class='ocrx_word' id='word_1_766' title='bbox 3474 4469 3760 4527; x_wconf 83' lang='lat' dir='ltr'><strong>utramque,</strong></span> <span class='ocrx_word' id='word_1_767' title='bbox 3794 4462 3839 4513; x_wconf 91' lang='lat' dir='ltr'><strong>si</strong></span> <span class='ocrx_word' id='word_1_768' title='bbox 3883 4461 3983 4514; x_wconf 75' lang='lat' dir='ltr'><strong>erit</strong></span> 
     </span>
    </p>
   </div>
   <div class='ocr_carea' id='block_1_104' title="bbox 2394 4549 3984 4624">
    <p class='ocr_par' dir='ltr' id='par_1_104' title="bbox 2394 4549 3984 4624">
     <span class='ocr_line' id='line_1_104' title="bbox 2394 4549 3984 4624; baseline 0.005 -25"><span class='ocrx_word' id='word_1_769' title='bbox 2394 4549 2573 4613; x_wconf 85' lang='lat' dir='ltr'><strong>otium,</strong></span> <span class='ocrx_word' id='word_1_770' title='bbox 2590 4552 2820 4619; x_wconf 85' lang='lat' dir='ltr'><strong>persequi</strong></span> <span class='ocrx_word' id='word_1_771' title='bbox 2838 4552 3141 4620; x_wconf 84' lang='lat' dir='ltr'><strong>cogitamus,</strong></span> <span class='ocrx_word' id='word_1_772' title='bbox 3156 4552 3218 4605; x_wconf 90' lang='lat' dir='ltr'><strong>ab</strong></span> <span class='ocrx_word' id='word_1_773' title='bbox 3235 4569 3295 4606; x_wconf 82' lang='lat' dir='ltr'><strong>ea</strong></span> <span class='ocrx_word' id='word_1_774' title='bbox 3315 4569 3428 4622; x_wconf 82' lang='lat' dir='ltr'><strong>qua:</strong></span> <span class='ocrx_word' id='word_1_775' title='bbox 3441 4555 3585 4624; x_wconf 84' lang='lat' dir='ltr'><strong>prior</strong></span> <span class='ocrx_word' id='word_1_776' title='bbox 3602 4564 3675 4607; x_wconf 80' lang='lat' dir='ltr'><strong>est</strong></span> <span class='ocrx_word' id='word_1_777' title='bbox 3701 4554 3984 4607; x_wconf 84' lang='lat' dir='ltr'><strong>ordiemur.</strong></span> 
     </span>
    </p>
   </div>
   <div class='ocr_carea' id='block_1_105' title="bbox 2467 4648 3984 4725">
    <p class='ocr_par' dir='ltr' id='par_1_105' title="bbox 2467 4648 3984 4725">
     <span class='ocr_line' id='line_1_105' title="bbox 2467 4648 3984 4725; baseline 0.007 -24"><span class='ocrx_word' id='word_1_778' title='bbox 2467 4648 2600 4703; x_wconf 85' lang='lat' dir='ltr'><strong>Cum</strong></span> <span class='ocrx_word' id='word_1_779' title='bbox 2642 4650 2988 4722; x_wconf 90' lang='lat' dir='ltr'><strong>philosophia</strong></span> <span class='ocrx_word' id='word_1_780' title='bbox 3028 4652 3280 4708; x_wconf 76' lang='lat' dir='ltr'><strong>maximis</strong></span> <span class='ocrx_word' id='word_1_781' title='bbox 3306 4653 3359 4708; x_wconf 94' lang='lat' dir='ltr'><strong>in</strong></span> <span class='ocrx_word' id='word_1_782' title='bbox 3391 4654 3552 4711; x_wconf 86' lang='lat' dir='ltr'><strong>rebus</strong></span> <span class='ocrx_word' id='word_1_783' title='bbox 3578 4670 3798 4725; x_wconf 86' lang='lat' dir='ltr'><strong>operam</strong></span> <span class='ocrx_word' id='word_1_784' title='bbox 3828 4671 3984 4711; x_wconf 87' lang='lat' dir='ltr'><strong>suam</strong></span> 
     </span>
    </p>
   </div>
   <div class='ocr_carea' id='block_1_106' title="bbox 2397 4740 3984 4815">
    <p class='ocr_par' dir='ltr' id='par_1_106' title="bbox 2397 4740 3984 4815">
     <span class='ocr_line' id='line_1_106' title="bbox 2397 4740 3984 4815; baseline 0.006 -22"><span class='ocrx_word' id='word_1_785' title='bbox 2397 4740 2738 4813; x_wconf 83' lang='lat' dir='ltr'><strong>studiumque</strong></span> <span class='ocrx_word' id='word_1_786' title='bbox 2760 4756 3060 4810; x_wconf 87' lang='lat' dir='ltr'><strong>consumat,</strong></span> <span class='ocrx_word' id='word_1_787' title='bbox 3094 4761 3322 4815; x_wconf 87' lang='lat' dir='ltr'><strong>cumque</strong></span> <span class='ocrx_word' id='word_1_788' title='bbox 3358 4756 3415 4802; x_wconf 90' lang='lat' dir='ltr'><strong>et</strong></span> <span class='ocrx_word' id='word_1_789' title='bbox 3448 4748 3499 4800; x_wconf 93' lang='lat' dir='ltr'><strong>in</strong></span> <span class='ocrx_word' id='word_1_790' title='bbox 3530 4748 3865 4807; x_wconf 89' lang='lat' dir='ltr'><strong>naturalibus</strong></span> <span class='ocrx_word' id='word_1_791' title='bbox 3896 4749 3984 4802; x_wconf 79' lang='lat' dir='ltr'><strong>in-</strong></span> 
     </span>
    </p>
   </div>
   <div class='ocr_carea' id='block_1_107' title="bbox 2397 4832 3988 4907">
    <p class='ocr_par' dir='ltr' id='par_1_107' title="bbox 2397 4832 3988 4907">
     <span class='ocr_line' id='line_1_107' title="bbox 2397 4832 3988 4907; baseline 0.008 -24"><span class='ocrx_word' id='word_1_792' title='bbox 2397 4832 2754 4901; x_wconf 89' lang='lat' dir='ltr'><strong>spectionem,</strong></span> <span class='ocrx_word' id='word_1_793' title='bbox 2786 4836 3311 4907; x_wconf 83' lang='lat' dir='ltr'><strong>speculationemque</strong></span> <span class='ocrx_word' id='word_1_794' title='bbox 3337 4839 3610 4906; x_wconf 86' lang='lat' dir='ltr'><strong>adhibeat,</strong></span> <span class='ocrx_word' id='word_1_795' title='bbox 3640 4849 3695 4895; x_wconf 88' lang='lat' dir='ltr'><strong>et</strong></span> <span class='ocrx_word' id='word_1_796' title='bbox 3718 4841 3770 4895; x_wconf 90' lang='lat' dir='ltr'><strong>in</strong></span> <span class='ocrx_word' id='word_1_797' title='bbox 3804 4856 3988 4896; x_wconf 83' lang='lat' dir='ltr'><strong>mora-</strong></span> 
     </span>
    </p>
   </div>
   <div class='ocr_carea' id='block_1_108' title="bbox 2396 4925 3989 4999">
    <p class='ocr_par' dir='ltr' id='par_1_108' title="bbox 2396 4925 3989 4999">
     <span class='ocr_line' id='line_1_108' title="bbox 2396 4925 3989 4999; baseline 0.007 -21"><span class='ocrx_word' id='word_1_798' title='bbox 2396 4925 2540 4980; x_wconf 88' lang='lat' dir='ltr'><strong>libus</strong></span> <span class='ocrx_word' id='word_1_799' title='bbox 2565 4926 2851 4991; x_wconf 88' lang='lat' dir='ltr'><strong>actionem,</strong></span> <span class='ocrx_word' id='word_1_800' title='bbox 2885 4936 2940 4993; x_wconf 86' lang='lat' dir='ltr'><strong>et</strong></span> <span class='ocrx_word' id='word_1_801' title='bbox 2965 4928 3044 4983; x_wconf 92' lang='lat' dir='ltr'><strong>sic</strong></span> <span class='ocrx_word' id='word_1_802' title='bbox 3077 4926 3309 4984; x_wconf 82' lang='lat' dir='ltr'><strong>formare</strong></span> <span class='ocrx_word' id='word_1_803' title='bbox 3335 4930 3530 4999; x_wconf 89' lang='lat' dir='ltr'><strong>gestiat</strong></span> <span class='ocrx_word' id='word_1_804' title='bbox 3560 4946 3738 4987; x_wconf 83' lang='lat' dir='ltr'><strong>mores</strong></span> <span class='ocrx_word' id='word_1_805' title='bbox 3770 4943 3830 4987; x_wconf 91' lang='lat' dir='ltr'><strong>ut</strong></span> <span class='ocrx_word' id='word_1_806' title='bbox 3857 4946 3989 4989; x_wconf 77' lang='lat' dir='ltr'><strong>vera</strong></span> 
     </span>
    </p>
   </div>
   <div class='ocr_carea' id='block_1_109' title="bbox 2396 5018 3985 5088">
    <p class='ocr_par' dir='ltr' id='par_1_109' title="bbox 2396 5018 3985 5088">
     <span class='ocr_line' id='line_1_109' title="bbox 2396 5018 3985 5088; baseline 0.006 -18"><span class='ocrx_word' id='word_1_807' title='bbox 2396 5018 2522 5072; x_wconf 82' lang='lat' dir='ltr'><strong>vitae</strong></span> <span class='ocrx_word' id='word_1_808' title='bbox 2551 5020 2689 5072; x_wconf 88' lang='lat' dir='ltr'><strong>ratio</strong></span> <span class='ocrx_word' id='word_1_809' title='bbox 2713 5020 3056 5088; x_wconf 87' lang='lat' dir='ltr'><strong>persuaserit,</strong></span> <span class='ocrx_word' id='word_1_810' title='bbox 3083 5023 3299 5077; x_wconf 87' lang='lat' dir='ltr'><strong>evenire</strong></span> <span class='ocrx_word' id='word_1_811' title='bbox 3327 5036 3549 5079; x_wconf 88' lang='lat' dir='ltr'><strong>necesse</strong></span> <span class='ocrx_word' id='word_1_812' title='bbox 3577 5035 3681 5079; x_wconf 71' lang='grc' dir='ltr'><strong>εει.</strong></span> <span class='ocrx_word' id='word_1_813' title='bbox 3708 5037 3765 5079; x_wconf 88' lang='grc' dir='ltr'><strong>ιιι</strong></span> <span class='ocrx_word' id='word_1_814' title='bbox 3785 5040 3985 5080; x_wconf 86' lang='lat' dir='ltr'><strong>secun-</strong></span> 
     </span>
    </p>
   </div>
   <div class='ocr_carea' id='block_1_110' title="bbox 2395 5110 3981 5182">
    <p class='ocr_par' dir='ltr' id='par_1_110' title="bbox 2395 5110 3981 5182">
     <span class='ocr_line' id='line_1_110' title="bbox 2395 5110 3981 5182; baseline 0.006 -17"><span class='ocrx_word' id='word_1_815' title='bbox 2395 5110 2523 5165; x_wconf 90' lang='lat' dir='ltr'><strong>dum</strong></span> <span class='ocrx_word' id='word_1_816' title='bbox 2555 5112 2607 5166; x_wconf 90' lang='lat' dir='ltr'><strong>id</strong></span> <span class='ocrx_word' id='word_1_817' title='bbox 2634 5111 2775 5182; x_wconf 91' lang='lat' dir='ltr'><strong>quod</strong></span> <span class='ocrx_word' id='word_1_818' title='bbox 2802 5112 2938 5168; x_wconf 89' lang='lat' dir='ltr'><strong>ratio</strong></span> <span class='ocrx_word' id='word_1_819' title='bbox 2964 5115 3274 5181; x_wconf 86' lang='lat' dir='ltr'><strong>tenendum,</strong></span> <span class='ocrx_word' id='word_1_820' title='bbox 3303 5116 3747 5179; x_wconf 87' lang='lat' dir='ltr'><strong>omittendumve,</strong></span> <span class='ocrx_word' id='word_1_821' title='bbox 3775 5117 3981 5174; x_wconf 73' lang='lat' dir='ltr'><strong>facien-</strong></span> 
     </span>
    </p>
   </div>
   <div class='ocr_carea' id='block_1_111' title="bbox 2394 5200 3984 5285">
    <p class='ocr_par' dir='ltr' id='par_1_111' title="bbox 2394 5200 3984 5285">
     <span class='ocr_line' id='line_1_111' title="bbox 2394 5200 3984 5285; baseline 0.006 -30"><span class='ocrx_word' id='word_1_822' title='bbox 2394 5200 2519 5257; x_wconf 92' lang='lat' dir='ltr'><strong>dum</strong></span> <span class='ocrx_word' id='word_1_823' title='bbox 2543 5202 2691 5273; x_wconf 91' lang='lat' dir='ltr'><strong>quid,</strong></span> <span class='ocrx_word' id='word_1_824' title='bbox 2715 5212 2806 5257; x_wconf 88' lang='lat' dir='ltr'><strong>aut</strong></span> <span class='ocrx_word' id='word_1_825' title='bbox 2827 5220 2933 5260; x_wconf 91' lang='lat' dir='ltr'><strong>non</strong></span> <span class='ocrx_word' id='word_1_826' title='bbox 2964 5206 3263 5262; x_wconf 81' lang='lat' dir='ltr'><strong>faciendum</strong></span> <span class='ocrx_word' id='word_1_827' title='bbox 3285 5222 3409 5285; x_wconf 67' lang='lat' dir='ltr'><strong>esse</strong></span> <span class='ocrx_word' id='word_1_828' title='bbox 3432 5208 3756 5273; x_wconf 81' lang='lat' dir='ltr'><strong>decreverit,</strong></span> <span class='ocrx_word' id='word_1_829' title='bbox 3790 5210 3874 5264; x_wconf 91' lang='lat' dir='ltr'><strong>vel</strong></span> <span class='ocrx_word' id='word_1_830' title='bbox 3896 5210 3984 5274; x_wconf 81' lang='lat' dir='ltr'><strong>ju-</strong></span> 
     </span>
    </p>
   </div>
   <div class='ocr_carea' id='block_1_112' title="bbox 2392 5292 3983 5359">
    <p class='ocr_par' dir='ltr' id='par_1_112' title="bbox 2392 5292 3983 5359">
     <span class='ocr_line' id='line_1_112' title="bbox 2392 5292 3983 5359; baseline 0.006 -12"><span class='ocrx_word' id='word_1_831' title='bbox 2392 5292 2591 5349; x_wconf 87' lang='lat' dir='ltr'><strong>dicium</strong></span> <span class='ocrx_word' id='word_1_832' title='bbox 2640 5295 3025 5359; x_wconf 89' lang='lat' dir='ltr'><strong>constituatur,</strong></span> <span class='ocrx_word' id='word_1_833' title='bbox 3072 5313 3327 5354; x_wconf 86' lang='lat' dir='ltr'><strong>ascensus</strong></span> <span class='ocrx_word' id='word_1_834' title='bbox 3372 5300 3456 5355; x_wconf 92' lang='lat' dir='ltr'><strong>vel</strong></span> <span class='ocrx_word' id='word_1_835' title='bbox 3496 5301 3813 5356; x_wconf 70' lang='lat' dir='ltr'><strong>exercendae</strong></span> <span class='ocrx_word' id='word_1_836' title='bbox 3858 5301 3983 5356; x_wconf 66' lang='lat' dir='ltr'><strong>vitae</strong></span> 
     </span>
    </p>
   </div>
   <div class='ocr_carea' id='block_1_113' title="bbox 2393 5384 3982 5461">
    <p class='ocr_par' dir='ltr' id='par_1_113' title="bbox 2393 5384 3982 5461">
     <span class='ocr_line' id='line_1_113' title="bbox 2393 5384 3982 5461; baseline 0.006 -23"><span class='ocrx_word' id='word_1_837' title='bbox 2393 5384 2656 5456; x_wconf 89' lang='lat' dir='ltr'><strong>dirigatur</strong></span> <span class='ocrx_word' id='word_1_838' title='bbox 2679 5385 2924 5442; x_wconf 88' lang='lat' dir='ltr'><strong>intentio.</strong></span> <span class='ocrx_word' id='word_1_839' title='bbox 2961 5388 3076 5443; x_wconf 86' lang='lat' dir='ltr'><strong>Erit</strong></span> <span class='ocrx_word' id='word_1_840' title='bbox 3103 5389 3261 5459; x_wconf 91' lang='lat' dir='ltr'><strong>igitur</strong></span> <span class='ocrx_word' id='word_1_841' title='bbox 3281 5394 3670 5461; x_wconf 85' lang='lat' dir='ltr'><strong>necessarium,</strong></span> <span class='ocrx_word' id='word_1_842' title='bbox 3698 5392 3779 5447; x_wconf 88' lang='lat' dir='ltr'><strong>vel</strong></span> <span class='ocrx_word' id='word_1_843' title='bbox 3806 5392 3859 5446; x_wconf 91' lang='lat' dir='ltr'><strong>in</strong></span> <span class='ocrx_word' id='word_1_844' title='bbox 3882 5406 3982 5447; x_wconf 75' lang='lat' dir='ltr'><strong>na-</strong></span> 
     </span>
    </p>
   </div>
   <div class='ocr_carea' id='block_1_114' title="bbox 2392 5479 3979 5554">
    <p class='ocr_par' dir='ltr' id='par_1_114' title="bbox 2392 5479 3979 5554">
     <span class='ocr_line' id='line_1_114' title="bbox 2392 5479 3979 5554; baseline 0.005 -22"><span class='ocrx_word' id='word_1_845' title='bbox 2392 5479 2549 5534; x_wconf 90' lang='lat' dir='ltr'><strong>turali</strong></span> <span class='ocrx_word' id='word_1_846' title='bbox 2581 5480 2973 5549; x_wconf 88' lang='lat' dir='ltr'><strong>speculatione,</strong></span> <span class='ocrx_word' id='word_1_847' title='bbox 3003 5482 3086 5537; x_wconf 90' lang='lat' dir='ltr'><strong>vel</strong></span> <span class='ocrx_word' id='word_1_848' title='bbox 3125 5482 3176 5537; x_wconf 90' lang='lat' dir='ltr'><strong>in</strong></span> <span class='ocrx_word' id='word_1_849' title='bbox 3208 5485 3486 5539; x_wconf 77' lang='lat' dir='ltr'><strong>muralium</strong></span> <span class='ocrx_word' id='word_1_850' title='bbox 3518 5485 3793 5540; x_wconf 90' lang='lat' dir='ltr'><strong>actionum</strong></span> <span class='ocrx_word' id='word_1_851' title='bbox 3824 5487 3979 5554; x_wconf 82' lang='lat' dir='ltr'><strong>cogi-</strong></span> 
     </span>
    </p>
   </div>
   <div class='ocr_carea' id='block_1_115' title="bbox 2392 5572 3982 5648">
    <p class='ocr_par' dir='ltr' id='par_1_115' title="bbox 2392 5572 3982 5648">
     <span class='ocr_line' id='line_1_115' title="bbox 2392 5572 3982 5648; baseline 0.004 -23"><span class='ocrx_word' id='word_1_852' title='bbox 2392 5572 2629 5640; x_wconf 91' lang='lat' dir='ltr'><strong>tatione,</strong></span> <span class='ocrx_word' id='word_1_853' title='bbox 2658 5582 2715 5626; x_wconf 90' lang='lat' dir='ltr'><strong>ut</strong></span> <span class='ocrx_word' id='word_1_854' title='bbox 2743 5581 2890 5626; x_wconf 89' lang='lat' dir='ltr'><strong>certa</strong></span> <span class='ocrx_word' id='word_1_855' title='bbox 2922 5573 3057 5629; x_wconf 89' lang='lat' dir='ltr'><strong>ratio</strong></span> <span class='ocrx_word' id='word_1_856' title='bbox 3077 5613 3092 5638; x_wconf 93' lang='lat'><strong>,</strong></span> <span class='ocrx_word' id='word_1_857' title='bbox 3136 5575 3219 5629; x_wconf 85' lang='lat' dir='ltr'><strong>vel</strong></span> <span class='ocrx_word' id='word_1_858' title='bbox 3246 5575 3386 5644; x_wconf 91' lang='lat' dir='ltr'><strong>quod</strong></span> <span class='ocrx_word' id='word_1_859' title='bbox 3416 5576 3468 5629; x_wconf 90' lang='lat' dir='ltr'><strong>in</strong></span> <span class='ocrx_word' id='word_1_860' title='bbox 3500 5576 3660 5632; x_wconf 90' lang='lat' dir='ltr'><strong>rebus</strong></span> <span class='ocrx_word' id='word_1_861' title='bbox 3691 5578 3982 5648; x_wconf 84' lang='lat' dir='ltr'><strong>speculan-</strong></span> 
     </span>
    </p>
   </div>
   <div class='ocr_carea' id='block_1_116' title="bbox 2391 5665 3979 5739">
    <p class='ocr_par' dir='ltr' id='par_1_116' title="bbox 2391 5665 3979 5739">
     <span class='ocr_line' id='line_1_116' title="bbox 2391 5665 3979 5739; baseline 0.004 -19"><span class='ocrx_word' id='word_1_862' title='bbox 2391 5665 2519 5739; x_wconf 86' lang='lat' dir='ltr'><strong>dum</strong></span> <span class='ocrx_word' id='word_1_863' title='bbox 2548 5676 2664 5733; x_wconf 88' lang='lat' dir='ltr'><strong>est,</strong></span> <span class='ocrx_word' id='word_1_864' title='bbox 2700 5666 2971 5733; x_wconf 83' lang='lat' dir='ltr'><strong>inveniat,</strong></span> <span class='ocrx_word' id='word_1_865' title='bbox 3000 5667 3082 5722; x_wconf 90' lang='lat' dir='ltr'><strong>vel</strong></span> <span class='ocrx_word' id='word_1_866' title='bbox 3125 5669 3268 5739; x_wconf 88' lang='lat' dir='ltr'><strong>quod</strong></span> <span class='ocrx_word' id='word_1_867' title='bbox 3306 5670 3357 5723; x_wconf 89' lang='lat' dir='ltr'><strong>in</strong></span> <span class='ocrx_word' id='word_1_868' title='bbox 3388 5680 3563 5725; x_wconf 88' lang='lat' dir='ltr'><strong>actum</strong></span> <span class='ocrx_word' id='word_1_869' title='bbox 3612 5671 3825 5727; x_wconf 88' lang='lat' dir='ltr'><strong>vivendi</strong></span> <span class='ocrx_word' id='word_1_870' title='bbox 3852 5670 3979 5727; x_wconf 89' lang='lat' dir='ltr'><strong>duci</strong></span> 
     </span>
    </p>
   </div>
   <div class='ocr_carea' id='block_1_117' title="bbox 2389 5759 3976 5827">
    <p class='ocr_par' dir='ltr' id='par_1_117' title="bbox 2389 5759 3976 5827">
     <span class='ocr_line' id='line_1_117' title="bbox 2389 5759 3976 5827; baseline 0.006 -18"><span class='ocrx_word' id='word_1_871' title='bbox 2389 5764 2655 5825; x_wconf 82' lang='lat' dir='ltr'><strong>oporteat,</strong></span> <span class='ocrx_word' id='word_1_872' title='bbox 2703 5766 2828 5812; x_wconf 89' lang='lat' dir='ltr'><strong>ante</strong></span> <span class='ocrx_word' id='word_1_873' title='bbox 2866 5759 3178 5827; x_wconf 91' lang='lat' dir='ltr'><strong>perpendat.</strong></span> <span class='ocrx_word' id='word_1_874' title='bbox 3213 5760 3341 5816; x_wconf 64' lang='lat' dir='ltr'><strong>Haec</strong></span> <span class='ocrx_word' id='word_1_875' title='bbox 3367 5772 3548 5817; x_wconf 89' lang='lat' dir='ltr'><strong>autem</strong></span> <span class='ocrx_word' id='word_1_876' title='bbox 3581 5762 3719 5817; x_wconf 86' lang='lat' dir='ltr'><strong>ratio</strong></span> <span class='ocrx_word' id='word_1_877' title='bbox 3746 5764 3843 5819; x_wconf 88' lang='lat' dir='ltr'><strong>nisi</strong></span> <span class='ocrx_word' id='word_1_878' title='bbox 3885 5764 3976 5819; x_wconf 87' lang='lat' dir='ltr'><strong>via</strong></span> 
     </span>
    </p>
   </div>
   <div class='ocr_carea' id='block_1_118' title="bbox 2386 5847 3981 5919">
    <p class='ocr_par' dir='ltr' id='par_1_118' title="bbox 2386 5847 3981 5919">
     <span class='ocr_line' id='line_1_118' title="bbox 2386 5847 3981 5919; baseline 0.008 -20"><span class='ocrx_word' id='word_1_879' title='bbox 2386 5847 2617 5916; x_wconf 83' lang='lat' dir='ltr'><strong>quadam</strong></span> <span class='ocrx_word' id='word_1_880' title='bbox 2651 5848 2987 5916; x_wconf 88' lang='lat' dir='ltr'><strong>processerit,</strong></span> <span class='ocrx_word' id='word_1_881' title='bbox 3018 5865 3164 5919; x_wconf 68' lang='lat' dir='ltr'><strong>stepe</strong></span> <span class='ocrx_word' id='word_1_882' title='bbox 3194 5851 3246 5906; x_wconf 94' lang='lat' dir='ltr'><strong>in</strong></span> <span class='ocrx_word' id='word_1_883' title='bbox 3287 5852 3484 5909; x_wconf 87' lang='lat' dir='ltr'><strong>multos</strong></span> <span class='ocrx_word' id='word_1_884' title='bbox 3523 5869 3751 5911; x_wconf 84' lang='lat' dir='ltr'><strong>necesse</strong></span> <span class='ocrx_word' id='word_1_885' title='bbox 3776 5864 3863 5911; x_wconf 90' lang='lat' dir='ltr'><strong>est</strong></span> <span class='ocrx_word' id='word_1_886' title='bbox 3886 5855 3981 5910; x_wconf 63' lang='grc' dir='ltr'><strong>ιε-</strong></span> 
     </span>
    </p>
   </div>
   <div class='ocr_carea' id='block_1_119' title="bbox 2385 5941 3971 6026">
    <p class='ocr_par' dir='ltr' id='par_1_119' title="bbox 2385 5941 3971 6026">
     <span class='ocr_line' id='line_1_119' title="bbox 2385 5941 3971 6026; baseline 0.008 -29"><span class='ocrx_word' id='word_1_887' title='bbox 2385 5941 2545 6005; x_wconf 83' lang='lat' dir='ltr'><strong>batur</strong></span> <span class='ocrx_word' id='word_1_888' title='bbox 2570 5956 2801 6003; x_wconf 83' lang='lat' dir='ltr'><strong>errores.</strong></span> <span class='ocrx_word' id='word_1_889' title='bbox 2825 5941 2978 6015; x_wconf 84' lang='lat' dir='ltr'><strong>Quod</strong></span> <span class='ocrx_word' id='word_1_890' title='bbox 3006 5958 3075 6004; x_wconf 84' lang='lat' dir='ltr'><strong>ne</strong></span> <span class='ocrx_word' id='word_1_891' title='bbox 3097 5946 3295 6020; x_wconf 84' lang='lat' dir='ltr'><strong>passim</strong></span> <span class='ocrx_word' id='word_1_892' title='bbox 3328 5947 3502 6022; x_wconf 78' lang='lat' dir='ltr'><strong>ﬁeret,</strong></span> <span class='ocrx_word' id='word_1_893' title='bbox 3528 5959 3688 6026; x_wconf 80' lang='lat' dir='ltr'><strong>atque</strong></span> <span class='ocrx_word' id='word_1_894' title='bbox 3718 5959 3776 6010; x_wconf 92' lang='lat' dir='ltr'><strong>ut</strong></span> <span class='ocrx_word' id='word_1_895' title='bbox 3800 5950 3971 6021; x_wconf 64' lang='lat' dir='ltr'><strong>certis</strong></span> 
     </span>
    </p>
   </div>
  </div>
