4248 6272
375 428 517 493 1055

1260 435 1325 490 tu
1364 431 1604 491 TOPICA
1641 415 1998 488 CICERONIS
2034 426 2547 492 COMMENTARIA.
2596 438 2719 493 un.
2762 438 2802 497 ι.

3502 438 3640 495 10λεῖ

375 551 574 621 regulis
602 558 861 606 tractatus
888 549 1178 615 insisteret,
1206 549 1379 604 visum
1402 558 1485 603 est
1516 548 1745 618 antiquae
1779 546 1952 616 philo-
1984 544 2036 605 Α
2060 553 2305 623 quodque
2334 570 2587 625 generum
2623 554 2705 608 vel
2734 554 3153 611 differentiarum
3192 558 3519 627 inventione,
3554 564 3634 614 vel

375 644 582 709 sophia:
612 642 857 707 ducibus,
891 652 947 697 ut
977 643 1211 711 ipsarum
1242 641 1728 705 ratiocinationum,
1759 638 1954 709 quibus

378 734 577 803 aliquid
602 733 971 805 inquirendum
994 743 1160 798 esset,
1192 742 1430 787 naturam
1463 732 1673 801 penitus
1696 740 1819 786 ante
1839 730 1953 786 dis-

378 835 641 891 mterent,
698 834 757 879 ut
807 824 887 879 bis
930 823 1165 894 purgatis
1220 831 1378 892 atque
1417 822 1748 891 compositis,
1794 822 1874 876 vel
1902 821 1953 875 in

379 918 739 983 speculatione
770 916 1045 980 veritatis,
1099 914 1179 969 vel
1229 914 1281 968 in
1314 915 1627 969 exercendis
1669 913 1954 969 virtutibus

379 1021 667 1063 uteremur.
704 1008 827 1062 Ha'c
854 1016 941 1061 est
968 1006 1127 1077 igitur
1154 1006 1455 1075 disciplina,
1484 1007 1634 1077 quasi
1658 1005 1951 1061 disserendi

376 1102 617 1167 quredam
650 1099 921 1168 magistra,
947 1114 1103 1166 quam
1130 1097 1338 1166 logicen
1369 1096 1708 1165 Peripatetici
1738 1104 1953 1151 veteres

376 1176 799 1259 appellaverunt,
834 1192 969 1243 hanc
998 1190 1187 1244 Cicero
1216 1188 1508 1253 deﬁniens,
1540 1188 1841 1243 disserendi
1872 1188 1953 1240 di-

374 1283 623 1351 ﬁgentem
654 1284 914 1336 rationem
938 1279 1168 1335 vocavit.
1202 1280 1328 1334 litae
1351 1278 1502 1335 vario
1526 1278 1683 1332 modo
1702 1292 1731 1331 a
1762 1277 1953 1346 pleris-

372 1390 479 1444 que
502 1383 726 1429 tractata
747 1382 851 1441 est,
873 1377 1128 1443 varioque
1153 1374 1312 1427 etiam
1336 1372 1596 1427 vocabulo
1623 1382 1949 1440 nuncupata.

342 1469 447 1524 'Ut
484 1469 626 1523 enim
665 1467 863 1522 dictum
902 1476 1017 1531 est,
1050 1481 1078 1519 a
1107 1465 1478 1534 Peripateticis
1510 1463 1622 1517 haec
1654 1463 1790 1516 ratio
1828 1463 1951 1515 dili-

376 1577 508 1632 gens
539 1560 843 1615 disserendi
867 1560 1041 1629 logice
1070 1567 1309 1621 vocatur,
1341 1558 1620 1611 continens
1648 1557 1697 1609 in
1720 1570 1777 1609 se
1800 1555 1952 1607 inve-

378 1652 559 1708 niendi
584 1651 961 1721 judicandique
992 1651 1256 1719 peritiam.
1290 1650 1457 1704 Stoici
1485 1663 1612 1702 vero
1644 1648 1779 1701 hanc
1808 1660 1954 1700 cam-

378 1749 501 1803 dem
528 1748 791 1802 rationem
830 1745 1125 1800 disserendi
1152 1747 1310 1813 paulo
1332 1746 1606 1814 angustius
1637 1754 1952 1807 tractavere,

377 1840 508 1895 nihil
539 1840 680 1895 enim
711 1839 777 1895 de
815 1839 1118 1892 inventione
1150 1835 1453 1891 laborantes
1478 1876 1493 1900 ,
1522 1836 1576 1889 in
1609 1835 1720 1889 sola
1751 1846 1952 1889 tantum

2060 646 2360 713 specierum
2390 646 2725 708 collectione,
2768 658 2857 699 aut
2885 648 3192 714 dividimus,
3224 659 3315 703 aut
3356 652 3513 705 etiam
3546 632 3649 703 de;

2063 737 2295 790 ﬁnimus.
2330 735 2446 790 Jam
2481 751 2607 789 vero
2637 734 2681 789 si
2708 737 2848 789 absit
2875 736 3131 803 inventio,
3168 742 3349 809 nequit
3388 757 3504 795 esse
3532 743 3641 797 col-

2061 825 2240 879 lectio.
2290 826 2403 879 Non
2450 825 2551 879 erit
2600 826 2757 893 igitur
2806 828 3130 891 necessaria,
3172 845 3269 883 nec
3311 831 3637 900 verisimilis,

2061 931 2160 970 nec
2189 915 2477 985 sophistica
2509 916 2897 985 argumentatio
2930 933 2943 969 :
2978 917 3092 989 hrec
3132 918 3273 971 enim
3321 919 3415 972 tria
3461 922 3645 975 inven-

2060 1011 2188 1065 tioni
2213 1009 2617 1087 superveniunt,
2642 1016 2696 1062 ut
2718 1007 2799 1063 vel
2829 1010 3208 1072 necessarium,
3234 1010 3312 1063 vel
3342 1013 3635 1078 probabile,

2058 1102 2144 1155 vel
2181 1100 2569 1155 cavillatorium
2615 1100 2684 1152 sit
2718 1108 3108 1168 argumentum.
3140 1098 3439 1154 Necessitas
3472 1104 3644 1155 enim-

2058 1209 2209 1260 vero,
2248 1204 2302 1249 et
2348 1193 2715 1264 probabilitas,
2761 1201 2813 1246 et
2854 1192 3118 1246 cavillatio
3168 1191 3353 1245 formae
3399 1195 3549 1263 quani
3591 1212 3640 1247 tu

2058 1299 2202 1355 sunt,
2247 1304 2364 1356 qua:
2409 1288 2533 1340 dum
2577 1285 2968 1339 inventionibus
3018 1284 3294 1345 assistunt,
3337 1287 3641 1340 necessaria

2058 1379 2142 1433 vel
2188 1378 2477 1447 probabilia
2530 1378 2611 1431 vel
2670 1374 2999 1429 cavillatoria
3050 1374 3250 1429 faciunt
3303 1387 3638 1445 argumenta.

2058 1468 2257 1523 Eadem
2287 1483 2495 1537 quoque
2518 1468 2652 1521 ratio
2680 1468 2990 1535 partitiones
3020 1466 3465 1537 deﬁnitionesque
3495 1485 3640 1521 com-

2058 1560 2326 1629 plectitur.
2382 1558 2670 1611 lndiscreta
2716 1574 2947 1635 namque
3003 1557 3321 1613 inventionis
3369 1570 3635 1628 potestas,

2058 1666 2178 1705 cum
2210 1649 2509 1711 difﬁnitiva,
2544 1659 2653 1703 tum
2683 1649 2963 1703 divisibilis
3006 1651 3257 1718 appellari
3292 1648 3483 1719 potest,
3514 1669 3635 1705 cum

2060 1746 2374 1801 deﬁniendis
2416 1742 2774 1812 partiendisve
2816 1738 2975 1796 rebus
3019 1744 3323 1798 adhibetur.
3360 1746 3490 1811 Qua:
3537 1746 3638 1821 boc

2062 1836 2221 1888 modo
2250 1850 2316 1889 ex
2352 1832 2673 1888 inventionis
2704 1834 2925 1886 materia
2951 1843 3005 1887 et
3032 1833 3451 1888 differentiarum
3475 1851 3636 1904 supra

376 1933 701 2001 judicatione
729 1932 1060 1995 consistunt,
1088 1930 1260 1995 deque
1287 1944 1351 1983 ea
1387 1939 1651 1997 praecepta
1700 1928 1953 1992 multipli-
1984 1920 2033 1979 B
2060 1926 2352 1994 positarum
2383 1925 2549 1978 forma
2580 1923 2874 1992 composita
2905 1939 3088 1977 rursus
3128 1923 3438 1993 judicationi
3472 1938 3638 1982 mate-

375 2024 509 2080 citer
530 2025 739 2088 dantes,
769 2024 1100 2078 dialecticam
1125 2030 1580 2089 nuncupaverunt.
1610 2021 1762 2074 Plato
1792 2022 1951 2074 etiam

376 2116 708 2171 dialecticam
738 2124 893 2168 vocat
924 2115 1226 2169 facultatem
1256 2130 1374 2183 quae
1408 2114 1458 2169 id
1502 2112 1642 2184 quod
1668 2130 1830 2168 unum
1873 2124 1953 2168 est

377 2212 547 2279 possit
575 2211 623 2263 in
655 2210 807 2278 plura
829 2209 1031 2279 partiri,
1062 2208 1218 2262 veluti
1246 2209 1381 2263 solet
1402 2223 1569 2276 genus
1594 2223 1687 2276 per
1711 2208 1954 2277 proprias

377 2305 702 2360 tliﬂ'erentias
733 2320 900 2374 usque
929 2304 993 2357 ad
1025 2303 1241 2356 ultimas
1264 2302 1471 2369 species
1500 2301 1761 2369 separari,
1794 2310 1953 2369 atque

375 2413 437 2451 ea
465 2412 581 2464 qua:
614 2396 780 2450 "multa
812 2404 966 2457 sunt,
1003 2396 1053 2447 in
1086 2410 1247 2447 unum
1274 2408 1528 2463 generum
1572 2394 1777 2446 ratione
1804 2392 1954 2447 colli-

377 2504 519 2559 gere.
554 2488 702 2543 llanc
734 2489 893 2557 igitur
917 2487 1069 2540 Plato
1091 2486 1422 2540 dialecticam
1452 2485 1605 2546 dicit;
1635 2485 1954 2540 Aristoteles

378 2594 504 2635 vero
536 2581 760 2649 logicam
792 2592 972 2642 vocat,
998 2595 1154 2645 quam
1180 2580 1263 2647 (ut
1292 2578 1489 2631 dictum
1518 2578 1622 2645 est)
1648 2574 1836 2631 Cicero
1859 2577 1955 2630 de-

379 2670 549 2725 ﬁnivit
578 2671 888 2740 diligentem
920 2657 1214 2725 disserendi
1248 2670 1528 2723 rationem.
1568 2669 1635 2721 Et
1665 2666 1823 2737 hujus
1850 2680 1956 2722 uno

381 2748 588 2831 quidem
618 2762 778 2815 modo
813 2761 948 2814 trina
986 2762 1200 2827 partitio
1236 2770 1357 2813 est:
1388 2760 1562 2813 omnis
1607 2774 1832 2827 namque
1873 2758 1956 2812 vis

380 2852 567 2921 logica:
609 2850 908 2919 disciplina:
949 2860 1039 2903 aut
1088 2850 1271 2904 deﬁnit
1322 2849 1555 2918 aliquid,
1584 2858 1675 2902 aut
1705 2847 1950 2915 partitur,

379 2954 472 2997 aut
513 2942 730 3011 colligit.
761 2941 1058 3009 Colligendi
1086 2952 1263 2995 autem
1298 2940 1521 2994 facultas
1550 2938 1744 3007 triplici
1773 2939 1951 2993 diver-

377 3038 535 3093 sitate
567 3044 857 3091 tractatur:
887 3044 978 3087 aut
1013 3034 1153 3089 enim
1182 3035 1324 3087 veris
1358 3047 1419 3086 ac
1452 3031 1767 3086 necessariis
1798 3045 1955 3101 argu-

378 3130 797 3186 mentationibus
826 3128 1112 3197 disputatio
1142 3126 1416 3193 decurrit,
1457 3133 1511 3179 et
1554 3122 1835 3190 disciplina
1870 3123 1950 3177 vel

378 3220 765 3274 demonstratio
792 3228 1161 3289 nuncupatur;
1190 3226 1281 3272 aut
1309 3224 1515 3270 tantum
1553 3212 1913 3283 probabilibus
1932 3252 1948 3279 ,

2059 2017 2152 2070 rite
2178 2016 2309 2070 ﬁunt
2336 2033 2349 2069 :
2378 2031 2499 2070 nam
2541 2016 2685 2085 prior
2725 2016 2813 2069 illa
2854 2015 3090 2087 partitio,
3123 2016 3290 2087 logice
3321 2019 3487 2073 tribus
3515 2035 3637 2088 par-

2062 2108 2201 2162 tibus
2232 2116 2528 2178 segregata,
2563 2109 2632 2162 ita
2660 2121 2842 2177 par:es
2868 2108 3120 2178 explicat,
3144 2118 3201 2163 ut
3231 2108 3418 2165 habeat
3452 2112 3638 2165 iuven-

2061 2202 2257 2255 tionem
2299 2201 2572 2256 materiam
2618 2201 2966 2270 singularum,
3010 2202 3121 2271 ipsa
3153 2218 3278 2255 vero
3320 2203 3634 2271 judicationi

2057 2294 2335 2347 materiam
2383 2301 2616 2361 praestat.
2672 2294 2875 2347 Etenim
2923 2308 3043 2347 cum
3084 2292 3268 2349 deﬁnit
3304 2295 3515 2364 aliquis,
3548 2298 3633 2350 vel

2059 2384 2135 2437 rei
2165 2384 2450 2452 proposita:
2481 2383 2795 2438 divisionem
2840 2383 2985 2463 iacit,
3018 2384 3219 2440 invenit
3244 2386 3457 2456 quidem
3490 2386 3631 2442 divi-

2057 2476 2193 2531 sioni
2236 2476 2637 2547 deﬁnitionique
2676 2476 3003 2532 diﬂ'erentias
3050 2478 3497 2543 accommodatas,
3538 2479 3633 2533 sed

2059 2580 2124 2617 an
2158 2574 2299 2619 recte
2338 2566 2422 2619 vel
2468 2565 2712 2631 difﬁniat,
2750 2565 2830 2621 vel
2878 2565 3097 2632 dividat,
3144 2565 3472 2636 judicatione
3512 2582 3633 2636 per-

2058 2657 2261 2725 pendit.
2299 2656 2373 2711 lta
2405 2657 2607 2726 priores
2638 2656 2823 2725 logica:
2852 2668 3030 2727 partes
3069 2658 3317 2712 secundae
3358 2656 3635 2714 divisionis

2059 2749 2295 2803 membra
2344 2748 2692 2819 conjungunt,
2739 2760 2795 2804 ut
2840 2751 3115 2821 materiam
3160 2752 3373 2819 quidem
3414 2752 3493 2805 sui
3536 2752 3633 2805 ha-

2060 2840 2218 2895 beant
2248 2840 2631 2903 inventionem,
2668 2840 2984 2910 judicationi
3027 2856 3156 2896 vero
3194 2842 3321 2896 ﬁant
3360 2844 3489 2911 ipsa:
3521 2859 3636 2899 ma-

2058 2933 2210 2987 teria.
2245 2933 2394 2999 Quod
2427 2933 2479 2986 in
2513 2934 2711 3003 reliqua
2744 2934 2903 2989 etiam
2936 2934 3215 3003 colligendi
3248 2944 3395 2997 parte
3419 2935 3632 2988 contin-

2057 3026 2151 3094 git,
2189 3041 2309 3078 nam
2338 3033 2391 3077 et
2421 3038 2480 3076 ea
2512 3038 2628 3091 quae
2655 3024 2721 3079 de
2764 3024 3122 3094 probabilibus
3150 3033 3361 3087 tractat,
3396 3024 3554 3079 habet
3580 3035 3635 3080 et

2060 3113 2369 3169 inveniendi
2417 3113 2747 3183 suppositam
2802 3116 3108 3179 materiam,
3154 3131 3271 3184 quae
3320 3116 3629 3170 veris’milia

2057 3205 2257 3275 reperit
2282 3216 2612 3275 argumenta.
2644 3215 2697 3259 et
2724 3205 2791 3261 de
2823 3206 3124 3275 ltujusmodi
3152 3219 3463 3276 argumento
3486 3209 3633 3278 judi-

376 3318 431 3365 οι
453 3308 728 3365 amcam
765 3283 992 3373 dicitur;
1026 3319 1115 3363 aut
1142 3308 1482 3377 apertissime
1504 3306 1673 3369 falsis,
1696 3315 1751 3360 et
1774 3306 1956 3376 ειιριιῖ-
1982 3283 2031 3349 ε
2058 3300 2199 3355 catio
2226 3298 2522 3369 perpendit.
2552 3298 2812 3353 Est'enim
2836 3298 3092 3368 judicium
3122 3299 3223 3354 hoc
3251 3301 3421 3369 ipsum
3462 3301 3631 3377 inter-

377 3400 531 3463 stica,
577 3400 628 3455 id
672 3411 772 3465 est,
812 3400 1138 3455 cavillatoria
1177 3399 1504 3466 perhibetur.
1548 3397 1738 3468 Logica
1770 3396 1951 3468 igitur,

377 3505 496 3560 qua:
522 3498 606 3544 est
634 3491 824 3559 peritia
852 3490 1171 3551 disserendi,
1205 3490 1288 3545 vel
1311 3491 1380 3545 de
1406 3489 1747 3555 dilfinitione,
1777 3491 1857 3544 vel
1887 3488 1957 3545 de

379 3580 685 3650 partitione,
711 3580 794 3635 vel
825 3579 893 3635 de
921 3580 1261 3648 collectione,
1303 3580 1355 3635 id
1384 3588 1484 3645 est,
1518 3580 1601 3634 vel
1631 3579 1698 3634 de
1726 3580 1868 3633 veris
1894 3593 1957 3635 ac

380 3672 714 3738 necessariis,
744 3671 829 3726 vel
860 3673 928 3729 de
948 3672 1336 3743 probabilibus,
1371 3672 1421 3726 id
1445 3679 1527 3727 est
1549 3671 1951 3739 verisimilibus,

379 3762 462 3815 vel
490 3762 559 3817 de
587 3762 915 3831 sophisticis,
941 3764 992 3818 id
1024 3773 1124 3830 est,
1158 3763 1507 3818 cavillatoriis
1534 3764 1957 3832 argumentatio-

382 3853 540 3907 nibus
570 3863 779 3917 tractat,
812 3854 909 3913 itas
936 3856 1078 3909 enim
1101 3856 1436 3911 collectionis
1476 3863 1653 3923 partes
1680 3869 1798 3911 esse
1822 3870 1959 3925 pra:-

381 3945 637 3999 diximus.
678 3950 850 4013 Atque
880 3944 995 4000 haec
1022 3955 1103 4000 est
1130 3961 1228 4000 una
1263 3946 1446 4016 logica:
1475 3944 1690 4015 partitio
1711 3988 1727 4013 ,
1770 3947 1822 4000 in
1855 3960 1961 4015 qua

381 4036 717 4091 dialecticam
757 4035 1071 4091 Aristoteles
1108 4047 1263 4092 vocat
1303 4038 1607 4093 facultatem
1641 4053 1737 4107 per
1767 4037 1960 4105 proba-

382 4127 506 4182 bilia
530 4127 832 4197 coliigendi.
866 4128 1070 4183 Rursus
1098 4127 1339 4197 ejusdem
1368 4129 1553 4199 logica;
1579 4130 1745 4184 altera
1768 4128 1962 4183 divisio

382 4228 486 4285 cst,
522 4232 617 4287 per
644 4233 801 4286 quam
824 4218 1097 4273 diducitur
1119 4228 1227 4273 tota
1248 4220 1477 4291 diligens
1502 4222 1639 4275 ratio
1661 4218 1959 4274 disserendi

383 4314 435 4366 in
462 4312 595 4365 duas
611 4322 808 4381 partes,
828 4325 987 4365 unam
1004 4298 1331 4377 inveniendi,
1361 4321 1415 4367 et
1430 4312 1649 4366 alteram
1663 4310 1957 4380 judicandi.

392 4405 447 4459 Id
479 4416 655 4460 autem
685 4406 899 4460 videtur
938 4406 1096 4460 etiam
1138 4407 1251 4475 ipsa
1293 4390 1491 4474 logices
1527 4403 1767 4459 deﬁnitio
1811 4417 1964 4456 mon-

385 4506 577 4559 strare,
596 4511 715 4549 nam
732 4497 855 4566 quia
872 4495 1041 4565 logica
1059 4497 1194 4551 ratio
1208 4495 1506 4551 disserendi
1530 4506 1632 4559 est,
1658 4510 1763 4548 non
1784 4499 1964 4563 potest

383 4586 454 4642 ab
486 4586 789 4642 inventione
810 4602 930 4643 esse
950 4597 1215 4658 separata.
1246 4586 1379 4641 Cum
1407 4587 1547 4642 enim
1581 4601 1739 4640 nemo
1765 4591 1964 4654 praeter

2062 3392 2342 3457 noscendi,
2393 3390 2535 3462 quod
2582 3407 2685 3446 non
2735 3392 3033 3447 necessaria
3087 3392 3323 3448 inventio
3376 3404 3486 3459 est,
3538 3374 3631 3451 sed

2060 3482 2574 3541 verisimilitudinem
2627 3492 2789 3541 tenet.
2837 3482 2924 3537 Illa
2974 3500 3184 3554 quoque
3239 3501 3359 3554 pars
3406 3500 3523 3556 quae
3565 3486 3634 3541 de

2062 3575 2380 3631 necessariis
2423 3575 2975 3646 argumentationibus
3008 3584 3236 3646 aptatur,
3270 3576 3430 3634 habet
3457 3577 3637 3648 subje-

2060 3679 2199 3723 ctam
2238 3667 2513 3723 materiam
2555 3669 2870 3723 necessarire
2909 3667 3253 3735 inventionis,
3288 3669 3507 3740 ejusque
3552 3678 3636 3724 est

2055 3758 2335 3829 judicium,
2365 3769 2422 3815 ut
2450 3774 2568 3815 cum
2614 3761 2915 3815 necessaria
2955 3746 3079 3816 sunt
3117 3777 3237 3830 qua:
3269 3762 3491 3828 invenit,
3536 3777 3632 3817 ue-

2062 3851 2291 3905 cessaria
2332 3866 2541 3921 quoque
2576 3865 2696 3905 esse
2737 3853 3052 3920 perpendat.
3083 3854 3188 3908 Nec
3216 3870 3321 3908 non
3350 3854 3631 3910 cavillandi

2063 3954 2185 4009 pars
2224 3950 2447 4010 utraque
2476 3940 2527 3993 in
2561 3954 2620 3994 se
2645 3942 2904 4004 continet,
2936 3943 3361 4012 quandoquidem
3395 3956 3448 4000 et
3480 3948 3643 4002 inve-‘

2064 4031 2162 4083 niri
2197 4029 2323 4082 falsa
2356 4038 2599 4098 possunt,
2632 4038 2685 4082 et
2715 4029 2842 4083 falsa
2873 4046 2990 4084 esse
3032 4031 3350 4098 judicatione
3378 4036 3633 4092 discerni.

2063 4120 2178 4187 Quo
2206 4120 2263 4171 ﬁt
2289 4128 2346 4173 ut
2373 4120 2517 4187 prior
2546 4117 2745 4187 logices
2774 4120 2963 4174 divisio
3000 4124 3285 4178 secundam
3316 4128 3476 4180 etiam
3505 4142 3635 4183 con-

2068 4210 2235 4266 tinere
2255 4211 2497 4265 videatur
2516 4226 2529 4267 :
2548 4200 2670 4265 nam
2691 4211 2950 4277 deﬁnitio,
2978 4214 3189 4281 partitio
3208 4224 3367 4287 atque
3386 4220 3637 4276 collectio

2068 4302 2429 4357 inventionem
2456 4303 2729 4357 continent
2757 4313 2810 4357 et
2835 4302 3112 4372 judicium,
3147 4308 3268 4376 quia
3312 4322 3484 4379 neque
3516 4313 3636 4366 exi-

2068 4405 2210 4452 stere
2250 4407 2441 4466 praeter
2471 4398 2855 4465 inventionem,
2889 4414 3061 4471 neque
3089 4403 3301 4472 agnosci
3331 4412 3524 4472 praeter
3546 4404 3633 4474 ju-

2068 4488 2263 4543 dicium
2292 4501 2534 4560 possunt.
2565 4491 2671 4547 Sed
2699 4507 2817 4547 cum
2848 4494 3022 4547 omnis
3052 4493 3289 4549 inventio
3328 4496 3638 4565 judicationi

2067 4581 2305 4651 subjecta
2349 4584 2438 4647 sit,
2478 4599 2705 4654 cumque
2754 4586 2947 4655 prioris
2984 4586 3258 4642 divisionis
3302 4598 3481 4657 partes
3524 4593 3643 4648 sine

384 4676 757 4733 inventionem
781 4679 1045 4735 disserere
1070 4679 1271 4749 possit,
1295 4677 1595 4733 disserendi
1618 4678 1753 4732 ratio
1775 4676 1965 4731 inven-
1988 4663 2047 4728 1)
2072 4686 2292 4743 utroque
2336 4690 2455 4730 esse
2493 4692 2596 4730 non
2643 4678 2867 4747 possint,
2902 4682 3079 4734 evenit
3120 4691 3179 4735 ut
3221 4683 3386 4752 prima
3428 4685 3643 4754 partitio

384 4769 546 4825 tionis
574 4780 657 4827 est
686 4772 843 4827 ratio.
880 4771 1086 4828 Rursus
1126 4771 1377 4841 quoniam
1411 4769 1581 4839 logice
1616 4769 1842 4838 diligens
1882 4776 1965 4824 est

381 4863 521 4916 ratio
540 4861 860 4931 disserendi,
877 4862 1017 4917 abea
1033 4861 1288 4932 judicium
1308 4875 1412 4914 non
1432 4866 1604 4929 potest
1618 4859 1825 4923 abesse,
1849 4858 1962 4926 ipsa

381 4958 524 5010 enim
551 4954 823 5026 diligentia
854 4955 1074 5009 rationis
1099 4953 1151 5007 in
1175 4952 1491 5008 disserendo
1515 4953 1685 5025 posita
1706 4949 1963 5019 judicium

379 5058 482 5104 est.
522 5048 707 5120 Neque
749 5050 891 5104 enim
935 5056 1111 5117 potest
1156 5048 1436 5117 quisquam
1477 5045 1761 5115 diligenter
1796 5042 1967 5097 disse-

379 5157 521 5208 rere,
555 5142 655 5195 nisi
684 5141 841 5210 quale
870 5141 939 5195 sit
960 5138 1285 5209 judicaverit
1313 5138 1363 5193 id
1396 5138 1535 5208 quod
1569 5139 1619 5191 in
1651 5134 1964 5206 disputatio-

379 5252 501 5291 nem
547 5234 794 5288 sumitur.
835 5233 988 5298 Quod
1033 5234 1077 5287 si
1125 5232 1190 5287 ad
1222 5230 1522 5286 disserendi
1552 5229 1792 5283 ordinem
1832 5225 1961 5281 dili-

375 5327 556 5395 gentia
585 5325 809 5379 rationis
844 5324 1153 5385 adhibetur,
1187 5337 1291 5376 non
1335 5331 1416 5376 est
1444 5320 1661 5374 dubium
1692 5320 1817 5387 quin
1862 5316 1963 5372 hoc

371 5413 628 5483 judicium
677 5413 744 5466 ad
784 5413 1159 5468 inventionum
1201 5410 1511 5465 varietatem
1556 5409 1625 5461 sit
1663 5422 1963 5461 accommo-

373 5501 580 5554 datum.
632 5500 725 5554 llis
766 5500 925 5569 igitur
967 5501 1037 5553 ita
1079 5498 1368 5567 expeditis,
1412 5496 1695 5551 videndum
1733 5504 1834 5561 est,
1877 5495 1960 5550 bas

374 5591 687 5656 divisiones,
714 5604 945 5662 quanam
978 5604 1037 5645 se
1064 5590 1385 5659 cognatione
1416 5592 1741 5657 contingant.
1774 5588 1963 5643 Inven—

375 5688 451 5742 tio
497 5684 695 5755 quippe
741 5684 951 5739 caeteris
1003 5683 1273 5746 omnibus,
1320 5681 1484 5735 veluti
1536 5682 1772 5736 materia:
1820 5682 1959 5747 loco,

378 5774 719 5847 supponitur,
749 5776 850 5828 hoc
874 5774 1053 5829 modo.
1084 5773 1193 5828 Nisi
1217 5775 1358 5827 enim
1389 5772 1623 5826 inventio
1650 5770 1827 5837 fuerit,
1855 5786 1961 5827 non

374 5879 549 5945 potest
571 5882 693 5927 esse
724 5866 808 5923 vel
838 5866 1100 5935 deﬁnitio,
1131 5866 1211 5923 vel
1238 5864 1471 5937 partitio,
1496 5864 1746 5937 quoniam
1772 5878 1963 5921 unum.

2071 4767 2431 4825 inventionem
2478 4768 2837 4840 iudiciumque
2878 4772 3182 4843 conjuugat.
3228 4775 3471 4832 Secunda
3512 4794 3639 4833 vero

2070 4866 2184 4920 bzec
2211 4865 2427 4931 divisio,
2461 4882 2561 4936 qua
2592 4866 2779 4921 Cicero
2813 4869 2971 4921 etiam
3018 4868 3239 4937 partitur
3268 4871 3515 4939 logicam,
3550 4888 3640 4927 se-

2070 4963 2254 5028 gregat
2278 4954 2582 5025 hujusmcdi
2613 4957 2909 5025 facultates,
2944 4969 2997 5014 et
3034 4959 3333 5016 inveniendi
3363 4966 3640 5017 materiam

2070 5063 2099 5102 a
2125 5048 2466 5116 judicationis
2512 5059 2659 5118 parte
2699 5050 2946 5105 secernit.
2984 5050 3245 5106 Judicium
3276 5069 3420 5117 vero,
3452 5056 3501 5108 in
3533 5056 3646 5110 eol-

2071 5136 2267 5207 ligendi
2312 5141 2519 5194 ratione
2566 5139 2806 5209 proprias
2856 5149 3032 5208 partes
3081 5141 3259 5208 habet,
3302 5158 3423 5198 nam
3464 5147 3641 5201 omnis

2068 5230 2483 5297 argumentatio,
2513 5232 2792 5301 omnisque
2819 5231 3160 5302 syllogismus
3189 5234 3642 5305 propositionibus

2067 5323 2307 5383 struitur,
2352 5335 2675 5391 omnemque
2712 5323 3064 5391 compositum
3096 5323 3200 5377 duo
3227 5324 3281 5378 in
3308 5339 3368 5380 se
3395 5327 3637 5395 quaedam

2066 5412 2283 5477 retinet,
2315 5427 2434 5481 qua:
2481 5412 2801 5481 speculanda
2840 5427 2960 5468 esse
3004 5413 3300 5469 videantur.
3331 5415 3397 5470 Et
3425 5414 3639 5487 quidem

2066 5503 2305 5558 continet
2333 5517 2492 5556 unum
2523 5517 2643 5571 qua:
2666 5502 2753 5555 illa
2779 5502 2905 5562 siut.
2932 5517 2999 5556 ex
3030 5503 3223 5571 quibus
3252 5504 3305 5560 id
3335 5507 3472 5575 quod
3496 5521 3644 5560 com-

2068 5594 2295 5662 positum
2337 5601 2420 5648 est
2458 5592 2785 5662 intelligatur
2824 5606 2943 5646 esse
2976 5608 3298 5660 connexum,
3334 5596 3474 5650 aliud
3512 5610 3641 5650 vero

2067 5698 2292 5755 quanam
2334 5684 2403 5737 sit
2438 5697 2653 5738 suarum
2696 5683 2920 5752 partium
2965 5682 3339 5753 conjunctione
3369 5688 3638 5757 composi-

2068 5787 2177 5831 tum
2213 5793 2225 5827 :
2261 5784 2317 5829 ut
2356 5774 2407 5829 in
2461 5774 2661 5842 pariete
2708 5775 2968 5845 siquidem
3018 5776 3222 5845 lapides
3264 5778 3409 5849 ipsos
3450 5779 3655 5848 quibus

2068 5867 2245 5939 paries
2272 5874 2506 5925 structus
2528 5874 2611 5923 est
2632 5867 2901 5939 inspicias,
2924 5868 3073 5940 quasi
3096 5872 3371 5926 materiam
3400 5879 3639 5941 spectes;
