4248 6272
594 373 734 432 1047

1822 365 1935 424 ΑΝ.
1977 365 2183 422 MANL.
2227 367 2376 425 sev.
2418 371 2640 445 eoertt

3739 338 3880 431 me

592 488 638 542 si
683 502 812 542 vero
853 483 1092 537 ordinem
1130 463 1682 547 compositimiemqtie
1707 476 1969 546 iunctura:
2001 479 2178 532 consi-
2207 481 2259 540 Α
2287 497 2374 546 ne,
2399 479 2555 554 quani
2577 487 2788 555 topicen
2813 487 3070 557 appellari
3091 485 3340 551 diximus,
3370 474 3682 542 ordiendum
3705 494 3877 556 putat.

597 581 778 642 deres,
812 586 1059 639 tauquam
1104 571 1170 624 de
1217 573 1401 623 formae
1434 571 1640 623 ratione
1670 570 1990 639 perpendas.
2025 571 2095 624 Ita
2131 571 2182 625 in

597 663 1153 734 argumentationibus
1181 676 1312 730 quas
1342 659 1794 730 proriositionibus
1823 662 2185 732 compaginari

593 770 752 828 atque
785 757 1035 825 conjungi
1068 770 1226 822 supra
1261 754 1563 818 retulimus,
1597 753 1805 818 gemina
1847 753 1949 807 erit
1995 768 2186 823 specu-

592 850 809 904 latiottis
855 859 901 903 et
948 846 1220 916 iudicandi
1274 845 1377 898 via.
1435 844 1548 900 Una
1596 859 1715 913 qum
1765 845 2183 913 propositionum

591 944 832 1010 ipsarum
861 951 1103 994 naturam
1135 939 1395 993 discernit
1424 952 1486 991 ac
1520 937 1720 1006 jttdicat
1752 945 1926 992 utrum
1956 953 2095 993 vera:
2122 954 2186 995 ac

594 1033 914 1087 necessaria:
949 1031 1076 1095 sint,
1109 1045 1174 1083 an
1204 1029 1542 1091 verisitoiles,
1578 1043 1645 1081 an
1674 1027 1982 1097 sophisticis
2013 1029 2182 1098 appli-

592 1135 805 1190 centur,
836 1133 892 1179 et"
921 1124 1036 1178 haec
1080 1123 1230 1193 quasi
1265 1120 1504 1177 materia:
1549 1121 1842 1190 speculatio
1869 1129 1971 1176 est.
2004 1121 2184 1176 Altera

594 1233 725 1272 vero
763 1216 949 1286 judieii
1005 1231 1128 1286 pars
1178 1223 1260 1269 est
1303 1230 1420 1284 qua:
1469 1214 1608 1268 inter
1651 1229 1710 1268 se
1756 1213 2183 1283 propositionum

591 1312 872 1379 iuncturas
920 1307 1445 1378 compositionesque
1500 1305 1810 1374 perpendit;
1867 1309 1980 1359 tunc
2031 1305 2184 1375 quasi

592 1403 819 1458 formam
860 1400 1066 1470 jndicat
1108 1408 1570 1468 argumentorum.
1615 1397 1743 1462 Quae
1784 1411 1904 1449 cum
1946 1397 2016 1449 ita
2055 1397 2182 1460 sint,

593 1496 699 1548 hoc
729 1492 886 1547 modo
925 1493 982 1545 fit
1019 1492 1070 1546 in
1121 1492 1430 1546 continuum
1473 1489 1655 1552 ducta,
1679 1489 1913 1556 partitio,
1957 1496 2014 1541 ut
2052 1488 2186 1541 ratio

595 1587 826 1655 diligens
858 1585 1175 1648 disserendi,
1208 1599 1365 1638 unam
1399 1583 1595 1637 habeat
1626 1582 1928 1636 inveniendi
1959 1589 2184 1650 partem,

595 1680 816 1733 alteram
846 1692 972 1730 vero
995 1675 1291 1746 judicandi.
1322 1675 1456 1728 Tum
1485 1675 1553 1729 de
1579 1675 1691 1743 ipsa
1719 1675 2046 1738 inventione,
2075 1682 2184 1724 tum

595 1771 662 1824 de
695 1751 1015 1822 inventionis
1042 1767 1414 1829 collocatione,
1449 1780 1568 1835 qua:
1598 1763 1763 1818 fortua
1797 1772 1879 1818 est
1902 1777 2186 1832 argumenc

596 1865 836 1916 tationis.
872 1866 1045 1930 Atque
1077 1875 1138 1915 ea
1169 1859 1383 1928 quidem
1429 1874 1552 1926 pars
1596 1872 1713 1927 qua:
1762 1857 1828 1910 de
1878 1855 2185 1909 inventione
2216 1865 2265 1924 Β

595 1957 774 2018 docet,
808 1955 1051 2024 quaedam
1099 1951 1496 2008 inventionibus
1540 1951 1898 2005 instrumenta
1937 1947 2187 2018 suppedit-

597 2059 695 2112 tat,
728 2061 780 2102 et
810 2059 1030 2102 vocatur
1060 2046 1236 2115 topice
1269 2063 1282 2100 :
1313 2061 1410 2099 cur
1439 2053 1616 2099 autem
1651 2044 1761 2096 .hoc
1803 2042 2016 2096 nomine
2047 2057 2185 2094 nun~

595 2152 787 2210 cupata
819 2139 908 2205 sit,
945 2139 1212 2207 posterius
1244 2137 1437 2190 dicam.
1495 2135 1580 2189 llla
1626 2148 1752 2188 vero
1803 2149 1922 2203 pars
1969 2149 2083 2202 quzc
2133 2132 2185 2185 in

598 2233 883 2288 indicando
935 2233 1104 2303 posita
1157 2241 1260 2296 est,
1294 2215 1930 2301 quasdam‘disccrnendi
1978 2227 2186 2295 regulas

598 2329 988 2390 subministrat,
1026 2337 1080 2385 et
1124 2338 1346 2381 vocatur
1373 2326 1669 2396 analytice;
1698 2337 1752 2380 et
1781 2326 1822 2378 si
1849 2325 1914 2379 de
1947 2324 2187 2395 preposi-

575 2422 801 2494 ltionum
829 2421 1077 2487 iunctura
1101 2418 1428 2484 consideret,
1455 2418 1716 2488 analylice
1748 2420 1918 2486 prior;
1947 2418 2026 2470 sin
2060 2432 2186 2469 vero

597 2513 665 2564 de
711 2511 840 2580 ipsis
890 2510 1288 2564 inventionibus
1339 2519 1549 2573 tractet,
1595 2524 1657 2562 ea
1698 2509 1910 2577 quidem
1945 2523 2064 2574 pars
2096 2508 2183 2561 ubi

598 2605 666 2657 de
696 2603 1063 2656 discernendis
1094 2602 1413 2656 necessariis
1445 2603 1773 2670 argumentis
1801 2601 2015 2661 dicitur.
2051 2615 2183 2654 ana-

601 2693 756 2762 lytice
808 2695 1070 2759 posterior
1118 2699 1486 2757 nuncupatur;
1527 2705 1589 2743 ea
1621 2707 1748 2744 vero
1782 2707 1897 2760 qoze
1938 2691 2007 2745 de
2038 2689 2183 2744 falsis

597 2795 756 2853 atque
795 2783 1159 2846 cavillatoriis,
1194 2781 1244 2835 id
1276 2790 1358 2836 est
1395 2783 1461 2836 tle
1494 2777 1816 2851 sophisticis,
1847 2782 2074 2836 clenclti.
2111 2782 2183 2836 De

595 2875 965 2929 verisimilium
997 2889 1123 2928 vero
1152 2873 1672 2943 argumentationum
1709 2873 1907 2942 judicio
1937 2873 2065 2926 nihil
2098 2873 2182 2927 vi-

599 2967 754 3021 detur
782 2981 901 3019 esse
935 2973 1237 3029 tractatum,
1284 2964 1484 3017 idcirco
1529 2963 1776 3031 quoniam
1811 2963 1961 3031 plana
1993 2972 2074 3018 est
2103 2952 2194 3016 at-V

599 3075 702 3127 quc
732 3058 979 3126 CXpCdlfﬂ
1012 3058 1145 3111 ratio
1173 3055 1449 3125 judicandi
1479 3056 1546 3110 de
1585 3055 1889 3117 medietate,
1915 3069 2035 3108 cum
2063 3054 2183 3122 quis

597 3163 836 3208 extrema
869 3151 1195 3222 cognoverit.
1243 3149 1296 3204 Si
1339 3151 1478 3208 enim
1516 3149 1638 3220 quis
1679 3148 1971 3217 dijudicarc
2000 3162 2185 3201 neces-

2325 579 2328 582 ’
2372 575 2438 629 (It
2479 580 2634 649 igitur
2675 594 2854 632 earum
2902 595 3074 633 rerum
3123 595 3235 646 qua:
3269 579 3578 632 abscondita:
3630 589 3746 631 sunt
3787 579 3879 632 de-

2293 681 2575 724 monstrato
2612 680 2657 724 et
2701 681 2876 724 notato
2907 671 3020 726 loco
3063 671 3231 742 facilis
3278 671 3496 726 inventio
3529 681 3625 734 est,
3653 671 3725 724 sic
3763 686 3881 724 eum

2292 762 2633 833 perrestigare
2657 773 3011 833 argumentum
3035 763 3243 833 aliquod
3270 761 3520 836 volumus,
3558 763 3693 816 (cras
3736 779 3883 815 nosse

2292 855 2548 908 debemus.
2605 853 2695 909 Sic
2734 857 2866 909 enim
2907 858 3181 926 appellata:
3230 865 3347 908 sunt
3393 854 3457 907 ab
3497 854 3761 906 Aristotele
3800 853 3882 906 lite

2290 946 2440 1014 quasi
2478 946 2641 1010 sedes,
2684 963 2711 1001 e
2749 949 2930 1016 quibus
2974 957 3274 1019 argumenta
3321 955 3646 1015 promuntur.
3700 943 3882 1012 Itaque

2292 1036 2408 1090 licet
2433 1039 2642 1107 definire
2667 1042 2834 1093 locum
2861 1055 2967 1094 esse
2996 1040 3279 1110 argumenti
3303 1041 3495 1102 sedem,
3524 1045 3882 1107 argumentum

2290 1137 2461 1182 autem
2486 1130 2754 1198 rationem,
2789 1147 2903 1199 qure
2933 1133 3006 1184 rei
3037 1132 3202 1185 dubia:
3229 1131 3383 1200 faciat
3409 1130 3580 1199 ﬁdem.

2363 1241 2491 1296 Post
2520 1242 2839 1309 divisionem
2889 1243 3074 1313 logica:
3113 1243 3424 1313 disciplinae.
3459 1258 3614 1312 quam
3644 1242 3890 1312 diligen-

2293 1342 2399 1389 tem
2445 1334 2747 1390 disserendi
2797 1337 3059 1392 rationem
3105 1351 3225 1390 esse
3270 1335 3528 1402 deﬁnivit,
3568 1334 3636 1389 de
3678 1334 3883 1402 topica,

2291 1440 2412 1494 qua:
2445 1427 2746 1482 inveniendi
2778 1442 2866 1481 ars
2897 1441 3018 1482 esse
3049 1426 3300 1496 prmdicta
3331 1435 3435 1491 est,
3466 1424 3717 1492 expedire
3748 1440 3884 1480 cou-

2293 1515 2484 1570 tendit.
2531 1518 2610 1572 Ac
2652 1518 2881 1586 primum
2913 1518 3040 1587 quid
3069 1518 3177 1572 sint
3205 1517 3329 1582 loci,
3361 1518 3588 1570 termino
3617 1515 3884 1571 deﬁnitio-

2293 1608 2376 1663 nis
2411 1609 2656 1672 inoludit,
2690 1610 2915 1680 ejusque
2943 1611 3076 1664 artis
3104 1626 3222 1680 qua;
3253 1610 3429 1679 topice
3459 1609 3652 1663 dicitur
3699 1624 3880 1662 exem-

2293 1700 2363 1770 pli
2393 1705 2620 1770 quadam
2651 1704 2891 1757 claritate
2921 1702 3165 1772 designat
3199 1703 3574 1756 intentionem.
3614 1701 3707 1753 Est
3735 1699 3878 1754 enim

2293 1793 2496 1860 tapiccs
2527 1794 2771 1857 intentio,
2803 1803 3240 1863 argumentorum
3274 1791 3446 1848 facilis
3479 1791 3732 1846 inventio.
3761 1789 3878 1845 Non

2293 1881 2445 1950 igitur
2481 1883 2722 1939 invenire
2753 1883 2911 1939 docet
2959 1885 3134 1953 topice
3162 1882 3304 1952 qttod
3334 1890 3418 1937 est
3447 1882 3703 1936 naturalis
3731 1881 3880 1950 inge-

2293 1975 2388 2038 nii,
2429 1974 2523 2029 sed
2549 1975 2755 2030 facilius
2787 1975 3068 2030 invenire:
3100 1975 3278 2029 omnis
3303 1975 3503 2044 quippe
3531 1988 3618 2027 ars
3646 1971 3877 2027 imitatur

2293 2063 2560 2132 naturam,
2582 2076 2741 2136 atque
2760 2068 2826 2120 ab
2851 2067 2950 2121 hac
2976 2067 3196 2120 materia
3213 2075 3484 2135 suscepta,
3510 2064 3740 2120 rationes
3763 2065 3880 2132 ipsa

2293 2158 2539 2228 viamque
2570 2160 2893 2226 conformat,
2921 2171 2975 2214 ut
3001 2175 3122 2214 cum
3153 2159 3362 2214 facilius
3386 2158 3435 2212 id
3462 2158 3601 2228 quod
3626 2171 3714 2212 ars
3732 2172 3880 2226 qure-

2291 2265 2395 2319 que
2440 2253 2734 2319 promittit,
2787 2260 2894 2306 tum
2949 2251 3241 2320 elegantius
3284 2250 3395 2315 fiat,
3433 2250 3577 2303 velut
3620 2248 3876 2318 parietem

2289 2352 2498 2396 struere
2526 2343 2784 2396 naturalis
2815 2342 3007 2411 ingenii
3041 2351 3145 2404 est,
3173 2340 3266 2395 sed
3299 2349 3414 2394 arte
3445 2341 3500 2393 ﬁt
3529 2339 3732 2393 melius.
3769 2341 3872 2393 Ar-

2289 2443 2597 2502 gumentum
2615 2443 2794 2488 autem
2823 2435 2958 2488 ratio
2977 2443 3059 2488 est
3080 2449 3198 2502 qure
3222 2433 3295 2488 rei
3319 2433 3488 2486 dubia:
3511 2430 3872 2484 faciat‘tidcm.

2291 2525 2452 2579 Multa
2483 2527 2624 2580 enim
2653 2535 2914 2596 suntquae
2943 2525 3144 2579 faciunt
3167 2525 3345 2588 fidem,
3373 2523 3464 2578 sed
3487 2521 3602 2592 quia
3635 2520 3876 2574 rationes

2291 2631 2394 2670 non
2417 2626 2562 2686 sunt,
2588 2633 2656 2672 ne
2676 2626 2988 2689 argumenta
3006 2618 3221 2687 quidem
3247 2630 3368 2671 csse
3393 2621 3632 2684 possunt,
3650 2625 3707 2665 ut
3729 2611 3880 2667 visus

2289 2707 2417 2786 facit
2446 2709 2604 2765 ﬁdem
2657 2711 2738 2765 his
2773 2726 2891 2780 qua:
2917 2709 3187 2775 videntur,
3218 2708 3312 2764 sed
3344 2709 3464 2778 quia
3495 2707 3630 2760 ratio
3660 2720 3765 2759 nou
3795 2712 3882 2760 est

2289 2802 2456 2868 visus,
2491 2817 2559 2856 ne
2589 2812 2965 2872 argumentum
2997 2802 3212 2871 quidem
3241 2815 3363 2855 esse
3398 2808 3593 2869 potest.
3628 2797 3880 2851 Differen-

2291 2891 2418 2946 tiam
2438 2908 2567 2947 vero
2589 2909 2747 2947 unam
2772 2893 3021 2962 sumpsit,
3047 2907 3165 2946 eam
3183 2907 3304 2962 qua:
3330 2890 3488 2945 faciat
3513 2888 3695 2953 ﬁdem,
3719 2902 3878 2942 omne

2289 2985 2431 3040 enim
2469 2995 2841 3055 argumentum
2885 2985 3010 3039 facit
3038 2983 3216 3038 fidem.
3256 2982 3312 3036 Si
3355 2982 3517 3050 igitur
3540 2979 3877 3049 junxerimus

2290 3092 2456 3147 genus
2469 3091 2532 3132 ac
2546 3076 2929 3142 differentiam,
2942 3086 2995 3131 et
3013 3076 3064 3131 id
3087 3090 3207 3131 esse
3227 3083 3596 3146 argumentum
3613 3073 3873 3134 dicamus,

2290 3169 2430 3241 quod
2462 3171 2722 3224 rationem
2750 3184 2869 3238 quae
2892 3167 3050 3223 faciat
3077 3168 3257 3236 fidem,
3284 3181 3411 3223 num
3435 3175 3543 3221 tota
3569 3163 3874 3234 argumenti

599 3248 737 3302 saria
769 3249 923 3309 sciat,
967 3246 1216 3315 idemque
1256 3244 1510 3298 falsorum
1552 3251 1987 3312 argumentorum
2021 3239 2260 3309 possitC
2292 3239 2478 3320 mlum
2527 3269 2820 3315 monstrata
2869 3259 2984 3313 si”
3036 3259 3268 3314 Miﬂime.
3324 3257 3462 3325 Quid
3517 3258 3560 3312 si
3607 3257 3726 3325 eius
3774 3255 3876 3320 rei.

599 3341 799 3394 habere
825 3339 1105 3406 judicium,
1139 3337 1470 3402 verisimilia,
1495 3353 1613 3407 qua:
1644 3337 1694 3390 in
1724 3335 1900 3390 medio
1930 3333 2186 3389 collocata

599 3442 743 3492 sunt,
776 3433 1082 3486 discernere
1127 3446 1229 3484 non
1283 3431 1510 3485 laborat.
1546 3429 1866 3498 Expeditum
1897 3428 2058 3496 igitur
2082 3434 2184 3494 est,

601 3533 658 3576 ιιι
687 3514 938 3582 arhitror',
971 3522 1096 3590 quid
1137 3523 1207 3576 sit
1241 3521 1381 3588 quod
1409 3521 1485 3574 ait
1513 3519 1724 3584 Cicero,
1769 3519 2030 3572 rationem
2069 3517 2189 3571 dili-

601 3622 814 3685 gentem
861 3611 1162 3666 disserendi
1209 3610 1344 3663 duas
1394 3609 1590 3662 habere
1634 3618 1833 3675 partes,
1885 3606 2188 3660 inveniendi

603 3720 784 3766 unam,
816 3705 1036 3757 alteram
1063 3702 1361 3770 judicandi.
1405 3699 1536 3766 lllud
1567 3700 1727 3754 etiam
1760 3699 2068 3766 diligentius
2096 3713 2190 3750 ex-

601 3799 831 3863 positum
873 3805 987 3862 est,
1020 3809 1141 3864 qure
1187 3795 1258 3847 sit
1299 3794 1435 3847 ratio
1464 3807 1622 3861 quam
1666 3790 1830 3845 Stoici
1871 3789 2188 3844 dialecticen

601 3899 814 3960 vocant.
840 3887 913 3940 Ea
944 3897 1025 3941 est
1057 3887 1195 3940 enim
1227 3900 1346 3954 qua:
1369 3883 1640 3955 iudicandi
1672 3883 1915 3953 peritiam
1947 3889 2109 3946 tenet,
2137 3890 2190 3936 et

545 4007 548 4010 λ
599 3994 759 4048 quam
783 3977 970 4032 eodem
1001 3977 1214 4030 nomine
1246 3975 1398 4032 Plato
1429 3974 1694 4044 partiendi
1721 3989 1816 4044 per
1837 3971 2187 4036 differentias,

601 4083 761 4142 atque
789 4071 853 4125 ad
883 4085 1052 4141 genus
1093 4069 1377 4124 revocandi
1423 4067 1727 4124 facultatem
1770 4074 1939 4121 vocat.
1988 4065 2190 4132 Quam-

603 4181 706 4234 que
734 4163 922 4220 eodem
953 4163 1167 4218 nomine
1197 4160 1537 4227 Aristoteles,
1564 4175 1666 4212 non
1695 4167 1859 4214 totam
1891 4154 2192 4212 disserendi

602 4268 800 4322 artem,
852 4267 909 4310 ttt
955 4256 1143 4320 Stoici,
1177 4256 1270 4308 sed
1301 4269 1417 4308 eam
1452 4263 1652 4306 tantum
1683 4261 1953 4319 nuncupct
1979 4266 2097 4320 quas
2125 4250 2191 4303 de

601 4353 872 4421 proposita
904 4351 1202 4420 quastione
1243 4347 1626 4402 verisimilibus
1666 4345 1879 4415 colligat
1907 4356 2190 4412 argumen-

600 4446 691 4508 tis,
719 4455 878 4513 atque
909 4441 1029 4496 ideo
1053 4440 1339 4510 perfectius
1366 4437 1685 4494 Aristoteles
1705 4436 1773 4489 de
1799 4435 1968 4504 logica
1998 4443 2190 4486 tracta-

599 4539 696 4602 vit,
726 4537 979 4607 quoniam
1009 4535 1077 4590 de
1107 4533 1335 4598 duobus,
1366 4531 1504 4585 ultra
1537 4545 1654 4599 qua:
1687 4528 1814 4582 nihil
1845 4537 1945 4592 est,
1975 4526 2188 4580 tertium

599 4629 870 4692 disseruit,
907 4628 975 4681 de
1005 4624 1326 4682 inveniendo
1369 4623 1576 4678 scilicet
1619 4630 1675 4675 et
1708 4618 2020 4690 judicando,
2063 4632 2184 4672 cum
2214 4616 2270 4676 D

599 4716 788 4780 Stoici,
820 4717 1124 4770 inventione
1167 4714 1430 4782 neglecta,
1475 4710 1821 4779 judicationis
1867 4717 2068 4763 tantum
2103 4709 2188 4762 in-

601 4821 897 4864 stramenta
937 4807 1270 4864 tradiderint.
1307 4808 1477 4876 Atque
1509 4805 1628 4859 ideo
1664 4805 1782 4872 jure
1814 4817 1907 4856 eos
1949 4804 2191 4869 increpat

599 4905 826 4968 Tullius,
852 4904 1100 4974 quodiam
1125 4901 1177 4954 id
1201 4901 1430 4954 maxime
1454 4898 1721 4965 reliquere
1748 4893 1888 4965 quod
1917 4905 1970 4948 et
1999 4904 2186 4948 natura

601 5001 748 5072 prius
787 5007 841 5052 et
882 5013 978 5050 usu
1028 4995 1202 5064 potius
1241 5001 1359 5046 erat
1392 5009 1402 5042 :
1436 4999 1620 5043 natura
1650 4987 1886 5056 quidem,
1919 4986 2042 5054 quia
2071 4983 2186 5039 ﬁeri

601 5106 706 5152 non
743 5098 914 5156 totest
943 5097 998 5143 ut
1029 5087 1096 5142 de
1135 5083 1440 5140 inventione
1475 5083 1764 5151 iudicetur,
1811 5080 1910 5132 nisi
1947 5078 2058 5147 ipsa
2107 5078 2188 5132 in-

600 5183 787 5234 ventio
837 5180 982 5247 prius
1025 5177 1309 5232 exstiterit.
1355 5176 1435 5230 Ad
1478 5188 1629 5227 usum
1665 5186 1817 5236 vero,
1861 5169 1980 5239 quia
2030 5169 2188 5237 longe

600 5272 789 5326 utilius
834 5282 916 5326 est
968 5269 1130 5335 unda,
1176 5278 1229 5322 et
1278 5247 1681 5336 prieter'artem
1724 5262 1928 5331 prolata
1961 5259 2188 5314 naturali

603 5366 908 5420 inventione
955 5372 1262 5430 susceptum
1307 5375 1450 5426 saepe
1501 5355 1771 5426 negotium
1819 5353 1975 5417 tueri,
2028 5368 2188 5421 quam

501 5455 513 5466 ’
603 5456 905 5512 inveniente
933 5456 1040 5508 alio
1071 5463 1275 5508 mutum
1305 5450 1476 5520 ipsum
1509 5448 1872 5516 inermemque
1893 5454 1948 5500 et
1971 5445 2188 5499 tacitum

601 5564 822 5605 versare
864 5549 1141 5618 judicium.
1193 5546 1286 5600 Dat
1319 5560 1444 5599 vero
1485 5542 1688 5598 Tullius
1718 5541 1783 5594 dc
1815 5549 2038 5607 utroque
2067 5551 2190 5590 seu-

601 5641 846 5706 tenliam,
875 5652 928 5697 et
954 5643 1027 5696 ait
1053 5655 1316 5694 summam
1353 5638 1550 5708 pariter
1575 5636 1856 5690 utilitatem
1884 5632 1934 5685 in
1964 5640 2191 5697 utroque

600 5734 918 5797 ctmsistere,
961 5743 1014 5787 et
1060 5748 1117 5786 se
1163 5730 1230 5783 dc
1275 5738 1520 5793 utraque,
1551 5727 1592 5780 si
1633 5725 1798 5779 Otium
1843 5721 2020 5784 fuerit,
2055 5718 2193 5772 vello

603 5831 894 5908 ρἰδυῑοιςρ.
929 5834 1008 5889 Ab
1036 5849 1096 5890 ea
1127 5842 1303 5885 autem
1328 5844 1446 5897 quin
1472 5829 1616 5898 prior
1637 5837 1740 5892 est,
1769 5825 1914 5880 idest
1933 5821 2202 5910 inventio:

2295 3354 2362 3408 de
2409 3367 2512 3422 qua
2561 3367 2720 3408 nemo
2763 3351 3003 3417 dubitat,
3064 3351 3238 3420 aliqua
3287 3352 3493 3406 ratione
3537 3348 3709 3404 facere
3754 3345 3874 3415 quis

2295 3444 2453 3498 ﬁdem
2502 3443 2651 3511 velit,
2703 3458 2829 3498 num
2875 3443 3073 3498 idcirco
3131 3443 3243 3508 illa,
3288 3441 3430 3513 quod
3481 3441 3638 3496 ﬁdem
3691 3439 3871 3508 faciat,

2292 3535 2571 3590 vocabitur
2599 3535 3015 3603 argumentum?
3067 3533 3226 3589 Nullo
3268 3534 3429 3589 modo
3462 3551 3474 3584 :
3503 3542 3880 3606 argumentum

2295 3638 2525 3692 nutuque
2563 3632 2647 3678 est
2683 3624 2823 3693 quod
2871 3639 2986 3680 rem
3035 3624 3230 3694 arguit,
3281 3624 3336 3679 id
3363 3635 3447 3680 est
3487 3623 3698 3694 probat,
3745 3620 3880 3678 nihil

2295 3731 2422 3770 vero
2453 3717 2688 3785 probari,
2737 3717 2839 3772 nisi
2867 3717 3112 3784 dubium,
3144 3726 3342 3787 potest.
3395 3717 3505 3772 Nisi
3534 3731 3666 3786 ergo
3696 3717 3767 3770 sit
3793 3728 3880 3770 res

2293 3808 2561 3878 ambigua,
2605 3818 2660 3864 et
2705 3809 2772 3864 ad
2827 3825 2944 3866 eam
2987 3810 3125 3866 ratio
3167 3810 3327 3866 ﬁdem
3368 3809 3569 3865 faciens
3603 3807 3877 3870 atl‘eratur,

2294 3908 2664 3968 argumentum
2713 3913 2835 3956 esse
2879 3917 2984 3956 non
3040 3900 3258 3969 poterit.
3317 3899 3510 3955 Addita
3570 3899 3728 3967 igitur
3773 3895 3881 3952 alia

2293 3991 2592 4049 differentia
2617 4009 2736 4064 quae
2768 4003 2851 4050 est
2879 3995 2956 4050 rei
2985 3993 3193 4060 dubite,
3226 3991 3364 4048 facta
3408 4001 3492 4048 est
3520 3993 3722 4061 integra
3747 3988 3882 4045 deﬁ-

2295 4087 2430 4142 nitio
2468 4090 2803 4158 argumenti,
2851 4104 2918 4144 ex
2964 4102 3166 4158 genere
3207 4097 3264 4143 et
3310 4085 3519 4142 duabus
3565 4083 3884 4140 differentiis

2293 4189 2570 4246 constans,
2625 4195 2823 4249 genere
2860 4179 3100 4249 quidem,
3131 4179 3340 4234 ratione
3369 4195 3382 4232 :
3415 4192 3521 4232 una
3551 4191 3680 4231 vero
3721 4172 3883 4229 diffe-

2293 4267 2493 4332 rentia,
2519 4268 2660 4337 quod
2692 4267 2856 4321 faciat
2884 4267 3077 4334 fidem;
3125 4268 3294 4323 altera
3322 4281 3472 4332 vero,
3503 4265 3644 4335 quod
3677 4264 3752 4317 rei
3783 4263 3885 4317 du-

2297 4357 2399 4413 bia:
2424 4366 2540 4421 est,
2571 4367 2628 4411 ut
2655 4357 2725 4414 sit
2765 4363 2873 4412 to‘ta
2912 4358 3188 4428 deﬁnitio,
3238 4357 3291 4413 id
3336 4371 3458 4412 esse
3503 4362 3886 4426 argumentum

2295 4445 2435 4515 quod
2465 4447 2536 4500 sit
2560 4447 2716 4512 ratio,
2747 4447 2822 4503 rei
2853 4447 3031 4501 dubiae
3055 4447 3257 4502 faciens
3286 4445 3468 4501 ﬁdem.
3498 4447 3628 4513 Qua:
3656 4458 3780 4498 cum
3808 4441 3885 4496 ita

2296 4539 2435 4603 sint,
2470 4553 2690 4594 necesse
2735 4548 2818 4593 est
2866 4546 2924 4592 ut
2966 4539 3054 4594 ubi
3107 4538 3382 4593 dubitatur
3429 4535 3652 4606 aliquid,
3700 4534 3769 4588 ibi
3811 4533 3887 4614 sit

2295 4632 2540 4701 quieStio.
2593 4632 2746 4699 Quod
2786 4632 2832 4686 si
2863 4641 3234 4702 argumentum
3267 4640 3463 4702 prteter
3516 4644 3628 4684 rem
3663 4627 3914 4683 dubiam.

2294 4737 2419 4778 esse
2447 4736 2550 4777 non
2585 4722 2802 4791 poterit,
2833 4723 2980 4777 nullo
3019 4723 3180 4778 modo
3221 4736 3350 4779 esse
3389 4731 3586 4791 praeter
3628 4718 3885 4788 qmestio-

2296 4830 2416 4870 nem
2451 4823 2646 4882 potest.
2680 4815 2916 4882 Quaestio
2946 4829 3074 4871 vero
3111 4824 3197 4870 est
3222 4814 3533 4870 dubitabilis
3559 4797 3882 4884 propositio.

2295 4908 2598 4977 Propositio
2625 4921 2753 4962 vero
2779 4917 2861 4962 est
2889 4907 3026 4962 ratio
3052 4921 3236 4962 verum
3278 4904 3541 4960 falsumve
3569 4901 3882 4973 designans.

2294 4997 2484 5054 Omnis
2527 4999 2686 5066 igitur
2721 4995 3016 5066 propositio
3059 4997 3172 5051 sive
3209 5003 3519 5050 constanter
3564 5003 3724 5062 atque
3750 5004 3882 5059 pro-

2298 5087 2595 5148 nuntiativo
2624 5087 2940 5152 proferatur,
2974 5096 3031 5140 ut
3059 5085 3105 5141 si
3132 5086 3252 5155 quis
3279 5083 3422 5140 dicat
3455 5105 3467 5137 :
3501 5084 3688 5139 Omnis
3719 5081 3882 5136 homo

2295 5177 2497 5234 animal
2521 5186 2640 5241 est;
2673 5179 2789 5233 sive
2817 5179 2882 5232 ad
2923 5178 3392 5254 interrogationem
3435 5177 3719 5245 dirigatur,
3750 5184 3803 5226 ut
3837 5173 3880 5225 si

2297 5279 2416 5348 quis
2468 5279 2759 5346 interroget
2800 5294 2815 5330 :
2863 5276 3090 5332 Putasne
3118 5277 3292 5330 omnis
3320 5275 3482 5329 homo
3511 5273 3708 5328 animal
3758 5283 3840 5324 est
3864 5270 3887 5321 Ῥ

2297 5368 2493 5421 retinet
2525 5366 2795 5434 proprium
2844 5379 3062 5433 nomen,
3095 5377 3147 5419 et
3179 5363 3474 5433 propositio
3523 5371 3883 5428 nuncupatur.

2297 5461 2368 5516 At
2392 5460 2438 5515 si
2463 5459 2674 5526 eadem,
2698 5460 2840 5514 velut
2861 5458 3168 5515 dubitabilis
3197 5459 3521 5528 proferatur,
3552 5459 3612 5513 ﬁt
3635 5455 3884 5525 quaestio,

2297 5560 2357 5607 ut
2383 5553 2427 5607 si
2459 5551 2577 5622 quis
2607 5559 2812 5621 quierat
2848 5566 2914 5605 an
2955 5553 3131 5607 onmis
3159 5551 3320 5607 homo
3358 5551 3557 5608 animal
3603 5552 3688 5605 sit.
3749 5550 3886 5615 Quot

2299 5652 2478 5698 autem
2503 5641 2674 5696 modis
2694 5643 2920 5709 qurestio
2942 5641 3228 5709 dividatur,
3253 5655 3394 5697 nunc
3416 5640 3716 5711 explicandi
3742 5640 3884 5692 locus

2299 5747 2407 5787 non
2436 5731 2646 5787 videtur
2690 5733 3102 5800 accommodus,
3132 5733 3224 5787 sed
3254 5734 3305 5788 in
3346 5735 3410 5788 iis
3456 5734 3606 5788 libris
3647 5733 3884 5786 dicemus

2303 5837 2439 5896 quos
2489 5824 2558 5886 de
2601 5822 2792 5895 topit-is
2850 5823 3167 5888 differentiis
3192 5822 3424 5890 formare
3472 5825 3744 5882 molimur.
3808 5819 3888 5876 ad
