4248 6272
348 376 501 459 1049Δ

1182 367 1245 423 lN
1286 366 1529 423 TOPICA
1566 346 1926 419 CICERONIS
1964 328 2477 415 communia.
2520 358 2647 414 LIB.
2690 358 2731 413 ι.

3468 351 3621 429 ιοεοη

349 456 698 559 quaestionem
744 483 924 555 igitur,
974 483 1024 538 id
1055 492 1139 538 est
1177 483 1242 536 ad
1284 479 1628 535 dubitabilem
1678 468 1924 545 proposi-
1959 476 2005 535 Α
2033 476 2213 531 omnis
2244 476 2405 528 homo
2433 474 2630 527 animal
2672 483 2773 529 est.
2812 472 3094 528 Terminos
3136 484 3263 526 vero
3303 485 3433 526 voco
3477 456 3637 525 sim?

348 583 579 646 tionem,
631 578 804 634 omnis
856 576 1081 632 intentio
1130 573 1377 645 dirigitur
1424 572 1765 641 argumenti,
1823 583 1927 623 non
2029 569 2200 639 plices
2219 566 2481 621 orationis
2505 574 2705 634 partes,
2730 580 2849 635 qure
2868 564 3637 633 continentpropositionem,‘

348 687 476 728 vero
507 681 563 726 ut
594 678 758 724 totam
783 669 1095 738 comprobet
1122 665 1492 734 quaestionem,
1525 660 1621 717 sed
1648 670 1704 715 ut
1727 668 1929 730 partem

351 764 467 830 ejus
526 761 732 815 ratione
779 759 1085 823 confirmet;
1137 771 1310 826 neque
1363 756 1508 811 enim
1553 763 1661 808 tota
1708 752 1932 822 quaestio

351 850 671 917 defenditur,
706 849 798 904 sed
846 864 948 903 una
979 848 1094 916 ejus
1137 846 1387 915 quaslibet
1418 859 1541 913 pars
1586 852 1929 913 argumenta-

352 942 497 996 tione
538 941 774 995 firmatur
806 955 819 992 :
854 952 1017 992 nemo
1048 938 1191 991 enim
1224 934 1464 991 defendit
1504 937 1699 989 coelum
1748 942 1933 988 rotun-

356 1029 482 1083 dum
511 1042 628 1083 esse
657 1038 711 1082 et
747 1041 851 1080 non
873 1040 1028 1090 esse;
1073 1025 1116 1079 si
1157 1024 1299 1079 enim
1343 1023 1415 1076 ita
1445 1023 1567 1092 quis
1595 1020 1931 1087 defenderet,

355 1126 517 1173 totam
549 1116 895 1186 quaestionem
936 1115 1208 1169 videretur
1255 1113 1503 1183 probare.
1554 1112 1660 1167 Sed
1709 1128 1830 1167 cum
1862 1113 1932 1166 ita

352 1209 737 1273 consideratur,
785 1218 963 1263 utrum
1009 1206 1299 1262 rotundum
1348 1206 1416 1260 sit
1456 1205 1680 1270 omium,
1731 1219 1798 1258 an
1828 1219 1932 1258 non

353 1301 454 1361 sit,
500 1303 551 1355 in
590 1316 694 1357 una
727 1311 931 1357 tantum
962 1301 1209 1357 consistit
1239 1299 1549 1370 quaestionis
1577 1306 1727 1367 parte
1750 1295 1937 1351 defen-

354 1392 455 1458 sio,
487 1391 600 1449 sive
641 1400 758 1464 q‘uze
786 1394 1033 1458 affirmat,
1069 1395 1186 1449 sive
1214 1408 1331 1462 quae
1353 1401 1527 1463 negat.
1571 1390 1754 1445 Omnis
1793 1389 1935 1444 enim

354 1488 578 1555 qnmstio
621 1488 1133 1543 contradictionibus
1153 1496 1385 1542 constat.
1442 1486 1574 1541 Nam
1615 1487 1660 1540 si
1707 1499 1809 1555 qua
1850 1499 1937 1539 res

365 1578 433 1630 ah
463 1579 631 1633 altero
663 1579 980 1645 affirmetur,
1026 1588 1249 1647 negetur
1295 1579 1362 1633 ab
1401 1578 1588 1642 altero,
1623 1585 1791 1631 totum
1838 1578 1940 1631 hoc

360 1669 711 1724 contradictio
760 1680 1114 1740 nuncupatur,
1163 1678 1220 1724 ut
1261 1670 1305 1725 si
1349 1670 1468 1739 quis
1513 1668 1699 1723 dicat:
1732 1668 1938 1732 Caelum

360 1758 645 1813 rotundum
672 1769 773 1822 est,
802 1760 937 1815 alter
968 1768 1129 1829 neget
1159 1759 1341 1815 dicens
1376 1778 1387 1812 :
1417 1758 1620 1814 Cteium
1652 1757 1939 1813 rotundum

2034 668 2092 716 ut
2115 660 2313 715 animal
2346 668 2401 713 et
2432 660 2610 713 homo.
2656 658 2717 712 iii
2746 674 2874 712 vero
2922 669 3047 713 sunt
3090 656 3412 728 pmdicatus
3458 660 3629 727 atque

2034 752 2332 822 subjectus.
2361 750 2687 805 Praedicatus
2714 757 2799 804 est
2833 750 2884 804 in
2913 750 3276 820 propositione
3306 749 3478 819 major
3505 758 3615 805 ter-

2035 844 2214 900 minus
2242 843 2567 906 collocatus;
2599 840 2873 909 subjectus
2900 855 3030 897 vero
3059 842 3252 897 minor.
3293 842 3462 912 Major
3490 856 3620 897 vero

2038 938 2297 993 terminus
2318 934 2386 990 de
2416 933 2657 1002 subjecto
2700 932 2928 998 dicitur;
2957 934 3131 988 minor
3170 943 3349 988 autem
3394 934 3461 989 de
3491 950 3606 990 ma-

2033 1031 2153 1100 jore
2207 1028 2353 1083 nullo
2395 1024 2559 1081 modo
2607 1024 2961 1095 prmdicatu’r,
3015 1033 3073 1078 ut
3120 1024 3314 1078 animal
3369 1025 3620 1094 quoniam

2040 1121 2214 1191 majus
2241 1105 2323 1175 est
2347 1133 2508 1188 quam
2537 1116 2720 1182 homo,
2747 1116 2817 1172 de
2848 1116 3063 1170 homine
3102 1113 3426 1185 praedicatur
3450 1130 3466 1169 :
3496 1115 3627 1169 dici-

2041 1223 2128 1267 tur
2172 1211 2337 1277 enim,
2388 1210 2563 1265 omnis
2609 1209 2770 1263 homo
2811 1206 3135 1274 animai-est.
3186 1204 3361 1261 Homo
3397 1218 3526 1260 vero
3558 1205 3628 1260 de

2041 1302 2259 1357 animali
2295 1314 2401 1355 non
2449 1298 2665 1363 dicitur,
2712 1311 2874 1353 nemo
2917 1298 3060 1353 enim
3105 1310 3235 1352 vere
3277 1294 3426 1362 dicit,
3471 1294 3639 1351 omne

2042 1392 2239 1447 animal
2283 1391 2447 1445 homo
2486 1397 2588 1444 est.
2634 1389 2743 1444 Hac
2790 1388 2954 1459 igitur
3001 1387 3214 1443 ratione
3265 1386 3631 1442 internoscere

2042 1499 2328 1556 possumus
2356 1485 2446 1554 qui
2485 1482 2746 1538 terminus
2792 1482 2845 1536 in
2886 1482 3254 1551 prapositione
3296 1480 3490 1551 major,
3538 1479 3627 1550 qui

2043 1592 2174 1633 vero
2202 1579 2273 1633 sit
2299 1578 2499 1631 minor.
2526 1576 2713 1631 Omnis
2739 1580 2917 1631 autem
2946 1574 3195 1641 quaestio,
3220 1582 3278 1628 ut
3300 1573 3503 1629 dictum
3525 1584 3630 1639 est,

2046 1670 2297 1740 quoniam
2346 1667 2670 1721 dubitabiles
2725 1650 2905 1734 partes
2956 1664 3140 1731 habet,
3198 1673 3255 1720 et
3296 1664 3363 1719 ad
3418 1663 3633 1719 easdem

2046 1756 2477 1828 comprobandas
2508 1764 2826 1825 argumenta
2872 1762 3188 1820 sumuntur,
3225 1766 3444 1808 necesse
3470 1762 3551 1809 est
3580 1750 3639 1807 ut

362 1862 466 1902 non
496 1857 596 1904 est.
646 1849 850 1905 leum
902 1849 1189 1906 rotundum
1220 1865 1360 1917 esse,
1395 1860 1449 1906 et
1486 1865 1589 1905 non
1639 1865 1779 1913 esse,
1812 1864 1943 1904 cou-
1978 1865 2021 1924 B
2049 1847 2305 1920 quidquid
2335 1848 2388 1902 in
2414 1845 2797 1916 quaestionibus
2833 1842 3234 1914 comprobatur,
3270 1842 3323 1898 id
3350 1855 3639 1913 argumen-

361 1939 607 1994 tratiictio
660 1941 993 2009 prohibetur.
1062 1941 1377 1996 Dubitabiiis
1433 1957 1561 1996 vero
1619 1941 1934 2011 propositio,

358 2042 515 2098 quam
539 2031 884 2093 quaestionem
906 2044 1026 2086 esse
1054 2030 1423 2100 praediximus,
1448 2039 1503 2085 et
1521 2030 1937 2086 aflirmationem

364 2119 423 2171 in'
461 2132 521 2173 se
558 2121 795 2175 continet
839 2131 889 2175 et
935 2122 1303 2191 negationem,
1349 2121 1449 2175 hoc
1495 2120 1639 2177 enim
1680 2122 1798 2190 ipso
1830 2134 1939 2190 quo

362 2210 670 2267 dubitabilis
712 2223 815 2281 est,
866 2214 1344 2270 contradictionem
1384 2215 1595 2270 videtur
1642 2213 1939 2270 includere.

362 2301 492 2357 Cum
538 2303 679 2357 enim
725 2304 931 2359 dubitat
961 2306 1079 2375 quis
1119 2314 1367 2361 utrumne
1406 2306 1601 2361 coelum
1652 2304 1941 2360 rotundum

364 2392 453 2458 sit,
499 2392 610 2447 sive
660 2393 928 2464 adjungat,
982 2410 1048 2449 an
1101 2411 1204 2451 non
1238 2398 1329 2462 sit,
1374 2395 1489 2451 sive
1533 2396 1781 2464 reticeat,
1829 2396 1942 2465 ipsa

364 2475 628 2537 dubitatio
678 2496 878 2553 partem
933 2499 1113 2543 secum
1161 2487 1385 2542 alteram
1443 2486 1626 2542 trahit.
1695 2486 1752 2541 Si
1780 2486 1943 2567 \enim

365 2587 521 2629 unam
549 2584 751 2642 partem
779 2576 1073 2646 propositio
1103 2588 1333 2645 tueatur,
1361 2578 1672 2633 dubitabilis
1700 2592 1807 2632 non
1837 2586 1943 2643 est,

366 2671 524 2732 atque
549 2664 745 2719 idcirco
774 2681 870 2721 nec
897 2668 1143 2736 quaestio.
1175 2667 1306 2722 Cum
1338 2668 1499 2737 igitur
1518 2667 1692 2722 omnis
1721 2668 1947 2737 quaestio

367 2752 499 2807 duas
526 2753 715 2808 habeat
744 2765 941 2823 partes,
972 2756 1339 2812 affirmationis
1389 2772 1570 2822 unam,
1604 2757 1827 2812 alteram
1855 2772 1947 2812 ne-

367 2844 618 2912 gationis,
648 2860 867 2901 necesse
896 2857 977 2902 est
996 2857 1053 2903 ut
1074 2850 1144 2902 sit
1173 2863 1389 2920 semper
1415 2865 1480 2905 ex
1510 2851 1763 2905 alterutra
1796 2859 1949 2921 parte

368 2934 650 3005 defensio,
705 2946 766 2991 ut
816 2954 953 2993 unus
1025 2940 1239 3009 quidem
1292 2942 1663 2997 altirmationis
1717 2952 1946 3013 partem,

371 3028 670 3097 negationis
698 3030 829 3085 alter
858 3032 1132 3100 defendat,
1163 3044 1217 3089 et
1244 3035 1331 3091 hic
1358 3035 1573 3106 quidem
1600 3035 1669 3091 ad
1697 3046 1948 3091 astruen-

368 3116 490 3172 dam
519 3120 958 3188 affirmationem,
992 3123 1080 3180 ille
1106 3141 1233 3181 vero
1272 3125 1338 3181 ad
1382 3125 1793 3191 destruendam.
1825 3142 1945 3197 quae

2051 1952 2226 1997 torum
2264 1940 2475 1995 ratione
2515 1938 2780 1993 firmetur.
2836 1937 3224 2007 Argumentum
3268 1948 3400 1991 vero
3439 1934 3543 1989 nisi
3569 1934 3641 1989 sit

2042 2035 2286 2090 oratione
2340 2030 2640 2102 prolatum,
2706 2038 2761 2085 et
2822 2030 3248 2101 propositionum
3317 2027 3641 2084 contexione

2042 2122 2362 2191 dispositum
2390 2160 2407 2186 ,
2454 2119 2614 2175 ﬁdem
2664 2118 2846 2175 facere
2894 2119 3213 2175 dubitationi
3261 2132 3367 2174 non
3421 2118 3635 2187 poterit.

2045 2198 2189 2284 Εῆο
2239 2213 2330 2268 illa
2382 2227 2480 2283 per
2524 2212 2923 2282 propositiones
2976 2211 3205 2282 prolatio
3236 2225 3314 2266 .ac
3360 2209 3641 2280 dispositio

2044 2302 2365 2371 argumenti,
2404 2301 2794 2373 argumentatio
2865 2310 3232 2373 nuncupatur,
3286 2316 3406 2371 quae
3436 2300 3637 2355 dicitur

2046 2397 2391 2463 enthymema
2439 2392 2525 2447 vel
2564 2391 2931 2461 syllogismus,
2982 2391 3136 2461 cujus
3176 2391 3541 2448 definitionem
3586 2391 3640 2447 in

2046 2481 2264 2552 Topicis
2304 2480 2623 2537 differentiis
2665 2480 2901 2551 apertius
2964 2481 3391 2551 explauabimus.
3455 2481 3643 2537 Omnis

2048 2590 2179 2632 vero
2199 2567 2542 2647 syllogismus
2568 2574 2654 2630 vel
2675 2574 3020 2646 enthymema
3046 2574 3495 2645 propositionibus
3516 2589 3644 2629 con-

2049 2678 2184 2733 stat;
2218 2683 2380 2723 omne
2419 2668 2579 2738 igitur
2606 2676 2978 2739 argumentum
3010 2668 3320 2741 syllogismo
3347 2669 3431 2725 vel
3456 2670 3646 2741 enthy-

2053 2767 2290 2814 memate
2331 2758 2625 2827 profertur.
2654 2759 3007 2832 Enthymema
3031 2775 3162 2817 vero
3188 2770 3273 2818 est
3301 2761 3648 2830 imperfectus

2052 2849 2584 2920 syllogismus,cujus
2607 2851 2800 2922 aliqua;
2826 2862 3027 2921 partes,
3046 2853 3131 2908 vel
3170 2862 3387 2923 propter
3409 2852 3615 2906 brevita
3630 2879 3647 2892 -

2055 2941 2272 3007 tem,vel
2287 2951 2505 3011 propter
2518 2941 2780 3008 notitiam,
2799 2944 3175 3013 prteterrhisste
3188 2941 3519 3011 sunt.itaque
3534 2944 3646 2996 haec

2054 3047 2264 3102 quoque
2282 3036 2673 3103 argumentatio
2692 3048 2722 3087 a
2751 3034 3043 3105 syllogismi
3066 3050 3264 3103 genere
3287 3048 3391 3089 non
3414 3033 3645 3090 recedit.

2054 3124 2316 3193 Quoniam
2346 3125 2512 3196 igitur
2565 3125 2909 3197 syllogismus
2964 3127 3143 3181 omnis
3186 3126 3643 3196 propositionibus

372 3207 605 3276 potuerit
654 3220 961 3280 argumenta
1022 3216 1310 3284 perquirat.
1368 3215 1507 3270 Nihil
1541 3232 1668 3289 vero
1724 3217 1950 3275 interest
1979 3230 2027 3294 ρ
2056 3225 2291 3285 constat,
2317 3217 2715 3287 propositiones
2739 3232 2865 3272 vero
2883 3217 3148 3282 terminis,
3164 3217 3484 3287 termiuique
3508 3218 3648 3272 inter

370 3303 544 3352 utrum
574 3300 694 3368 quis
730 3300 1139 3358 affirmationem
1171 3313 1352 3372 ponat,
1402 3320 1469 3360 an
1514 3306 1758 3361 destruat
1788 3323 1951 3380 nega-

369 3385 591 3455 tionem,
625 3399 719 3447 aut
749 3393 1085 3462 negationem
1134 3393 1408 3463 defendat,
1458 3414 1524 3451 an
1574 3408 1845 3469 oppugnet
1873 3401 1951 3455 af-

368 3478 741 3543 ﬂrmationem.
794 3484 907 3554 Age
955 3488 1123 3552 enim,
1171 3487 1241 3541 sit
1269 3489 1516 3556 qutestio,
1552 3496 1725 3542 utrum
1754 3490 1950 3545 coelum

369 3571 652 3625 rotundum
702 3574 792 3627 sit.
836 3574 891 3630 Si
922 3576 1042 3645 quis
1085 3591 1204 3632 eam
1246 3577 1347 3632 sibi
1392 3580 1701 3647 quaestionis
1742 3591 1950 3650 partem

369 3662 735 3731 assumpserit,
763 3678 920 3733 quam
950 3678 1072 3721 esse
1092 3665 1351 3735 defendit,
1379 3666 1445 3722 ad
1474 3682 1592 3724 eam
1622 3672 1952 3728 constituen-

368 3750 487 3805 dam
535 3762 723 3808 cuncta
772 3770 995 3812 necesse
1044 3766 1130 3812 est
1157 3758 1259 3813 sibi
1292 3768 1569 3829 comparet
1612 3772 1951 3831 argumenta,

368 3852 526 3913 atque
582 3847 634 3900 in
665 3846 768 3901 hoc
813 3848 1223 3905 affirmationem
1253 3850 1470 3920 quidem
1514 3853 1687 3922 ponit,
1730 3855 1825 3911 sed
1854 3854 1951 3911 deo

367 3938 526 3991 struit
554 3940 914 4008 negationem.
969 3942 1025 3998 Si
1062 3944 1181 4012 quis
1221 3958 1349 3999 vero
1394 3957 1551 4016 neget
1582 3947 1663 4013 id,
1712 3962 1774 4003 ac
1812 3949 1955 4004 dicat

369 4042 475 4081 non
539 4042 663 4085 esse
722 4031 917 4087 caelum
958 4033 1276 4105 rotundum,
1330 4036 1554 4105 suscipit
1597 4037 1697 4092 sibi
1750 4047 1951 4108 partem

368 4117 589 4175 alteram
619 4123 930 4191 quaestionis
955 4137 1072 4194 qua:
1113 4123 1286 4180 fuerat
1314 4125 1538 4197 reliqua,
1571 4127 1623 4182 id
1665 4138 1749 4183 est
1790 4143 1953 4199 nega.

366 4211 587 4277 tionem,
612 4211 663 4267 in
691 4227 861 4282 eaque
886 4213 1150 4280 consistit,
1178 4223 1229 4271 et
1255 4214 1320 4271 ad
1345 4215 1480 4272 hanc
1522 4217 1950 4287 approbandam,

365 4306 673 4376 perquisitis
703 4308 887 4363 nititur
908 4309 1267 4377 argumentis;
1296 4310 1474 4380 itaque
1498 4311 1588 4381 qui
1613 4314 1950 4381 negationem

368 4396 540 4464 ponit,
593 4396 1332 4458 iabefaetatafiirmationem.
1383 4402 1512 4469 Quae
1541 4418 1661 4459 cum
1712 4405 1783 4460 ita
1824 4408 1952 4471 sint,

368 4485 795 4544 demonstratum
826 4490 1075 4557 arbitror,
1111 4509 1217 4547 non
1244 4502 1408 4547 totam
1451 4495 1826 4562 qutestionem,
1856 4495 1952 4551 sed

2056 3322 2118 3363 se
2142 3306 2501 3375 differunt,eo
2515 3307 2656 3377 quod
2689 3322 2825 3362 unus
2847 3306 3022 3376 major
3039 3315 3140 3370 est,
3158 3306 3294 3362 alter
3309 3306 3506 3373 minor,
3532 3306 3648 3361 fieri

2057 3410 2164 3451 non
2191 3404 2370 3466 potest
2396 3404 2453 3451 ut
2487 3410 2556 3452 ex
2583 3395 3039 3467 propositionibus
3076 3395 3351 3451 conclusio
3378 3406 3645 3463 nascatur,

2056 3486 2157 3542 nisi
2185 3502 2278 3557 per
2306 3488 2568 3543 terminos
2594 3501 2897 3558 progressae
2936 3486 3329 3558 propositiones
3375 3497 3646 3543 extremos

2056 3578 2313 3633 terminos
2352 3578 2582 3648 alicujus
2621 3577 2763 3633 tertii
2822 3577 3112 3634 medietate
3139 3577 3515 3649 coniunxerint
3546 3596 3557 3630 :
3596 3577 3647 3632 id

2057 3669 2310 3726 facillimo
2353 3670 2760 3727 demonstratur
2805 3670 3074 3742 exemplo.
3135 3672 3219 3726 Sit
3249 3670 3394 3727 enim
3424 3672 3649 3740 quaasdo

2057 3772 2235 3819 utrum
2268 3763 2430 3819 homo
2470 3763 2766 3819 substantia
2806 3762 2877 3818 sit
2916 3778 2983 3818 an
3010 3763 3267 3829 _minitne.
3320 3763 3486 3819 Sumo
3518 3762 3648 3817 mihi

2056 3854 2367 3923 quaestionis
2400 3863 2609 3924 partem
2663 3854 2890 3909 alteram
2936 3853 3418 3927 comprobandam,
3452 3868 3512 3909 ea
3544 3864 3646 3923 est,

2058 3941 2327 3997 hominem
2359 3957 2479 3999 esse
2519 3944 2913 4006 substantiam;
2957 3942 3012 3996 in
3060 3942 3160 3997 hac
3202 3942 3362 4013 igitur
3389 3943 3495 3998 duo
3525 3955 3649 4001 sunt

2058 4030 2297 4094 termini,
2325 4030 2625 4084 substantia
2651 4038 2810 4098 atque
2836 4029 3018 4094 homo,
3051 4044 3277 4098 quorum
3312 4029 3483 4099 major
3512 4031 3640 4085 sub-

2058 4119 2287 4183 stantia,
2338 4119 2513 4175 minor
2562 4118 2745 4183 homo,
2792 4119 2933 4188 quod
2978 4131 3044 4170 ex
3090 4131 3156 4171 eo
3194 4132 3406 4187 quoque
3456 4121 3649 4186 poterit

2057 4209 2289 4278 ostendi,
2330 4208 2583 4279 quoniam
2617 4209 2884 4278 posterius
2926 4206 3226 4263 substantia
3268 4210 3320 4263 in
3349 4210 3647 4278 prolatione

2057 4300 2348 4369 profertur,
2376 4298 2466 4355 vel
2508 4311 2564 4354 ut
2610 4299 2664 4354 in
2707 4298 2810 4353 hoc
2857 4302 2974 4369 ipso
3014 4296 3158 4369 quod
3207 4297 3435 4353 dicimus
3481 4300 3642 4355 homo

2059 4391 2356 4447 substantia
2402 4399 2507 4459 est,
2538 4392 2687 4461 prius
2727 4390 3023 4457 hominem,
3072 4389 3340 4461 posterius
3390 4391 3641 4446 substan-

2061 4481 2186 4535 tiam
2232 4481 2591 4537 nominamus.
2643 4479 2713 4536 Ut
2741 4480 2907 4552 igitur
2954 4480 3308 4536 substantiam
3346 4489 3505 4552 atque
3547 4480 3648 4536 lto-

367 4575 759 4673 ejus_'aliq_uam
803 4591 1006 4673 partem
1053 4582 1120 4637 ad
1168 4582 1537 4638 defensionem
1586 4585 1788 4641 venire.
1846 4586 1951 4641 Sed
1979 4611 2033 4673 ι)

1979 4611 2033 4673 D
2062 4572 2261 4627 minem
2302 4573 2547 4643 jungam,
2585 4586 2806 4629 necesse
2849 4582 2931 4630 est
2959 4572 3193 4629 medium
3240 4574 3523 4630 terminum
3564 4590 3648 4632 re-

366 4666 508 4734 quod
556 4671 778 4739 quisque
819 4671 1092 4739 defendet,
1145 4674 1210 4727 ad
1246 4674 1346 4728 hoc
1383 4689 1597 4744 quoque
1636 4689 1951 4746 argumenta

370 4758 648 4827 perquirit.
694 4759 773 4814 Ad
805 4772 1009 4829 partem
1060 4763 1222 4833 igitur
1267 4764 1579 4833 quaestionis
1604 4766 1949 4821 astraendam

368 4847 817 4905 destruendamve
874 4862 1187 4922 argumenta
1227 4863 1561 4939 ‘sumuntur,
1621 4864 1781 4925 atque
1838 4858 1955 4913 litec

366 4938 580 5006 quidem
620 4941 665 4994 si
701 4942 821 5009 quis
864 4942 1039 4997 minus
1083 4932 1352 5015 intelligit,
1386 4960 1453 5001 ne
1479 4961 1509 5001 a
1544 4947 1698 5002 nobis
1726 4948 1954 5005 obscure

367 5028 503 5081 dicta
533 5043 653 5084 esse
685 5042 959 5088 causetur.
987 5034 1040 5088 Si
1073 5034 1218 5089 enim
1249 5052 1370 5107 qua:
1401 5037 1452 5091 in
1484 5036 1783 5105 dialectica,
1809 5040 1890 5095 vel
1920 5056 1951 5095 a

367 5118 520 5172 nobis
568 5120 707 5176 dicta
742 5121 925 5177 Latina
971 5126 1245 5193 oratione,
1296 5128 1376 5181 vel
1431 5143 1461 5182 a
1505 5126 1706 5185 Grmcis
1755 5132 1950 5201 scripta

365 5216 510 5271 sunt,
544 5210 829 5279 ignorabit,
875 5214 1067 5268 mirum
1112 5226 1195 5271 est
1240 5218 1473 5286 siquam
1505 5228 1714 5287 partem
1762 5234 1948 5275 eorum

365 5310 486 5364 qua:
544 5300 774 5353 dicimus
817 5301 1099 5359 advertere
1140 5305 1343 5371 valeat,
1384 5323 1450 5361 ne
1489 5307 1614 5362 dum
1645 5318 1953 5379 stupeamus

366 5389 509 5455 quod
552 5405 657 5443 non
686 5394 864 5445 omnia
894 5396 1335 5463 comprehendat.
1385 5398 1490 5454 Sed
1522 5399 1771 5467 quoniam
1800 5400 1954 5456 dubi-

368 5477 583 5531 tabiiem
634 5484 1054 5550 propositionem
1108 5490 1458 5557 qnmstionem
1516 5505 1639 5545 esse
1699 5480 1948 5561 praedixi-

366 5579 507 5629 mus,
532 5571 712 5623 evenit
741 5581 797 5624 ut
822 5588 953 5642 quas
976 5586 1155 5644 partes
1179 5578 1371 5633 habeat
1398 5581 1709 5649 propositio,
1735 5584 1947 5639 easdem

363 5661 527 5717 etiam
558 5664 785 5732 quaestio
812 5667 1046 5722 retinere
1086 5670 1353 5725 videatur.
1398 5672 1584 5727 Omnis
1614 5684 1791 5729 autem
1824 5677 1941 5732 sim-

364 5755 484 5822 plex
532 5755 827 5826 propositio
876 5758 1007 5814 duas
1036 5759 1195 5817 habet
1236 5771 1415 5832 partes
1456 5763 1508 5818 in
1552 5765 1792 5821 terminis
1822 5781 1951 5823 con-

365 5844 597 5925 stitutas.
675 5846 912 5921 Simplex
962 5866 1091 5906 vero
1138 5853 1431 5926 propositio
1478 5864 1563 5911 est
1616 5855 1944 5929 hujusmodi,

2058 4668 2246 4738 periri,
2270 4666 2360 4737 qui
2388 4677 2641 4739 utrosque
2664 4668 2881 4738 copulet
2907 4667 3188 4737 terminos,
3215 4669 3304 4725 hic
3330 4670 3400 4726 sit
3421 4670 3646 4737 animai,

2058 4759 2255 4829 fiatque
2285 4774 2389 4815 una
2430 4760 2748 4830 propositio,
2781 4759 2956 4816 omnis
2994 4760 3157 4817 homo
3195 4759 3393 4818 animal
3421 4771 3532 4829 est;
3593 4764 3647 4819 in

2056 4850 2157 4906 hac
2210 4849 2371 4921 igitur
2414 4851 2798 4922 propositione;
2827 4850 3024 4907 animal
3082 4851 3423 4922 pradicatur,
3476 4852 3640 4909 homo

2057 4942 2361 5013 subjicitur.
2420 4944 2628 5001 Rursus
2680 4944 2936 5017 adjungo,
2999 4960 3160 5002 omne
3213 4955 3391 5003 autem
3452 4948 3649 5003 animal

2058 5034 2354 5090 substantia
2404 5044 2518 5102 est;
2570 5036 2624 5092 in
2674 5035 2775 5091 hac
2822 5050 3012 5093 rursus
3062 5037 3261 5093 animai
3309 5039 3645 5109 supponitur,

2061 5126 2363 5182 substantia
2395 5125 2736 5198 praedicatur.
2767 5127 2947 5199 Itaque
2969 5127 3254 5195 concludo,
3285 5128 3460 5184 omnis
3490 5129 3649 5200 igitur

2062 5218 2224 5275 homo
2253 5219 2547 5276 substantia
2580 5228 2698 5287 est;
2729 5235 2794 5276 ac
2824 5235 2920 5291 per
2947 5219 3049 5276 hoc
3079 5220 3241 5276 homo
3267 5219 3481 5290 quidem
3507 5234 3649 5274 sem-

2062 5324 2158 5379 per
2186 5310 2461 5378 subjectus
2491 5318 2591 5365 est.
2626 5310 2839 5365 Animal
2871 5325 3000 5364 vero
3026 5310 3094 5364 ad
3121 5308 3389 5365 hominem
3430 5310 3647 5379 quidem

2061 5402 2410 5472 praedicatum
2466 5412 2571 5469 est,
2622 5401 2688 5457 ad
2733 5402 3086 5457 substantiam
3137 5416 3270 5458 vero
3321 5401 3643 5472 subjectum.

2060 5496 2368 5552 Substantia
2423 5511 2551 5552 vero
2610 5496 2721 5565 ipsa
2774 5511 2988 5565 semper
3034 5495 3320 5565 praedicata
3374 5495 3648 5565 persistit,

2061 5588 2205 5645 unde
2236 5588 2293 5643 fit
2322 5598 2380 5642 ut
2407 5588 2588 5644 minor
2614 5588 2829 5658 quidem
2869 5587 2939 5644 sit
2966 5588 3157 5654 homo,
3189 5587 3364 5661 major
3393 5602 3520 5644 vero
3551 5588 3649 5643 ho-

2061 5680 2206 5735 mine
2255 5679 2573 5743 substantia,
2626 5677 2835 5733 medius
2883 5687 3061 5734 autem
3112 5678 3377 5735 terminus
3420 5679 3640 5734 animai.

2059 5769 2320 5836 Quoniam
2350 5768 2507 5841 igitur
2532 5767 2763 5823 extremi
2792 5768 3007 5824 termini
3041 5768 3203 5825 medii
3235 5769 3647 5839 interpositione

1984 5932 1994 5941 _
2060 5859 2401 5928 cupuiantur,
2430 5872 2599 5932 eoque
2630 5857 2792 5915 modo
2816 5857 3131 5915 ourcstionis
3160 5859 3301 5916 inter
3322 5876 3381 5916 se
3406 5861 3644 5917 membra
