  <div class='ocr_page' id='page_1' title='image "/cluster/home/n/w/nwhite01/storage/ocr_20150623/64/hvd.32044073505265/531.png"; bbox 0 0 4248 6272; ppageno 0'>
   <div class='ocr_carea' id='block_1_1' title="bbox 609 374 771 483">
    <p class='ocr_par' dir='ltr' id='par_1_1' title="bbox 609 374 771 483">
     <span class='ocr_line' id='line_1_1' title="bbox 609 374 771 483; baseline -0.006 -3"><span class='ocrx_word' id='word_1_1' title='bbox 609 374 771 483; x_wconf 53' lang='grc' dir='ltr'>ιοδι’</span> 
     </span>
    </p>
   </div>
   <div class='ocr_carea' id='block_1_2' title="bbox 1738 408 2637 475">
    <p class='ocr_par' dir='ltr' id='par_1_2' title="bbox 1738 408 2637 475">
     <span class='ocr_line' id='line_1_2' title="bbox 1738 408 2637 475; baseline 0.001 -6"><span class='ocrx_word' id='word_1_2' title='bbox 1738 466 1741 469; x_wconf 87' lang='grc'>.</span> <span class='ocrx_word' id='word_1_3' title='bbox 1821 417 1928 475; x_wconf 77' lang='grc' dir='ltr'><strong>ΑΝ.</strong></span> <span class='ocrx_word' id='word_1_4' title='bbox 1970 413 2181 473; x_wconf 74' lang='lat' dir='ltr'><strong>MAN]...</strong></span> <span class='ocrx_word' id='word_1_5' title='bbox 2220 408 2376 473; x_wconf 68' lang='grc' dir='ltr'><strong>ΞΕ..</strong></span> <span class='ocrx_word' id='word_1_6' title='bbox 2418 414 2637 472; x_wconf 81' lang='lat' dir='ltr'><strong>BOETII</strong></span> 
     </span>
    </p>
   </div>
   <div class='ocr_carea' id='block_1_3' title="bbox 3730 360 3869 473">
    <p class='ocr_par' dir='ltr' id='par_1_3' title="bbox 3730 360 3869 473">
     <span class='ocr_line' id='line_1_3' title="bbox 3730 360 3869 473; baseline -0.022 0"><span class='ocrx_word' id='word_1_7' title='bbox 3730 360 3869 473; x_wconf 63' lang='lat' dir='ltr'><strong>l£052</strong></span> 
     </span>
    </p>
   </div>
   <div class='ocr_carea' id='block_1_4' title="bbox 610 527 3872 607">
    <p class='ocr_par' dir='ltr' id='par_1_4' title="bbox 610 527 3872 607">
     <span class='ocr_line' id='line_1_4' title="bbox 610 527 3872 607; baseline -0.004 -9"><span class='ocrx_word' id='word_1_8' title='bbox 610 539 954 604; x_wconf 79' lang='lat' dir='ltr'><strong>conveniunt,</strong></span> <span class='ocrx_word' id='word_1_9' title='bbox 997 535 1342 607; x_wconf 82' lang='lat' dir='ltr'><strong>adbibitaque</strong></span> <span class='ocrx_word' id='word_1_10' title='bbox 1370 536 1687 607; x_wconf 74' lang='lat' dir='ltr'><strong>probatione</strong></span> <span class='ocrx_word' id='word_1_11' title='bbox 1721 536 1944 591; x_wconf 85' lang='lat' dir='ltr'><strong>solvitur</strong></span> <span class='ocrx_word' id='word_1_12' title='bbox 1971 532 2184 590; x_wconf 83' lang='lat' dir='ltr'><strong>dubita-</strong></span> <span class='ocrx_word' id='word_1_13' title='bbox 2209 527 2268 588; x_wconf 77' lang='grc' dir='ltr'><strong>Δ</strong></span> <span class='ocrx_word' id='word_1_14' title='bbox 2292 536 2374 582; x_wconf 84' lang='grc' dir='ltr'><strong>εει</strong></span> <span class='ocrx_word' id='word_1_15' title='bbox 2402 544 2567 600; x_wconf 86' lang='lat' dir='ltr'><strong>quam</strong></span> <span class='ocrx_word' id='word_1_16' title='bbox 2597 530 2936 597; x_wconf 77' lang='lat' dir='ltr'><strong>consulatus;</strong></span> <span class='ocrx_word' id='word_1_17' title='bbox 2966 545 3125 599; x_wconf 83' lang='lat' dir='ltr'><strong>omne</strong></span> <span class='ocrx_word' id='word_1_18' title='bbox 3147 542 3276 587; x_wconf 89' lang='lat' dir='ltr'><strong>vero</strong></span> <span class='ocrx_word' id='word_1_19' title='bbox 3298 528 3436 600; x_wconf 90' lang='lat' dir='ltr'><strong>quod</strong></span> <span class='ocrx_word' id='word_1_20' title='bbox 3464 537 3546 586; x_wconf 87' lang='lat' dir='ltr'><strong>est</strong></span> <span class='ocrx_word' id='word_1_21' title='bbox 3568 528 3872 587; x_wconf 77' lang='lat' dir='ltr'><strong>diuturnius</strong></span> 
     </span>
    </p>
   </div>
   <div class='ocr_carea' id='block_1_5' title="bbox 612 629 2182 701">
    <p class='ocr_par' dir='ltr' id='par_1_5' title="bbox 612 629 2182 701">
     <span class='ocr_line' id='line_1_5' title="bbox 612 629 2182 701; baseline -0.004 -11"><span class='ocrx_word' id='word_1_22' title='bbox 612 636 717 699; x_wconf 82' lang='lat' dir='ltr'><strong>tio,</strong></span> <span class='ocrx_word' id='word_1_23' title='bbox 774 632 904 686; x_wconf 83' lang='lat' dir='ltr'><strong>nihil</strong></span> <span class='ocrx_word' id='word_1_24' title='bbox 946 639 1029 687; x_wconf 86' lang='lat' dir='ltr'><strong>est</strong></span> <span class='ocrx_word' id='word_1_25' title='bbox 1066 631 1205 685; x_wconf 81' lang='lat' dir='ltr'><strong>aliud</strong></span> <span class='ocrx_word' id='word_1_26' title='bbox 1252 640 1626 701; x_wconf 75' lang='lat' dir='ltr'><strong>argumentum</strong></span> <span class='ocrx_word' id='word_1_27' title='bbox 1671 645 1828 700; x_wconf 89' lang='lat' dir='ltr'><strong>quam</strong></span> <span class='ocrx_word' id='word_1_28' title='bbox 1878 629 2182 684; x_wconf 73' lang='lat' dir='ltr'><strong>medietatis</strong></span> 
     </span>
    </p>
   </div>
   <div class='ocr_carea' id='block_1_6' title="bbox 614 720 2183 794">
    <p class='ocr_par' dir='ltr' id='par_1_6' title="bbox 614 720 2183 794">
     <span class='ocr_line' id='line_1_6' title="bbox 614 720 2183 794; baseline -0.003 -14"><span class='ocrx_word' id='word_1_29' title='bbox 614 724 871 788; x_wconf 82' lang='lat' dir='ltr'><strong>inventio,</strong></span> <span class='ocrx_word' id='word_1_30' title='bbox 923 723 1038 778; x_wconf 81' lang='lat' dir='ltr'><strong>haec</strong></span> <span class='ocrx_word' id='word_1_31' title='bbox 1089 725 1231 781; x_wconf 85' lang='lat' dir='ltr'><strong>enim</strong></span> <span class='ocrx_word' id='word_1_32' title='bbox 1280 723 1365 785; x_wconf 78' lang='lat' dir='ltr'><strong>vel</strong></span> <span class='ocrx_word' id='word_1_33' title='bbox 1410 723 1757 794; x_wconf 70' lang='lat' dir='ltr'><strong>coniungere,</strong></span> <span class='ocrx_word' id='word_1_34' title='bbox 1804 721 1850 776; x_wconf 93' lang='lat' dir='ltr'><strong>si</strong></span> <span class='ocrx_word' id='word_1_35' title='bbox 1898 720 2183 776; x_wconf 87' lang='lat' dir='ltr'><strong>affirmatio</strong></span> 
     </span>
    </p>
   </div>
   <div class='ocr_carea' id='block_1_7' title="bbox 616 813 2179 886">
    <p class='ocr_par' dir='ltr' id='par_1_7' title="bbox 616 813 2179 886">
     <span class='ocr_line' id='line_1_7' title="bbox 616 813 2179 886; baseline -0.003 -16"><span class='ocrx_word' id='word_1_36' title='bbox 616 814 952 883; x_wconf 79' lang='lat' dir='ltr'><strong>defendatur,</strong></span> <span class='ocrx_word' id='word_1_37' title='bbox 1007 816 1089 871; x_wconf 75' lang='lat' dir='ltr'><strong>vel</strong></span> <span class='ocrx_word' id='word_1_38' title='bbox 1132 815 1461 886; x_wconf 86' lang='lat' dir='ltr'><strong>disjuugere,</strong></span> <span class='ocrx_word' id='word_1_39' title='bbox 1516 815 1561 870; x_wconf 89' lang='lat' dir='ltr'><strong>si</strong></span> <span class='ocrx_word' id='word_1_40' title='bbox 1603 815 1813 882; x_wconf 82' lang='lat' dir='ltr'><strong>negatio</strong></span> <span class='ocrx_word' id='word_1_41' title='bbox 1860 813 2179 877; x_wconf 80' lang='lat' dir='ltr'><strong>vindicetur,</strong></span> 
     </span>
    </p>
   </div>
   <div class='ocr_carea' id='block_1_8' title="bbox 616 906 2189 977">
    <p class='ocr_par' dir='ltr' id='par_1_8' title="bbox 616 906 2189 977">
     <span class='ocr_line' id='line_1_8' title="bbox 616 906 2189 977; baseline 0 -19"><span class='ocrx_word' id='word_1_42' title='bbox 616 906 807 976; x_wconf 84' lang='lat' dir='ltr'><strong>poterit</strong></span> <span class='ocrx_word' id='word_1_43' title='bbox 837 915 1128 963; x_wconf 75' lang='lat' dir='ltr'><strong>extremos.</strong></span> <span class='ocrx_word' id='word_1_44' title='bbox 1162 908 1291 977; x_wconf 63' lang='lat' dir='ltr'><strong>Qua)</strong></span> <span class='ocrx_word' id='word_1_45' title='bbox 1316 922 1437 965; x_wconf 85' lang='lat' dir='ltr'><strong>eum</strong></span> <span class='ocrx_word' id='word_1_46' title='bbox 1474 907 1542 967; x_wconf 86' lang='lat' dir='ltr'><strong>ita</strong></span> <span class='ocrx_word' id='word_1_47' title='bbox 1573 908 1700 972; x_wconf 89' lang='lat' dir='ltr'><strong>sint,</strong></span> <span class='ocrx_word' id='word_1_48' title='bbox 1734 908 1957 961; x_wconf 89' lang='lat' dir='ltr'><strong>duarum</strong></span> <span class='ocrx_word' id='word_1_49' title='bbox 1991 920 2189 975; x_wconf 21' lang='lat' dir='ltr'><strong>prapo-t</strong></span> 
     </span>
    </p>
   </div>
   <div class='ocr_carea' id='block_1_9' title="bbox 616 997 2182 1068">
    <p class='ocr_par' dir='ltr' id='par_1_9' title="bbox 616 997 2182 1068">
     <span class='ocr_line' id='line_1_9' title="bbox 616 997 2182 1068; baseline 0.001 -18"><span class='ocrx_word' id='word_1_50' title='bbox 616 997 949 1063; x_wconf 78' lang='lat' dir='ltr'><strong>sitiunumet</strong></span> <span class='ocrx_word' id='word_1_51' title='bbox 976 1000 1145 1054; x_wconf 77' lang='lat' dir='ltr'><strong>tertia:</strong></span> <span class='ocrx_word' id='word_1_52' title='bbox 1192 998 1571 1065; x_wconf 83' lang='lat' dir='ltr'><strong>conclusionis,</strong></span> <span class='ocrx_word' id='word_1_53' title='bbox 1599 998 1769 1067; x_wconf 85' lang='lat' dir='ltr'><strong>major</strong></span> <span class='ocrx_word' id='word_1_54' title='bbox 1795 999 2010 1068; x_wconf 86' lang='lat' dir='ltr'><strong>quidem</strong></span> <span class='ocrx_word' id='word_1_55' title='bbox 2054 1014 2182 1067; x_wconf 88' lang='lat' dir='ltr'><strong>pro-</strong></span> 
     </span>
    </p>
   </div>
   <div class='ocr_carea' id='block_1_10' title="bbox 614 1087 2181 1158">
    <p class='ocr_par' dir='ltr' id='par_1_10' title="bbox 614 1087 2181 1158">
     <span class='ocr_line' id='line_1_10' title="bbox 614 1087 2181 1158; baseline 0.001 -17"><span class='ocrx_word' id='word_1_56' title='bbox 614 1088 807 1157; x_wconf 76' lang='lat' dir='ltr'><strong>positio</strong></span> <span class='ocrx_word' id='word_1_57' title='bbox 836 1087 1030 1155; x_wconf 69' lang='lat' dir='ltr'><strong>dicitur</strong></span> <span class='ocrx_word' id='word_1_58' title='bbox 1055 1105 1116 1144; x_wconf 86' lang='lat' dir='ltr'><strong>ea</strong></span> <span class='ocrx_word' id='word_1_59' title='bbox 1146 1105 1264 1158; x_wconf 74' lang='lat' dir='ltr'><strong>qua)</strong></span> <span class='ocrx_word' id='word_1_60' title='bbox 1294 1091 1549 1158; x_wconf 80' lang='lat' dir='ltr'><strong>majorem</strong></span> <span class='ocrx_word' id='word_1_61' title='bbox 1597 1092 1885 1147; x_wconf 82' lang='lat' dir='ltr'><strong>terminum</strong></span> <span class='ocrx_word' id='word_1_62' title='bbox 1922 1091 2181 1155; x_wconf 85' lang='lat' dir='ltr'><strong>continet,</strong></span> 
     </span>
    </p>
   </div>
   <div class='ocr_carea' id='block_1_11' title="bbox 609 1176 2185 1249">
    <p class='ocr_par' dir='ltr' id='par_1_11' title="bbox 609 1176 2185 1249">
     <span class='ocr_line' id='line_1_11' title="bbox 609 1176 2185 1249; baseline 0.001 -16"><span class='ocrx_word' id='word_1_63' title='bbox 609 1176 662 1233; x_wconf 89' lang='lat' dir='ltr'><strong>id</strong></span> <span class='ocrx_word' id='word_1_64' title='bbox 691 1188 773 1233; x_wconf 87' lang='lat' dir='ltr'><strong>est</strong></span> <span class='ocrx_word' id='word_1_65' title='bbox 800 1179 855 1234; x_wconf 87' lang='lat' dir='ltr'><strong>in</strong></span> <span class='ocrx_word' id='word_1_66' title='bbox 877 1195 979 1248; x_wconf 80' lang='lat' dir='ltr'><strong>qua</strong></span> <span class='ocrx_word' id='word_1_67' title='bbox 1007 1178 1175 1249; x_wconf 80' lang='lat' dir='ltr'><strong>major</strong></span> <span class='ocrx_word' id='word_1_68' title='bbox 1201 1180 1413 1248; x_wconf 83' lang='lat' dir='ltr'><strong>quidem</strong></span> <span class='ocrx_word' id='word_1_69' title='bbox 1446 1181 1785 1248; x_wconf 66' lang='lat' dir='ltr'><strong>praedicatur;</strong></span> <span class='ocrx_word' id='word_1_70' title='bbox 1816 1182 2025 1247; x_wconf 87' lang='lat' dir='ltr'><strong>medius</strong></span> <span class='ocrx_word' id='word_1_71' title='bbox 2056 1197 2185 1236; x_wconf 88' lang='lat' dir='ltr'><strong>vero</strong></span> 
     </span>
    </p>
   </div>
   <div class='ocr_carea' id='block_1_12' title="bbox 611 1270 2184 1339">
    <p class='ocr_par' dir='ltr' id='par_1_12' title="bbox 611 1270 2184 1339">
     <span class='ocr_line' id='line_1_12' title="bbox 611 1270 2184 1339; baseline 0.002 -15"><span class='ocrx_word' id='word_1_72' title='bbox 611 1270 945 1339; x_wconf 84' lang='lat' dir='ltr'><strong>supponitur,</strong></span> <span class='ocrx_word' id='word_1_73' title='bbox 981 1280 1037 1323; x_wconf 90' lang='lat' dir='ltr'><strong>ut</strong></span> <span class='ocrx_word' id='word_1_74' title='bbox 1079 1285 1239 1327; x_wconf 86' lang='lat' dir='ltr'><strong>omne</strong></span> <span class='ocrx_word' id='word_1_75' title='bbox 1277 1270 1474 1327; x_wconf 87' lang='lat' dir='ltr'><strong>animal</strong></span> <span class='ocrx_word' id='word_1_76' title='bbox 1522 1271 1815 1327; x_wconf 75' lang='lat' dir='ltr'><strong>Substantia</strong></span> <span class='ocrx_word' id='word_1_77' title='bbox 1848 1282 1963 1337; x_wconf 90' lang='lat' dir='ltr'><strong>est;</strong></span> <span class='ocrx_word' id='word_1_78' title='bbox 2008 1272 2184 1327; x_wconf 82' lang='lat' dir='ltr'><strong>minor</strong></span> 
     </span>
    </p>
   </div>
   <div class='ocr_carea' id='block_1_13' title="bbox 617 1360 2182 1431">
    <p class='ocr_par' dir='ltr' id='par_1_13' title="bbox 617 1360 2182 1431">
     <span class='ocr_line' id='line_1_13' title="bbox 617 1360 2182 1431; baseline 0.002 -16"><span class='ocrx_word' id='word_1_79' title='bbox 617 1375 742 1415; x_wconf 89' lang='lat' dir='ltr'><strong>vero</strong></span> <span class='ocrx_word' id='word_1_80' title='bbox 772 1361 1066 1429; x_wconf 76' lang='lat' dir='ltr'><strong>propositio</strong></span> <span class='ocrx_word' id='word_1_81' title='bbox 1104 1371 1187 1427; x_wconf 77' lang='lat' dir='ltr'><strong>est</strong></span> <span class='ocrx_word' id='word_1_82' title='bbox 1215 1376 1335 1429; x_wconf 69' lang='lat' dir='ltr'><strong>qua:</strong></span> <span class='ocrx_word' id='word_1_83' title='bbox 1372 1360 1607 1416; x_wconf 87' lang='lat' dir='ltr'><strong>medium</strong></span> <span class='ocrx_word' id='word_1_84' title='bbox 1636 1363 1849 1431; x_wconf 86' lang='lat' dir='ltr'><strong>quidem</strong></span> <span class='ocrx_word' id='word_1_85' title='bbox 1898 1364 2182 1418; x_wconf 86' lang='lat' dir='ltr'><strong>terminum</strong></span> 
     </span>
    </p>
   </div>
   <div class='ocr_carea' id='block_1_14' title="bbox 618 1452 2184 1520">
    <p class='ocr_par' dir='ltr' id='par_1_14' title="bbox 618 1452 2184 1520">
     <span class='ocr_line' id='line_1_14' title="bbox 618 1452 2184 1520; baseline 0.004 -16"><span class='ocrx_word' id='word_1_86' title='bbox 618 1452 895 1520; x_wconf 80' lang='lat' dir='ltr'><strong>praedicat,</strong></span> <span class='ocrx_word' id='word_1_87' title='bbox 928 1452 1144 1520; x_wconf 75' lang='lat' dir='ltr'><strong>subiicit</strong></span> <span class='ocrx_word' id='word_1_88' title='bbox 1186 1462 1367 1509; x_wconf 83' lang='lat' dir='ltr'><strong>autem</strong></span> <span class='ocrx_word' id='word_1_89' title='bbox 1414 1457 1696 1516; x_wconf 84' lang='lat' dir='ltr'><strong>minorem,</strong></span> <span class='ocrx_word' id='word_1_90' title='bbox 1730 1464 1787 1508; x_wconf 90' lang='lat' dir='ltr'><strong>ut</strong></span> <span class='ocrx_word' id='word_1_91' title='bbox 1824 1457 1997 1510; x_wconf 90' lang='lat' dir='ltr'><strong>omnis</strong></span> <span class='ocrx_word' id='word_1_92' title='bbox 2026 1457 2184 1511; x_wconf 84' lang='lat' dir='ltr'><strong>homo</strong></span> 
     </span>
    </p>
   </div>
   <div class='ocr_carea' id='block_1_15' title="bbox 613 1541 2186 1614">
    <p class='ocr_par' dir='ltr' id='par_1_15' title="bbox 613 1541 2186 1614">
     <span class='ocr_line' id='line_1_15' title="bbox 613 1541 2186 1614; baseline 0.003 -17"><span class='ocrx_word' id='word_1_93' title='bbox 613 1543 807 1599; x_wconf 87' lang='lat' dir='ltr'><strong>animal</strong></span> <span class='ocrx_word' id='word_1_94' title='bbox 853 1551 955 1598; x_wconf 87' lang='lat' dir='ltr'><strong>est.</strong></span> <span class='ocrx_word' id='word_1_95' title='bbox 1006 1541 1112 1598; x_wconf 86' lang='lat' dir='ltr'><strong>Sed</strong></span> <span class='ocrx_word' id='word_1_96' title='bbox 1153 1543 1409 1613; x_wconf 87' lang='lat' dir='ltr'><strong>quoniam</strong></span> <span class='ocrx_word' id='word_1_97' title='bbox 1458 1560 1485 1595; x_wconf 91' lang='lat' dir='ltr'><strong>a</strong></span> <span class='ocrx_word' id='word_1_98' title='bbox 1530 1544 1822 1614; x_wconf 76' lang='lat' dir='ltr'><strong>majoribus</strong></span> <span class='ocrx_word' id='word_1_99' title='bbox 1853 1561 2074 1601; x_wconf 78' lang='lat' dir='ltr'><strong>necesse</strong></span> <span class='ocrx_word' id='word_1_100' title='bbox 2102 1555 2186 1601; x_wconf 88' lang='lat' dir='ltr'><strong>est</strong></span> 
     </span>
    </p>
   </div>
   <div class='ocr_carea' id='block_1_16' title="bbox 615 1633 2187 1704">
    <p class='ocr_par' dir='ltr' id='par_1_16' title="bbox 615 1633 2187 1704">
     <span class='ocr_line' id='line_1_16' title="bbox 615 1633 2187 1704; baseline 0.001 -15"><span class='ocrx_word' id='word_1_101' title='bbox 615 1634 821 1689; x_wconf 87' lang='lat' dir='ltr'><strong>minora</strong></span> <span class='ocrx_word' id='word_1_102' title='bbox 843 1633 1188 1703; x_wconf 76' lang='lat' dir='ltr'><strong>descendere,</strong></span> <span class='ocrx_word' id='word_1_103' title='bbox 1213 1633 1326 1701; x_wconf 87' lang='lat' dir='ltr'><strong>ejus</strong></span> <span class='ocrx_word' id='word_1_104' title='bbox 1350 1634 1727 1701; x_wconf 86' lang='lat' dir='ltr'><strong>conclusionis,</strong></span> <span class='ocrx_word' id='word_1_105' title='bbox 1753 1652 1870 1704; x_wconf 75' lang='lat' dir='ltr'><strong>qua:</strong></span> <span class='ocrx_word' id='word_1_106' title='bbox 1892 1650 1956 1692; x_wconf 81' lang='lat' dir='ltr'><strong>ex</strong></span> <span class='ocrx_word' id='word_1_107' title='bbox 1979 1637 2187 1691; x_wconf 80' lang='lat' dir='ltr'><strong>duabus</strong></span> 
     </span>
    </p>
   </div>
   <div class='ocr_carea' id='block_1_17' title="bbox 616 1723 2186 1795">
    <p class='ocr_par' dir='ltr' id='par_1_17' title="bbox 616 1723 2186 1795">
     <span class='ocr_line' id='line_1_17' title="bbox 616 1723 2186 1795; baseline 0.002 -16"><span class='ocrx_word' id='word_1_108' title='bbox 616 1725 1065 1795; x_wconf 79' lang='lat' dir='ltr'><strong>propositionibus</strong></span> <span class='ocrx_word' id='word_1_109' title='bbox 1096 1726 1349 1789; x_wconf 87' lang='lat' dir='ltr'><strong>nascitur,</strong></span> <span class='ocrx_word' id='word_1_110' title='bbox 1376 1723 1464 1779; x_wconf 88' lang='lat' dir='ltr'><strong>illa</strong></span> <span class='ocrx_word' id='word_1_111' title='bbox 1505 1726 1653 1793; x_wconf 89' lang='lat' dir='ltr'><strong>quasi</strong></span> <span class='ocrx_word' id='word_1_112' title='bbox 1693 1724 1929 1783; x_wconf 76' lang='lat' dir='ltr'><strong>eil‘ectrix</strong></span> <span class='ocrx_word' id='word_1_113' title='bbox 1969 1736 2023 1781; x_wconf 91' lang='lat' dir='ltr'><strong>et</strong></span> <span class='ocrx_word' id='word_1_114' title='bbox 2063 1741 2186 1795; x_wconf 85' lang='lat' dir='ltr'><strong>pro-</strong></span> 
     </span>
    </p>
   </div>
   <div class='ocr_carea' id='block_1_18' title="bbox 619 1817 2189 1887">
    <p class='ocr_par' dir='ltr' id='par_1_18' title="bbox 619 1817 2189 1887">
     <span class='ocr_line' id='line_1_18' title="bbox 619 1817 2189 1887; baseline 0.001 -15"><span class='ocrx_word' id='word_1_115' title='bbox 619 1820 733 1887; x_wconf 88' lang='lat' dir='ltr'><strong>pria</strong></span> <span class='ocrx_word' id='word_1_116' title='bbox 779 1817 1073 1886; x_wconf 76' lang='lat' dir='ltr'><strong>propositio</strong></span> <span class='ocrx_word' id='word_1_117' title='bbox 1118 1817 1327 1872; x_wconf 72' lang='lat' dir='ltr'><strong>videtur</strong></span> <span class='ocrx_word' id='word_1_118' title='bbox 1372 1831 1512 1879; x_wconf 83' lang='lat' dir='ltr'><strong>esse,</strong></span> <span class='ocrx_word' id='word_1_119' title='bbox 1552 1834 1672 1887; x_wconf 63' lang='lat' dir='ltr'><strong>quae</strong></span> <span class='ocrx_word' id='word_1_120' title='bbox 1703 1820 1870 1886; x_wconf 86' lang='lat' dir='ltr'><strong>prima</strong></span> <span class='ocrx_word' id='word_1_121' title='bbox 1914 1830 2024 1884; x_wconf 82' lang='lat' dir='ltr'><strong>est;</strong></span> <span class='ocrx_word' id='word_1_122' title='bbox 2075 1820 2189 1873; x_wconf 71' lang='lat' dir='ltr'><strong>hanc</strong></span> 
     </span>
    </p>
   </div>
   <div class='ocr_carea' id='block_1_19' title="bbox 618 1909 2185 1981">
    <p class='ocr_par' dir='ltr' id='par_1_19' title="bbox 618 1909 2185 1981">
     <span class='ocr_line' id='line_1_19' title="bbox 618 1909 2185 1981; baseline 0 -14"><span class='ocrx_word' id='word_1_123' title='bbox 618 1920 799 1967; x_wconf 70' lang='lat' dir='ltr'><strong>autem</strong></span> <span class='ocrx_word' id='word_1_124' title='bbox 844 1919 947 1976; x_wconf 86' lang='grc' dir='ltr'>εει,</span> <span class='ocrx_word' id='word_1_125' title='bbox 997 1909 1173 1977; x_wconf 78' lang='lat' dir='ltr'><strong>omnis</strong></span> <span class='ocrx_word' id='word_1_126' title='bbox 1219 1909 1380 1964; x_wconf 86' lang='lat' dir='ltr'><strong>homo</strong></span> <span class='ocrx_word' id='word_1_127' title='bbox 1432 1910 1725 1965; x_wconf 82' lang='lat' dir='ltr'><strong>substantia</strong></span> <span class='ocrx_word' id='word_1_128' title='bbox 1757 1921 1857 1965; x_wconf 91' lang='lat' dir='ltr'><strong>est.</strong></span> <span class='ocrx_word' id='word_1_129' title='bbox 1912 1912 2063 1979; x_wconf 81' lang='lat' dir='ltr'><strong>Quod</strong></span> <span class='ocrx_word' id='word_1_130' title='bbox 2093 1913 2185 1981; x_wconf 98' lang='lat' dir='ltr'><strong>qui</strong></span> 
     </span>
    </p>
   </div>
   <div class='ocr_carea' id='block_1_20' title="bbox 617 2001 2188 2072">
    <p class='ocr_par' dir='ltr' id='par_1_20' title="bbox 617 2001 2188 2072">
     <span class='ocr_line' id='line_1_20' title="bbox 617 2001 2188 2072; baseline 0.002 -16"><span class='ocrx_word' id='word_1_131' title='bbox 617 2002 824 2071; x_wconf 76' lang='lat' dir='ltr'><strong>priores</strong></span> <span class='ocrx_word' id='word_1_132' title='bbox 867 2001 1295 2069; x_wconf 87' lang='lat' dir='ltr'><strong>posterioresque</strong></span> <span class='ocrx_word' id='word_1_133' title='bbox 1344 2009 1556 2055; x_wconf 85' lang='lat' dir='ltr'><strong>nostros</strong></span> <span class='ocrx_word' id='word_1_134' title='bbox 1585 2002 1914 2071; x_wconf 82' lang='lat' dir='ltr'><strong>Analyticos,</strong></span> <span class='ocrx_word' id='word_1_135' title='bbox 1945 2020 2079 2072; x_wconf 90' lang='lat' dir='ltr'><strong>quos</strong></span> <span class='ocrx_word' id='word_1_136' title='bbox 2121 2004 2188 2059; x_wconf 91' lang='lat' dir='ltr'><strong>ab</strong></span> 
     </span>
    </p>
   </div>
   <div class='ocr_carea' id='block_1_21' title="bbox 617 2091 2188 2162">
    <p class='ocr_par' dir='ltr' id='par_1_21' title="bbox 617 2091 2188 2162">
     <span class='ocr_line' id='line_1_21' title="bbox 617 2091 2188 2162; baseline 0.003 -14"><span class='ocrx_word' id='word_1_137' title='bbox 617 2091 905 2151; x_wconf 76' lang='lat' dir='ltr'><strong>Aristotele</strong></span> <span class='ocrx_word' id='word_1_138' title='bbox 936 2093 1327 2155; x_wconf 82' lang='lat' dir='ltr'><strong>transtulimus,</strong></span> <span class='ocrx_word' id='word_1_139' title='bbox 1373 2092 1519 2162; x_wconf 89' lang='lat' dir='ltr'><strong>legit,</strong></span> <span class='ocrx_word' id='word_1_140' title='bbox 1572 2093 1793 2155; x_wconf 88' lang='lat' dir='ltr'><strong>minime</strong></span> <span class='ocrx_word' id='word_1_141' title='bbox 1821 2094 2046 2149; x_wconf 81' lang='lat' dir='ltr'><strong>dubitat.</strong></span> <span class='ocrx_word' id='word_1_142' title='bbox 2083 2097 2188 2152; x_wconf 87' lang='lat' dir='ltr'><strong>Sed</strong></span> 
     </span>
    </p>
   </div>
   <div class='ocr_carea' id='block_1_22' title="bbox 615 2183 2191 2254">
    <p class='ocr_par' dir='ltr' id='par_1_22' title="bbox 615 2183 2191 2254">
     <span class='ocr_line' id='line_1_22' title="bbox 615 2183 2191 2254; baseline 0.004 -15"><span class='ocrx_word' id='word_1_143' title='bbox 615 2193 670 2245; x_wconf 87' lang='lat' dir='ltr'><strong>et</strong></span> <span class='ocrx_word' id='word_1_144' title='bbox 708 2185 756 2239; x_wconf 86' lang='lat' dir='ltr'><strong>si</strong></span> <span class='ocrx_word' id='word_1_145' title='bbox 793 2183 912 2253; x_wconf 88' lang='lat' dir='ltr'><strong>quis</strong></span> <span class='ocrx_word' id='word_1_146' title='bbox 950 2199 1068 2254; x_wconf 64' lang='lat' dir='ltr'><strong>qua:</strong></span> <span class='ocrx_word' id='word_1_147' title='bbox 1116 2184 1221 2247; x_wconf 86' lang='lat' dir='ltr'><strong>illic</strong></span> <span class='ocrx_word' id='word_1_148' title='bbox 1259 2184 1457 2254; x_wconf 85' lang='lat' dir='ltr'><strong>scripta</strong></span> <span class='ocrx_word' id='word_1_149' title='bbox 1500 2196 1623 2239; x_wconf 87' lang='lat' dir='ltr'><strong>sunt</strong></span> <span class='ocrx_word' id='word_1_150' title='bbox 1668 2187 1944 2253; x_wconf 88' lang='lat' dir='ltr'><strong>nesciens,</strong></span> <span class='ocrx_word' id='word_1_151' title='bbox 1978 2191 2041 2244; x_wconf 88' lang='lat' dir='ltr'><strong>ad</strong></span> <span class='ocrx_word' id='word_1_152' title='bbox 2076 2191 2191 2245; x_wconf 65' lang='lat' dir='ltr'><strong>haec</strong></span> 
     </span>
    </p>
   </div>
   <div class='ocr_carea' id='block_1_23' title="bbox 614 2275 2193 2351">
    <p class='ocr_par' dir='ltr' id='par_1_23' title="bbox 614 2275 2193 2351">
     <span class='ocr_line' id='line_1_23' title="bbox 614 2275 2193 2351; baseline 0.003 -19"><span class='ocrx_word' id='word_1_153' title='bbox 614 2275 837 2347; x_wconf 83' lang='lat' dir='ltr'><strong>legenda</strong></span> <span class='ocrx_word' id='word_1_154' title='bbox 871 2276 1190 2344; x_wconf 86' lang='lat' dir='ltr'><strong>proruperit,</strong></span> <span class='ocrx_word' id='word_1_155' title='bbox 1224 2278 1384 2332; x_wconf 86' lang='lat' dir='ltr'><strong>etiam</strong></span> <span class='ocrx_word' id='word_1_156' title='bbox 1435 2278 1480 2331; x_wconf 89' lang='lat' dir='ltr'><strong>si</strong></span> <span class='ocrx_word' id='word_1_157' title='bbox 1527 2278 1785 2335; x_wconf 88' lang='lat' dir='ltr'><strong>rationem</strong></span> <span class='ocrx_word' id='word_1_158' title='bbox 1834 2296 2013 2336; x_wconf 90' lang='lat' dir='ltr'><strong>rerum</strong></span> <span class='ocrx_word' id='word_1_159' title='bbox 2060 2298 2193 2351; x_wconf 86' lang='lat' dir='ltr'><strong>quas</strong></span> 
     </span>
    </p>
   </div>
   <div class='ocr_carea' id='block_1_24' title="bbox 618 2366 2194 2438">
    <p class='ocr_par' dir='ltr' id='par_1_24' title="bbox 618 2366 2194 2438">
     <span class='ocr_line' id='line_1_24' title="bbox 618 2366 2194 2438; baseline 0.004 -18"><span class='ocrx_word' id='word_1_160' title='bbox 618 2382 727 2421; x_wconf 90' lang='lat' dir='ltr'><strong>non</strong></span> <span class='ocrx_word' id='word_1_161' title='bbox 769 2366 1019 2438; x_wconf 68' lang='lat' dir='ltr'><strong>intelligit</strong></span> <span class='ocrx_word' id='word_1_162' title='bbox 1054 2369 1273 2431; x_wconf 82' lang='lat' dir='ltr'><strong>minime</strong></span> <span class='ocrx_word' id='word_1_163' title='bbox 1323 2368 1749 2435; x_wconf 85' lang='lat' dir='ltr'><strong>comprehendit,</strong></span> <span class='ocrx_word' id='word_1_164' title='bbox 1798 2370 1867 2423; x_wconf 90' lang='lat' dir='ltr'><strong>ita</strong></span> <span class='ocrx_word' id='word_1_165' title='bbox 1921 2380 2095 2426; x_wconf 89' lang='lat' dir='ltr'><strong>tamen</strong></span> <span class='ocrx_word' id='word_1_166' title='bbox 2137 2383 2194 2427; x_wconf 88' lang='lat' dir='ltr'><strong>ut</strong></span> 
     </span>
    </p>
   </div>
   <div class='ocr_carea' id='block_1_25' title="bbox 614 2454 2193 2528">
    <p class='ocr_par' dir='ltr' id='par_1_25' title="bbox 614 2454 2193 2528">
     <span class='ocr_line' id='line_1_25' title="bbox 614 2454 2193 2528; baseline 0.006 -19"><span class='ocrx_word' id='word_1_167' title='bbox 614 2454 816 2511; x_wconf 84' lang='lat' dir='ltr'><strong>dictum</strong></span> <span class='ocrx_word' id='word_1_168' title='bbox 849 2468 931 2517; x_wconf 85' lang='lat' dir='ltr'><strong>est</strong></span> <span class='ocrx_word' id='word_1_169' title='bbox 960 2471 1085 2525; x_wconf 85' lang='lat' dir='ltr'><strong>esse</strong></span> <span class='ocrx_word' id='word_1_170' title='bbox 1118 2457 1372 2521; x_wconf 82' lang='lat' dir='ltr'><strong>confidat,</strong></span> <span class='ocrx_word' id='word_1_171' title='bbox 1403 2472 1568 2528; x_wconf 86' lang='lat' dir='ltr'><strong>seque</strong></span> <span class='ocrx_word' id='word_1_172' title='bbox 1616 2458 1670 2513; x_wconf 92' lang='lat' dir='ltr'><strong>in</strong></span> <span class='ocrx_word' id='word_1_173' title='bbox 1720 2460 2022 2516; x_wconf 81' lang='lat' dir='ltr'><strong>Aristotelis</strong></span> <span class='ocrx_word' id='word_1_174' title='bbox 2051 2456 2193 2518; x_wconf 57' lang='lat' dir='ltr'><strong>Ausa</strong></span> 
     </span>
    </p>
   </div>
   <div class='ocr_carea' id='block_1_26' title="bbox 615 2550 2190 2627">
    <p class='ocr_par' dir='ltr' id='par_1_26' title="bbox 615 2550 2190 2627">
     <span class='ocr_line' id='line_1_26' title="bbox 615 2550 2190 2627; baseline 0.005 -20"><span class='ocrx_word' id='word_1_175' title='bbox 615 2550 791 2621; x_wconf 83' lang='lat' dir='ltr'><strong>lyticis</strong></span> <span class='ocrx_word' id='word_1_176' title='bbox 813 2550 1028 2606; x_wconf 82' lang='lat' dir='ltr'><strong>uberius</strong></span> <span class='ocrx_word' id='word_1_177' title='bbox 1051 2553 1390 2607; x_wconf 90' lang='lat' dir='ltr'><strong>inventurum</strong></span> <span class='ocrx_word' id='word_1_178' title='bbox 1417 2569 1557 2618; x_wconf 87' lang='lat' dir='ltr'><strong>esse,</strong></span> <span class='ocrx_word' id='word_1_179' title='bbox 1581 2557 1624 2610; x_wconf 89' lang='lat' dir='ltr'><strong>si</strong></span> <span class='ocrx_word' id='word_1_180' title='bbox 1652 2555 1857 2627; x_wconf 70' lang='lat' dir='ltr'><strong>legerit,</strong></span> <span class='ocrx_word' id='word_1_181' title='bbox 1882 2559 2190 2615; x_wconf 86' lang='lat' dir='ltr'><strong>arbitretur.</strong></span> 
     </span>
    </p>
   </div>
   <div class='ocr_carea' id='block_1_27' title="bbox 618 2640 2195 2719">
    <p class='ocr_par' dir='ltr' id='par_1_27' title="bbox 618 2640 2195 2719">
     <span class='ocr_line' id='line_1_27' title="bbox 618 2640 2195 2719; baseline 0.007 -23"><span class='ocrx_word' id='word_1_182' title='bbox 618 2640 811 2696; x_wconf 85' lang='lat' dir='ltr'><strong>Natura</strong></span> <span class='ocrx_word' id='word_1_183' title='bbox 842 2641 997 2710; x_wconf 89' lang='lat' dir='ltr'><strong>igitur</strong></span> <span class='ocrx_word' id='word_1_184' title='bbox 1028 2657 1202 2697; x_wconf 90' lang='lat' dir='ltr'><strong>rerum</strong></span> <span class='ocrx_word' id='word_1_185' title='bbox 1236 2643 1333 2697; x_wconf 90' lang='lat' dir='ltr'><strong>fert</strong></span> <span class='ocrx_word' id='word_1_186' title='bbox 1368 2655 1423 2699; x_wconf 92' lang='lat' dir='ltr'><strong>ut</strong></span> <span class='ocrx_word' id='word_1_187' title='bbox 1455 2645 1541 2700; x_wconf 89' lang='lat' dir='ltr'><strong>ubi</strong></span> <span class='ocrx_word' id='word_1_188' title='bbox 1569 2648 1693 2716; x_wconf 91' lang='lat' dir='ltr'><strong>quid</strong></span> <span class='ocrx_word' id='word_1_189' title='bbox 1722 2650 1895 2719; x_wconf 84' lang='lat' dir='ltr'><strong>majus</strong></span> <span class='ocrx_word' id='word_1_190' title='bbox 1923 2666 1987 2705; x_wconf 89' lang='lat' dir='ltr'><strong>ac</strong></span> <span class='ocrx_word' id='word_1_191' title='bbox 2012 2653 2195 2709; x_wconf 81' lang='lat' dir='ltr'><strong>minus</strong></span> 
     </span>
    </p>
   </div>
   <div class='ocr_carea' id='block_1_28' title="bbox 616 2734 2192 2808">
    <p class='ocr_par' dir='ltr' id='par_1_28' title="bbox 616 2734 2192 2808">
     <span class='ocr_line' id='line_1_28' title="bbox 616 2734 2192 2808; baseline 0.01 -21"><span class='ocrx_word' id='word_1_192' title='bbox 616 2743 719 2798; x_wconf 88' lang='lat' dir='ltr'><strong>est,</strong></span> <span class='ocrx_word' id='word_1_193' title='bbox 750 2734 823 2789; x_wconf 86' lang='lat' dir='ltr'><strong>ibi</strong></span> <span class='ocrx_word' id='word_1_194' title='bbox 852 2734 1139 2797; x_wconf 78' lang='lat' dir='ltr'><strong>maximum</strong></span> <span class='ocrx_word' id='word_1_195' title='bbox 1166 2751 1380 2806; x_wconf 90' lang='lat' dir='ltr'><strong>quoque</strong></span> <span class='ocrx_word' id='word_1_196' title='bbox 1411 2737 1607 2808; x_wconf 84' lang='lat' dir='ltr'><strong>aliquid</strong></span> <span class='ocrx_word' id='word_1_197' title='bbox 1646 2741 1823 2796; x_wconf 83' lang='lat' dir='ltr'><strong>inesse</strong></span> <span class='ocrx_word' id='word_1_198' title='bbox 1850 2760 2075 2801; x_wconf 88' lang='lat' dir='ltr'><strong>necesse</strong></span> <span class='ocrx_word' id='word_1_199' title='bbox 2102 2747 2192 2805; x_wconf 89' lang='lat' dir='ltr'><strong>sit.</strong></span> 
     </span>
    </p>
   </div>
   <div class='ocr_carea' id='block_1_29' title="bbox 622 2824 2199 2906">
    <p class='ocr_par' dir='ltr' id='par_1_29' title="bbox 622 2824 2199 2906">
     <span class='ocr_line' id='line_1_29' title="bbox 622 2824 2199 2906; baseline 0.01 -29"><span class='ocrx_word' id='word_1_200' title='bbox 622 2825 737 2892; x_wconf 85' lang='lat' dir='ltr'><strong>Quo</strong></span> <span class='ocrx_word' id='word_1_201' title='bbox 763 2824 820 2880; x_wconf 89' lang='lat' dir='ltr'><strong>fit</strong></span> <span class='ocrx_word' id='word_1_202' title='bbox 846 2835 904 2879; x_wconf 92' lang='lat' dir='ltr'><strong>ut</strong></span> <span class='ocrx_word' id='word_1_203' title='bbox 927 2825 1034 2880; x_wconf 87' lang='lat' dir='ltr'><strong>sint</strong></span> <span class='ocrx_word' id='word_1_204' title='bbox 1060 2826 1302 2896; x_wconf 67' lang='lat' dir='ltr'><strong>quaedam</strong></span> <span class='ocrx_word' id='word_1_205' title='bbox 1333 2830 1577 2885; x_wconf 67' lang='lat' dir='ltr'><strong>maximae</strong></span> <span class='ocrx_word' id='word_1_206' title='bbox 1607 2835 2019 2902; x_wconf 86' lang='lat' dir='ltr'><strong>propositiones,</strong></span> <span class='ocrx_word' id='word_1_207' title='bbox 2066 2853 2199 2906; x_wconf 84' lang='lat' dir='ltr'><strong>quo-</strong></span> 
     </span>
    </p>
   </div>
   <div class='ocr_carea' id='block_1_30' title="bbox 620 2915 2197 2997">
    <p class='ocr_par' dir='ltr' id='par_1_30' title="bbox 620 2915 2197 2997">
     <span class='ocr_line' id='line_1_30' title="bbox 620 2915 2197 2997; baseline 0.008 -28"><span class='ocrx_word' id='word_1_208' title='bbox 620 2915 761 2971; x_wconf 87' lang='lat' dir='ltr'><strong>niam</strong></span> <span class='ocrx_word' id='word_1_209' title='bbox 788 2917 1025 2972; x_wconf 84' lang='lat' dir='ltr'><strong>minores</strong></span> <span class='ocrx_word' id='word_1_210' title='bbox 1054 2917 1390 2997; x_wconf 69' lang='lat' dir='ltr'><strong>maioresque</strong></span> <span class='ocrx_word' id='word_1_211' title='bbox 1431 2935 1553 2976; x_wconf 81' lang='lat' dir='ltr'><strong>esse</strong></span> <span class='ocrx_word' id='word_1_212' title='bbox 1586 2925 2022 2990; x_wconf 82' lang='lat' dir='ltr'><strong>monstravimus,</strong></span> <span class='ocrx_word' id='word_1_213' title='bbox 2067 2943 2197 2997; x_wconf 61' lang='lat' dir='ltr'><strong>qua.</strong></span> 
     </span>
    </p>
   </div>
   <div class='ocr_carea' id='block_1_31' title="bbox 622 3010 2199 3085">
    <p class='ocr_par' dir='ltr' id='par_1_31' title="bbox 622 3010 2199 3085">
     <span class='ocr_line' id='line_1_31' title="bbox 622 3010 2199 3085; baseline 0.006 -22"><span class='ocrx_word' id='word_1_214' title='bbox 622 3023 741 3064; x_wconf 90' lang='lat' dir='ltr'><strong>rum</strong></span> <span class='ocrx_word' id='word_1_215' title='bbox 766 3019 954 3069; x_wconf 84' lang='lat' dir='ltr'><strong>natura</strong></span> <span class='ocrx_word' id='word_1_216' title='bbox 1000 3024 1065 3067; x_wconf 78' lang='lat' dir='ltr'><strong>ex</strong></span> <span class='ocrx_word' id='word_1_217' title='bbox 1093 3010 1412 3080; x_wconf 85' lang='lat' dir='ltr'><strong>simplicium</strong></span> <span class='ocrx_word' id='word_1_218' title='bbox 1464 3013 1884 3082; x_wconf 87' lang='lat' dir='ltr'><strong>propositionum</strong></span> <span class='ocrx_word' id='word_1_219' title='bbox 1913 3017 2199 3085; x_wconf 79' lang='lat' dir='ltr'><strong>partitione</strong></span> 
     </span>
    </p>
   </div>
   <div class='ocr_carea' id='block_1_32' title="bbox 618 3100 2194 3177">
    <p class='ocr_par' dir='ltr' id='par_1_32' title="bbox 618 3100 2194 3177">
     <span class='ocr_line' id='line_1_32' title="bbox 618 3100 2194 3177; baseline 0.005 -20"><span class='ocrx_word' id='word_1_220' title='bbox 618 3100 877 3167; x_wconf 79' lang='lat' dir='ltr'><strong>sumenda</strong></span> <span class='ocrx_word' id='word_1_221' title='bbox 915 3109 1018 3158; x_wconf 86' lang='lat' dir='ltr'><strong>est.</strong></span> <span class='ocrx_word' id='word_1_222' title='bbox 1064 3103 1250 3158; x_wconf 84' lang='lat' dir='ltr'><strong>Omnis</strong></span> <span class='ocrx_word' id='word_1_223' title='bbox 1293 3105 1436 3159; x_wconf 88' lang='lat' dir='ltr'><strong>enim</strong></span> <span class='ocrx_word' id='word_1_224' title='bbox 1490 3106 1718 3174; x_wconf 83' lang='lat' dir='ltr'><strong>simplex</strong></span> <span class='ocrx_word' id='word_1_225' title='bbox 1769 3109 2069 3177; x_wconf 88' lang='lat' dir='ltr'><strong>pr0positio</strong></span> <span class='ocrx_word' id='word_1_226' title='bbox 2113 3112 2194 3165; x_wconf 92' lang='lat' dir='ltr'><strong>vel</strong></span> 
     </span>
    </p>
   </div>
   <div class='ocr_carea' id='block_1_33' title="bbox 620 3191 2197 3265">
    <p class='ocr_par' dir='ltr' id='par_1_33' title="bbox 620 3191 2197 3265">
     <span class='ocr_line' id='line_1_33' title="bbox 620 3191 2197 3265; baseline 0.005 -21"><span class='ocrx_word' id='word_1_227' title='bbox 620 3191 937 3261; x_wconf 84' lang='lat' dir='ltr'><strong>affirmativa</strong></span> <span class='ocrx_word' id='word_1_228' title='bbox 985 3204 1086 3259; x_wconf 88' lang='lat' dir='ltr'><strong>est,</strong></span> <span class='ocrx_word' id='word_1_229' title='bbox 1123 3194 1202 3248; x_wconf 75' lang='lat' dir='ltr'><strong>vel</strong></span> <span class='ocrx_word' id='word_1_230' title='bbox 1248 3194 1509 3265; x_wconf 85' lang='lat' dir='ltr'><strong>negativa.</strong></span> <span class='ocrx_word' id='word_1_231' title='bbox 1560 3197 1862 3265; x_wconf 82' lang='lat' dir='ltr'><strong>Earumque</strong></span> <span class='ocrx_word' id='word_1_232' title='bbox 1910 3199 2027 3251; x_wconf 72' lang='lat' dir='ltr'><strong>alim</strong></span> <span class='ocrx_word' id='word_1_233' title='bbox 2073 3209 2197 3253; x_wconf 89' lang='lat' dir='ltr'><strong>sunt</strong></span> 
     </span>
    </p>
   </div>
   <div class='ocr_carea' id='block_1_34' title="bbox 618 3280 2201 3353">
    <p class='ocr_par' dir='ltr' id='par_1_34' title="bbox 618 3280 2201 3353">
     <span class='ocr_line' id='line_1_34' title="bbox 618 3280 2201 3353; baseline 0.005 -19"><span class='ocrx_word' id='word_1_234' title='bbox 618 3280 968 3343; x_wconf 55' lang='lat' dir='ltr'><strong>ttniveraales,</strong></span> <span class='ocrx_word' id='word_1_235' title='bbox 999 3290 1057 3335; x_wconf 88' lang='grc' dir='ltr'><strong>ιιι</strong></span> <span class='ocrx_word' id='word_1_236' title='bbox 1086 3283 1261 3349; x_wconf 88' lang='lat' dir='ltr'><strong>omnis</strong></span> <span class='ocrx_word' id='word_1_237' title='bbox 1302 3281 1462 3345; x_wconf 82' lang='lat' dir='ltr'><strong>homo</strong></span> <span class='ocrx_word' id='word_1_238' title='bbox 1487 3283 1663 3353; x_wconf 89' lang='lat' dir='ltr'><strong>justus</strong></span> <span class='ocrx_word' id='word_1_239' title='bbox 1696 3294 1798 3350; x_wconf 87' lang='lat' dir='ltr'><strong>est,</strong></span> <span class='ocrx_word' id='word_1_240' title='bbox 1835 3286 2008 3340; x_wconf 90' lang='lat' dir='ltr'><strong>nullus</strong></span> <span class='ocrx_word' id='word_1_241' title='bbox 2038 3287 2201 3343; x_wconf 87' lang='lat' dir='ltr'><strong>homo</strong></span> 
     </span>
    </p>
   </div>
   <div class='ocr_carea' id='block_1_35' title="bbox 616 3369 2196 3450">
    <p class='ocr_par' dir='ltr' id='par_1_35' title="bbox 616 3369 2196 3450">
     <span class='ocr_line' id='line_1_35' title="bbox 616 3369 2196 3450; baseline 0.01 -29"><span class='ocrx_word' id='word_1_242' title='bbox 616 3369 792 3439; x_wconf 87' lang='lat' dir='ltr'><strong>justus</strong></span> <span class='ocrx_word' id='word_1_243' title='bbox 811 3378 924 3431; x_wconf 82' lang='lat' dir='ltr'><strong>est;</strong></span> <span class='ocrx_word' id='word_1_244' title='bbox 956 3370 1077 3424; x_wconf 71' lang='lat' dir='ltr'><strong>alia:</strong></span> <span class='ocrx_word' id='word_1_245' title='bbox 1108 3374 1477 3439; x_wconf 76' lang='lat' dir='ltr'><strong>particulares,</strong></span> <span class='ocrx_word' id='word_1_246' title='bbox 1504 3388 1561 3430; x_wconf 89' lang='lat' dir='ltr'><strong>ut</strong></span> <span class='ocrx_word' id='word_1_247' title='bbox 1588 3378 1800 3447; x_wconf 88' lang='lat' dir='ltr'><strong>quidam</strong></span> <span class='ocrx_word' id='word_1_248' title='bbox 1834 3382 1993 3437; x_wconf 91' lang='lat' dir='ltr'><strong>homo</strong></span> <span class='ocrx_word' id='word_1_249' title='bbox 2019 3383 2196 3450; x_wconf 87' lang='lat' dir='ltr'><strong>justus</strong></span> 
     </span>
    </p>
   </div>
   <div class='ocr_carea' id='block_1_36' title="bbox 617 3459 2197 3537">
    <p class='ocr_par' dir='ltr' id='par_1_36' title="bbox 617 3459 2197 3537">
     <span class='ocr_line' id='line_1_36' title="bbox 617 3459 2197 3537; baseline 0.011 -27"><span class='ocrx_word' id='word_1_250' title='bbox 617 3459 866 3523; x_wconf 75' lang='lat' dir='ltr'><strong>est;ali:e</strong></span> <span class='ocrx_word' id='word_1_251' title='bbox 897 3459 1204 3526; x_wconf 72' lang='lat' dir='ltr'><strong>indefinitas,</strong></span> <span class='ocrx_word' id='word_1_252' title='bbox 1234 3472 1292 3517; x_wconf 93' lang='lat' dir='ltr'><strong>ut</strong></span> <span class='ocrx_word' id='word_1_253' title='bbox 1322 3464 1483 3523; x_wconf 82' lang='lat' dir='ltr'><strong>homo</strong></span> <span class='ocrx_word' id='word_1_254' title='bbox 1500 3468 1677 3534; x_wconf 84' lang='lat' dir='ltr'><strong>justus</strong></span> <span class='ocrx_word' id='word_1_255' title='bbox 1706 3480 1808 3533; x_wconf 89' lang='lat' dir='ltr'><strong>est,</strong></span> <span class='ocrx_word' id='word_1_256' title='bbox 1843 3470 2001 3524; x_wconf 87' lang='lat' dir='ltr'><strong>homo</strong></span> <span class='ocrx_word' id='word_1_257' title='bbox 2022 3476 2197 3537; x_wconf 75' lang='lat' dir='ltr'><strong>jusrus</strong></span> 
     </span>
    </p>
   </div>
   <div class='ocr_carea' id='block_1_37' title="bbox 620 3545 2191 3623">
    <p class='ocr_par' dir='ltr' id='par_1_37' title="bbox 620 3545 2191 3623">
     <span class='ocr_line' id='line_1_37' title="bbox 620 3545 2191 3623; baseline 0.009 -22"><span class='ocrx_word' id='word_1_258' title='bbox 620 3560 727 3601; x_wconf 84' lang='lat' dir='ltr'><strong>non</strong></span> <span class='ocrx_word' id='word_1_259' title='bbox 756 3555 873 3611; x_wconf 83' lang='lat' dir='ltr'><strong>est;</strong></span> <span class='ocrx_word' id='word_1_260' title='bbox 918 3545 1037 3601; x_wconf 75' lang='lat' dir='ltr'><strong>alite</strong></span> <span class='ocrx_word' id='word_1_261' title='bbox 1066 3549 1359 3618; x_wconf 86' lang='lat' dir='ltr'><strong>singulares</strong></span> <span class='ocrx_word' id='word_1_262' title='bbox 1402 3554 1600 3620; x_wconf 83' lang='lat' dir='ltr'><strong>aliquid</strong></span> <span class='ocrx_word' id='word_1_263' title='bbox 1643 3565 1807 3623; x_wconf 91' lang='lat' dir='ltr'><strong>atque</strong></span> <span class='ocrx_word' id='word_1_264' title='bbox 1858 3560 2191 3615; x_wconf 89' lang='lat' dir='ltr'><strong>individuum</strong></span> 
     </span>
    </p>
   </div>
   <div class='ocr_carea' id='block_1_38' title="bbox 618 3636 2190 3713">
    <p class='ocr_par' dir='ltr' id='par_1_38' title="bbox 618 3636 2190 3713">
     <span class='ocr_line' id='line_1_38' title="bbox 618 3636 2190 3713; baseline 0.012 -27"><span class='ocrx_word' id='word_1_265' title='bbox 618 3636 973 3701; x_wconf 84' lang='lat' dir='ltr'><strong>continentes,</strong></span> <span class='ocrx_word' id='word_1_266' title='bbox 1005 3646 1061 3688; x_wconf 89' lang='lat' dir='ltr'><strong>ut</strong></span> <span class='ocrx_word' id='word_1_267' title='bbox 1088 3637 1218 3690; x_wconf 83' lang='lat' dir='ltr'><strong>Cato</strong></span> <span class='ocrx_word' id='word_1_268' title='bbox 1243 3638 1423 3706; x_wconf 82' lang='lat' dir='ltr'><strong>justus</strong></span> <span class='ocrx_word' id='word_1_269' title='bbox 1451 3653 1555 3707; x_wconf 81' lang='lat' dir='ltr'><strong>est,</strong></span> <span class='ocrx_word' id='word_1_270' title='bbox 1584 3644 1718 3698; x_wconf 87' lang='lat' dir='ltr'><strong>Cato</strong></span> <span class='ocrx_word' id='word_1_271' title='bbox 1742 3647 1920 3713; x_wconf 83' lang='lat' dir='ltr'><strong>justus</strong></span> <span class='ocrx_word' id='word_1_272' title='bbox 1951 3664 2055 3703; x_wconf 90' lang='lat' dir='ltr'><strong>non</strong></span> <span class='ocrx_word' id='word_1_273' title='bbox 2090 3663 2190 3707; x_wconf 85' lang='lat' dir='ltr'><strong>est.</strong></span> 
     </span>
    </p>
   </div>
   <div class='ocr_carea' id='block_1_39' title="bbox 618 3723 2196 3801">
    <p class='ocr_par' dir='ltr' id='par_1_39' title="bbox 618 3723 2196 3801">
     <span class='ocr_line' id='line_1_39' title="bbox 618 3723 2196 3801; baseline 0.012 -22"><span class='ocrx_word' id='word_1_274' title='bbox 618 3723 924 3794; x_wconf 84' lang='lat' dir='ltr'><strong>Harumque</strong></span> <span class='ocrx_word' id='word_1_275' title='bbox 947 3729 1183 3780; x_wconf 89' lang='lat' dir='ltr'><strong>omnium</strong></span> <span class='ocrx_word' id='word_1_276' title='bbox 1212 3729 1332 3783; x_wconf 70' lang='lat' dir='ltr'><strong>alia:</strong></span> <span class='ocrx_word' id='word_1_277' title='bbox 1364 3741 1487 3783; x_wconf 88' lang='lat' dir='ltr'><strong>sunt</strong></span> <span class='ocrx_word' id='word_1_278' title='bbox 1516 3732 1855 3801; x_wconf 78' lang='lat' dir='ltr'><strong>dubitabiles,</strong></span> <span class='ocrx_word' id='word_1_279' title='bbox 1886 3740 2005 3794; x_wconf 74' lang='lat' dir='ltr'><strong>alia:</strong></span> <span class='ocrx_word' id='word_1_280' title='bbox 2041 3742 2196 3798; x_wconf 81' lang='lat' dir='ltr'><strong>indu-</strong></span> 
     </span>
    </p>
   </div>
   <div class='ocr_carea' id='block_1_40' title="bbox 619 3810 2194 3899">
    <p class='ocr_par' dir='ltr' id='par_1_40' title="bbox 619 3810 2194 3899">
     <span class='ocr_line' id='line_1_40' title="bbox 619 3810 2194 3899; baseline 0.013 -31"><span class='ocrx_word' id='word_1_281' title='bbox 619 3814 819 3873; x_wconf 65' lang='lat' dir='ltr'><strong>bitata.</strong></span> <span class='ocrx_word' id='word_1_282' title='bbox 870 3815 1158 3887; x_wconf 81' lang='lat' dir='ltr'><strong>Supremas</strong></span> <span class='ocrx_word' id='word_1_283' title='bbox 1204 3810 1364 3889; x_wconf 78' lang='lat' dir='ltr'><strong>igitur</strong></span> <span class='ocrx_word' id='word_1_284' title='bbox 1407 3836 1470 3877; x_wconf 89' lang='lat' dir='ltr'><strong>ac</strong></span> <span class='ocrx_word' id='word_1_285' title='bbox 1499 3825 1757 3881; x_wconf 80' lang='lat' dir='ltr'><strong>maximas</strong></span> <span class='ocrx_word' id='word_1_286' title='bbox 1803 3833 2194 3899; x_wconf 87' lang='lat' dir='ltr'><strong>propositiones</strong></span> 
     </span>
    </p>
   </div>
   <div class='ocr_carea' id='block_1_41' title="bbox 621 3904 2195 3995">
    <p class='ocr_par' dir='ltr' id='par_1_41' title="bbox 621 3904 2195 3995">
     <span class='ocr_line' id='line_1_41' title="bbox 621 3904 2195 3995; baseline 0.014 -36"><span class='ocrx_word' id='word_1_287' title='bbox 621 3919 891 3973; x_wconf 86' lang='lat' dir='ltr'><strong>vocamus,</strong></span> <span class='ocrx_word' id='word_1_288' title='bbox 922 3922 1041 3975; x_wconf 79' lang='lat' dir='ltr'><strong>qua:</strong></span> <span class='ocrx_word' id='word_1_289' title='bbox 1068 3918 1125 3962; x_wconf 92' lang='lat' dir='ltr'><strong>et</strong></span> <span class='ocrx_word' id='word_1_290' title='bbox 1147 3904 1470 3968; x_wconf 74' lang='lat' dir='ltr'><strong>universales</strong></span> <span class='ocrx_word' id='word_1_291' title='bbox 1500 3926 1641 3981; x_wconf 88' lang='lat' dir='ltr'><strong>sunt,</strong></span> <span class='ocrx_word' id='word_1_292' title='bbox 1676 3928 1729 3973; x_wconf 90' lang='lat' dir='ltr'><strong>et</strong></span> <span class='ocrx_word' id='word_1_293' title='bbox 1758 3920 1826 3973; x_wconf 91' lang='lat' dir='ltr'><strong>ita</strong></span> <span class='ocrx_word' id='word_1_294' title='bbox 1855 3930 1995 3976; x_wconf 73' lang='lat' dir='ltr'><strong>notte</strong></span> <span class='ocrx_word' id='word_1_295' title='bbox 2037 3934 2195 3995; x_wconf 81' lang='lat' dir='ltr'><strong>atque</strong></span> 
     </span>
    </p>
   </div>
   <div class='ocr_carea' id='block_1_42' title="bbox 620 3996 2195 4087">
    <p class='ocr_par' dir='ltr' id='par_1_42' title="bbox 620 3996 2195 4087">
     <span class='ocr_line' id='line_1_42' title="bbox 620 3996 2195 4087; baseline 0.014 -36"><span class='ocrx_word' id='word_1_296' title='bbox 620 3996 939 4069; x_wconf 60' lang='lat' dir='ltr'><strong>manifestae,</strong></span> <span class='ocrx_word' id='word_1_297' title='bbox 986 4009 1043 4065; x_wconf 90' lang='lat' dir='ltr'><strong>ut</strong></span> <span class='ocrx_word' id='word_1_298' title='bbox 1087 4002 1397 4069; x_wconf 84' lang='lat' dir='ltr'><strong>probatione</strong></span> <span class='ocrx_word' id='word_1_299' title='bbox 1425 4022 1529 4063; x_wconf 92' lang='lat' dir='ltr'><strong>non</strong></span> <span class='ocrx_word' id='word_1_300' title='bbox 1557 4020 1769 4078; x_wconf 84' lang='lat' dir='ltr'><strong>egeant,</strong></span> <span class='ocrx_word' id='word_1_301' title='bbox 1810 4028 1981 4084; x_wconf 87' lang='lat' dir='ltr'><strong>eaque</strong></span> <span class='ocrx_word' id='word_1_302' title='bbox 2019 4019 2195 4087; x_wconf 86' lang='lat' dir='ltr'><strong>potius</strong></span> 
     </span>
    </p>
   </div>
   <div class='ocr_carea' id='block_1_43' title="bbox 617 4090 2193 4174">
    <p class='ocr_par' dir='ltr' id='par_1_43' title="bbox 617 4090 2193 4174">
     <span class='ocr_line' id='line_1_43' title="bbox 617 4090 2193 4174; baseline 0.015 -31"><span class='ocrx_word' id='word_1_303' title='bbox 617 4105 739 4160; x_wconf 77' lang='lat' dir='ltr'><strong>quae</strong></span> <span class='ocrx_word' id='word_1_304' title='bbox 761 4090 813 4147; x_wconf 90' lang='lat' dir='ltr'><strong>in</strong></span> <span class='ocrx_word' id='word_1_305' title='bbox 837 4090 1167 4153; x_wconf 71' lang='lat' dir='ltr'><strong>dubitatione</strong></span> <span class='ocrx_word' id='word_1_306' title='bbox 1184 4105 1311 4150; x_wconf 89' lang='lat' dir='ltr'><strong>sunt</strong></span> <span class='ocrx_word' id='word_1_307' title='bbox 1333 4100 1575 4165; x_wconf 88' lang='lat' dir='ltr'><strong>probent.</strong></span> <span class='ocrx_word' id='word_1_308' title='bbox 1603 4102 1732 4157; x_wconf 85' lang='lat' dir='ltr'><strong>Nam</strong></span> <span class='ocrx_word' id='word_1_309' title='bbox 1758 4120 1877 4174; x_wconf 84' lang='lat' dir='ltr'><strong>quae</strong></span> <span class='ocrx_word' id='word_1_310' title='bbox 1899 4109 2193 4166; x_wconf 76' lang='lat' dir='ltr'><strong>indubitata</strong></span> 
     </span>
    </p>
   </div>
   <div class='ocr_carea' id='block_1_44' title="bbox 622 4185 2192 4272">
    <p class='ocr_par' dir='ltr' id='par_1_44' title="bbox 622 4185 2192 4272">
     <span class='ocr_line' id='line_1_44' title="bbox 622 4185 2192 4272; baseline 0.018 -40"><span class='ocrx_word' id='word_1_311' title='bbox 622 4192 767 4247; x_wconf 80' lang='lat' dir='ltr'><strong>sunt,</strong></span> <span class='ocrx_word' id='word_1_312' title='bbox 795 4185 1160 4254; x_wconf 76' lang='lat' dir='ltr'><strong>ambiguorum</strong></span> <span class='ocrx_word' id='word_1_313' title='bbox 1186 4188 1631 4251; x_wconf 86' lang='lat' dir='ltr'><strong>dentoustrationi</strong></span> <span class='ocrx_word' id='word_1_314' title='bbox 1660 4199 1835 4253; x_wconf 90' lang='lat' dir='ltr'><strong>solent</strong></span> <span class='ocrx_word' id='word_1_315' title='bbox 1874 4216 1996 4257; x_wconf 89' lang='lat' dir='ltr'><strong>esse</strong></span> <span class='ocrx_word' id='word_1_316' title='bbox 2041 4206 2192 4272; x_wconf 83' lang='lat' dir='ltr'><strong>prin-</strong></span> 
     </span>
    </p>
   </div>
   <div class='ocr_carea' id='block_1_45' title="bbox 620 4274 2194 4359">
    <p class='ocr_par' dir='ltr' id='par_1_45' title="bbox 620 4274 2194 4359">
     <span class='ocr_line' id='line_1_45' title="bbox 620 4274 2194 4359; baseline 0.015 -32"><span class='ocrx_word' id='word_1_317' title='bbox 620 4274 779 4342; x_wconf 85' lang='lat' dir='ltr'><strong>cipia,</strong></span> <span class='ocrx_word' id='word_1_318' title='bbox 822 4276 992 4344; x_wconf 80' lang='lat' dir='ltr'><strong>qualis</strong></span> <span class='ocrx_word' id='word_1_319' title='bbox 1030 4289 1132 4342; x_wconf 91' lang='lat' dir='ltr'><strong>est,</strong></span> <span class='ocrx_word' id='word_1_320' title='bbox 1172 4296 1382 4335; x_wconf 88' lang='lat' dir='ltr'><strong>omnem</strong></span> <span class='ocrx_word' id='word_1_321' title='bbox 1425 4299 1706 4341; x_wconf 88' lang='lat' dir='ltr'><strong>numerum</strong></span> <span class='ocrx_word' id='word_1_322' title='bbox 1756 4292 1837 4345; x_wconf 86' lang='lat' dir='ltr'><strong>vel</strong></span> <span class='ocrx_word' id='word_1_323' title='bbox 1869 4309 2046 4359; x_wconf 84' lang='lat' dir='ltr'><strong>parem</strong></span> <span class='ocrx_word' id='word_1_324' title='bbox 2076 4312 2194 4351; x_wconf 87' lang='lat' dir='ltr'><strong>esse</strong></span> 
     </span>
    </p>
   </div>
   <div class='ocr_carea' id='block_1_46' title="bbox 622 4366 2195 4455">
    <p class='ocr_par' dir='ltr' id='par_1_46' title="bbox 622 4366 2195 4455">
     <span class='ocr_line' id='line_1_46' title="bbox 622 4366 2195 4455; baseline 0.013 -35"><span class='ocrx_word' id='word_1_325' title='bbox 622 4366 708 4420; x_wconf 87' lang='lat' dir='ltr'><strong>vel</strong></span> <span class='ocrx_word' id='word_1_326' title='bbox 736 4366 1014 4435; x_wconf 77' lang='lat' dir='ltr'><strong>imparem,</strong></span> <span class='ocrx_word' id='word_1_327' title='bbox 1040 4379 1097 4429; x_wconf 84' lang='lat' dir='ltr'><strong>et</strong></span> <span class='ocrx_word' id='word_1_328' title='bbox 1119 4373 1337 4439; x_wconf 60' lang='lat' dir='ltr'><strong>aequalia</strong></span> <span class='ocrx_word' id='word_1_329' title='bbox 1366 4376 1610 4446; x_wconf 88' lang='lat' dir='ltr'><strong>relinqui,</strong></span> <span class='ocrx_word' id='word_1_330' title='bbox 1636 4380 1681 4432; x_wconf 88' lang='lat' dir='ltr'><strong>si</strong></span> <span class='ocrx_word' id='word_1_331' title='bbox 1701 4382 1991 4449; x_wconf 46' lang='lat' dir='ltr'><strong>aequalibus</strong></span> <span class='ocrx_word' id='word_1_332' title='bbox 2016 4402 2195 4455; x_wconf 64' lang='lat' dir='ltr'><strong>aequa-</strong></span> 
     </span>
    </p>
   </div>
   <div class='ocr_carea' id='block_1_47' title="bbox 616 4454 2194 4538">
    <p class='ocr_par' dir='ltr' id='par_1_47' title="bbox 616 4454 2194 4538">
     <span class='ocr_line' id='line_1_47' title="bbox 616 4454 2194 4538; baseline 0.015 -28"><span class='ocrx_word' id='word_1_333' title='bbox 616 4454 687 4510; x_wconf 87' lang='lat' dir='ltr'><strong>lia</strong></span> <span class='ocrx_word' id='word_1_334' title='bbox 722 4456 1109 4524; x_wconf 78' lang='lat' dir='ltr'><strong>detrahuntur;</strong></span> <span class='ocrx_word' id='word_1_335' title='bbox 1137 4472 1452 4534; x_wconf 59' lang='lat' dir='ltr'><strong>externique</strong></span> <span class='ocrx_word' id='word_1_336' title='bbox 1478 4468 1545 4522; x_wconf 88' lang='lat' dir='ltr'><strong>de</strong></span> <span class='ocrx_word' id='word_1_337' title='bbox 1572 4484 1790 4538; x_wconf 87' lang='lat' dir='ltr'><strong>quarum</strong></span> <span class='ocrx_word' id='word_1_338' title='bbox 1823 4486 1945 4528; x_wconf 91' lang='lat' dir='ltr'><strong>nota</strong></span> <span class='ocrx_word' id='word_1_339' title='bbox 1976 4454 2194 4534; x_wconf 83' lang='lat' dir='ltr'><strong>veritate</strong></span> 
     </span>
    </p>
   </div>
   <div class='ocr_carea' id='block_1_48' title="bbox 624 4553 2193 4627">
    <p class='ocr_par' dir='ltr' id='par_1_48' title="bbox 624 4553 2193 4627">
     <span class='ocr_line' id='line_1_48' title="bbox 624 4553 2193 4627; baseline 0.013 -20"><span class='ocrx_word' id='word_1_340' title='bbox 624 4564 731 4607; x_wconf 84' lang='lat' dir='ltr'><strong>non</strong></span> <span class='ocrx_word' id='word_1_341' title='bbox 760 4553 1037 4618; x_wconf 58' lang='lat' dir='ltr'><strong>queritur.</strong></span> <span class='ocrx_word' id='word_1_342' title='bbox 1085 4553 1337 4613; x_wconf 70' lang='lat' dir='ltr'><strong>Maximus</strong></span> <span class='ocrx_word' id='word_1_343' title='bbox 1384 4558 1559 4627; x_wconf 85' lang='lat' dir='ltr'><strong>igitur,</strong></span> <span class='ocrx_word' id='word_1_344' title='bbox 1595 4561 1643 4616; x_wconf 93' lang='lat' dir='ltr'><strong>id</strong></span> <span class='ocrx_word' id='word_1_345' title='bbox 1673 4574 1753 4617; x_wconf 91' lang='lat' dir='ltr'><strong>est</strong></span> <span class='ocrx_word' id='word_1_346' title='bbox 1778 4568 2104 4625; x_wconf 83' lang='lat' dir='ltr'><strong>universales</strong></span> <span class='ocrx_word' id='word_1_347' title='bbox 2130 4588 2193 4627; x_wconf 90' lang='lat' dir='ltr'><strong>ac</strong></span> 
     </span>
    </p>
   </div>
   <div class='ocr_carea' id='block_1_49' title="bbox 626 4633 2271 4729">
    <p class='ocr_par' dir='ltr' id='par_1_49' title="bbox 626 4633 2271 4729">
     <span class='ocr_line' id='line_1_49' title="bbox 626 4633 2271 4729; baseline 0.017 -38"><span class='ocrx_word' id='word_1_348' title='bbox 626 4637 935 4713; x_wconf 69' lang='lat' dir='ltr'><strong>netissimas</strong></span> <span class='ocrx_word' id='word_1_349' title='bbox 964 4645 1381 4715; x_wconf 84' lang='lat' dir='ltr'><strong>propositiones,</strong></span> <span class='ocrx_word' id='word_1_350' title='bbox 1421 4666 1483 4704; x_wconf 79' lang='lat' dir='ltr'><strong>ex</strong></span> <span class='ocrx_word' id='word_1_351' title='bbox 1530 4653 1721 4721; x_wconf 87' lang='lat' dir='ltr'><strong>quibus</strong></span> <span class='ocrx_word' id='word_1_352' title='bbox 1761 4658 2190 4729; x_wconf 76' lang='lat' dir='ltr'><strong>syllogismorum</strong></span> <span class='ocrx_word' id='word_1_353' title='bbox 2215 4633 2271 4695; x_wconf 56' lang='grc' dir='ltr'><strong>Β</strong></span> 
     </span>
    </p>
   </div>
   <div class='ocr_carea' id='block_1_50' title="bbox 620 4730 2196 4812">
    <p class='ocr_par' dir='ltr' id='par_1_50' title="bbox 620 4730 2196 4812">
     <span class='ocr_line' id='line_1_50' title="bbox 620 4730 2196 4812; baseline 0.019 -30"><span class='ocrx_word' id='word_1_354' title='bbox 620 4730 899 4797; x_wconf 83' lang='lat' dir='ltr'><strong>conclusio</strong></span> <span class='ocrx_word' id='word_1_355' title='bbox 946 4733 1244 4805; x_wconf 76' lang='lat' dir='ltr'><strong>descendit,</strong></span> <span class='ocrx_word' id='word_1_356' title='bbox 1293 4741 1344 4795; x_wconf 92' lang='lat' dir='ltr'><strong>in</strong></span> <span class='ocrx_word' id='word_1_357' title='bbox 1384 4741 1593 4812; x_wconf 85' lang='lat' dir='ltr'><strong>Topicis</strong></span> <span class='ocrx_word' id='word_1_358' title='bbox 1641 4749 1711 4802; x_wconf 89' lang='lat' dir='ltr'><strong>ab</strong></span> <span class='ocrx_word' id='word_1_359' title='bbox 1740 4751 2025 4809; x_wconf 79' lang='lat' dir='ltr'><strong>Aristotele</strong></span> <span class='ocrx_word' id='word_1_360' title='bbox 2066 4771 2196 4811; x_wconf 92' lang='lat' dir='ltr'><strong>con-</strong></span> 
     </span>
    </p>
   </div>
   <div class='ocr_carea' id='block_1_51' title="bbox 622 4825 2192 4922">
    <p class='ocr_par' dir='ltr' id='par_1_51' title="bbox 622 4825 2192 4922">
     <span class='ocr_line' id='line_1_51' title="bbox 622 4825 2192 4922; baseline 0.021 -46"><span class='ocrx_word' id='word_1_361' title='bbox 622 4825 835 4922; x_wconf 78' lang='lat' dir='ltr'><strong>scriptis</strong></span> <span class='ocrx_word' id='word_1_362' title='bbox 878 4825 1025 4922; x_wconf 76' lang='lat' dir='ltr'><strong>loces</strong></span> <span class='ocrx_word' id='word_1_363' title='bbox 1075 4834 1369 4899; x_wconf 82' lang='lat' dir='ltr'><strong>appellatos</strong></span> <span class='ocrx_word' id='word_1_364' title='bbox 1412 4852 1533 4894; x_wconf 87' lang='lat' dir='ltr'><strong>esse</strong></span> <span class='ocrx_word' id='word_1_365' title='bbox 1587 4848 1983 4915; x_wconf 82' lang='lat' dir='ltr'><strong>perspeximus;</strong></span> <span class='ocrx_word' id='word_1_366' title='bbox 2053 4857 2192 4922; x_wconf 86' lang='lat' dir='ltr'><strong>quod</strong></span> 
     </span>
    </p>
   </div>
   <div class='ocr_carea' id='block_1_52' title="bbox 616 4914 2190 5014">
    <p class='ocr_par' dir='ltr' id='par_1_52' title="bbox 616 4914 2190 5014">
     <span class='ocr_line' id='line_1_52' title="bbox 616 4914 2190 5014; baseline 0.022 -46"><span class='ocrx_word' id='word_1_367' title='bbox 616 4914 759 4971; x_wconf 82' lang='lat' dir='ltr'><strong>enim</strong></span> <span class='ocrx_word' id='word_1_368' title='bbox 784 4917 1034 4985; x_wconf 64' lang='lat' dir='ltr'><strong>maxima</strong></span> <span class='ocrx_word' id='word_1_369' title='bbox 1056 4931 1203 4989; x_wconf 84' lang='lat' dir='ltr'><strong>sunt,</strong></span> <span class='ocrx_word' id='word_1_370' title='bbox 1233 4925 1284 4981; x_wconf 92' lang='lat' dir='ltr'><strong>id</strong></span> <span class='ocrx_word' id='word_1_371' title='bbox 1314 4938 1397 4983; x_wconf 87' lang='lat' dir='ltr'><strong>est</strong></span> <span class='ocrx_word' id='word_1_372' title='bbox 1424 4932 1752 4991; x_wconf 81' lang='lat' dir='ltr'><strong>universales</strong></span> <span class='ocrx_word' id='word_1_373' title='bbox 1780 4914 2190 5014; x_wconf 76' lang='lat' dir='ltr'><strong>propositiones,</strong></span> 
     </span>
    </p>
   </div>
   <div class='ocr_carea' id='block_1_53' title="bbox 617 5006 2188 5107">
    <p class='ocr_par' dir='ltr' id='par_1_53' title="bbox 617 5006 2188 5107">
     <span class='ocr_line' id='line_1_53' title="bbox 617 5006 2188 5107; baseline 0.024 -50"><span class='ocrx_word' id='word_1_374' title='bbox 617 5006 856 5077; x_wconf 81' lang='lat' dir='ltr'><strong>reliquas</strong></span> <span class='ocrx_word' id='word_1_375' title='bbox 900 5009 955 5071; x_wconf 82' lang='lat' dir='ltr'><strong>in</strong></span> <span class='ocrx_word' id='word_1_376' title='bbox 1010 5026 1071 5077; x_wconf 81' lang='lat' dir='ltr'><strong>se</strong></span> <span class='ocrx_word' id='word_1_377' title='bbox 1116 5014 1258 5075; x_wconf 86' lang='lat' dir='ltr'><strong>velut</strong></span> <span class='ocrx_word' id='word_1_378' title='bbox 1301 5017 1403 5074; x_wconf 87' lang='lat' dir='ltr'><strong>loci</strong></span> <span class='ocrx_word' id='word_1_379' title='bbox 1457 5038 1681 5093; x_wconf 90' lang='lat' dir='ltr'><strong>corpora</strong></span> <span class='ocrx_word' id='word_1_380' title='bbox 1737 5006 2188 5107; x_wconf 73' lang='lat' dir='ltr'><strong>complectuntur,</strong></span> 
     </span>
    </p>
   </div>
   <div class='ocr_carea' id='block_1_54' title="bbox 622 5098 2185 5195">
    <p class='ocr_par' dir='ltr' id='par_1_54' title="bbox 622 5098 2185 5195">
     <span class='ocr_line' id='line_1_54' title="bbox 622 5098 2185 5195; baseline 0.024 -46"><span class='ocrx_word' id='word_1_381' title='bbox 622 5098 766 5171; x_wconf 88' lang='lat' dir='ltr'><strong>quod</strong></span> <span class='ocrx_word' id='word_1_382' title='bbox 795 5114 945 5195; x_wconf 65' lang='lat' dir='ltr'><strong>vero</strong></span> <span class='ocrx_word' id='word_1_383' title='bbox 989 5103 1280 5171; x_wconf 78' lang='lat' dir='ltr'><strong>potissimm</strong></span> <span class='ocrx_word' id='word_1_384' title='bbox 1304 5123 1464 5183; x_wconf 86' lang='lat' dir='ltr'><strong>atque</strong></span> <span class='ocrx_word' id='word_1_385' title='bbox 1504 5118 1804 5176; x_wconf 69' lang='lat' dir='ltr'><strong>manifestae</strong></span> <span class='ocrx_word' id='word_1_386' title='bbox 1851 5098 1994 5193; x_wconf 83' lang='lat' dir='ltr'><strong>sunt,</strong></span> <span class='ocrx_word' id='word_1_387' title='bbox 2029 5098 2185 5195; x_wconf 70' lang='lat' dir='ltr'><strong>fidem</strong></span> 
     </span>
    </p>
   </div>
   <div class='ocr_carea' id='block_1_55' title="bbox 614 5192 2187 5291">
    <p class='ocr_par' dir='ltr' id='par_1_55' title="bbox 614 5192 2187 5291">
     <span class='ocr_line' id='line_1_55' title="bbox 614 5192 2187 5291; baseline 0.022 -48"><span class='ocrx_word' id='word_1_388' title='bbox 614 5192 1002 5263; x_wconf 65' lang='lat' dir='ltr'><strong>questionibus;</strong></span> <span class='ocrx_word' id='word_1_389' title='bbox 1083 5211 1376 5270; x_wconf 66' lang='lat' dir='ltr'><strong>prastant,</strong></span> <span class='ocrx_word' id='word_1_390' title='bbox 1443 5222 1613 5277; x_wconf 90' lang='lat' dir='ltr'><strong>eoque</strong></span> <span class='ocrx_word' id='word_1_391' title='bbox 1687 5214 1848 5269; x_wconf 92' lang='lat' dir='ltr'><strong>modo</strong></span> <span class='ocrx_word' id='word_1_392' title='bbox 1910 5192 2187 5291; x_wconf 82' lang='lat' dir='ltr'><strong>ambigua-</strong></span> 
     </span>
    </p>
   </div>
   <div class='ocr_carea' id='block_1_56' title="bbox 616 5292 2188 5372">
    <p class='ocr_par' dir='ltr' id='par_1_56' title="bbox 616 5292 2188 5372">
     <span class='ocr_line' id='line_1_56' title="bbox 616 5292 2188 5372; baseline 0.023 -35"><span class='ocrx_word' id='word_1_393' title='bbox 616 5297 737 5339; x_wconf 88' lang='lat' dir='ltr'><strong>rum</strong></span> <span class='ocrx_word' id='word_1_394' title='bbox 772 5300 962 5344; x_wconf 73' lang='lat' dir='ltr'><strong>rerum</strong></span> <span class='ocrx_word' id='word_1_395' title='bbox 1000 5292 1274 5351; x_wconf 83' lang='lat' dir='ltr'><strong>continent</strong></span> <span class='ocrx_word' id='word_1_396' title='bbox 1318 5298 1677 5366; x_wconf 86' lang='lat' dir='ltr'><strong>probationes.</strong></span> <span class='ocrx_word' id='word_1_397' title='bbox 1713 5306 1817 5364; x_wconf 86' lang='lat' dir='ltr'><strong>Has</strong></span> <span class='ocrx_word' id='word_1_398' title='bbox 1860 5322 2038 5369; x_wconf 88' lang='lat' dir='ltr'><strong>autem</strong></span> <span class='ocrx_word' id='word_1_399' title='bbox 2085 5318 2188 5372; x_wconf 69' lang='lat' dir='ltr'><strong>alin</strong></span> 
     </span>
    </p>
   </div>
   <div class='ocr_carea' id='block_1_57' title="bbox 613 5376 2219 5474">
    <p class='ocr_par' dir='ltr' id='par_1_57' title="bbox 613 5376 2219 5474">
     <span class='ocr_line' id='line_1_57' title="bbox 613 5376 2219 5474; baseline 0.025 -48"><span class='ocrx_word' id='word_1_400' title='bbox 613 5376 826 5474; x_wconf 76' lang='lat' dir='ltr'><strong>quoties</strong></span> <span class='ocrx_word' id='word_1_401' title='bbox 848 5378 1087 5474; x_wconf 66' lang='lat' dir='ltr'><strong>1quidem</strong></span> <span class='ocrx_word' id='word_1_402' title='bbox 1122 5384 1173 5439; x_wconf 93' lang='lat' dir='ltr'><strong>in</strong></span> <span class='ocrx_word' id='word_1_403' title='bbox 1210 5385 1343 5456; x_wconf 86' lang='lat' dir='ltr'><strong>ipsis</strong></span> <span class='ocrx_word' id='word_1_404' title='bbox 1370 5389 1690 5464; x_wconf 72' lang='lat' dir='ltr'><strong>syllogismis</strong></span> <span class='ocrx_word' id='word_1_405' title='bbox 1719 5409 1876 5471; x_wconf 90' lang='lat' dir='ltr'><strong>atque</strong></span> <span class='ocrx_word' id='word_1_406' title='bbox 1908 5417 2189 5474; x_wconf 80' lang='lat' dir='ltr'><strong>argumen-</strong></span> <span class='ocrx_word' id='word_1_407' title='bbox 2218 5406 2219 5409; x_wconf 52' lang='grc'><em>“</em></span> 
     </span>
    </p>
   </div>
   <div class='ocr_carea' id='block_1_58' title="bbox 612 5465 2187 5568">
    <p class='ocr_par' dir='ltr' id='par_1_58' title="bbox 612 5465 2187 5568">
     <span class='ocr_line' id='line_1_58' title="bbox 612 5465 2187 5568; baseline 0.023 -50"><span class='ocrx_word' id='word_1_408' title='bbox 612 5465 904 5525; x_wconf 85' lang='lat' dir='ltr'><strong>tationibus</strong></span> <span class='ocrx_word' id='word_1_409' title='bbox 946 5470 1210 5535; x_wconf 63' lang='lat' dir='ltr'><strong>inbuere</strong></span> <span class='ocrx_word' id='word_1_410' title='bbox 1238 5481 1619 5551; x_wconf 82' lang='lat' dir='ltr'><strong>conspicimus,</strong></span> <span class='ocrx_word' id='word_1_411' title='bbox 1648 5487 1769 5544; x_wconf 72' lang='lat' dir='ltr'><strong>alite</strong></span> <span class='ocrx_word' id='word_1_412' title='bbox 1790 5465 1924 5548; x_wconf 75' lang='lat' dir='ltr'><strong>vero</strong></span> <span class='ocrx_word' id='word_1_413' title='bbox 1963 5465 2016 5550; x_wconf 73' lang='lat' dir='ltr'><strong>in</strong></span> <span class='ocrx_word' id='word_1_414' title='bbox 2055 5498 2187 5568; x_wconf 86' lang='lat' dir='ltr'><strong>ipsis</strong></span> 
     </span>
    </p>
   </div>
   <div class='ocr_carea' id='block_1_59' title="bbox 610 5558 2185 5656">
    <p class='ocr_par' dir='ltr' id='par_1_59' title="bbox 610 5558 2185 5656">
     <span class='ocr_line' id='line_1_59' title="bbox 610 5558 2185 5656; baseline 0.023 -46"><span class='ocrx_word' id='word_1_415' title='bbox 610 5558 826 5656; x_wconf 80' lang='lat' dir='ltr'><strong>quidem</strong></span> <span class='ocrx_word' id='word_1_416' title='bbox 854 5568 1402 5633; x_wconf 69' lang='lat' dir='ltr'><strong>argumentationibus</strong></span> <span class='ocrx_word' id='word_1_417' title='bbox 1433 5576 1653 5636; x_wconf 87' lang='lat' dir='ltr'><strong>minime</strong></span> <span class='ocrx_word' id='word_1_418' title='bbox 1680 5583 2042 5656; x_wconf 84' lang='lat' dir='ltr'><strong>continentur,</strong></span> <span class='ocrx_word' id='word_1_419' title='bbox 2077 5558 2185 5645; x_wconf 74' lang='lat' dir='ltr'><strong>vim</strong></span> 
     </span>
    </p>
   </div>
   <div class='ocr_carea' id='block_1_60' title="bbox 611 5649 2188 5736">
    <p class='ocr_par' dir='ltr' id='par_1_60' title="bbox 611 5649 2188 5736">
     <span class='ocr_line' id='line_1_60' title="bbox 611 5649 2188 5736; baseline 0.023 -36"><span class='ocrx_word' id='word_1_420' title='bbox 611 5649 788 5705; x_wconf 76' lang='lat' dir='ltr'><strong>tamen</strong></span> <span class='ocrx_word' id='word_1_421' title='bbox 832 5659 1381 5722; x_wconf 73' lang='lat' dir='ltr'><strong>argumentationibus</strong></span> <span class='ocrx_word' id='word_1_422' title='bbox 1404 5668 1817 5730; x_wconf 82' lang='lat' dir='ltr'><strong>subministrant</strong></span> <span class='ocrx_word' id='word_1_423' title='bbox 1848 5694 1861 5731; x_wconf 88' lang='lat'><strong>:</strong></span> <span class='ocrx_word' id='word_1_424' title='bbox 1896 5689 1953 5733; x_wconf 91' lang='lat' dir='ltr'><strong>ut</strong></span> <span class='ocrx_word' id='word_1_425' title='bbox 1981 5649 2188 5736; x_wconf 30' lang='lat' dir='ltr'><strong>si&#39;velio</strong></span> 
     </span>
    </p>
   </div>
   <div class='ocr_carea' id='block_1_61' title="bbox 608 5744 2188 5835">
    <p class='ocr_par' dir='ltr' id='par_1_61' title="bbox 608 5744 2188 5835">
     <span class='ocr_line' id='line_1_61' title="bbox 608 5744 2188 5835; baseline 0.025 -46"><span class='ocrx_word' id='word_1_426' title='bbox 608 5745 732 5835; x_wconf 64' lang='lat' dir='ltr'><strong>tuus</strong></span> <span class='ocrx_word' id='word_1_427' title='bbox 756 5744 1053 5835; x_wconf 63' lang='lat' dir='ltr'><strong>ostendere</strong></span> <span class='ocrx_word' id='word_1_428' title='bbox 1088 5765 1310 5822; x_wconf 89' lang='lat' dir='ltr'><strong>regnum</strong></span> <span class='ocrx_word' id='word_1_429' title='bbox 1357 5760 1546 5816; x_wconf 87' lang='lat' dir='ltr'><strong>melius</strong></span> <span class='ocrx_word' id='word_1_430' title='bbox 1588 5777 1713 5819; x_wconf 86' lang='lat' dir='ltr'><strong>esse</strong></span> <span class='ocrx_word' id='word_1_431' title='bbox 1738 5782 1896 5835; x_wconf 89' lang='lat' dir='ltr'><strong>quam</strong></span> <span class='ocrx_word' id='word_1_432' title='bbox 1940 5776 2188 5827; x_wconf 84' lang='lat' dir='ltr'><strong>consula-</strong></span> 
     </span>
    </p>
   </div>
   <div class='ocr_carea' id='block_1_62' title="bbox 610 5826 2180 5923">
    <p class='ocr_par' dir='ltr' id='par_1_62' title="bbox 610 5826 2180 5923">
     <span class='ocr_line' id='line_1_62' title="bbox 610 5826 2180 5923; baseline 0.029 -45"><span class='ocrx_word' id='word_1_433' title='bbox 610 5826 749 5891; x_wconf 82' lang='grc' dir='ltr'>ιιιω.</span> <span class='ocrx_word' id='word_1_434' title='bbox 781 5827 1022 5892; x_wconf 73' lang='lat' dir='ltr'><strong>dicemus</strong></span> <span class='ocrx_word' id='word_1_435' title='bbox 1052 5856 1064 5891; x_wconf 89' lang='lat'><strong>:</strong></span> <span class='ocrx_word' id='word_1_436' title='bbox 1094 5838 1335 5909; x_wconf 82' lang='lat' dir='ltr'><strong>Regnum</strong></span> <span class='ocrx_word' id='word_1_437' title='bbox 1379 5862 1500 5903; x_wconf 88' lang='lat' dir='ltr'><strong>cum</strong></span> <span class='ocrx_word' id='word_1_438' title='bbox 1529 5852 1602 5907; x_wconf 82' lang='lat' dir='ltr'><strong>sit</strong></span> <span class='ocrx_word' id='word_1_439' title='bbox 1627 5826 1848 5923; x_wconf 75' lang='lat' dir='ltr'><strong>bonum,</strong></span> <span class='ocrx_word' id='word_1_440' title='bbox 1878 5859 2180 5923; x_wconf 82' lang='lat' dir='ltr'><strong>diuturnius</strong></span> 
     </span>
    </p>
   </div>
   <div class='ocr_carea' id='block_1_63' title="bbox 2291 620 3864 693">
    <p class='ocr_par' dir='ltr' id='par_1_63' title="bbox 2291 620 3864 693">
     <span class='ocr_line' id='line_1_63' title="bbox 2291 620 3864 693; baseline 0.002 -19"><span class='ocrx_word' id='word_1_441' title='bbox 2291 620 2513 685; x_wconf 90' lang='lat' dir='ltr'><strong>bonum,</strong></span> <span class='ocrx_word' id='word_1_442' title='bbox 2562 623 2751 676; x_wconf 88' lang='lat' dir='ltr'><strong>melius</strong></span> <span class='ocrx_word' id='word_1_443' title='bbox 2805 634 2886 677; x_wconf 90' lang='lat' dir='ltr'><strong>est</strong></span> <span class='ocrx_word' id='word_1_444' title='bbox 2938 638 3002 679; x_wconf 83' lang='lat' dir='ltr'><strong>eo</strong></span> <span class='ocrx_word' id='word_1_445' title='bbox 3048 622 3190 693; x_wconf 93' lang='lat' dir='ltr'><strong>quod</strong></span> <span class='ocrx_word' id='word_1_446' title='bbox 3237 622 3382 690; x_wconf 90' lang='lat' dir='ltr'><strong>parvi</strong></span> <span class='ocrx_word' id='word_1_447' title='bbox 3437 632 3520 676; x_wconf 85' lang='lat' dir='ltr'><strong>est</strong></span> <span class='ocrx_word' id='word_1_448' title='bbox 3571 622 3864 690; x_wconf 83' lang='lat' dir='ltr'><strong>temporis:</strong></span> 
     </span>
    </p>
   </div>
   <div class='ocr_carea' id='block_1_64' title="bbox 2286 711 3869 781">
    <p class='ocr_par' dir='ltr' id='par_1_64' title="bbox 2286 711 3869 781">
     <span class='ocr_line' id='line_1_64' title="bbox 2286 711 3869 781; baseline 0.001 -17"><span class='ocrx_word' id='word_1_449' title='bbox 2286 725 2510 780; x_wconf 82' lang='lat' dir='ltr'><strong>regnum</strong></span> <span class='ocrx_word' id='word_1_450' title='bbox 2543 711 2703 781; x_wconf 79' lang='lat' dir='ltr'><strong>igitur</strong></span> <span class='ocrx_word' id='word_1_451' title='bbox 2734 713 2921 767; x_wconf 88' lang='lat' dir='ltr'><strong>melius</strong></span> <span class='ocrx_word' id='word_1_452' title='bbox 2950 722 3033 767; x_wconf 88' lang='lat' dir='ltr'><strong>est</strong></span> <span class='ocrx_word' id='word_1_453' title='bbox 3064 711 3361 765; x_wconf 87' lang='lat' dir='ltr'><strong>consulatu.</strong></span> <span class='ocrx_word' id='word_1_454' title='bbox 3413 711 3510 765; x_wconf 83' lang='lat' dir='ltr'><strong>Hic</strong></span> <span class='ocrx_word' id='word_1_455' title='bbox 3556 712 3715 781; x_wconf 78' lang='lat' dir='ltr'><strong>igitur</strong></span> <span class='ocrx_word' id='word_1_456' title='bbox 3759 727 3869 765; x_wconf 88' lang='lat' dir='ltr'><strong>ma-</strong></span> 
     </span>
    </p>
   </div>
   <div class='ocr_carea' id='block_1_65' title="bbox 2286 801 3865 873">
    <p class='ocr_par' dir='ltr' id='par_1_65' title="bbox 2286 801 3865 873">
     <span class='ocr_line' id='line_1_65' title="bbox 2286 801 3865 873; baseline 0 -17"><span class='ocrx_word' id='word_1_457' title='bbox 2286 802 2429 857; x_wconf 81' lang='lat' dir='ltr'><strong>xima</strong></span> <span class='ocrx_word' id='word_1_458' title='bbox 2474 804 2768 873; x_wconf 89' lang='lat' dir='ltr'><strong>propositio</strong></span> <span class='ocrx_word' id='word_1_459' title='bbox 2811 814 2969 872; x_wconf 88' lang='lat' dir='ltr'><strong>atque</strong></span> <span class='ocrx_word' id='word_1_460' title='bbox 2999 802 3306 857; x_wconf 81' lang='lat' dir='ltr'><strong>universalis</strong></span> <span class='ocrx_word' id='word_1_461' title='bbox 3334 811 3387 855; x_wconf 89' lang='lat' dir='ltr'><strong>et</strong></span> <span class='ocrx_word' id='word_1_462' title='bbox 3417 817 3511 870; x_wconf 89' lang='lat' dir='ltr'><strong>per</strong></span> <span class='ocrx_word' id='word_1_463' title='bbox 3543 817 3603 856; x_wconf 89' lang='lat' dir='ltr'><strong>se</strong></span> <span class='ocrx_word' id='word_1_464' title='bbox 3633 801 3865 871; x_wconf 85' lang='lat' dir='ltr'><strong>cognita,</strong></span> 
     </span>
    </p>
   </div>
   <div class='ocr_carea' id='block_1_66' title="bbox 2286 890 3866 963">
    <p class='ocr_par' dir='ltr' id='par_1_66' title="bbox 2286 890 3866 963">
     <span class='ocr_line' id='line_1_66' title="bbox 2286 890 3866 963; baseline -0.001 -17"><span class='ocrx_word' id='word_1_465' title='bbox 2286 907 2461 961; x_wconf 80' lang='lat' dir='ltr'><strong>neque</strong></span> <span class='ocrx_word' id='word_1_466' title='bbox 2500 892 2743 961; x_wconf 87' lang='lat' dir='ltr'><strong>indigens</strong></span> <span class='ocrx_word' id='word_1_467' title='bbox 2782 894 3122 963; x_wconf 85' lang='lat' dir='ltr'><strong>probatione,</strong></span> <span class='ocrx_word' id='word_1_468' title='bbox 3167 890 3618 960; x_wconf 80' lang='lat' dir='ltr'><strong>argumentationi</strong></span> <span class='ocrx_word' id='word_1_469' title='bbox 3664 891 3866 946; x_wconf 86' lang='lat' dir='ltr'><strong>inserta</strong></span> 
     </span>
    </p>
   </div>
   <div class='ocr_carea' id='block_1_67' title="bbox 2290 981 3868 1051">
    <p class='ocr_par' dir='ltr' id='par_1_67' title="bbox 2290 981 3868 1051">
     <span class='ocr_line' id='line_1_67' title="bbox 2290 981 3868 1051; baseline 0 -16"><span class='ocrx_word' id='word_1_470' title='bbox 2290 993 2395 1035; x_wconf 88' lang='lat' dir='ltr'><strong>est.</strong></span> <span class='ocrx_word' id='word_1_471' title='bbox 2448 983 2523 1036; x_wconf 68' lang='lat' dir='ltr'><strong>lia</strong></span> <span class='ocrx_word' id='word_1_472' title='bbox 2552 997 2676 1037; x_wconf 75' lang='lat' dir='ltr'><strong>vero</strong></span> <span class='ocrx_word' id='word_1_473' title='bbox 2707 992 2808 1047; x_wconf 91' lang='lat' dir='ltr'><strong>est,</strong></span> <span class='ocrx_word' id='word_1_474' title='bbox 2840 983 3016 1036; x_wconf 90' lang='lat' dir='ltr'><strong>omnia</strong></span> <span class='ocrx_word' id='word_1_475' title='bbox 3043 997 3161 1051; x_wconf 70' lang='lat' dir='ltr'><strong>quae</strong></span> <span class='ocrx_word' id='word_1_476' title='bbox 3188 981 3523 1036; x_wconf 89' lang='lat' dir='ltr'><strong>diuturniora</strong></span> <span class='ocrx_word' id='word_1_477' title='bbox 3551 992 3679 1036; x_wconf 88' lang='lat' dir='ltr'><strong>sunt</strong></span> <span class='ocrx_word' id='word_1_478' title='bbox 3705 983 3868 1047; x_wconf 88' lang='lat' dir='ltr'><strong>bona,</strong></span> 
     </span>
    </p>
   </div>
   <div class='ocr_carea' id='block_1_68' title="bbox 2286 1074 3874 1144">
    <p class='ocr_par' dir='ltr' id='par_1_68' title="bbox 2286 1074 3874 1144">
     <span class='ocr_line' id='line_1_68' title="bbox 2286 1074 3874 1144; baseline 0.001 -17"><span class='ocrx_word' id='word_1_479' title='bbox 2286 1074 2515 1127; x_wconf 88' lang='lat' dir='ltr'><strong>meliora</strong></span> <span class='ocrx_word' id='word_1_480' title='bbox 2548 1088 2666 1131; x_wconf 84' lang='lat' dir='ltr'><strong>esse</strong></span> <span class='ocrx_word' id='word_1_481' title='bbox 2697 1074 2780 1127; x_wconf 86' lang='lat' dir='ltr'><strong>his</strong></span> <span class='ocrx_word' id='word_1_482' title='bbox 2818 1090 2935 1144; x_wconf 82' lang='lat' dir='ltr'><strong>quae</strong></span> <span class='ocrx_word' id='word_1_483' title='bbox 2977 1083 3100 1128; x_wconf 87' lang='lat' dir='ltr'><strong>sunt</strong></span> <span class='ocrx_word' id='word_1_484' title='bbox 3139 1076 3398 1143; x_wconf 89' lang='lat' dir='ltr'><strong>temporis</strong></span> <span class='ocrx_word' id='word_1_485' title='bbox 3429 1074 3693 1130; x_wconf 84' lang='lat' dir='ltr'><strong>brevitate</strong></span> <span class='ocrx_word' id='word_1_486' title='bbox 3740 1090 3874 1129; x_wconf 77' lang='lat' dir='ltr'><strong>con-</strong></span> 
     </span>
    </p>
   </div>
   <div class='ocr_carea' id='block_1_69' title="bbox 2285 1165 3871 1220">
    <p class='ocr_par' dir='ltr' id='par_1_69' title="bbox 2285 1165 3871 1220">
     <span class='ocr_line' id='line_1_69' title="bbox 2285 1165 3871 1220; baseline 0.001 -2"><span class='ocrx_word' id='word_1_487' title='bbox 2285 1165 2492 1219; x_wconf 88' lang='lat' dir='ltr'><strong>stricta.</strong></span> <span class='ocrx_word' id='word_1_488' title='bbox 2542 1165 2612 1219; x_wconf 81' lang='lat' dir='ltr'><strong>At</strong></span> <span class='ocrx_word' id='word_1_489' title='bbox 2654 1165 2702 1219; x_wconf 90' lang='lat' dir='ltr'><strong>si</strong></span> <span class='ocrx_word' id='word_1_490' title='bbox 2731 1166 2959 1219; x_wconf 88' lang='lat' dir='ltr'><strong>velimus</strong></span> <span class='ocrx_word' id='word_1_491' title='bbox 2989 1165 3270 1220; x_wconf 85' lang='lat' dir='ltr'><strong>ostendere</strong></span> <span class='ocrx_word' id='word_1_492' title='bbox 3310 1182 3415 1218; x_wconf 91' lang='lat' dir='ltr'><strong>non</strong></span> <span class='ocrx_word' id='word_1_493' title='bbox 3457 1181 3579 1220; x_wconf 91' lang='lat' dir='ltr'><strong>esse</strong></span> <span class='ocrx_word' id='word_1_494' title='bbox 3627 1166 3871 1220; x_wconf 88' lang='lat' dir='ltr'><strong>invidum</strong></span> 
     </span>
    </p>
   </div>
   <div class='ocr_carea' id='block_1_70' title="bbox 2285 1255 3875 1325">
    <p class='ocr_par' dir='ltr' id='par_1_70' title="bbox 2285 1255 3875 1325">
     <span class='ocr_line' id='line_1_70' title="bbox 2285 1255 3875 1325; baseline -0.001 -15"><span class='ocrx_word' id='word_1_495' title='bbox 2285 1257 2376 1325; x_wconf 88' lang='lat' dir='ltr'><strong>qui</strong></span> <span class='ocrx_word' id='word_1_496' title='bbox 2428 1258 2645 1325; x_wconf 90' lang='lat' dir='ltr'><strong>sapiens</strong></span> <span class='ocrx_word' id='word_1_497' title='bbox 2674 1255 2762 1318; x_wconf 88' lang='lat' dir='ltr'><strong>sit,</strong></span> <span class='ocrx_word' id='word_1_498' title='bbox 2810 1256 3050 1310; x_wconf 87' lang='lat' dir='ltr'><strong>dicamus</strong></span> <span class='ocrx_word' id='word_1_499' title='bbox 3094 1274 3105 1308; x_wconf 91' lang='lat'><strong>:</strong></span> <span class='ocrx_word' id='word_1_500' title='bbox 3157 1256 3371 1309; x_wconf 84' lang='lat' dir='ltr'><strong>invidus</strong></span> <span class='ocrx_word' id='word_1_501' title='bbox 3414 1266 3496 1317; x_wconf 80' lang='lat' dir='ltr'><strong>est</strong></span> <span class='ocrx_word' id='word_1_502' title='bbox 3542 1258 3631 1324; x_wconf 93' lang='lat' dir='ltr'><strong>qui</strong></span> <span class='ocrx_word' id='word_1_503' title='bbox 3672 1270 3875 1311; x_wconf 70' lang='lat' dir='ltr'><strong>mearet</strong></span> 
     </span>
    </p>
   </div>
   <div class='ocr_carea' id='block_1_71' title="bbox 2287 1345 3875 1414">
    <p class='ocr_par' dir='ltr' id='par_1_71' title="bbox 2287 1345 3875 1414">
     <span class='ocr_line' id='line_1_71' title="bbox 2287 1345 3875 1414; baseline 0.001 -16"><span class='ocrx_word' id='word_1_504' title='bbox 2287 1346 2461 1400; x_wconf 82' lang='lat' dir='ltr'><strong>aliena</strong></span> <span class='ocrx_word' id='word_1_505' title='bbox 2502 1345 2784 1407; x_wconf 74' lang='lat' dir='ltr'><strong>felicitate;</strong></span> <span class='ocrx_word' id='word_1_506' title='bbox 2827 1360 2931 1397; x_wconf 90' lang='lat' dir='ltr'><strong>non</strong></span> <span class='ocrx_word' id='word_1_507' title='bbox 2977 1354 3153 1398; x_wconf 88' lang='lat' dir='ltr'><strong>autem</strong></span> <span class='ocrx_word' id='word_1_508' title='bbox 3194 1347 3407 1413; x_wconf 86' lang='lat' dir='ltr'><strong>sapiens</strong></span> <span class='ocrx_word' id='word_1_509' title='bbox 3433 1356 3517 1401; x_wconf 85' lang='lat' dir='ltr'><strong>est</strong></span> <span class='ocrx_word' id='word_1_510' title='bbox 3548 1362 3708 1414; x_wconf 86' lang='lat' dir='ltr'><strong>quem</strong></span> <span class='ocrx_word' id='word_1_511' title='bbox 3748 1346 3875 1400; x_wconf 61' lang='lat' dir='ltr'><strong>felic</strong></span> 
     </span>
    </p>
   </div>
   <div class='ocr_carea' id='block_1_72' title="bbox 2286 1433 3875 1502">
    <p class='ocr_par' dir='ltr' id='par_1_72' title="bbox 2286 1433 3875 1502">
     <span class='ocr_line' id='line_1_72' title="bbox 2286 1433 3875 1502; baseline -0.001 -14"><span class='ocrx_word' id='word_1_512' title='bbox 2286 1434 2420 1488; x_wconf 87' lang='lat' dir='ltr'><strong>citas</strong></span> <span class='ocrx_word' id='word_1_513' title='bbox 2460 1433 2631 1486; x_wconf 88' lang='lat' dir='ltr'><strong>aliena</strong></span> <span class='ocrx_word' id='word_1_514' title='bbox 2672 1434 2950 1485; x_wconf 86' lang='lat' dir='ltr'><strong>contristat</strong></span> <span class='ocrx_word' id='word_1_515' title='bbox 2986 1448 2999 1486; x_wconf 89' lang='lat'><strong>:</strong></span> <span class='ocrx_word' id='word_1_516' title='bbox 3036 1448 3139 1484; x_wconf 92' lang='lat' dir='ltr'><strong>non</strong></span> <span class='ocrx_word' id='word_1_517' title='bbox 3190 1443 3269 1488; x_wconf 89' lang='lat' dir='ltr'><strong>est</strong></span> <span class='ocrx_word' id='word_1_518' title='bbox 3317 1434 3475 1502; x_wconf 82' lang='lat' dir='ltr'><strong>igitur</strong></span> <span class='ocrx_word' id='word_1_519' title='bbox 3523 1434 3738 1488; x_wconf 86' lang='lat' dir='ltr'><strong>invidus</strong></span> <span class='ocrx_word' id='word_1_520' title='bbox 3788 1450 3875 1487; x_wconf 85' lang='lat' dir='ltr'><strong>sa-</strong></span> 
     </span>
    </p>
   </div>
   <div class='ocr_carea' id='block_1_73' title="bbox 2288 1521 3874 1591">
    <p class='ocr_par' dir='ltr' id='par_1_73' title="bbox 2288 1521 3874 1591">
     <span class='ocr_line' id='line_1_73' title="bbox 2288 1521 3874 1591; baseline 0.003 -16"><span class='ocrx_word' id='word_1_521' title='bbox 2288 1522 2465 1591; x_wconf 81' lang='lat' dir='ltr'><strong>piens‘.</strong></span> <span class='ocrx_word' id='word_1_522' title='bbox 2520 1521 2613 1574; x_wconf 84' lang='lat' dir='ltr'><strong>Hic</strong></span> <span class='ocrx_word' id='word_1_523' title='bbox 2662 1522 2892 1573; x_wconf 77' lang='lat' dir='ltr'><strong>maxima</strong></span> <span class='ocrx_word' id='word_1_524' title='bbox 2942 1521 3238 1591; x_wconf 83' lang='lat' dir='ltr'><strong>propositio</strong></span> <span class='ocrx_word' id='word_1_525' title='bbox 3287 1527 3733 1590; x_wconf 69' lang='lat' dir='ltr'><strong>argumentationi</strong></span> <span class='ocrx_word' id='word_1_526' title='bbox 3766 1542 3874 1579; x_wconf 89' lang='lat' dir='ltr'><strong>non</strong></span> 
     </span>
    </p>
   </div>
   <div class='ocr_carea' id='block_1_74' title="bbox 2289 1609 3875 1686">
    <p class='ocr_par' dir='ltr' id='par_1_74' title="bbox 2289 1609 3875 1686">
     <span class='ocr_line' id='line_1_74' title="bbox 2289 1609 3875 1686; baseline 0.003 -25"><span class='ocrx_word' id='word_1_527' title='bbox 2289 1610 2501 1665; x_wconf 83' lang='lat' dir='ltr'><strong>videtur</strong></span> <span class='ocrx_word' id='word_1_528' title='bbox 2552 1609 2782 1671; x_wconf 81' lang='lat' dir='ltr'><strong>inclusa,</strong></span> <span class='ocrx_word' id='word_1_529' title='bbox 2816 1610 2909 1663; x_wconf 80' lang='lat' dir='ltr'><strong>sed</strong></span> <span class='ocrx_word' id='word_1_530' title='bbox 2950 1613 3285 1667; x_wconf 85' lang='lat' dir='ltr'><strong>extrinsecus</strong></span> <span class='ocrx_word' id='word_1_531' title='bbox 3331 1614 3530 1682; x_wconf 89' lang='lat' dir='ltr'><strong>posita,</strong></span> <span class='ocrx_word' id='word_1_532' title='bbox 3565 1617 3875 1686; x_wconf 79' lang='lat' dir='ltr'><strong>syllogismo</strong></span> 
     </span>
    </p>
   </div>
   <div class='ocr_carea' id='block_1_75' title="bbox 2288 1698 3873 1769">
    <p class='ocr_par' dir='ltr' id='par_1_75' title="bbox 2288 1698 3873 1769">
     <span class='ocr_line' id='line_1_75' title="bbox 2288 1698 3873 1769; baseline 0.004 -18"><span class='ocrx_word' id='word_1_533' title='bbox 2288 1707 2466 1751; x_wconf 89' lang='lat' dir='ltr'><strong>tamen</strong></span> <span class='ocrx_word' id='word_1_534' title='bbox 2504 1698 2648 1752; x_wconf 86' lang='lat' dir='ltr'><strong>vires</strong></span> <span class='ocrx_word' id='word_1_535' title='bbox 2700 1698 2988 1751; x_wconf 89' lang='lat' dir='ltr'><strong>ministrat.</strong></span> <span class='ocrx_word' id='word_1_536' title='bbox 3040 1698 3166 1752; x_wconf 64' lang='lat' dir='ltr'><strong>Hcce</strong></span> <span class='ocrx_word' id='word_1_537' title='bbox 3201 1714 3330 1753; x_wconf 90' lang='lat' dir='ltr'><strong>vero</strong></span> <span class='ocrx_word' id='word_1_538' title='bbox 3379 1712 3479 1764; x_wconf 85' lang='lat' dir='ltr'><strong>est,</strong></span> <span class='ocrx_word' id='word_1_539' title='bbox 3531 1719 3752 1769; x_wconf 88' lang='lat' dir='ltr'><strong>quorum</strong></span> <span class='ocrx_word' id='word_1_540' title='bbox 3791 1705 3873 1758; x_wconf 83' lang='lat' dir='ltr'><strong>di-</strong></span> 
     </span>
    </p>
   </div>
   <div class='ocr_carea' id='block_1_76' title="bbox 2288 1786 3874 1854">
    <p class='ocr_par' dir='ltr' id='par_1_76' title="bbox 2288 1786 3874 1854">
     <span class='ocr_line' id='line_1_76' title="bbox 2288 1786 3874 1854; baseline 0.004 -13"><span class='ocrx_word' id='word_1_541' title='bbox 2288 1804 2460 1842; x_wconf 68' lang='lat' dir='ltr'><strong>versa:</strong></span> <span class='ocrx_word' id='word_1_542' title='bbox 2506 1796 2631 1840; x_wconf 90' lang='lat' dir='ltr'><strong>sunt</strong></span> <span class='ocrx_word' id='word_1_543' title='bbox 2678 1786 3056 1854; x_wconf 87' lang='lat' dir='ltr'><strong>definitiones,</strong></span> <span class='ocrx_word' id='word_1_544' title='bbox 3106 1787 3343 1843; x_wconf 76' lang='lat' dir='ltr'><strong>diversas</strong></span> <span class='ocrx_word' id='word_1_545' title='bbox 3384 1805 3504 1844; x_wconf 89' lang='lat' dir='ltr'><strong>csse</strong></span> <span class='ocrx_word' id='word_1_546' title='bbox 3549 1792 3874 1848; x_wconf 87' lang='lat' dir='ltr'><strong>substantias</strong></span> 
     </span>
    </p>
   </div>
   <div class='ocr_carea' id='block_1_77' title="bbox 2213 1879 3872 1961">
    <p class='ocr_par' dir='ltr' id='par_1_77' title="bbox 2213 1879 3872 1961">
     <span class='ocr_line' id='line_1_77' title="bbox 2213 1879 3872 1961; baseline 0.004 -28"><span class='ocrx_word' id='word_1_547' title='bbox 2213 1901 2262 1961; x_wconf 75' lang='grc' dir='ltr'><strong>Β</strong></span> <span class='ocrx_word' id='word_1_548' title='bbox 2291 1894 2515 1935; x_wconf 89' lang='lat' dir='ltr'><strong>necesse</strong></span> <span class='ocrx_word' id='word_1_549' title='bbox 2556 1889 2660 1933; x_wconf 88' lang='lat' dir='ltr'><strong>est.</strong></span> <span class='ocrx_word' id='word_1_550' title='bbox 2708 1879 2959 1947; x_wconf 82' lang='lat' dir='ltr'><strong>Quisquis</strong></span> <span class='ocrx_word' id='word_1_551' title='bbox 3008 1879 3167 1950; x_wconf 84' lang='lat' dir='ltr'><strong>igitur</strong></span> <span class='ocrx_word' id='word_1_552' title='bbox 3218 1881 3307 1934; x_wconf 89' lang='lat' dir='ltr'><strong>vel</strong></span> <span class='ocrx_word' id='word_1_553' title='bbox 3339 1882 3641 1937; x_wconf 84' lang='lat' dir='ltr'><strong>Aristotelis</strong></span> <span class='ocrx_word' id='word_1_554' title='bbox 3684 1880 3872 1940; x_wconf 71' lang='lat' dir='ltr'><strong>Graeca</strong></span> 
     </span>
    </p>
   </div>
   <div class='ocr_carea' id='block_1_78' title="bbox 2293 1968 3867 2041">
    <p class='ocr_par' dir='ltr' id='par_1_78' title="bbox 2293 1968 3867 2041">
     <span class='ocr_line' id='line_1_78' title="bbox 2293 1968 3867 2041; baseline 0.003 -18"><span class='ocrx_word' id='word_1_555' title='bbox 2293 1970 2377 2024; x_wconf 90' lang='lat' dir='ltr'><strong>vel</strong></span> <span class='ocrx_word' id='word_1_556' title='bbox 2410 1978 2592 2024; x_wconf 86' lang='lat' dir='ltr'><strong>nostra</strong></span> <span class='ocrx_word' id='word_1_557' title='bbox 2636 1971 2703 2023; x_wconf 90' lang='lat' dir='ltr'><strong>ab</strong></span> <span class='ocrx_word' id='word_1_558' title='bbox 2730 1968 3015 2023; x_wconf 86' lang='lat' dir='ltr'><strong>Aristotele</strong></span> <span class='ocrx_word' id='word_1_559' title='bbox 3070 1970 3321 2026; x_wconf 86' lang='lat' dir='ltr'><strong>translata</strong></span> <span class='ocrx_word' id='word_1_560' title='bbox 3370 1973 3724 2041; x_wconf 80' lang='lat' dir='ltr'><strong>prospexerit,</strong></span> <span class='ocrx_word' id='word_1_561' title='bbox 3767 1973 3867 2028; x_wconf 87' lang='lat' dir='ltr'><strong>bas</strong></span> 
     </span>
    </p>
   </div>
   <div class='ocr_carea' id='block_1_79' title="bbox 2298 2058 3871 2136">
    <p class='ocr_par' dir='ltr' id='par_1_79' title="bbox 2298 2058 3871 2136">
     <span class='ocr_line' id='line_1_79' title="bbox 2298 2058 3871 2136; baseline 0.004 -23"><span class='ocrx_word' id='word_1_562' title='bbox 2298 2058 2410 2113; x_wconf 88' lang='lat' dir='ltr'><strong>illic</strong></span> <span class='ocrx_word' id='word_1_563' title='bbox 2456 2058 2851 2127; x_wconf 87' lang='lat' dir='ltr'><strong>propositiones</strong></span> <span class='ocrx_word' id='word_1_564' title='bbox 2895 2060 3039 2136; x_wconf 80' lang='lat' dir='ltr'><strong>locos</strong></span> <span class='ocrx_word' id='word_1_565' title='bbox 3093 2060 3330 2115; x_wconf 86' lang='lat' dir='ltr'><strong>inveniet</strong></span> <span class='ocrx_word' id='word_1_566' title='bbox 3386 2064 3702 2134; x_wconf 85' lang='lat' dir='ltr'><strong>nuncupari,</strong></span> <span class='ocrx_word' id='word_1_567' title='bbox 3748 2080 3871 2135; x_wconf 66' lang='lat' dir='ltr'><strong>qua</strong></span> 
     </span>
    </p>
   </div>
   <div class='ocr_carea' id='block_1_80' title="bbox 2293 2146 3879 2222">
    <p class='ocr_par' dir='ltr' id='par_1_80' title="bbox 2293 2146 3879 2222">
     <span class='ocr_line' id='line_1_80' title="bbox 2293 2146 3879 2222; baseline 0.006 -22"><span class='ocrx_word' id='word_1_568' title='bbox 2293 2154 2418 2200; x_wconf 90' lang='lat' dir='ltr'><strong>sunt</strong></span> <span class='ocrx_word' id='word_1_569' title='bbox 2449 2146 2693 2201; x_wconf 73' lang='lat' dir='ltr'><strong>maxima:</strong></span> <span class='ocrx_word' id='word_1_570' title='bbox 2737 2156 2896 2217; x_wconf 89' lang='lat' dir='ltr'><strong>atque</strong></span> <span class='ocrx_word' id='word_1_571' title='bbox 2940 2150 3269 2203; x_wconf 87' lang='lat' dir='ltr'><strong>universales</strong></span> <span class='ocrx_word' id='word_1_572' title='bbox 3309 2159 3363 2204; x_wconf 85' lang='lat' dir='ltr'><strong>et</strong></span> <span class='ocrx_word' id='word_1_573' title='bbox 3387 2152 3469 2205; x_wconf 88' lang='lat' dir='ltr'><strong>vel</strong></span> <span class='ocrx_word' id='word_1_574' title='bbox 3502 2168 3593 2222; x_wconf 86' lang='lat' dir='ltr'><strong>per</strong></span> <span class='ocrx_word' id='word_1_575' title='bbox 3613 2169 3673 2210; x_wconf 89' lang='lat' dir='ltr'><strong>se</strong></span> <span class='ocrx_word' id='word_1_576' title='bbox 3696 2169 3879 2220; x_wconf 76' lang='lat' dir='ltr'><strong>neces-</strong></span> 
     </span>
    </p>
   </div>
   <div class='ocr_carea' id='block_1_81' title="bbox 2293 2237 3879 2313">
    <p class='ocr_par' dir='ltr' id='par_1_81' title="bbox 2293 2237 3879 2313">
     <span class='ocr_line' id='line_1_81' title="bbox 2293 2237 3879 2313; baseline 0.004 -21"><span class='ocrx_word' id='word_1_577' title='bbox 2293 2241 2482 2304; x_wconf 63' lang='lat' dir='ltr'><strong>sariae,</strong></span> <span class='ocrx_word' id='word_1_578' title='bbox 2512 2237 2597 2291; x_wconf 90' lang='lat' dir='ltr'><strong>vel</strong></span> <span class='ocrx_word' id='word_1_579' title='bbox 2631 2253 2727 2306; x_wconf 88' lang='lat' dir='ltr'><strong>per</strong></span> <span class='ocrx_word' id='word_1_580' title='bbox 2764 2253 2822 2292; x_wconf 89' lang='lat' dir='ltr'><strong>se</strong></span> <span class='ocrx_word' id='word_1_581' title='bbox 2864 2237 3175 2307; x_wconf 89' lang='lat' dir='ltr'><strong>probabiles</strong></span> <span class='ocrx_word' id='word_1_582' title='bbox 3204 2255 3265 2294; x_wconf 91' lang='lat' dir='ltr'><strong>ac</strong></span> <span class='ocrx_word' id='word_1_583' title='bbox 3292 2250 3453 2295; x_wconf 77' lang='lat' dir='ltr'><strong>notae.</strong></span> <span class='ocrx_word' id='word_1_584' title='bbox 3484 2241 3589 2297; x_wconf 91' lang='lat' dir='ltr'><strong>Sed</strong></span> <span class='ocrx_word' id='word_1_585' title='bbox 3626 2244 3879 2313; x_wconf 87' lang='lat' dir='ltr'><strong>quoniam</strong></span> 
     </span>
    </p>
   </div>
   <div class='ocr_carea' id='block_1_82' title="bbox 2296 2327 3874 2398">
    <p class='ocr_par' dir='ltr' id='par_1_82' title="bbox 2296 2327 3874 2398">
     <span class='ocr_line' id='line_1_82' title="bbox 2296 2327 3874 2398; baseline 0.006 -19"><span class='ocrx_word' id='word_1_586' title='bbox 2296 2327 2393 2380; x_wconf 84' lang='lat' dir='ltr'><strong>bas</strong></span> <span class='ocrx_word' id='word_1_587' title='bbox 2423 2328 2822 2395; x_wconf 88' lang='lat' dir='ltr'><strong>propositiones</strong></span> <span class='ocrx_word' id='word_1_588' title='bbox 2852 2328 3036 2396; x_wconf 89' lang='lat' dir='ltr'><strong>plures</strong></span> <span class='ocrx_word' id='word_1_589' title='bbox 3065 2343 3129 2381; x_wconf 88' lang='lat' dir='ltr'><strong>ac</strong></span> <span class='ocrx_word' id='word_1_590' title='bbox 3150 2343 3286 2398; x_wconf 87' lang='lat' dir='ltr'><strong>pene</strong></span> <span class='ocrx_word' id='word_1_591' title='bbox 3312 2330 3724 2387; x_wconf 85' lang='lat' dir='ltr'><strong>innumerabiles</strong></span> <span class='ocrx_word' id='word_1_592' title='bbox 3749 2346 3874 2389; x_wconf 85' lang='lat' dir='ltr'><strong>esse</strong></span> 
     </span>
    </p>
   </div>
   <div class='ocr_carea' id='block_1_83' title="bbox 2295 2417 3876 2490">
    <p class='ocr_par' dir='ltr' id='par_1_83' title="bbox 2295 2417 3876 2490">
     <span class='ocr_line' id='line_1_83' title="bbox 2295 2417 3876 2490; baseline 0.004 -20"><span class='ocrx_word' id='word_1_593' title='bbox 2295 2431 2511 2471; x_wconf 89' lang='lat' dir='ltr'><strong>necesse</strong></span> <span class='ocrx_word' id='word_1_594' title='bbox 2540 2426 2641 2483; x_wconf 86' lang='lat' dir='ltr'><strong>est,</strong></span> <span class='ocrx_word' id='word_1_595' title='bbox 2673 2426 2843 2472; x_wconf 87' lang='lat' dir='ltr'><strong>restat</strong></span> <span class='ocrx_word' id='word_1_596' title='bbox 2892 2417 3067 2473; x_wconf 88' lang='lat' dir='ltr'><strong>adhuc</strong></span> <span class='ocrx_word' id='word_1_597' title='bbox 3096 2434 3202 2487; x_wconf 91' lang='lat' dir='ltr'><strong>quo</strong></span> <span class='ocrx_word' id='word_1_598' title='bbox 3224 2421 3447 2489; x_wconf 88' lang='lat' dir='ltr'><strong>amplius</strong></span> <span class='ocrx_word' id='word_1_599' title='bbox 3476 2423 3607 2475; x_wconf 86' lang='lat' dir='ltr'><strong>ratio</strong></span> <span class='ocrx_word' id='word_1_600' title='bbox 3628 2424 3876 2490; x_wconf 80' lang='lat' dir='ltr'><strong>Specula-</strong></span> 
     </span>
    </p>
   </div>
   <div class='ocr_carea' id='block_1_84' title="bbox 2295 2506 3875 2576">
    <p class='ocr_par' dir='ltr' id='par_1_84' title="bbox 2295 2506 3875 2576">
     <span class='ocr_line' id='line_1_84' title="bbox 2295 2506 3875 2576; baseline 0.006 -17"><span class='ocrx_word' id='word_1_601' title='bbox 2295 2506 2453 2559; x_wconf 90' lang='lat' dir='ltr'><strong>tionis</strong></span> <span class='ocrx_word' id='word_1_602' title='bbox 2496 2506 2769 2567; x_wconf 87' lang='lat' dir='ltr'><strong>ascendat.</strong></span> <span class='ocrx_word' id='word_1_603' title='bbox 2818 2506 3121 2565; x_wconf 72' lang='lat' dir='ltr'><strong>Possumus</strong></span> <span class='ocrx_word' id='word_1_604' title='bbox 3171 2508 3335 2572; x_wconf 88' lang='lat' dir='ltr'><strong>enim,</strong></span> <span class='ocrx_word' id='word_1_605' title='bbox 3376 2509 3612 2576; x_wconf 79' lang='lat' dir='ltr'><strong>diligenti</strong></span> <span class='ocrx_word' id='word_1_606' title='bbox 3644 2520 3875 2569; x_wconf 84' lang='lat' dir='ltr'><strong>tractatu</strong></span> 
     </span>
    </p>
   </div>
   <div class='ocr_carea' id='block_1_85' title="bbox 2295 2593 3881 2670">
    <p class='ocr_par' dir='ltr' id='par_1_85' title="bbox 2295 2593 3881 2670">
     <span class='ocr_line' id='line_1_85' title="bbox 2295 2593 3881 2670; baseline 0.008 -24"><span class='ocrx_word' id='word_1_607' title='bbox 2295 2593 2745 2647; x_wconf 86' lang='lat' dir='ltr'><strong>considerationis</strong></span> <span class='ocrx_word' id='word_1_608' title='bbox 2779 2593 3053 2660; x_wconf 57' lang='lat' dir='ltr'><strong>adhibito,</strong></span> <span class='ocrx_word' id='word_1_609' title='bbox 3075 2599 3311 2650; x_wconf 89' lang='lat' dir='ltr'><strong>omnium</strong></span> <span class='ocrx_word' id='word_1_610' title='bbox 3347 2599 3692 2655; x_wconf 77' lang='lat' dir='ltr'><strong>maximarum</strong></span> <span class='ocrx_word' id='word_1_611' title='bbox 3718 2614 3881 2670; x_wconf 81' lang='lat' dir='ltr'><strong>atque</strong></span> 
     </span>
    </p>
   </div>
   <div class='ocr_carea' id='block_1_86' title="bbox 2306 2685 3878 2765">
    <p class='ocr_par' dir='ltr' id='par_1_86' title="bbox 2306 2685 3878 2765">
     <span class='ocr_line' id='line_1_86' title="bbox 2306 2685 3878 2765; baseline 0.007 -26"><span class='ocrx_word' id='word_1_612' title='bbox 2306 2685 2686 2741; x_wconf 87' lang='lat' dir='ltr'><strong>universalium</strong></span> <span class='ocrx_word' id='word_1_613' title='bbox 2721 2688 3141 2756; x_wconf 88' lang='lat' dir='ltr'><strong>propositionum</strong></span> <span class='ocrx_word' id='word_1_614' title='bbox 3172 2690 3501 2746; x_wconf 70' lang='lat' dir='ltr'><strong>differentias</strong></span> <span class='ocrx_word' id='word_1_615' title='bbox 3523 2694 3878 2765; x_wconf 83' lang='lat' dir='ltr'><strong>perpendere,</strong></span> 
     </span>
    </p>
   </div>
   <div class='ocr_carea' id='block_1_87' title="bbox 2302 2778 3880 2853">
    <p class='ocr_par' dir='ltr' id='par_1_87' title="bbox 2302 2778 3880 2853">
     <span class='ocr_line' id='line_1_87' title="bbox 2302 2778 3880 2853; baseline 0.006 -22"><span class='ocrx_word' id='word_1_616' title='bbox 2302 2789 2464 2846; x_wconf 87' lang='lat' dir='ltr'><strong>atque</strong></span> <span class='ocrx_word' id='word_1_617' title='bbox 2498 2778 2943 2834; x_wconf 90' lang='lat' dir='ltr'><strong>innumerabilem</strong></span> <span class='ocrx_word' id='word_1_618' title='bbox 2975 2782 3328 2835; x_wconf 81' lang='lat' dir='ltr'><strong>maximarum</strong></span> <span class='ocrx_word' id='word_1_619' title='bbox 3362 2785 3787 2853; x_wconf 87' lang='lat' dir='ltr'><strong>propositionum</strong></span> <span class='ocrx_word' id='word_1_620' title='bbox 3817 2800 3880 2842; x_wconf 86' lang='lat' dir='ltr'><strong>ac</strong></span> 
     </span>
    </p>
   </div>
   <div class='ocr_carea' id='block_1_88' title="bbox 2304 2873 3879 2947">
    <p class='ocr_par' dir='ltr' id='par_1_88' title="bbox 2304 2873 3879 2947">
     <span class='ocr_line' id='line_1_88' title="bbox 2304 2873 3879 2947; baseline 0.007 -24"><span class='ocrx_word' id='word_1_621' title='bbox 2304 2886 2401 2940; x_wconf 86' lang='lat' dir='ltr'><strong>per</strong></span> <span class='ocrx_word' id='word_1_622' title='bbox 2440 2886 2496 2925; x_wconf 89' lang='lat' dir='ltr'><strong>sc</strong></span> <span class='ocrx_word' id='word_1_623' title='bbox 2526 2881 2769 2925; x_wconf 88' lang='lat' dir='ltr'><strong>notarum</strong></span> <span class='ocrx_word' id='word_1_624' title='bbox 2802 2873 3193 2927; x_wconf 87' lang='lat' dir='ltr'><strong>multitudinem</strong></span> <span class='ocrx_word' id='word_1_625' title='bbox 3252 2875 3302 2929; x_wconf 92' lang='lat' dir='ltr'><strong>in</strong></span> <span class='ocrx_word' id='word_1_626' title='bbox 3335 2891 3533 2945; x_wconf 87' lang='lat' dir='ltr'><strong>paucas</strong></span> <span class='ocrx_word' id='word_1_627' title='bbox 3574 2888 3734 2947; x_wconf 89' lang='lat' dir='ltr'><strong>atque</strong></span> <span class='ocrx_word' id='word_1_628' title='bbox 3762 2882 3879 2934; x_wconf 84' lang='lat' dir='ltr'><strong>uni-</strong></span> 
     </span>
    </p>
   </div>
   <div class='ocr_carea' id='block_1_89' title="bbox 2299 2962 3882 3033">
    <p class='ocr_par' dir='ltr' id='par_1_89' title="bbox 2299 2962 3882 3033">
     <span class='ocr_line' id='line_1_89' title="bbox 2299 2962 3882 3033; baseline 0.009 -18"><span class='ocrx_word' id='word_1_629' title='bbox 2299 2963 2536 3015; x_wconf 87' lang='lat' dir='ltr'><strong>versales</strong></span> <span class='ocrx_word' id='word_1_630' title='bbox 2577 2962 2828 3032; x_wconf 85' lang='lat' dir='ltr'><strong>colligere</strong></span> <span class='ocrx_word' id='word_1_631' title='bbox 2858 2962 3205 3033; x_wconf 70' lang='lat' dir='ltr'><strong>differentias,</strong></span> <span class='ocrx_word' id='word_1_632' title='bbox 3234 2975 3292 3020; x_wconf 92' lang='lat' dir='ltr'><strong>ut</strong></span> <span class='ocrx_word' id='word_1_633' title='bbox 3321 2976 3376 3022; x_wconf 89' lang='lat' dir='ltr'><strong>et</strong></span> <span class='ocrx_word' id='word_1_634' title='bbox 3405 2970 3538 3023; x_wconf 83' lang='lat' dir='ltr'><strong>alias</strong></span> <span class='ocrx_word' id='word_1_635' title='bbox 3562 2970 3802 3027; x_wconf 88' lang='lat' dir='ltr'><strong>dicamus</strong></span> <span class='ocrx_word' id='word_1_636' title='bbox 3828 2973 3882 3029; x_wconf 89' lang='lat' dir='ltr'><strong>in</strong></span> 
     </span>
    </p>
   </div>
   <div class='ocr_carea' id='block_1_90' title="bbox 2300 3053 3883 3134">
    <p class='ocr_par' dir='ltr' id='par_1_90' title="bbox 2300 3053 3883 3134">
     <span class='ocr_line' id='line_1_90' title="bbox 2300 3053 3883 3134; baseline 0.008 -27"><span class='ocrx_word' id='word_1_637' title='bbox 2300 3053 2612 3108; x_wconf 89' lang='lat' dir='ltr'><strong>definitione</strong></span> <span class='ocrx_word' id='word_1_638' title='bbox 2649 3055 2964 3121; x_wconf 86' lang='lat' dir='ltr'><strong>consistere,</strong></span> <span class='ocrx_word' id='word_1_639' title='bbox 3013 3056 3146 3110; x_wconf 87' lang='lat' dir='ltr'><strong>alias</strong></span> <span class='ocrx_word' id='word_1_640' title='bbox 3174 3057 3225 3110; x_wconf 92' lang='lat' dir='ltr'><strong>in</strong></span> <span class='ocrx_word' id='word_1_641' title='bbox 3270 3074 3499 3127; x_wconf 82' lang='lat' dir='ltr'><strong>genere,</strong></span> <span class='ocrx_word' id='word_1_642' title='bbox 3543 3071 3705 3134; x_wconf 87' lang='lat' dir='ltr'><strong>atque</strong></span> <span class='ocrx_word' id='word_1_643' title='bbox 3750 3063 3883 3119; x_wconf 83' lang='lat' dir='ltr'><strong>alias</strong></span> 
     </span>
    </p>
   </div>
   <div class='ocr_carea' id='block_1_91' title="bbox 2300 3145 3877 3218">
    <p class='ocr_par' dir='ltr' id='par_1_91' title="bbox 2300 3145 3877 3218">
     <span class='ocr_line' id='line_1_91' title="bbox 2300 3145 3877 3218; baseline 0.008 -22"><span class='ocrx_word' id='word_1_644' title='bbox 2300 3145 2404 3197; x_wconf 90' lang='lat' dir='ltr'><strong>alio</strong></span> <span class='ocrx_word' id='word_1_645' title='bbox 2445 3145 2604 3216; x_wconf 90' lang='lat' dir='ltr'><strong>modo</strong></span> <span class='ocrx_word' id='word_1_646' title='bbox 2644 3146 2786 3212; x_wconf 92' lang='lat' dir='ltr'><strong>quod</strong></span> <span class='ocrx_word' id='word_1_647' title='bbox 2835 3147 2991 3213; x_wconf 89' lang='lat' dir='ltr'><strong>paulo</strong></span> <span class='ocrx_word' id='word_1_648' title='bbox 3035 3157 3157 3215; x_wconf 88' lang='lat' dir='ltr'><strong>post</strong></span> <span class='ocrx_word' id='word_1_649' title='bbox 3201 3152 3435 3218; x_wconf 90' lang='lat' dir='ltr'><strong>apertius</strong></span> <span class='ocrx_word' id='word_1_650' title='bbox 3478 3152 3877 3210; x_wconf 87' lang='lat' dir='ltr'><strong>demonstrabo.</strong></span> 
     </span>
    </p>
   </div>
   <div class='ocr_carea' id='block_1_92' title="bbox 2222 3236 3881 3328">
    <p class='ocr_par' dir='ltr' id='par_1_92' title="bbox 2222 3236 3881 3328">
     <span class='ocr_line' id='line_1_92' title="bbox 2222 3236 3881 3328; baseline 0.008 -39"><span class='ocrx_word' id='word_1_651' title='bbox 2222 3263 2270 3328; x_wconf 66' lang='grc' dir='ltr'>ο</span> <span class='ocrx_word' id='word_1_652' title='bbox 2300 3236 2499 3290; x_wconf 89' lang='lat' dir='ltr'><strong>Omnes</strong></span> <span class='ocrx_word' id='word_1_653' title='bbox 2524 3237 2679 3306; x_wconf 88' lang='lat' dir='ltr'><strong>igitur</strong></span> <span class='ocrx_word' id='word_1_654' title='bbox 2708 3238 2954 3292; x_wconf 57' lang='lat' dir='ltr'><strong>maximas</strong></span> <span class='ocrx_word' id='word_1_655' title='bbox 2987 3241 3395 3310; x_wconf 83' lang='lat' dir='ltr'><strong>propositiones,</strong></span> <span class='ocrx_word' id='word_1_656' title='bbox 3420 3261 3754 3317; x_wconf 61' lang='lat' dir='ltr'><strong>quaecunque</strong></span> <span class='ocrx_word' id='word_1_657' title='bbox 3783 3248 3881 3317; x_wconf 76' lang='lat' dir='ltr'><strong>sub</strong></span> 
     </span>
    </p>
   </div>
   <div class='ocr_carea' id='block_1_93' title="bbox 2301 3327 3874 3401">
    <p class='ocr_par' dir='ltr' id='par_1_93' title="bbox 2301 3327 3874 3401">
     <span class='ocr_line' id='line_1_93' title="bbox 2301 3327 3874 3401; baseline 0.009 -22"><span class='ocrx_word' id='word_1_658' title='bbox 2301 3327 2630 3380; x_wconf 87' lang='lat' dir='ltr'><strong>definitionis</strong></span> <span class='ocrx_word' id='word_1_659' title='bbox 2672 3327 2819 3381; x_wconf 88' lang='lat' dir='ltr'><strong>verbi</strong></span> <span class='ocrx_word' id='word_1_660' title='bbox 2849 3330 3015 3397; x_wconf 78' lang='lat' dir='ltr'><strong>gratia</strong></span> <span class='ocrx_word' id='word_1_661' title='bbox 3049 3331 3309 3386; x_wconf 88' lang='lat' dir='ltr'><strong>rationem</strong></span> <span class='ocrx_word' id='word_1_662' title='bbox 3353 3334 3572 3401; x_wconf 88' lang='lat' dir='ltr'><strong>cadunt,</strong></span> <span class='ocrx_word' id='word_1_663' title='bbox 3605 3353 3710 3391; x_wconf 89' lang='lat' dir='ltr'><strong>uno</strong></span> <span class='ocrx_word' id='word_1_664' title='bbox 3739 3338 3874 3392; x_wconf 87' lang='lat' dir='ltr'><strong>defi-</strong></span> 
     </span>
    </p>
   </div>
   <div class='ocr_carea' id='block_1_94' title="bbox 2307 3417 3877 3485">
    <p class='ocr_par' dir='ltr' id='par_1_94' title="bbox 2307 3417 3877 3485">
     <span class='ocr_line' id='line_1_94' title="bbox 2307 3417 3877 3485; baseline 0.007 -14"><span class='ocrx_word' id='word_1_665' title='bbox 2307 3417 2524 3471; x_wconf 86' lang='lat' dir='ltr'><strong>nitionis</strong></span> <span class='ocrx_word' id='word_1_666' title='bbox 2570 3417 2788 3470; x_wconf 75' lang='lat' dir='ltr'><strong>nomine</strong></span> <span class='ocrx_word' id='word_1_667' title='bbox 2833 3418 3264 3485; x_wconf 89' lang='lat' dir='ltr'><strong>continebuntur.</strong></span> <span class='ocrx_word' id='word_1_668' title='bbox 3312 3422 3377 3477; x_wconf 84' lang='lat' dir='ltr'><strong>Et</strong></span> <span class='ocrx_word' id='word_1_669' title='bbox 3420 3427 3558 3479; x_wconf 89' lang='lat' dir='ltr'><strong>sicut</strong></span> <span class='ocrx_word' id='word_1_670' title='bbox 3603 3428 3700 3480; x_wconf 83' lang='lat' dir='ltr'><strong>illae</strong></span> <span class='ocrx_word' id='word_1_671' title='bbox 3748 3428 3877 3482; x_wconf 86' lang='lat' dir='ltr'><strong>reli-</strong></span> 
     </span>
    </p>
   </div>
   <div class='ocr_carea' id='block_1_95' title="bbox 2300 3498 3879 3589">
    <p class='ocr_par' dir='ltr' id='par_1_95' title="bbox 2300 3498 3879 3589">
     <span class='ocr_line' id='line_1_95' title="bbox 2300 3498 3879 3589; baseline 0.012 -32"><span class='ocrx_word' id='word_1_672' title='bbox 2300 3520 2523 3573; x_wconf 88' lang='lat' dir='ltr'><strong>quarum</strong></span> <span class='ocrx_word' id='word_1_673' title='bbox 2572 3498 2997 3575; x_wconf 86' lang='lat' dir='ltr'><strong>propositionum</strong></span> <span class='ocrx_word' id='word_1_674' title='bbox 3052 3511 3153 3566; x_wconf 91' lang='lat' dir='ltr'><strong>loci</strong></span> <span class='ocrx_word' id='word_1_675' title='bbox 3197 3528 3318 3569; x_wconf 80' lang='grc' dir='ltr'>εεεε</span> <span class='ocrx_word' id='word_1_676' title='bbox 3358 3515 3690 3586; x_wconf 87' lang='lat' dir='ltr'><strong>dicebantur,</strong></span> <span class='ocrx_word' id='word_1_677' title='bbox 3737 3519 3879 3589; x_wconf 86' lang='lat' dir='ltr'><strong>quod</strong></span> 
     </span>
    </p>
   </div>
   <div class='ocr_carea' id='block_1_96' title="bbox 2307 3595 3880 3678">
    <p class='ocr_par' dir='ltr' id='par_1_96' title="bbox 2307 3595 3880 3678">
     <span class='ocr_line' id='line_1_96' title="bbox 2307 3595 3880 3678; baseline 0.011 -30"><span class='ocrx_word' id='word_1_678' title='bbox 2307 3611 2397 3649; x_wconf 87' lang='lat' dir='ltr'><strong>cas</strong></span> <span class='ocrx_word' id='word_1_679' title='bbox 2444 3595 2579 3648; x_wconf 91' lang='lat' dir='ltr'><strong>intra</strong></span> <span class='ocrx_word' id='word_1_680' title='bbox 2630 3612 2782 3650; x_wconf 87' lang='lat' dir='ltr'><strong>suum</strong></span> <span class='ocrx_word' id='word_1_681' title='bbox 2831 3599 3091 3655; x_wconf 90' lang='lat' dir='ltr'><strong>ambitum</strong></span> <span class='ocrx_word' id='word_1_682' title='bbox 3139 3605 3501 3676; x_wconf 85' lang='lat' dir='ltr'><strong>continerent,</strong></span> <span class='ocrx_word' id='word_1_683' title='bbox 3536 3609 3606 3664; x_wconf 87' lang='lat' dir='ltr'><strong>ita</strong></span> <span class='ocrx_word' id='word_1_684' title='bbox 3644 3609 3880 3678; x_wconf 89' lang='lat' dir='ltr'><strong>ipsarum</strong></span> 
     </span>
    </p>
   </div>
   <div class='ocr_carea' id='block_1_97' title="bbox 2300 3686 3879 3773">
    <p class='ocr_par' dir='ltr' id='par_1_97' title="bbox 2300 3686 3879 3773">
     <span class='ocr_line' id='line_1_97' title="bbox 2300 3686 3879 3773; baseline 0.013 -34"><span class='ocrx_word' id='word_1_685' title='bbox 2300 3686 2647 3742; x_wconf 76' lang='lat' dir='ltr'><strong>maximarum</strong></span> <span class='ocrx_word' id='word_1_686' title='bbox 2679 3699 2839 3759; x_wconf 89' lang='lat' dir='ltr'><strong>atque</strong></span> <span class='ocrx_word' id='word_1_687' title='bbox 2868 3694 3243 3751; x_wconf 86' lang='lat' dir='ltr'><strong>universalium</strong></span> <span class='ocrx_word' id='word_1_688' title='bbox 3274 3701 3717 3769; x_wconf 88' lang='lat' dir='ltr'><strong>propositionum,</strong></span> <span class='ocrx_word' id='word_1_689' title='bbox 3745 3719 3879 3773; x_wconf 83' lang='lat' dir='ltr'><strong>quas</strong></span> 
     </span>
    </p>
   </div>
   <div class='ocr_carea' id='block_1_98' title="bbox 2299 3776 3943 3861">
    <p class='ocr_par' dir='ltr' id='par_1_98' title="bbox 2299 3776 3943 3861">
     <span class='ocr_line' id='line_1_98' title="bbox 2299 3776 3943 3861; baseline 0.013 -32"><span class='ocrx_word' id='word_1_690' title='bbox 2299 3776 2565 3831; x_wconf 81' lang='lat' dir='ltr'><strong>minorum</strong></span> <span class='ocrx_word' id='word_1_691' title='bbox 2598 3782 3025 3850; x_wconf 83' lang='lat' dir='ltr'><strong>propositionum</strong></span> <span class='ocrx_word' id='word_1_692' title='bbox 3055 3786 3201 3842; x_wconf 89' lang='lat' dir='ltr'><strong>locos</strong></span> <span class='ocrx_word' id='word_1_693' title='bbox 3228 3783 3350 3846; x_wconf 83' lang='lat' dir='ltr'><strong>esse</strong></span> <span class='ocrx_word' id='word_1_694' title='bbox 3374 3793 3740 3861; x_wconf 80' lang='lat' dir='ltr'><strong>praediximus,</strong></span> <span class='ocrx_word' id='word_1_695' title='bbox 3773 3795 3879 3849; x_wconf 69' lang='lat' dir='ltr'><strong>illae</strong></span> <span class='ocrx_word' id='word_1_696' title='bbox 3934 3776 3943 3785; x_wconf 22' lang='lat' dir='ltr'><strong><em>r</em></strong></span> 
     </span>
    </p>
   </div>
   <div class='ocr_carea' id='block_1_99' title="bbox 2300 3867 3879 3955">
    <p class='ocr_par' dir='ltr' id='par_1_99' title="bbox 2300 3867 3879 3955">
     <span class='ocr_line' id='line_1_99' title="bbox 2300 3867 3879 3955; baseline 0.015 -35"><span class='ocrx_word' id='word_1_697' title='bbox 2300 3867 2637 3937; x_wconf 64' lang='lat' dir='ltr'><strong>differentiae,</strong></span> <span class='ocrx_word' id='word_1_698' title='bbox 2689 3881 2743 3927; x_wconf 89' lang='lat' dir='ltr'><strong>et</strong></span> <span class='ocrx_word' id='word_1_699' title='bbox 2784 3874 2828 3927; x_wconf 91' lang='lat' dir='ltr'><strong>si</strong></span> <span class='ocrx_word' id='word_1_700' title='bbox 2869 3891 2971 3930; x_wconf 89' lang='lat' dir='ltr'><strong>non</strong></span> <span class='ocrx_word' id='word_1_701' title='bbox 3016 3892 3165 3944; x_wconf 88' lang='lat' dir='ltr'><strong>vere,</strong></span> <span class='ocrx_word' id='word_1_702' title='bbox 3214 3889 3387 3936; x_wconf 90' lang='lat' dir='ltr'><strong>tamen</strong></span> <span class='ocrx_word' id='word_1_703' title='bbox 3438 3886 3666 3955; x_wconf 89' lang='lat' dir='ltr'><strong>quadam</strong></span> <span class='ocrx_word' id='word_1_704' title='bbox 3716 3888 3879 3943; x_wconf 84' lang='lat' dir='ltr'><strong>veluti</strong></span> 
     </span>
    </p>
   </div>
   <div class='ocr_carea' id='block_1_100' title="bbox 2300 3959 3878 4041">
    <p class='ocr_par' dir='ltr' id='par_1_100' title="bbox 2300 3959 3878 4041">
     <span class='ocr_line' id='line_1_100' title="bbox 2300 3959 3878 4041; baseline 0.013 -28"><span class='ocrx_word' id='word_1_705' title='bbox 2300 3959 2532 4029; x_wconf 82' lang='lat' dir='ltr'><strong>imagine</strong></span> <span class='ocrx_word' id='word_1_706' title='bbox 2560 3962 2657 4016; x_wconf 91' lang='lat' dir='ltr'><strong>foci</strong></span> <span class='ocrx_word' id='word_1_707' title='bbox 2684 3978 2802 4018; x_wconf 90' lang='lat' dir='ltr'><strong>esse</strong></span> <span class='ocrx_word' id='word_1_708' title='bbox 2832 3966 3173 4037; x_wconf 90' lang='lat' dir='ltr'><strong>videbuntur,</strong></span> <span class='ocrx_word' id='word_1_709' title='bbox 3210 3970 3261 4023; x_wconf 92' lang='lat' dir='ltr'><strong>in</strong></span> <span class='ocrx_word' id='word_1_710' title='bbox 3293 3988 3425 4041; x_wconf 90' lang='lat' dir='ltr'><strong>quas</strong></span> <span class='ocrx_word' id='word_1_711' title='bbox 3456 3973 3653 4031; x_wconf 89' lang='lat' dir='ltr'><strong>fuerint</strong></span> <span class='ocrx_word' id='word_1_712' title='bbox 3677 3991 3878 4032; x_wconf 85' lang='lat' dir='ltr'><strong>conve-</strong></span> 
     </span>
    </p>
   </div>
   <div class='ocr_carea' id='block_1_101' title="bbox 2302 4050 3881 4135">
    <p class='ocr_par' dir='ltr' id='par_1_101' title="bbox 2302 4050 3881 4135">
     <span class='ocr_line' id='line_1_101' title="bbox 2302 4050 3881 4135; baseline 0.014 -33"><span class='ocrx_word' id='word_1_713' title='bbox 2302 4050 2469 4105; x_wconf 81' lang='lat' dir='ltr'><strong>uienti</strong></span> <span class='ocrx_word' id='word_1_714' title='bbox 2515 4053 2721 4119; x_wconf 82' lang='lat' dir='ltr'><strong>ratione</strong></span> <span class='ocrx_word' id='word_1_715' title='bbox 2770 4054 3024 4109; x_wconf 80' lang='lat' dir='ltr'><strong>reductae.</strong></span> <span class='ocrx_word' id='word_1_716' title='bbox 3084 4058 3189 4114; x_wconf 88' lang='lat' dir='ltr'><strong>Sed</strong></span> <span class='ocrx_word' id='word_1_717' title='bbox 3238 4061 3353 4115; x_wconf 65' lang='lat' dir='ltr'><strong>istae</strong></span> <span class='ocrx_word' id='word_1_718' title='bbox 3398 4063 3655 4135; x_wconf 90' lang='lat' dir='ltr'><strong>locorum,</strong></span> <span class='ocrx_word' id='word_1_719' title='bbox 3702 4067 3754 4122; x_wconf 93' lang='lat' dir='ltr'><strong>id</strong></span> <span class='ocrx_word' id='word_1_720' title='bbox 3799 4078 3881 4124; x_wconf 89' lang='lat' dir='ltr'><strong>est</strong></span> 
     </span>
    </p>
   </div>
   <div class='ocr_carea' id='block_1_102' title="bbox 2300 4142 3876 4225">
    <p class='ocr_par' dir='ltr' id='par_1_102' title="bbox 2300 4142 3876 4225">
     <span class='ocr_line' id='line_1_102' title="bbox 2300 4142 3876 4225; baseline 0.011 -31"><span class='ocrx_word' id='word_1_721' title='bbox 2300 4142 2719 4211; x_wconf 88' lang='lat' dir='ltr'><strong>propositionum</strong></span> <span class='ocrx_word' id='word_1_722' title='bbox 2751 4146 3127 4212; x_wconf 74' lang='lat' dir='ltr'><strong>maximarum,</strong></span> <span class='ocrx_word' id='word_1_723' title='bbox 3158 4149 3500 4220; x_wconf 78' lang='lat' dir='ltr'><strong>diiferentiac,</strong></span> <span class='ocrx_word' id='word_1_724' title='bbox 3538 4171 3669 4225; x_wconf 89' lang='lat' dir='ltr'><strong>quas</strong></span> <span class='ocrx_word' id='word_1_725' title='bbox 3712 4158 3876 4213; x_wconf 88' lang='lat' dir='ltr'><strong>etiam</strong></span> 
     </span>
    </p>
   </div>
   <div class='ocr_carea' id='block_1_103' title="bbox 2302 4232 3875 4319">
    <p class='ocr_par' dir='ltr' id='par_1_103' title="bbox 2302 4232 3875 4319">
     <span class='ocr_line' id='line_1_103' title="bbox 2302 4232 3875 4319; baseline 0.012 -34"><span class='ocrx_word' id='word_1_726' title='bbox 2302 4232 2449 4298; x_wconf 89' lang='lat' dir='ltr'><strong>ipsos</strong></span> <span class='ocrx_word' id='word_1_727' title='bbox 2488 4233 2634 4287; x_wconf 84' lang='lat' dir='ltr'><strong>locus</strong></span> <span class='ocrx_word' id='word_1_728' title='bbox 2684 4236 3041 4303; x_wconf 89' lang='lat' dir='ltr'><strong>nominamus,</strong></span> <span class='ocrx_word' id='word_1_729' title='bbox 3077 4253 3299 4309; x_wconf 90' lang='lat' dir='ltr'><strong>possunt</strong></span> <span class='ocrx_word' id='word_1_730' title='bbox 3345 4244 3703 4312; x_wconf 71' lang='lat' dir='ltr'><strong>subiectarum</strong></span> <span class='ocrx_word' id='word_1_731' title='bbox 3750 4265 3875 4319; x_wconf 84' lang='lat' dir='ltr'><strong>pro-</strong></span> 
     </span>
    </p>
   </div>
   <div class='ocr_carea' id='block_1_104' title="bbox 2300 4322 3874 4405">
    <p class='ocr_par' dir='ltr' id='par_1_104' title="bbox 2300 4322 3874 4405">
     <span class='ocr_line' id='line_1_104' title="bbox 2300 4322 3874 4405; baseline 0.013 -32"><span class='ocrx_word' id='word_1_732' title='bbox 2300 4322 2617 4390; x_wconf 88' lang='lat' dir='ltr'><strong>positionum</strong></span> <span class='ocrx_word' id='word_1_733' title='bbox 2647 4324 2803 4378; x_wconf 86' lang='lat' dir='ltr'><strong>etiam</strong></span> <span class='ocrx_word' id='word_1_734' title='bbox 2832 4342 3026 4395; x_wconf 90' lang='lat' dir='ltr'><strong>genera</strong></span> <span class='ocrx_word' id='word_1_735' title='bbox 3058 4336 3369 4405; x_wconf 87' lang='lat' dir='ltr'><strong>nuncupari.</strong></span> <span class='ocrx_word' id='word_1_736' title='bbox 3403 4336 3532 4392; x_wconf 85' lang='lat' dir='ltr'><strong>Nam</strong></span> <span class='ocrx_word' id='word_1_737' title='bbox 3560 4338 3874 4394; x_wconf 66' lang='lat' dir='ltr'><strong>differentias</strong></span> 
     </span>
    </p>
   </div>
   <div class='ocr_carea' id='block_1_105' title="bbox 2298 4414 3875 4498">
    <p class='ocr_par' dir='ltr' id='par_1_105' title="bbox 2298 4414 3875 4498">
     <span class='ocr_line' id='line_1_105' title="bbox 2298 4414 3875 4498; baseline 0.013 -32"><span class='ocrx_word' id='word_1_738' title='bbox 2298 4414 2635 4468; x_wconf 89' lang='lat' dir='ltr'><strong>continentes</strong></span> <span class='ocrx_word' id='word_1_739' title='bbox 2679 4416 2838 4470; x_wconf 88' lang='lat' dir='ltr'><strong>etiam</strong></span> <span class='ocrx_word' id='word_1_740' title='bbox 2884 4436 3080 4490; x_wconf 84' lang='lat' dir='ltr'><strong>genera</strong></span> <span class='ocrx_word' id='word_1_741' title='bbox 3127 4429 3481 4483; x_wconf 88' lang='lat' dir='ltr'><strong>communiter</strong></span> <span class='ocrx_word' id='word_1_742' title='bbox 3530 4442 3749 4498; x_wconf 89' lang='lat' dir='ltr'><strong>possunt</strong></span> <span class='ocrx_word' id='word_1_743' title='bbox 3795 4436 3875 4486; x_wconf 84' lang='lat' dir='ltr'><strong>vi-</strong></span> 
     </span>
    </p>
   </div>
   <div class='ocr_carea' id='block_1_106' title="bbox 2298 4503 3870 4577">
    <p class='ocr_par' dir='ltr' id='par_1_106' title="bbox 2298 4503 3870 4577">
     <span class='ocr_line' id='line_1_106' title="bbox 2298 4503 3870 4577; baseline 0.014 -22"><span class='ocrx_word' id='word_1_744' title='bbox 2298 4503 2436 4570; x_wconf 89' lang='lat' dir='ltr'><strong>deri,</strong></span> <span class='ocrx_word' id='word_1_745' title='bbox 2469 4512 2526 4557; x_wconf 89' lang='lat' dir='ltr'><strong>ut</strong></span> <span class='ocrx_word' id='word_1_746' title='bbox 2574 4506 2880 4561; x_wconf 75' lang='lat' dir='ltr'><strong>irrationale</strong></span> <span class='ocrx_word' id='word_1_747' title='bbox 2923 4524 3044 4565; x_wconf 93' lang='lat' dir='ltr'><strong>cum</strong></span> <span class='ocrx_word' id='word_1_748' title='bbox 3078 4528 3106 4565; x_wconf 90' lang='lat' dir='ltr'><strong>a</strong></span> <span class='ocrx_word' id='word_1_749' title='bbox 3138 4515 3382 4570; x_wconf 89' lang='lat' dir='ltr'><strong>rationali</strong></span> <span class='ocrx_word' id='word_1_750' title='bbox 3431 4519 3574 4573; x_wconf 91' lang='lat' dir='ltr'><strong>velut</strong></span> <span class='ocrx_word' id='word_1_751' title='bbox 3621 4522 3870 4577; x_wconf 82' lang='lat' dir='ltr'><strong>divisibili</strong></span> 
     </span>
    </p>
   </div>
   <div class='ocr_carea' id='block_1_107' title="bbox 2297 4592 3876 4674">
    <p class='ocr_par' dir='ltr' id='par_1_107' title="bbox 2297 4592 3876 4674">
     <span class='ocr_line' id='line_1_107' title="bbox 2297 4592 3876 4674; baseline 0.015 -30"><span class='ocrx_word' id='word_1_752' title='bbox 2297 4592 2589 4647; x_wconf 68' lang='lat' dir='ltr'><strong>differentia</strong></span> <span class='ocrx_word' id='word_1_753' title='bbox 2614 4594 2894 4662; x_wconf 88' lang='lat' dir='ltr'><strong>dissideat;</strong></span> <span class='ocrx_word' id='word_1_754' title='bbox 2934 4608 3109 4655; x_wconf 87' lang='lat' dir='ltr'><strong>tamen</strong></span> <span class='ocrx_word' id='word_1_755' title='bbox 3135 4606 3252 4672; x_wconf 90' lang='lat' dir='ltr'><strong>equi</strong></span> <span class='ocrx_word' id='word_1_756' title='bbox 3278 4606 3361 4660; x_wconf 90' lang='lat' dir='ltr'><strong>vel</strong></span> <span class='ocrx_word' id='word_1_757' title='bbox 3389 4609 3556 4674; x_wconf 90' lang='lat' dir='ltr'><strong>canis,</strong></span> <span class='ocrx_word' id='word_1_758' title='bbox 3577 4609 3876 4669; x_wconf 79' lang='lat' dir='ltr'><strong>differentia</strong></span> 
     </span>
    </p>
   </div>
   <div class='ocr_carea' id='block_1_108' title="bbox 2299 4685 3872 4771">
    <p class='ocr_par' dir='ltr' id='par_1_108' title="bbox 2299 4685 3872 4771">
     <span class='ocr_line' id='line_1_108' title="bbox 2299 4685 3872 4771; baseline 0.013 -34"><span class='ocrx_word' id='word_1_759' title='bbox 2299 4685 2547 4761; x_wconf 86' lang='lat' dir='ltr'><strong>specifica</strong></span> <span class='ocrx_word' id='word_1_760' title='bbox 2573 4694 2674 4747; x_wconf 89' lang='lat' dir='ltr'><strong>est,</strong></span> <span class='ocrx_word' id='word_1_761' title='bbox 2703 4694 2757 4739; x_wconf 91' lang='lat' dir='ltr'><strong>et</strong></span> <span class='ocrx_word' id='word_1_762' title='bbox 2785 4686 2849 4740; x_wconf 90' lang='lat' dir='ltr'><strong>ad</strong></span> <span class='ocrx_word' id='word_1_763' title='bbox 2876 4702 2971 4743; x_wconf 91' lang='lat' dir='ltr'><strong>eos</strong></span> <span class='ocrx_word' id='word_1_764' title='bbox 3002 4689 3173 4745; x_wconf 87' lang='lat' dir='ltr'><strong>locum</strong></span> <span class='ocrx_word' id='word_1_765' title='bbox 3197 4697 3410 4759; x_wconf 77' lang='lat' dir='ltr'><strong>generis</strong></span> <span class='ocrx_word' id='word_1_766' title='bbox 3442 4707 3602 4754; x_wconf 89' lang='lat' dir='ltr'><strong>tenet.</strong></span> <span class='ocrx_word' id='word_1_767' title='bbox 3634 4699 3872 4771; x_wconf 78' lang='lat' dir='ltr'><strong>Namque</strong></span> 
     </span>
    </p>
   </div>
   <div class='ocr_carea' id='block_1_109' title="bbox 2299 4772 3864 4848">
    <p class='ocr_par' dir='ltr' id='par_1_109' title="bbox 2299 4772 3864 4848">
     <span class='ocr_line' id='line_1_109' title="bbox 2299 4772 3864 4848; baseline 0.013 -25"><span class='ocrx_word' id='word_1_768' title='bbox 2299 4772 2492 4825; x_wconf 79' lang='lat' dir='ltr'><strong>animal</strong></span> <span class='ocrx_word' id='word_1_769' title='bbox 2542 4773 2899 4829; x_wconf 90' lang='lat' dir='ltr'><strong>irrationabile</strong></span> <span class='ocrx_word' id='word_1_770' title='bbox 2942 4779 3066 4847; x_wconf 86' lang='lat' dir='ltr'><strong>equi</strong></span> <span class='ocrx_word' id='word_1_771' title='bbox 3115 4794 3283 4848; x_wconf 85' lang='lat' dir='ltr'><strong>genus</strong></span> <span class='ocrx_word' id='word_1_772' title='bbox 3331 4793 3433 4839; x_wconf 82' lang='lat' dir='ltr'><strong>est.</strong></span> <span class='ocrx_word' id='word_1_773' title='bbox 3479 4786 3553 4840; x_wconf 87' lang='lat' dir='ltr'><strong>Ita</strong></span> <span class='ocrx_word' id='word_1_774' title='bbox 3600 4788 3760 4844; x_wconf 89' lang='lat' dir='ltr'><strong>etiam</strong></span> <span class='ocrx_word' id='word_1_775' title='bbox 3815 4793 3864 4843; x_wconf 91' lang='lat' dir='ltr'><strong>in</strong></span> 
     </span>
    </p>
   </div>
   <div class='ocr_carea' id='block_1_110' title="bbox 2300 4863 3873 4942">
    <p class='ocr_par' dir='ltr' id='par_1_110' title="bbox 2300 4863 3873 4942">
     <span class='ocr_line' id='line_1_110' title="bbox 2300 4863 3873 4942; baseline 0.013 -28"><span class='ocrx_word' id='word_1_776' title='bbox 2300 4863 2550 4916; x_wconf 76' lang='lat' dir='ltr'><strong>maximis</strong></span> <span class='ocrx_word' id='word_1_777' title='bbox 2607 4865 3075 4932; x_wconf 80' lang='lat' dir='ltr'><strong>propositionibus.</strong></span> <span class='ocrx_word' id='word_1_778' title='bbox 3124 4867 3255 4925; x_wconf 85' lang='lat' dir='ltr'><strong>Nam</strong></span> <span class='ocrx_word' id='word_1_779' title='bbox 3304 4874 3445 4942; x_wconf 91' lang='lat' dir='ltr'><strong>quod</strong></span> <span class='ocrx_word' id='word_1_780' title='bbox 3489 4876 3607 4931; x_wconf 77' lang='lat' dir='ltr'><strong>alia:</strong></span> <span class='ocrx_word' id='word_1_781' title='bbox 3652 4891 3873 4935; x_wconf 80' lang='lat' dir='ltr'><strong>suntex</strong></span> 
     </span>
    </p>
   </div>
   <div class='ocr_carea' id='block_1_111' title="bbox 2300 4956 3865 5038">
    <p class='ocr_par' dir='ltr' id='par_1_111' title="bbox 2300 4956 3865 5038">
     <span class='ocr_line' id='line_1_111' title="bbox 2300 4956 3865 5038; baseline 0.013 -31"><span class='ocrx_word' id='word_1_782' title='bbox 2300 4964 2429 5017; x_wconf 85' lang='lat' dir='ltr'><strong>toto,</strong></span> <span class='ocrx_word' id='word_1_783' title='bbox 2462 4956 2578 5009; x_wconf 75' lang='lat' dir='ltr'><strong>alim</strong></span> <span class='ocrx_word' id='word_1_784' title='bbox 2609 4972 2671 5010; x_wconf 80' lang='lat' dir='ltr'><strong>cx</strong></span> <span class='ocrx_word' id='word_1_785' title='bbox 2706 4959 2963 5026; x_wconf 85' lang='lat' dir='ltr'><strong>partibus,</strong></span> <span class='ocrx_word' id='word_1_786' title='bbox 2997 4962 3077 5016; x_wconf 65' lang='lat' dir='ltr'><strong>hae</strong></span> <span class='ocrx_word' id='word_1_787' title='bbox 3117 4963 3255 5019; x_wconf 89' lang='lat' dir='ltr'><strong>inter</strong></span> <span class='ocrx_word' id='word_1_788' title='bbox 3282 4981 3341 5021; x_wconf 90' lang='lat' dir='ltr'><strong>se</strong></span> <span class='ocrx_word' id='word_1_789' title='bbox 3365 4981 3685 5038; x_wconf 72' lang='lat' dir='ltr'><strong>comparata:</strong></span> <span class='ocrx_word' id='word_1_790' title='bbox 3713 4972 3865 5027; x_wconf 76' lang='lat' dir='ltr'><strong>diffe-</strong></span> 
     </span>
    </p>
   </div>
   <div class='ocr_carea' id='block_1_112' title="bbox 2297 5050 3871 5134">
    <p class='ocr_par' dir='ltr' id='par_1_112' title="bbox 2297 5050 3871 5134">
     <span class='ocr_line' id='line_1_112' title="bbox 2297 5050 3871 5134; baseline 0.01 -31"><span class='ocrx_word' id='word_1_791' title='bbox 2297 5050 2484 5103; x_wconf 66' lang='lat' dir='ltr'><strong>rentia!</strong></span> <span class='ocrx_word' id='word_1_792' title='bbox 2512 5051 2805 5107; x_wconf 88' lang='lat' dir='ltr'><strong>divisibiles</strong></span> <span class='ocrx_word' id='word_1_793' title='bbox 2836 5063 2988 5121; x_wconf 90' lang='lat' dir='ltr'><strong>sunt,</strong></span> <span class='ocrx_word' id='word_1_794' title='bbox 3018 5055 3084 5109; x_wconf 90' lang='lat' dir='ltr'><strong>ad</strong></span> <span class='ocrx_word' id='word_1_795' title='bbox 3115 5056 3256 5126; x_wconf 89' lang='lat' dir='ltr'><strong>ipsas</strong></span> <span class='ocrx_word' id='word_1_796' title='bbox 3302 5074 3430 5114; x_wconf 90' lang='lat' dir='ltr'><strong>vero</strong></span> <span class='ocrx_word' id='word_1_797' title='bbox 3454 5062 3713 5117; x_wconf 81' lang='lat' dir='ltr'><strong>maximas</strong></span> <span class='ocrx_word' id='word_1_798' title='bbox 3747 5080 3871 5134; x_wconf 84' lang='lat' dir='ltr'><strong>pro-</strong></span> 
     </span>
    </p>
   </div>
   <div class='ocr_carea' id='block_1_113' title="bbox 2299 5141 3872 5230">
    <p class='ocr_par' dir='ltr' id='par_1_113' title="bbox 2299 5141 3872 5230">
     <span class='ocr_line' id='line_1_113' title="bbox 2299 5141 3872 5230; baseline 0.015 -38"><span class='ocrx_word' id='word_1_799' title='bbox 2299 5141 2588 5211; x_wconf 89' lang='lat' dir='ltr'><strong>positiones</strong></span> <span class='ocrx_word' id='word_1_800' title='bbox 2632 5144 3051 5203; x_wconf 81' lang='lat' dir='ltr'><strong>differentiarum</strong></span> <span class='ocrx_word' id='word_1_801' title='bbox 3091 5153 3433 5210; x_wconf 67' lang='lat' dir='ltr'><strong>continentiae</strong></span> <span class='ocrx_word' id='word_1_802' title='bbox 3465 5158 3609 5213; x_wconf 81' lang='lat' dir='ltr'><strong>velut</strong></span> <span class='ocrx_word' id='word_1_803' title='bbox 3657 5162 3872 5230; x_wconf 89' lang='lat' dir='ltr'><strong>generis</strong></span> 
     </span>
    </p>
   </div>
   <div class='ocr_carea' id='block_1_114' title="bbox 2298 5234 3874 5324">
    <p class='ocr_par' dir='ltr' id='par_1_114' title="bbox 2298 5234 3874 5324">
     <span class='ocr_line' id='line_1_114' title="bbox 2298 5234 3874 5324; baseline 0.015 -36"><span class='ocrx_word' id='word_1_804' title='bbox 2298 5234 2414 5289; x_wconf 91' lang='lat' dir='ltr'><strong>loco</strong></span> <span class='ocrx_word' id='word_1_805' title='bbox 2443 5244 2587 5290; x_wconf 90' lang='lat' dir='ltr'><strong>sunt.</strong></span> <span class='ocrx_word' id='word_1_806' title='bbox 2622 5238 2750 5293; x_wconf 89' lang='lat' dir='ltr'><strong>Nam</strong></span> <span class='ocrx_word' id='word_1_807' title='bbox 2782 5243 3155 5311; x_wconf 89' lang='lat' dir='ltr'><strong>propositionis</strong></span> <span class='ocrx_word' id='word_1_808' title='bbox 3197 5262 3262 5303; x_wconf 82' lang='lat' dir='ltr'><strong>ex</strong></span> <span class='ocrx_word' id='word_1_809' title='bbox 3292 5258 3401 5306; x_wconf 91' lang='lat' dir='ltr'><strong>toto</strong></span> <span class='ocrx_word' id='word_1_810' title='bbox 3421 5254 3684 5312; x_wconf 85' lang='lat' dir='ltr'><strong>venientis</strong></span> <span class='ocrx_word' id='word_1_811' title='bbox 3705 5272 3874 5324; x_wconf 83' lang='lat' dir='ltr'><strong>genus</strong></span> 
     </span>
    </p>
   </div>
   <div class='ocr_carea' id='block_1_115' title="bbox 2295 5334 3869 5422">
    <p class='ocr_par' dir='ltr' id='par_1_115' title="bbox 2295 5334 3869 5422">
     <span class='ocr_line' id='line_1_115' title="bbox 2295 5334 3869 5422; baseline 0.015 -36"><span class='ocrx_word' id='word_1_812' title='bbox 2295 5342 2377 5387; x_wconf 88' lang='lat' dir='ltr'><strong>est</strong></span> <span class='ocrx_word' id='word_1_813' title='bbox 2407 5334 2473 5387; x_wconf 93' lang='lat' dir='ltr'><strong>idi</strong></span> <span class='ocrx_word' id='word_1_814' title='bbox 2485 5350 2635 5403; x_wconf 92' lang='lat' dir='ltr'><strong>psum</strong></span> <span class='ocrx_word' id='word_1_815' title='bbox 2663 5339 2805 5408; x_wconf 91' lang='lat' dir='ltr'><strong>quod</strong></span> <span class='ocrx_word' id='word_1_816' title='bbox 2829 5351 3047 5398; x_wconf 90' lang='lat' dir='ltr'><strong>vocatur</strong></span> <span class='ocrx_word' id='word_1_817' title='bbox 3068 5361 3133 5400; x_wconf 87' lang='lat' dir='ltr'><strong>ex</strong></span> <span class='ocrx_word' id='word_1_818' title='bbox 3162 5356 3291 5403; x_wconf 91' lang='lat' dir='ltr'><strong>toto.</strong></span> <span class='ocrx_word' id='word_1_819' title='bbox 3324 5349 3453 5406; x_wconf 84' lang='lat' dir='ltr'><strong>Item</strong></span> <span class='ocrx_word' id='word_1_820' title='bbox 3479 5354 3869 5422; x_wconf 86' lang='lat' dir='ltr'><strong>propositiones</strong></span> 
     </span>
    </p>
   </div>
   <div class='ocr_carea' id='block_1_116' title="bbox 2296 5425 3865 5511">
    <p class='ocr_par' dir='ltr' id='par_1_116' title="bbox 2296 5425 3865 5511">
     <span class='ocr_line' id='line_1_116' title="bbox 2296 5425 3865 5511; baseline 0.015 -35"><span class='ocrx_word' id='word_1_821' title='bbox 2296 5438 2325 5476; x_wconf 92' lang='lat' dir='ltr'><strong>a</strong></span> <span class='ocrx_word' id='word_1_822' title='bbox 2350 5425 2584 5491; x_wconf 87' lang='lat' dir='ltr'><strong>partibus</strong></span> <span class='ocrx_word' id='word_1_823' title='bbox 2601 5426 2795 5497; x_wconf 60' lang='lat' dir='ltr'><strong>ductae,</strong></span> <span class='ocrx_word' id='word_1_824' title='bbox 2814 5434 3054 5502; x_wconf 88' lang='lat' dir='ltr'><strong>quamvis</strong></span> <span class='ocrx_word' id='word_1_825' title='bbox 3078 5444 3216 5492; x_wconf 74' lang='lat' dir='ltr'><strong>nota:</strong></span> <span class='ocrx_word' id='word_1_826' title='bbox 3237 5440 3344 5494; x_wconf 89' lang='lat' dir='ltr'><strong>sint.</strong></span> <span class='ocrx_word' id='word_1_827' title='bbox 3364 5450 3522 5511; x_wconf 87' lang='lat' dir='ltr'><strong>atque</strong></span> <span class='ocrx_word' id='word_1_828' title='bbox 3544 5443 3865 5508; x_wconf 60' lang='lat' dir='ltr'><strong>manifestat,</strong></span> 
     </span>
    </p>
   </div>
   <div class='ocr_carea' id='block_1_117' title="bbox 2295 5522 3867 5594">
    <p class='ocr_par' dir='ltr' id='par_1_117' title="bbox 2295 5522 3867 5594">
     <span class='ocr_line' id='line_1_117' title="bbox 2295 5522 3867 5594; baseline 0.015 -26"><span class='ocrx_word' id='word_1_829' title='bbox 2295 5529 2464 5582; x_wconf 90' lang='lat' dir='ltr'><strong>genus</strong></span> <span class='ocrx_word' id='word_1_830' title='bbox 2517 5528 2621 5584; x_wconf 91' lang='lat' dir='ltr'><strong>est,</strong></span> <span class='ocrx_word' id='word_1_831' title='bbox 2662 5522 2801 5591; x_wconf 87' lang='lat' dir='ltr'><strong>quod</strong></span> <span class='ocrx_word' id='word_1_832' title='bbox 2850 5539 2878 5576; x_wconf 93' lang='lat' dir='ltr'><strong>a</strong></span> <span class='ocrx_word' id='word_1_833' title='bbox 2922 5529 3178 5594; x_wconf 89' lang='lat' dir='ltr'><strong>partibus,</strong></span> <span class='ocrx_word' id='word_1_834' title='bbox 3213 5540 3267 5585; x_wconf 93' lang='lat' dir='ltr'><strong>et</strong></span> <span class='ocrx_word' id='word_1_835' title='bbox 3310 5540 3521 5589; x_wconf 69' lang='lat' dir='ltr'><strong>steteras</strong></span> <span class='ocrx_word' id='word_1_836' title='bbox 3550 5534 3867 5591; x_wconf 71' lang='lat' dir='ltr'><strong>ditlereutiat</strong></span> 
     </span>
    </p>
   </div>
   <div class='ocr_carea' id='block_1_118' title="bbox 2294 5612 3862 5691">
    <p class='ocr_par' dir='ltr' id='par_1_118' title="bbox 2294 5612 3862 5691">
     <span class='ocr_line' id='line_1_118' title="bbox 2294 5612 3862 5691; baseline 0.018 -35"><span class='ocrx_word' id='word_1_837' title='bbox 2294 5618 2474 5660; x_wconf 90' lang='lat' dir='ltr'><strong>carum</strong></span> <span class='ocrx_word' id='word_1_838' title='bbox 2505 5612 2928 5678; x_wconf 84' lang='lat' dir='ltr'><strong>prepositionum</strong></span> <span class='ocrx_word' id='word_1_839' title='bbox 2960 5632 3079 5684; x_wconf 65' lang='lat' dir='ltr'><strong>quae</strong></span> <span class='ocrx_word' id='word_1_840' title='bbox 3108 5635 3227 5675; x_wconf 92' lang='lat' dir='ltr'><strong>cum</strong></span> <span class='ocrx_word' id='word_1_841' title='bbox 3259 5620 3369 5677; x_wconf 85' lang='lat' dir='ltr'><strong>sint</strong></span> <span class='ocrx_word' id='word_1_842' title='bbox 3388 5626 3655 5691; x_wconf 78' lang='lat' dir='ltr'><strong>maximae,</strong></span> <span class='ocrx_word' id='word_1_843' title='bbox 3691 5637 3862 5683; x_wconf 89' lang='lat' dir='ltr'><strong>tamen</strong></span> 
     </span>
    </p>
   </div>
   <div class='ocr_carea' id='block_1_119' title="bbox 2292 5696 3857 5787">
    <p class='ocr_par' dir='ltr' id='par_1_119' title="bbox 2292 5696 3857 5787">
     <span class='ocr_line' id='line_1_119' title="bbox 2292 5696 3857 5787; baseline 0.016 -40"><span class='ocrx_word' id='word_1_844' title='bbox 2292 5696 2492 5751; x_wconf 91' lang='lat' dir='ltr'><strong>eisdem</strong></span> <span class='ocrx_word' id='word_1_845' title='bbox 2529 5700 2774 5755; x_wconf 91' lang='lat' dir='ltr'><strong>videntur</strong></span> <span class='ocrx_word' id='word_1_846' title='bbox 2802 5704 3021 5772; x_wconf 90' lang='lat' dir='ltr'><strong>includi,</strong></span> <span class='ocrx_word' id='word_1_847' title='bbox 3052 5710 3197 5765; x_wconf 89' lang='lat' dir='ltr'><strong>velut</strong></span> <span class='ocrx_word' id='word_1_848' title='bbox 3236 5714 3479 5782; x_wconf 66' lang='lat' dir='ltr'><strong>quaedam</strong></span> <span class='ocrx_word' id='word_1_849' title='bbox 3511 5732 3710 5787; x_wconf 87' lang='lat' dir='ltr'><strong>genera</strong></span> <span class='ocrx_word' id='word_1_850' title='bbox 3737 5718 3857 5773; x_wconf 90' lang='lat' dir='ltr'><strong>sint.</strong></span> 
     </span>
    </p>
   </div>
   <div class='ocr_carea' id='block_1_120' title="bbox 2290 5784 3861 5876">
    <p class='ocr_par' dir='ltr' id='par_1_120' title="bbox 2290 5784 3861 5876">
     <span class='ocr_line' id='line_1_120' title="bbox 2290 5784 3861 5876; baseline 0.018 -40"><span class='ocrx_word' id='word_1_851' title='bbox 2290 5784 2421 5849; x_wconf 71' lang='lat' dir='ltr'><strong>Qua:</strong></span> <span class='ocrx_word' id='word_1_852' title='bbox 2458 5804 2585 5844; x_wconf 91' lang='lat' dir='ltr'><strong>vero</strong></span> <span class='ocrx_word' id='word_1_853' title='bbox 2612 5792 2720 5847; x_wconf 91' lang='lat' dir='ltr'><strong>sint</strong></span> <span class='ocrx_word' id='word_1_854' title='bbox 2747 5796 2826 5850; x_wconf 72' lang='lat' dir='ltr'><strong>Ita:</strong></span> <span class='ocrx_word' id='word_1_855' title='bbox 2855 5795 3167 5855; x_wconf 75' lang='lat' dir='ltr'><strong>differentia:</strong></span> <span class='ocrx_word' id='word_1_856' title='bbox 3212 5806 3366 5872; x_wconf 88' lang='lat' dir='ltr'><strong>paulo</strong></span> <span class='ocrx_word' id='word_1_857' title='bbox 3397 5784 3661 5876; x_wconf 77' lang='lat' dir='ltr'><strong>posterius</strong></span> <span class='ocrx_word' id='word_1_858' title='bbox 3691 5809 3861 5864; x_wconf 85' lang='lat' dir='ltr'><strong>disse-</strong></span> 
     </span>
    </p>
   </div>
   <div class='ocr_carea' id='block_1_121' title="bbox 2288 5872 3865 5961">
    <p class='ocr_par' dir='ltr' id='par_1_121' title="bbox 2288 5872 3865 5961">
     <span class='ocr_line' id='line_1_121' title="bbox 2288 5872 3865 5961; baseline 0.021 -32"><span class='ocrx_word' id='word_1_859' title='bbox 2288 5886 2423 5929; x_wconf 86' lang='lat' dir='ltr'><strong>ram.</strong></span> <span class='ocrx_word' id='word_1_860' title='bbox 2461 5872 2537 5933; x_wconf 87' lang='lat' dir='ltr'><strong>De</strong></span> <span class='ocrx_word' id='word_1_861' title='bbox 2567 5875 2652 5935; x_wconf 88' lang='lat' dir='ltr'><strong>bis</strong></span> <span class='ocrx_word' id='word_1_862' title='bbox 2694 5880 2853 5955; x_wconf 87' lang='lat' dir='ltr'><strong>igitur</strong></span> <span class='ocrx_word' id='word_1_863' title='bbox 2876 5900 3015 5943; x_wconf 90' lang='lat' dir='ltr'><strong>nunc</strong></span> <span class='ocrx_word' id='word_1_864' title='bbox 3045 5886 3177 5948; x_wconf 82' lang='lat' dir='ltr'><strong>locis</strong></span> <span class='ocrx_word' id='word_1_865' title='bbox 3217 5872 3444 5953; x_wconf 78' lang='lat' dir='ltr'><strong>tractare</strong></span> <span class='ocrx_word' id='word_1_866' title='bbox 3471 5893 3673 5955; x_wconf 80' lang='lat' dir='ltr'><strong>Tullius</strong></span> <span class='ocrx_word' id='word_1_867' title='bbox 3709 5896 3865 5961; x_wconf 73' lang='lat' dir='ltr'><strong>inSti~</strong></span> 
     </span>
    </p>
   </div>
  </div>
