4248 6272
488 493 512 546 l
523 490 627 545 053

1323 483 1385 540 IN
1421 479 1665 539 TOPICA
1699 463 2061 535 CICERONIS
2101 444 2616 532 communem.
2665 480 2789 536 ue.
2836 481 2875 536 ι.

3595 486 3735 542 4034

487 606 588 662 tuit
621 604 710 673 qui
753 568 1029 671 imximss
1069 599 1460 671 propositiones
1491 613 1623 668 quas
1649 594 1895 665 superius
1924 586 2068 645 dixi-
2094 589 2150 646 Δ
2173 587 2257 641 vel
2288 600 2602 658 argumento
2629 593 2765 649 vires
2811 597 3096 666 ministret,
3130 615 3234 654 non
3267 590 3347 656 est
3368 601 3585 658 dubium
3614 579 3741 683 quin

487 715 628 765 mus,
658 698 710 753 id
739 705 822 753 est
846 696 940 766 ι)εὲ
964 711 1023 752 se
1048 703 1206 751 notas
1227 706 1385 765 atque
1404 692 1754 755 universales,
1784 686 2063 745 continent

488 798 649 861 atque
680 791 973 845 includunt.
1006 789 1098 845 Hae
1123 803 1251 845 vero
1280 798 1399 843 sunt
1431 782 1782 842 maximarum
1814 781 2064 838 differen-

489 880 575 935 tite
605 880 1051 950 propositionum.
1102 877 1180 933 De
1215 876 1592 932 universalium
1626 874 1785 943 igitur
1811 871 2061 928 enuntia-

486 969 690 1025 tionum
720 984 816 1039 per
840 984 1003 1040 seque
1034 977 1279 1023 notarum
1308 964 1884 1036 ditierentiisvdisserit,
1919 974 1973 1017 ut
2006 963 2064 1016 tit

485 1062 689 1130 integer
716 1062 865 1117 locus
887 1059 1191 1130 argumenti
1222 1058 1397 1125 sedes.
1447 1058 1578 1112 Nam
1619 1056 1664 1111 si
1690 1064 2059 1124 argumentum

483 1165 643 1206 omne
672 1166 768 1222 per
797 1151 1190 1221 propositiones
1216 1150 1280 1205 ad
1309 1148 1711 1204 conclusionem
1744 1162 1912 1217 usque
1943 1160 2063 1212 per-

468 1241 719 1323 ducitur,
745 1259 932 1300 omnes
961 1260 1091 1299 vero
1120 1243 1342 1314 reliquae
1366 1241 1761 1311 propositiones
1802 1240 1853 1293 in
1894 1240 2061 1309 prima

484 1337 823 1407 maximaque
856 1338 1222 1408 propositione
1252 1336 1613 1401 continentur,
1646 1334 1865 1405 ipsaque
1895 1331 2060 1400 prima

480 1442 543 1483 ac
588 1430 819 1483 maxima
860 1427 1179 1500 propositio,
1222 1438 1333 1482 tum
1362 1442 1487 1496 pars
1526 1432 1609 1481 est
1648 1421 2065 1494 argumentatio-

483 1521 586 1584 nis,
622 1519 673 1574 id
704 1528 785 1575 est
814 1521 1147 1590 syllogismi,
1197 1528 1307 1573 tum
1352 1515 1681 1586 extraposita
1726 1521 2065 1581 argumenta-

484 1610 614 1664 tioni
638 1611 777 1665 vires
804 1612 1097 1676 ministrat,
1120 1620 1177 1683 ut
1214 1618 1445 1680 utroque
1477 1606 1636 1662 modo
1660 1604 1909 1675 quoniam
1944 1617 2064 1672 per-

485 1702 593 1756 licit
634 1714 1035 1774 argumentum,
1084 1718 1205 1771 pars
1286 1697 1764 1772 argumentationis
1821 1695 2061 1762 quaedam

482 1794 602 1848 εεεε
633 1794 891 1858 videatur,
927 1810 1033 1848 non
1063 1803 1146 1849 est
1185 1793 1404 1853 dubium
1441 1792 1569 1861 quin
1598 1790 1681 1843 bae
1724 1787 2060 1848 dill‘erentiaa,

479 1898 598 1955 quae
621 1886 1012 1955 pr0positiones
1034 1884 1301 1939 maximas
1326 1882 1620 1945 continent,
1646 1879 1847 1935 eaedem
1873 1890 2063 1929 omnes

2168 693 2232 733 ea
2266 690 2359 734 toti
2402 694 2719 752 argumento
2764 686 2910 742 locus
2940 704 3059 744 esse
3105 692 3369 758 videatur,
3400 697 3537 764 quod
3570 706 3739 753 totum

2169 771 2307 826 intra
2357 777 2602 829 maximzc
2637 779 3016 847 propositionis
3059 785 3316 840 ambitum
3371 789 3587 847 claudit.
3639 768 3741 847 De-

2168 875 2517 922 mnnstratum
2564 868 2721 937 igitur
2758 881 2840 925 est
2881 890 2998 941 qua:
3046 876 3152 929 sint
3180 860 3611 946 argumentorum
3658 899 3745 937 se-

2167 956 2281 1021 des,
2322 959 2370 1011 id
2403 968 2505 1023 est,
2540 961 2626 1015 ubi
2659 974 2967 1030 argumenta
3001 963 3319 1021 clauduntur
3353 970 3455 1039 (liae
3486 982 3609 1027 sunt
3645 987 3743 1028 att-

2167 1056 2273 1103 tem
2327 1051 2674 1105 maximarum
2730 1053 3153 1141 propositionum
3212 1056 3574 1131 dill‘erentiaz),
3626 1077 3745 1133 qua

2165 1151 2425 1195 vocantur
2454 1141 2574 1204 loci,
2605 1142 2729 1209 quid
2765 1144 2922 1198 etiam
2956 1157 3347 1215 argumentum,
3380 1152 3628 1218 quoniam
3661 1163 3745 1208 est

2138 1232 2243 1287 'rei
2274 1231 2447 1286 dubias
2479 1233 2678 1287 iaciens
2710 1234 2888 1300 ﬁdem,
2918 1253 3036 1307 qua:
3068 1238 3135 1292 sit
3177 1256 3303 1294 vero
3348 1257 3433 1297 res
3459 1242 3642 1308 dubia,
3688 1245 3740 1299 id

2166 1334 2247 1377 est
2284 1339 2407 1391 pars
2438 1325 2604 1378 altera
2644 1327 2953 1394 quaestionis
2978 1370 2991 1393 ,
3022 1329 3145 1398 quid
3191 1333 3259 1385 sit
3288 1334 3532 1401 quaastio,
3567 1333 3615 1387 id
3660 1344 3743 1392 est

2166 1413 2469 1468 dubitabilis
2508 1418 2830 1485 propositio,
2874 1420 3000 1488 quid
3044 1421 3111 1475 sit
3154 1422 3378 1493 simplex
3422 1427 3741 1495 propositio,

2167 1504 2217 1558 id
2245 1515 2327 1559 est
2354 1508 2666 1570 enuntiatio,
2692 1525 2808 1578 qua:
2840 1511 3123 1578 [medicato
3156 1530 3216 1568 ac
3243 1513 3483 1585 subjecto
3514 1518 3743 1572 termino

2166 1588 2518 1659 centineatur,
2566 1614 2745 1652 verum
2780 1599 3039 1657 falsumve
3068 1603 3369 1674 designans,
3415 1624 3532 1679 qua:
3562 1610 3741 1664 omnia

2166 1685 2474 1739 meminisse
2503 1697 2733 1756 oportet.
2770 1690 3117 1748 Maximarum
3149 1696 3289 1749 cnim
3324 1700 3743 1766 propositionum

2167 1776 2479 1831 dilierentite
2525 1794 2655 1845 quas
2702 1781 2845 1834 locus
2893 1800 3010 1837 esse
3059 1786 3421 1855 pmdiximus,
3456 1790 3523 1843 ab
3548 1789 3638 1845 {iis
3663 1790 3746 1846 di-

2166 1876 2360 1920 cuntur
2401 1866 2645 1922 terminis
2674 1872 2759 1938 qui
2796 1873 2941 1940 prius
2990 1874 3040 1927 in
3074 1879 3435 1946 propositione
3466 1895 3611 1948 sunt,
3644 1897 3744 1951 p0-

479 1974 641 2028 eliam
693 1975 999 2030 contineant
1029 1974 1558 2049 argumentationes,
1609 1980 1666 2025 ut
1706 1972 2059 2024 maximarum
2090 1959 2364 2026 B‘sterius
2388 1958 2439 2011 in
2463 1964 2756 2024 quaestione
2778 1964 3203 2034 considerantur,
3232 1967 3517 2037 praedicata
3541 1958 3745 2027 scilicet

478 2063 905 2134 propositionum
956 2065 1269 2123 diﬂ'erenlite
1306 2064 1427 2135 jure
1471 2064 1573 2118 loci
1623 2070 2058 2132 argumentorum

478 2164 534 2210 et
566 2157 719 2227 quasi
746 2158 989 2227 qumdam
1020 2157 1221 2210 ultimae
1260 2157 1417 2211 sedes
1442 2169 1565 2210 esse
1598 2154 1897 2208 videantur.
1927 2149 2059 2203 Nam

478 2261 545 2301 ex
572 2246 655 2301 itis
680 2256 908 2317 quatuor
938 2246 1413 2323 significationibus
1462 2244 1880 2315 appellationum
1927 2240 2058 2293 dua-

476 2349 616 2401 rum,
642 2320 1115 2406 argumentationis
1143 2335 1346 2390 scilicet
1369 2344 1530 2401 atque
1554 2331 1877 2403 argumenti,
1902 2344 2057 2382 unam

474 2428 770 2497 quamlibet
816 2412 935 2499 esse
976 2441 1196 2481 necesse
1244 2437 1343 2480 est.
1394 2427 1500 2479 Aut
1540 2424 1683 2477 enim
1726 2419 1959 2475 elocutio
2006 2416 2059 2472 et

474 2520 749 2575 contextio
776 2519 887 2587 ipsa
926 2517 1349 2588 propositionum
1380 2531 1500 2570 cum
1533 2512 1782 2567 maximis
1811 2507 2057 2581 proposi-

476 2610 729 2675 tionibus,
764 2609 847 2663 vel
870 2596 1018 2663 e’xtra
1042 2608 1411 2679 syllogismum
1439 2604 1645 2674 positis,
1671 2602 1757 2657 vel
1789 2604 1839 2655 in
1867 2600 2055 2655 eodem

476 2699 721 2767 inclusis,
770 2700 1161 2768 argumentatio
1210 2706 1451 2751 vocatur.
1501 2699 1884 2764 Argumentum
1930 2694 2058 2743 vero

478 2803 633 2845 mens
660 2799 715 2846 et
748 2776 1013 2844 sententia
1042 2788 1364 2859 syllogismi,
1388 2796 1479 2841 aut
1504 2785 1736 2841 elocutio
1768 2783 2055 2837 ratiocina-

477 2879 641 2936 tionis
694 2894 815 2936 cum
874 2882 1119 2935 maximis
1178 2877 1635 2949 prottositionibus
1690 2884 1745 2929 ct
1795 2871 2055 2927 sententia

475 2973 773 3046 sylldgismi
820 2981 1193 3043 argumentum
1245 2986 1365 3025 esse
1412 2970 1651 3034 dicetur,
1701 2976 1755 3021 nt
1802 2966 1937 3021 idem
1988 2965 2058 3019 sit

476 3072 847 3133 argumentum
879 3064 1019 3131 quod
1060 3062 1470 3134 argumentatio.
1523 3065 1628 3114 Aut
1667 3061 2057 3128 argumentatio

472 3154 689 3226 quidem
714 3156 990 3210 vocabitur
1019 3164 1128 3210 tota
1150 3153 1423 3209 contextio
1454 3151 1751 3224 syllogismi
1783 3165 1904 3205 cum
1936 3164 2057 3203 seu-

474 3247 661 3314 tentia,
693 3247 786 3302 sed
816 3257 1189 3318 argumentum
1232 3249 1460 3301 maxima
1493 3244 1812 3315 propositio,
1855 3254 1945 3297 aut
1976 3245 2057 3297 in-

2166 2060 2326 2116 atque
2375 2049 2638 2119 subjecto.
2695 2051 2776 2105 Ex
2825 2052 2907 2106 bis
2948 2055 3109 2108 etiam
3152 2072 3269 2125 quae
3310 2060 3555 2137 superius
3603 2061 3743 2115 dicta

2162 2150 2288 2195 sunt
2328 2141 2451 2209 quid
2484 2142 2681 2197 distent
2721 2145 2916 2212 Topica
2947 2145 3218 2202 Ciceronis
3256 2160 3415 2221 atque
3443 2152 3742 2209 Aristotelis

2161 2234 2425 2302 apparuit.
2476 2236 2786 2293 Aristoteles
2833 2254 3059 2309 namque
3099 2242 3165 2295 de
3197 2245 3440 2298 maximis
3489 2246 3736 2315 pr0posi-

2161 2324 2398 2379 tionibus
2423 2325 2659 2391 disserit,
2689 2329 2783 2381 ltas
2814 2328 2957 2383 enim
2988 2333 3131 2385 locos
3160 2345 3595 2407 argumentorum
3621 2353 3741 2394 csse

2160 2416 2358 2486 posuit,
2384 2425 2444 2471 ut
2472 2432 2571 2472 nos
2609 2434 2820 2490 quoque
2860 2436 3016 2491 supra
3049 2426 3347 2479 retulimus.
3380 2428 3583 2482 Tullius
3614 2444 3741 2485 vero

2163 2507 2309 2561 locos
2339 2522 2442 2562 non
2473 2509 2733 2564 maximas
2776 2513 3187 2581 propositiones,
3219 2517 3311 2569 sed
3343 2531 3524 2571 earum
3566 2518 3740 2572 conti-

2163 2612 2351 2655 nentes
2373 2600 2704 2656 ditierentias
2733 2612 2983 2668 vocat,ac
3019 2605 3087 2660 de
3124 2607 3206 2660 bis
3227 2607 3419 2662 docere
3443 2608 3735 2664 contendit.

2233 2692 2338 2746 Sed
2367 2708 2431 2747 ea:
2459 2695 2535 2745 Itis
2571 2693 2695 2748 locis
2730 2695 2781 2747 in
2811 2697 2991 2765 quibus
3019 2710 3320 2767 argumenta
3360 2702 3556 2753 inclusa
3588 2710 3732 2767 sunt,

2161 2785 2251 2838 alii
2285 2784 2337 2837 in
2363 2801 2422 2839 ea
2453 2787 2563 2856 ipso
2595 2786 2656 2841 de
2677 2805 2779 2857 quo
2806 2792 2975 2858 agitur
3006 2792 3219 2857 luerent,
3250 2792 3342 2845 alii
3367 2804 3633 2846 sumuntur
3661 2810 3741 2849 ea:-

2162 2876 2425 2941 triusec'us,
2469 2878 2522 2931 in
2552 2878 2681 2948 ipso,
2716 2888 2822 2931 tum
2854 2896 2915 2932 ex
2948 2890 3071 2945 toto,
3115 2891 3222 2935 tum
3257 2898 3320 2935 ex
3343 2882 3576 2953 partibus
3605 2884 3736 2953 ejus,

2160 2979 2266 3022 tum
2297 2984 2360 3023 ea:
2389 2982 2530 3036 nom,
2561 2981 2669 3024 tum
2693 2986 2756 3041 ea:
2794 2972 2871 3023 Itis
2899 2972 3045 3025 rebus
3076 2989 3188 3041 qua:
3212 2972 3590 3038 quodammodo
3614 2954 3740 3042 affe-

2160 3071 2254 3114 CltL’
2277 3070 2394 3115 sunt
2422 3061 2491 3115 ad
2521 3062 2576 3114 id
2603 3062 2666 3115 de
2692 3079 2792 3130 quo
2814 3064 3084 3133 quwrilur.
3125 3062 3452 3118 Extrinsecus
3483 3075 3652 3118 autem
3683 3080 3742 3135 ea

2160 3152 2405 3205 dicuntur
2434 3169 2548 3223 qua!
2578 3155 2756 3207 absunt
2786 3154 3032 3227 longeque
3059 3155 3315 3224 disjuncla
3348 3164 3487 3209 sunt.
3538 3150 3543 3155 ’

2233 3241 2357 3297 Post
2387 3244 2762 3298 difﬁnitiouem
2799 3245 2899 3298 loci
2930 3254 3087 3314 atque
3132 3247 3429 3315 argumenti
3471 3244 3599 3303 facit
3626 3243 3736 3316 ple-

474 3344 627 3406 teger
668 3338 1087 3392 ratiocinationis
1126 3338 1259 3392 ordo
1299 3345 1493 3406 praeter
1529 3337 1786 3389 maximas
1815 3335 2057 3405 propnsi-
2080 3321 2131 3387 Ε
2164 3337 2438 3391 nissimam
2464 3337 2781 3391 divisionem
2814 3339 3071 3392 locorum.
3116 3338 3193 3394 Ac
3233 3338 3458 3408 primum
3488 3321 3738 3409 quoniam

471 3426 645 3484 tiones
675 3432 1084 3499 argumentatio,
1116 3431 1378 3485 sententia
1404 3444 1533 3484 vero
1574 3431 2055 3499 argumentationis

472 3528 867 3589 argumentum.
913 3519 1139 3590 Reliqua
1180 3535 1313 3575 vero
1345 3521 1573 3574 maxima
1619 3520 1938 3590 propositio,
1979 3519 2057 3573 lo-

469 3626 587 3669 cus.
618 3614 727 3671 Sed
757 3629 879 3670 cum
922 3614 1037 3669 bzec
1075 3615 1147 3669 ita
1189 3614 1318 3682 sint,
1360 3615 1471 3669 slve
1501 3614 1620 3684 quis
1666 3615 1897 3683 ipsarum
1933 3629 2056 3682 pro-

472 3704 798 3777 positionum
830 3706 1251 3772 contextionem,
1281 3714 1335 3760 et
1364 3720 1533 3774 usque
1564 3705 1627 3759 ad
1654 3705 2054 3759 conclusionem

471 3796 784 3851 continuum
830 3797 1045 3853 ductum
1092 3812 1212 3852 cum
1264 3798 1493 3850 maxima
1545 3798 1929 3865 propositione,
1970 3790 2055 3850 vel

472 3895 629 3943 extra
657 3876 861 3956 pos'ita,
892 3888 974 3941 vel
1003 3888 1461 3957 propositionibus
1502 3889 1927 3943 ratiocinationis
1970 3878 2055 3940 in;

474 3974 647 4041 clusa,
695 3978 1208 4045 argumentationem
1258 3992 1454 4035 vocare
1500 3978 1649 4041 Velit,
1684 3989 2054 4049 argumentum

475 4081 605 4123 vero
632 4069 952 4124 sententiam
996 4054 1337 4141 mentemque
1367 4071 1814 4137 ratiocinationis,
1860 4071 2056 4125 nihilo-

473 4159 649 4215 minus
680 4160 828 4215 locos
860 4160 1199 4232 intelligimus
1232 4164 1585 4217 maximarum
1631 4161 2054 4233 propositionum

471 4249 833 4316 diderentias;
859 4251 972 4307 sive
994 4253 1111 4322 quis
1134 4253 1557 4309 ratiocinationis
1583 4255 1747 4329 totius
1764 4255 1871 4307 vim
1898 4264 2057 4321 atque

474 4343 801 4397 sententiam
843 4353 1004 4397 totam
1058 4359 1177 4400 cum
1237 4349 1468 4401 maxima
1521 4346 1924 4417 propositione,
1973 4346 2057 4400 vel

476 4435 639 4502 intra,
676 4437 762 4493 vel
804 4446 957 4493 extra
998 4441 1191 4509 posita,
1221 4450 1591 4510 argumentum
1620 4448 1811 4503 vocet,
1842 4456 1945 4493 non
1977 4448 2056 4493 est

475 4526 697 4582 dubium
740 4530 867 4599 quin
910 4531 1073 4587 totius
1110 4533 1533 4589 ratiocinationis
1575 4534 1722 4587 locus
1753 4533 1841 4587 ille
1871 4534 1940 4587 sit
1969 4532 2057 4600 qui

473 4625 557 4671 est
579 4617 823 4673 maxima:
853 4622 1233 4691 propositionis
1271 4622 1574 4678 differentia
1594 4663 1609 4688 ,
1639 4623 1878 4677 continet
1913 4624 2055 4676 enim

2160 3433 2336 3483 omnis
2368 3429 2565 3483 divisio
2600 3440 2789 3483 cuncta
2822 3430 2980 3483 debet
3025 3430 3293 3499 amplecti,
3340 3446 3513 3501 neque
3543 3445 3737 3500 super-

2159 3519 2323 3573 ﬂuum
2355 3521 2644 3589 quidquam
2674 3522 3037 3589 interponere,
3074 3537 3173 3575 nec
3227 3521 3472 3576 omittere
3515 3520 3639 3593 quid
3670 3506 3739 3577 sit

2162 3612 2553 3677 necessarium,
2586 3612 2638 3667 id
2671 3613 2737 3667 Μ,
2765 3613 2970 3667 Tullius
2998 3615 3265 3682 proposita
3301 3614 3558 3669 divisione
3585 3623 3736 3685 pate-

2160 3700 2287 3757 facit
2328 3702 2511 3756 dicens
2541 3718 2555 3751 ε
2590 3702 2664 3756 Ex
2699 3703 2782 3757 ltis
2816 3704 2945 3757 locis
2992 3704 3044 3756 in
3078 3703 3268 3773 quibus
3316 3715 3621 3775 argumenta
3652 3706 3736 3758 itt-

2160 3796 2311 3850 clnsa
2351 3807 2495 3858 sunt,
2539 3796 2673 3849 alios
2703 3797 2752 3849 in
2784 3812 2850 3850 eo
2895 3797 3013 3865 ipso
3053 3798 3120 3850 de
3151 3812 3258 3866 quo
3303 3798 3477 3865 agitur
3510 3797 3735 3865 haerere,

2160 3890 2294 3944 alios
2336 3890 2676 3943 extrinsecus
2708 3889 2925 3941 assumi.
2970 3887 3108 3940 Nihil
3157 3890 3300 3942 enim
3335 3891 3456 3943 ltuic
3488 3887 3735 3957 divisioni

2162 3997 2320 4051 posse
2344 3982 2554 4035 videtur
2574 3981 2693 4033 addi
2722 3981 2803 4032 vel
2831 3979 3018 4043 minui,
3048 3980 3476 4047 quandoquidem
3502 3980 3737 4035 breviter

2160 4081 2348 4127 cuncta
2379 4070 2774 4139 complectitur.
2811 4074 3258 4137 Argumentorntn
3305 4071 3444 4122 enim
3488 4071 3586 4124 loci
3620 4071 3737 4137 qui-

2161 4180 2373 4235 cunque
2402 4172 2707 4229 sumuntur,
2741 4170 2831 4215 aut
2857 4161 2907 4214 itt
2943 4162 3059 4229 ipso
3080 4160 3147 4215 de
3179 4176 3283 4229 quo
3307 4159 3481 4228 agitur
3508 4162 3732 4226 luerent,

2161 4266 2251 4310 aut
2294 4254 2531 4307 minime.
2565 4254 2618 4307 ld
2668 4263 2843 4306 autent
2901 4251 3120 4305 minime
3167 4252 3500 4305 extrinsecus
3533 4252 3736 4321 positos

2161 4363 2281 4402 esse
2313 4347 2577 4416 designat,
2610 4346 2749 4415 quod
2784 4346 2827 4398 si
2859 4346 2997 4398 inter
3024 4343 3073 4397 id
3106 4343 3243 4412 quod
3272 4342 3496 4397 dicimus
3534 4342 3586 4396 in
3622 4343 3735 4411 ipso

2161 4442 2227 4494 de
2256 4454 2359 4509 quo
2409 4438 2581 4507 agitur
2627 4439 2831 4492 luerere
2878 4447 3307 4506 argmnentorum
3342 4436 3505 4501 locos,
3536 4442 3589 4488 et
3628 4449 3735 4488 non

2163 4533 2367 4585 haerere
2394 4530 2524 4583 nihil
2564 4540 2644 4584 est
2686 4529 2940 4582 medium.
2979 4527 3120 4581 inter
3147 4526 3555 4580 aflirmalionent
3590 4526 3733 4580 enim

2160 4633 2317 4691 atque
2359 4622 2692 4689 negationem
2740 4618 2882 4671 nulla
2939 4626 3021 4671 est
3088 4618 3365 4671 medietas.
3403 4618 3642 4687 Cumque
3684 4618 3734 4672 in

475 4708 763 4763 maximam
795 4713 1236 4781 propositionem,
1271 4712 1326 4766 in
1371 4729 1475 4783 qua
1507 4713 1909 4783 propositiones
1955 4730 2059 4767 cm—
2084 4709 2139 4773 Ι)
2166 4715 2283 4779 ipso
2313 4711 2377 4765 de
2417 4726 2521 4777 quo
2549 4710 2722 4778 agitur
2767 4724 2875 4761 non
2906 4708 3169 4761 inhaerere
3202 4709 3373 4762 locum
3413 4709 3733 4779 argumenti,

476 4807 607 4854 terte
671 4801 1043 4868 continentur;
1104 4803 1216 4858 sive
1264 4806 1783 4875 argumentationem
1840 4806 2053 4874 quidem

474 4897 640 4944 totam
687 4892 1114 4949 ratiocinationis
1161 4896 1559 4950 contextienem
1607 4897 1785 4950 vocari
1827 4896 2055 4966 placeat,

474 4992 847 5052 argumentum
888 5001 1019 5040 vero
1065 4988 1351 5042 maximam
1397 4989 1815 5057 prepositionem
1844 5028 1858 5051 ,
1913 4998 2057 5043 recte

472 5086 660 5129 rursus
703 5076 850 5132 locus
893 5080 1165 5147 putabitur
1210 5082 1440 5136 maxime
1472 5081 1857 5153 propositionis
1902 5080 2055 5136 dill‘e-

472 5166 662 5230 rentia,
705 5182 824 5235 quae
868 5180 1237 5242 argumentum
1290 5172 1489 5228 claudit
1515 5183 1569 5228 et
1597 5175 1855 5229 continet.
1903 5172 2055 5239 Quod

473 5253 519 5309 si
550 5265 921 5325 argumentum
949 5263 1164 5331 quidem
1201 5275 1394 5319 sensus
1425 5265 1538 5334 ipse
1569 5266 1730 5319 totius
1773 5264 2056 5319 ratiocina-

475 5346 635 5400 tionis
664 5349 1008 5420 intelligatur,
1042 5356 1435 5423 argumentatio
1466 5372 1593 5412 vero
1640 5357 1839 5427 integra
1896 5356 2059 5410 ratio-

458 5435 757 5513 cinationis
797 5441 1053 5509 prolatio,
1081 5452 1233 5501 extra
1261 5462 1391 5501 vero
1430 5454 1485 5501 et
1511 5448 1581 5500 ab
1605 5447 1848 5516 utrisque
1878 5447 2056 5499 diver-

476 5541 593 5581 sum
620 5530 826 5598 valens,
856 5535 1006 5591 velut
1034 5537 1186 5593 locus
1224 5539 1440 5610 quidam
1487 5541 1717 5594 maxima
1764 5540 2057 5609 propositio

458 5618 879 5725 fwnsideretur,‘
931 5628 1011 5684 sic
1059 5646 1273 5703 quoque
1335 5633 1688 5686 maximarum
1744 5630 2059 5687 diti‘erentite

460 5714 901 5787 [pr0positionum
929 5719 1032 5776 loci
1061 5736 1183 5779 esse
1210 5721 1551 5778 videbuntur.
1586 5723 1717 5778 Nam
1746 5738 1867 5778 cum
1904 5724 2060 5779 dilic-

456 5804 643 5904 rrentia
661 5806 773 5875 ipsa
790 5808 1077 5866 maximam
1090 5814 1511 5885 propositionem
1526 5814 1819 5881 contineat,
1837 5815 2061 5884 ejusque

456 5897 545 5970 λιιι
576 5898 753 5973 locus,
796 5903 1035 5961 maxime
1082 5921 1219 5967 vero
1254 5907 1557 5983 propositio
1600 5906 2054 5983 argumentationi

1263 6072 1300 6091 Ἀ,
1340 6086 1357 6091 .-

2160 4805 2212 4859 id
2246 4804 2315 4859 sit
2344 4803 2679 4858 extrinsecus
2711 4802 2931 4867 assumi,
2956 4801 3170 4855 dubium
3200 4817 3305 4855 non
3332 4811 3413 4856 est
3440 4803 3563 4871 quin
3602 4800 3734 4854 niltil

2162 4895 2382 4952 intersit
2412 4895 2647 4950 medium
2684 4895 2819 4948 inter
2851 4910 2912 4949 ea
2943 4906 3249 4965 argumenta
3282 4911 3508 4963 quorum
3554 4896 3604 4947 itt
3637 4896 3737 4947 hoc

2162 4990 2279 5057 ipso
2310 4986 2515 5041 luerent
2542 4988 2643 5041 loci
2672 4986 2737 5042 de
2759 5002 2863 5056 quo
2889 4988 3080 5055 agitur,
3110 4996 3163 5040 et
3192 5003 3249 5041 ea
3279 5004 3501 5056 quorum
3527 4986 3734 5041 extrin-

2162 5095 2319 5135 secus
2368 5091 2735 5144 assumuutur,
2787 5081 3115 5133 extrinsecus
3162 5090 3337 5134 autem
3387 5096 3447 5135 ea
3487 5080 3736 5133 dicuntur

2163 5188 2283 5242 qua:
2307 5172 2501 5226 absunt
2524 5172 2787 5239 longeque
2810 5170 3069 5239 disjuucta
3102 5180 3243 5224 sunt.
3277 5170 3380 5224 Sed
3404 5171 3528 5240 quid
3560 5171 3735 5241 ipsum

2162 5266 2231 5318 sit
2274 5264 2341 5319 de
2369 5278 2477 5332 qno
2507 5264 2681 5332 agitur
2712 5260 2919 5315 facilior
2958 5260 3260 5329 explanatio
3311 5272 3414 5329 cst,
3460 5263 3503 5315 si
3550 5278 3735 5319 eorum

2160 5370 2279 5424 quae
2319 5355 2466 5421 prius
2518 5355 2657 5409 dicta
2702 5360 2828 5406 sunt
2867 5353 3284 5407 meminerimus.
3329 5353 3458 5407 Nam
3502 5370 3619 5408 cum
3664 5356 3729 5406 de

2162 5446 2461 5515 quaestione
2493 5446 2855 5515 loqueremur,
2902 5444 3142 5498 eamdem
3171 5444 3401 5498 diximus
3446 5460 3563 5499 esse
3590 5460 3737 5515 qut--

2161 5538 2389 5593 stionem
2419 5553 2538 5606 quae
2569 5548 2713 5592 esset
2742 5537 3053 5591 dubitabilis
3103 5536 3421 5607 pr0positio.
3465 5538 3569 5593 Sed
3603 5554 3741 5604 quo-

2164 5624 2304 5685 niam
2360 5630 2656 5700 propositio
2708 5630 2950 5700 subjecto
3000 5630 3396 5701 prmdicatoquc
3435 5641 3736 5701 constaret,

2164 5723 2515 5794 qttrstioncm
2552 5737 2764 5791 quoque
2793 5722 3033 5776 diximus
3063 5723 3304 5793 subjecto
3345 5725 3740 5803 prmdicatoque

2167 5814 2437 5884 conjungi.
2485 5812 2837 5870 Prmdicatum
2881 5814 3041 5886 igitur
3073 5815 3151 5869 vel
3202 5814 3494 5886 subjectum
3526 5828 3606 5873 est
3638 5820 3739 5885 hoc

2166 5906 2342 5980 ipsum
2373 5905 2444 5964 de
2487 5919 2593 5982 quo
2632 5907 2822 5980 agitur.
2874 5905 3003 5964 Nam
3034 5922 3153 5963 cum
3196 5904 3262 5964 de
3291 5906 3547 5964 alterutra
3592 5925 3734 5982 qua:-
