4248 6272
549 406 685 466 4055

1885 409 1997 464 AN.
2038 409 2243 466 MANL.
2284 409 2434 466 SEV.
2479 412 2699 470 BOETII

3665 413 3687 467 l
3698 408 3802 467 056

551 536 743 588 etionis
774 540 925 604 parte
942 531 1242 598 dubitetur,
1278 530 1329 585 in
1360 531 1456 586 hac
1487 532 1831 602 ambiguitate
1857 534 2120 603 quaeritur
2151 535 2206 592 Α
2228 533 2398 604 ipsum
2430 536 2497 589 de
2528 550 2634 604 quo
2675 537 2851 605 agitur
2895 535 3027 590 nihil
3067 542 3148 589 est
3175 533 3320 590 aliud
3353 532 3464 588 'nisi
3488 533 3714 603 quilibet
3747 533 3799 587 in

528 629 722 680 'utrum
757 622 1074 692 praedicatus
1122 623 1383 676 terminus
1430 624 1606 679 inesse
1648 625 1892 693 subjecto
1935 625 2123 680 videa-

549 725 652 779 tur,
685 728 749 765 an
778 711 1013 765 minime.
1048 710 1177 765 Nam
1206 728 1324 766 cum
1355 716 1528 768 omnis
1553 718 1779 783 quaestio
1809 716 1860 770 in
1893 716 2125 771 afﬁrma-

546 806 748 859 tionem
783 803 1227 874 negationemque
1255 805 1540 870 dividatur,
1576 807 1620 859 si
1651 807 1970 876 praedicatus
2001 783 2126 862 sub-

545 894 688 964 jecto
716 895 872 956 inest,
907 893 967 947 fit
1009 908 1073 949 ex
1121 909 1184 948 eo
1217 910 1344 950 vera
1386 897 1708 962 afﬁrmatio;
1755 898 1799 952 si
1830 913 1935 953 non
1963 898 2123 963 inest,

549 986 610 1038 fit
644 999 769 1039 vera
817 984 1051 1054 negatio.
1085 985 1190 1039 Sed
1221 987 1272 1039 iu
1312 987 1691 1056 quaestionibus
1732 988 2119 1057 disceptandis,

549 1075 685 1129 alter
716 1075 1146 1139 afﬁrmationem,
1178 1075 1315 1130 alter
1339 1078 1674 1146 negationem
1709 1087 1906 1142 tuetur,
1943 1077 1996 1132 id
2019 1087 2122 1143 est,

547 1169 681 1222 alter
713 1169 1058 1237 praedicatum
1106 1167 1283 1223 inesse
1315 1169 1579 1237 subjecto,
1629 1170 1764 1225 alter
1809 1186 1915 1224 non
1947 1170 2125 1226 inesse

549 1260 807 1316 defendit.
857 1260 1008 1328 Quod
1039 1275 1166 1314 vero
1213 1275 1279 1317 ex
1327 1261 1581 1316 alterutra
1612 1272 1763 1331 parte
1793 1262 2122 1330 defenditur,

551 1352 652 1408 hoc
693 1361 776 1406 est
808 1353 980 1420 ipsum
1013 1351 1080 1428 de
1109 1367 1215 1421 quo
1245 1352 1438 1421 agitur.
1473 1352 1651 1423 Ipsum
1680 1354 1843 1424 igitur
1869 1365 1954 1410 est
1986 1370 2125 1423 prc-

551 1443 758 1497 tlicatus
805 1444 1060 1498 terminus
1109 1443 1192 1498 vel
1239 1443 1528 1513 subjectus,
1582 1446 1648 1500 de
1688 1446 1878 1516 quibus
1929 1447 2122 1516 agitur.

551 1535 724 1602 Atque
770 1542 830 1587 ut
871 1534 920 1588 id
972 1533 1218 1602 exemplo
1265 1533 1460 1588 clarius
1511 1533 1620 1599 flat,
1672 1536 1740 1589 sit
1770 1537 2011 1606 quaestio,
2056 1551 2123 1591 an

551 1625 745 1680 Verres
789 1625 983 1679 furtum
1025 1625 1239 1680 fecerit.
1287 1625 1382 1680 llic
1425 1625 1621 1681 Verres
1671 1628 1970 1696 subjectum
2021 1637 2122 1692 est,

551 1717 747 1770 furtum
801 1717 975 1771 facere
1027 1715 1410 1785 praedicatum;
1457 1717 1597 1786 quod
1637 1718 1684 1773 si
1727 1720 1923 1773 furtum
1974 1719 2124 1774 Verri

550 1809 909 1878 conjungitur,
951 1809 1110 1878 idque
1136 1810 1690 1878 argumentationibus
1719 1810 2121 1880 comprobatur,

549 1900 860 1969 quaestionis
903 1899 1188 1954 affirmatio
1228 1899 1595 1954 demonstrata
1643 1909 1744 1954 est.
1787 1899 1841 1955 Si
1868 1899 2064 1954 furtum
2095 1914 2125 1955 a

551 1994 720 2050 Verre
777 1993 1095 2064 sejungitur,
1141 1994 1451 2062 quaestionis
1499 2009 1685 2048 rursus
1727 1997 1941 2064 negatio
1979 2009 2128 2049 com-

552 2088 1031 2156 probaturxlpsum
1065 2087 1242 2153 itaque
1268 2086 1336 2140 de
1369 2100 1474 2153 quo
1515 2087 1687 2156 agitur
1728 2086 1855 2140 nihil
1887 2095 1987 2154 eat,
2027 2087 2125 2142 nisi

551 2178 796 2232 uterlibet
820 2192 1005 2232 eorum
1046 2178 1308 2232 terminus
1337 2178 1429 2243 qui
1459 2177 1509 2230 in
1543 2176 1840 2246 quaestione
1872 2179 2128 2246 proponi-

553 2279 658 2335 tur,
699 2268 814 2322 sive
845 2268 1182 2337 praedicatus,
1225 2269 1339 2323 sive
1365 2269 1524 2323 etiam
1553 2268 1840 2337 subjectus.
1871 2268 1970 2336 Qui
1997 2270 2128 2338 qui-

553 2357 900 2414 demtermini
933 2371 1027 2426 per
1053 2371 1113 2412 se
1142 2367 1450 2427 argumenta
1477 2373 1598 2412 esse
1626 2372 1730 2412 non
1759 2369 2003 2428 possunt,
2035 2373 2128 2413 ne-

556 2461 658 2514 que
687 2463 810 2502 vero
855 2463 950 2519 per
977 2465 1037 2503 se
1082 2456 1392 2518 argumenta
1444 2459 1715 2518 praestare.
1764 2448 1820 2503 Si
1850 2449 1994 2502 enim
2025 2450 2126 2518 ipsi

557 2538 825 2608 simplices
863 2551 920 2596 ut
948 2552 1069 2595 sunt
1100 2550 1409 2610 argumenta
1439 2556 1558 2596 esse
1595 2552 1833 2611 possent,
1866 2543 1951 2597 vel
1971 2557 2126 2612 argu-

555 2640 855 2685 mentorum
889 2644 1145 2702 praestare
1175 2634 1471 2696 materiam,
1519 2633 1716 2688 nullam
1747 2635 1799 2688 in
1829 2634 2126 2703 quaestione

553 2721 919 2791 relinquerent
943 2722 1367 2788 dubitationem;
1400 2724 1492 2780 sed
1516 2726 1766 2795 quoniam
1794 2725 1862 2780 de
1887 2725 2015 2795 ipsis
2035 2725 2129 2780 ad-

556 2811 661 2865 huc
694 2811 748 2865 in
795 2814 1088 2882 quaestione
1134 2815 1403 2870 dubitatur
1451 2831 1516 2870 an
1565 2831 1750 2871 eorum
1794 2816 1960 2887 possit
2005 2831 2129 2872 esse

553 2911 670 2956 rata
693 2903 1021 2972 conjunctio,
1045 2906 1143 2974 ipsi
1169 2906 1383 2976 quidem
1409 2921 1581 2976 neque
1606 2921 1701 2976 per
1725 2921 1786 2961 se
1816 2915 2127 2975 argumenta

556 3009 701 3063 esse,
732 3011 903 3066 neque
930 3011 1023 3066 per
1043 3010 1102 3050 86
1131 3009 1442 3066 argumenta
1475 3008 1724 3066 praestare
1767 3006 2038 3065 poterunt,
2065 3011 2129 3052 ea

479 3081 482 3084 ί
556 3106 684 3146 vero
730 3107 850 3160 quae
900 3093 951 3147 in
998 3093 1127 3161 ipsis
1173 3093 1387 3159 insunt,
1439 3091 1522 3146 vel
1569 3091 1904 3145 extrinsecus
1960 3090 2129 3159 posita

556 3191 722 3254 sunt,
773 3193 1209 3254 argumentorum
1258 3183 1466 3252 c0piam
1516 3183 1939 3238 subministrant.
1997 3182 2127 3237 Nam

2229 626 2527 695 quaestione
2585 627 2845 681 terminus
2885 627 3197 681 collocatus.
3239 627 3302 680 lli
3341 634 3655 694 argumenta
3683 639 3802 679 esse

2228 735 2333 774 non
2369 729 2611 788 possunt,
2664 736 2836 790 neque
2883 721 2950 774 ab
2991 721 3072 774 his
3109 719 3242 774 trahi
3275 719 3488 788 aliquod
3519 732 3804 787 argumen-

2229 819 2361 863 tum.
2404 809 2520 875 Quo
2553 811 2610 865 fit
2644 820 2701 864 ut
2745 810 2955 864 termini
3005 809 3106 878 ipsi
3145 810 3234 880 qui
3266 811 3316 864 in
3348 810 3642 878 quaestione
3683 816 3805 863 sunt

2229 901 2414 968 positi,
2446 915 2546 956 nec
2567 911 2898 972 argumenta,
2928 916 3025 956 nec
3047 901 3148 956 loci
3177 901 3304 966 sint,
3336 901 3431 955 sed
3461 910 3664 955 tantum
3695 914 3802 955 res.

2228 989 2433 1046 Rursus
2465 1007 2524 1046 ea
2553 1007 2671 1060 quae
2716 992 2767 1046 in
2797 992 2879 1046 his
2906 991 3110 1046 harent
3143 992 3209 1045 de
3240 989 3432 1059 quibus
3460 991 3657 1059 agitur,
3690 989 3805 1060 ipsa

2233 1082 2444 1151 quidem
2475 1097 2560 1138 res
2589 1097 2708 1138 esse
2744 1084 3081 1138 manifestutn
3111 1091 3214 1150 est,
3251 1080 3346 1136 sed
3381 1080 3635 1135 claudunt
3660 1079 3709 1134 in
3743 1094 3806 1134 se

2227 1186 2657 1242 argumentorum
2690 1173 2923 1242 copiam,
2958 1183 3014 1228 ut
3039 1187 3160 1226 cum
3185 1186 3252 1227 ex
3276 1171 3360 1226 his
3399 1172 3536 1225 sumi
3581 1170 3801 1238 aliquod

2227 1274 2471 1331 ororteat
2499 1273 2898 1336 argumentum,
2931 1263 3173 1319 locorum
3206 1265 3323 1318 vice
3364 1262 3668 1328 fungantur.
3701 1261 3806 1314 ιω-

2226 1368 2330 1423 que
2372 1355 2416 1409 si
2446 1355 2564 1424 quis
2595 1369 2691 1425 per
2737 1370 2795 1409 se
2824 1370 2886 1409 ea
2917 1353 3243 1424 speculetur,
3292 1367 3376 1407 res
3403 1361 3564 1416 sunt;
3597 1353 3641 1405 si
3687 1351 3809 1419 quis

2228 1445 2296 1498 ab
2346 1444 2429 1499 his
2481 1444 2700 1513 aliquod
2749 1453 3126 1514 argumentum
3158 1453 3361 1512 quaerat
3409 1442 3660 1507 educere,
3705 1441 3806 1496 loci

2229 1536 2385 1592 fiunt.
2431 1537 2497 1590 Et
2529 1536 2645 1591 haec
2674 1536 3032 1591 communiter
3065 1535 3281 1605 quidem
3330 1534 3398 1588 de
3429 1529 3807 1602 principalibus

2227 1640 2291 1680 ac
2337 1627 2585 1681 maximis
2639 1626 2771 1682 locis
2819 1627 2958 1681 dicta
2999 1625 3130 1680 sint.
3164 1624 3228 1679 lli
3277 1639 3405 1679 vero
3454 1632 3577 1677 sunt
3628 1623 3720 1692 qui
3751 1623 3806 1676 in

2229 1719 2358 1788 ipsis
2389 1719 2457 1773 de
2490 1720 2687 1789 quibus
2734 1721 2910 1788 agitur
2957 1719 3185 1786 haerent,
3215 1718 3299 1772 vel
3329 1717 3418 1787 qui
3465 1722 3809 1771 assumuntur

2229 1810 2587 1865 extrinsecus.
2618 1809 2685 1864 Ut
2709 1811 2867 1879 igitur
2896 1810 3057 1864 faciat
3079 1810 3288 1880 plenam
3319 1814 3560 1861 locorum
3588 1807 3808 1861 divisio-

2156 1902 2203 1962 B
2230 1913 2377 1963 nem,
2398 1913 2533 1967 quos
2562 1898 2878 1968 simpliciter
2906 1914 2970 1954 ac
2997 1899 3258 1952 maximos
3280 1897 3460 1967 posuit
3491 1897 3653 1965 locos,
3686 1910 3806 1952 eos-

2231 1991 2352 2044 dem
2400 1989 2548 2044 velut
2581 1989 2632 2043 in
2665 1990 2922 2059 quasdam
2972 1989 3182 2059 species
3233 1995 3462 2052 resecat,
3491 1987 3675 2042 dicens
3705 2003 3720 2041 a
3748 1986 3808 2042 ln

2231 2079 2346 2148 ipso
2366 2088 2475 2133 tum
2498 2094 2565 2134 ex
2601 2087 2736 2144 toto,
2767 2090 2878 2133 tum
2908 2094 2972 2134 ex
2997 2079 3237 2149 partibus
3257 2078 3395 2148 ejus,
3431 2087 3540 2131 tum
3569 2092 3633 2132 ex
3659 2086 3805 2142 nota,

2233 2179 2341 2225 tum
2373 2187 2439 2226 ex
2481 2172 2563 2226 his
2594 2174 2756 2226 rebus
2779 2187 2897 2242 quae
2925 2171 3320 2241 quodammodo
3351 2169 3555 2225 affectae
3584 2179 3710 2224 sunt
3740 2169 3809 2224 ad

2231 2261 2286 2316 id
2310 2261 2376 2316 de
2399 2277 2505 2331 quo
2531 2262 2842 2332 quaerimus.
2875 2262 2943 2316 Et
2967 2262 3205 2316 locorum
3235 2261 3327 2331 qui
3357 2260 3409 2314 in
3438 2261 3551 2329 ipso
3581 2270 3702 2314 sunt
3733 2259 3806 2314 de

2230 2367 2334 2421 quo
2384 2353 2558 2422 agitur
2591 2353 2868 2407 constituti
2908 2362 3136 2422 quatuor
3175 2352 3404 2422 partium
3444 2350 3578 2406 facta
3607 2349 3805 2403 divisio

2234 2454 2342 2499 est.
2378 2445 2443 2498 lli
2475 2445 2670 2515 quippe
2701 2445 2791 2514 qui
2821 2445 2873 2500 in
2903 2446 3019 2515 ipso
3042 2445 3110 2500 de
3137 2460 3244 2515 quo
3269 2445 3440 2514 agitur
3469 2445 3690 2507 haerent,
3718 2441 3804 2495 vel

2229 2549 2298 2590 ex
2343 2543 2455 2589 toto
2502 2549 2568 2591 eo
2595 2537 2665 2590 de
2711 2550 2816 2606 quo
2857 2535 3030 2605 agitur
3062 2535 3310 2602 termino,
3360 2534 3442 2590 vel
3473 2549 3537 2589 ex
3575 2534 3807 2602 partium

2230 2629 2347 2698 ejus
2376 2629 2799 2693 enumeratione,
2830 2629 2917 2684 vel
2942 2645 3005 2683 ex
3029 2638 3175 2694 nota,
3205 2627 3291 2682 vel
3319 2642 3384 2682 ex
3414 2625 3616 2681 affectis
3642 2623 3808 2678 intel-

2233 2705 2469 2793 liguntur
2493 2705 2759 2778 (existere.
2809 2721 2866 2776 ld
2894 2723 2963 2777 ita
2989 2736 3110 2777 esse
3152 2722 3304 2776 brevi
3334 2720 3538 2775 ratione
3578 2717 3813 2772 firmabi-

2233 2825 2341 2870 tur.
2373 2814 2603 2870 Necesse
2632 2823 2714 2870 est
2740 2813 2883 2870 enim
2911 2813 3201 2883 quemlibet
3229 2826 3416 2867 eorum
3459 2810 3813 2865 terminorum

2232 2908 2324 2976 qui
2355 2908 2406 2961 in
2433 2907 2732 2976 quaestione
2775 2915 2900 2961 sunt
2923 2905 3195 2972 collocati,
3243 2913 3298 2960 et
3338 2903 3685 2960 definitiones
3714 2903 3807 2956 ha-

2231 2999 2364 3053 bere
2401 2998 2667 3068 proprias,
2711 3007 2765 3052 et
2790 3007 2991 3067 partes,
3019 3007 3074 3052 et
3100 2996 3340 3061 nomina,
3375 3003 3429 3051 et
3467 2994 3534 3049 ad
3565 3009 3650 3048 res
3680 2992 3810 3048 alia!

2235 3089 2464 3161 quadam
2509 3089 2770 3145 relatione
2819 3088 3068 3160 conjungi
3113 3103 3176 3142 ac
3218 3087 3429 3143 referri.
3482 3085 3624 3160 Ergo
3665 3085 3812 3141 locus

2236 3184 2324 3253 qui
2353 3182 2548 3238 dicitur
2590 3197 2655 3238 ex
2688 3191 2820 3248 toto,
2859 3183 2905 3237 is
2941 3191 3044 3248 est,
3076 3183 3287 3253 quoties
3323 3192 3692 3253 argumentum
3739 3183 3810 3236 ex

554 3275 694 3344 quod
729 3272 1032 3331 Victorinus
1061 3276 1272 3344 quaerit,
1315 3285 1369 3329 et
1397 3275 1630 3343 explicat
1662 3275 1840 3342 latius,
1887 3289 1951 3330 ne
1980 3289 2126 3328 con-
2153 3288 2200 3352 ο
2239 3273 2465 3344 alicujus
2486 3273 2802 3328 difﬁnitione
2832 3274 3048 3328 termini
3073 3276 3162 3343 qui
3189 3283 3272 3329 est
3302 3273 3355 3329 in
3385 3275 3684 3344 quaestione
3703 3284 3813 3328 tra-

557 3367 943 3420 mcmoratione
983 3365 1196 3435 quidem
1244 3365 1374 3419 mihi
1405 3364 1623 3434 dignum
1651 3365 1884 3420 videtur.
1926 3365 2130 3442 Quaerit

557 3455 700 3508 enim
738 3456 963 3522 quaestio
994 3455 1108 3522 ipsa
1149 3455 1216 3510 de
1247 3471 1352 3525 quo
1400 3457 1573 3525 agitur
1601 3471 1667 3509 an
1701 3457 1894 3512 habeat
1927 3459 2126 3526 locum,

555 3544 696 3613 quod
725 3545 940 3598 minime
969 3547 1226 3614 oportuit,
1262 3555 1318 3599 ut
1346 3546 1549 3600 dictum
1578 3557 1684 3602 est.
1741 3549 1913 3603 Locus
1939 3549 2007 3604 de
2023 3564 2128 3619 quo

557 3654 698 3693 nunc
729 3639 935 3708 agimus
964 3654 1068 3693 non
1098 3640 1382 3707 cujuslibet
1412 3641 1488 3694 rei
1533 3641 1680 3695 locus
1709 3651 1811 3707 est,
1845 3643 1938 3697 sed
1968 3658 2127 3712 argu-

556 3729 741 3793 menti,
785 3737 1155 3796 argumentum
1201 3743 1328 3783 vero
1375 3731 1451 3782 rei
1498 3731 1673 3785 dubiae
1706 3731 1903 3787 faciens
1945 3733 2124 3801 fidem,

555 3835 643 3874 res
672 3836 800 3876 vero
830 3820 987 3875 dubia
1028 3836 1150 3890 pars
1180 3821 1524 3890 quaestionis.
1568 3823 1723 3888 Quod
1772 3825 1816 3878 si
1844 3839 2130 3894 argumen-

555 3923 666 3967 tum
695 3913 919 3983 quaestio
944 3913 1026 3967 vel
1053 3928 1174 3983 pars
1203 3916 1520 3983 quaestionis
1547 3929 1669 3970 esse
1693 3931 1795 3970 non
1829 3925 2022 3984 potest,
2051 3915 2130 3971 lo-

555 4019 650 4057 cus
698 4018 826 4057 vero
869 4005 935 4058 de
964 4019 1068 4073 quo
1116 4006 1322 4075 agimus
1366 4007 1663 4077 argumenti
1711 4017 1792 4061 est
1821 4007 1989 4074 locus,
2022 4022 2128 4062 non

557 4103 636 4148 est
681 4094 896 4149 dubium
937 4097 1062 4165 quin
1091 4096 1239 4152 locus
1283 4100 1592 4168 quaestionis
1631 4113 1750 4155 esse
1785 4115 1891 4154 non
1937 4099 2126 4168 possit.

559 4183 818 4253 Amplius,
845 4187 1020 4240 omnis
1043 4189 1266 4255 quaestio
1292 4189 1600 4244 dubitabilis
1626 4200 1727 4254 est,
1756 4198 2125 4259 argumentum

558 4291 688 4331 vero
728 4292 886 4331 omne
927 4280 1237 4348 quaestionis
1283 4291 1473 4351 purgat
1512 4282 1836 4352 ambiguum.
1893 4283 2008 4337 Non
2046 4291 2130 4338 est

562 4367 723 4435 igitur
746 4369 884 4423 idem
917 4380 1286 4437 argumentum
1315 4373 1454 4440 quod
1480 4375 1725 4441 quaestio,
1757 4373 1848 4428 sed
1884 4373 2008 4441 loci,
2037 4389 2127 4428 ar-

556 4468 929 4524 gumentorum
961 4469 1086 4512 sunt
1113 4459 1236 4524 loci,
1284 4477 1389 4516 non
1439 4471 1561 4516 sunt
1593 4463 1749 4529 igitur
1792 4465 2124 4534 quaestionis.

559 4549 670 4604 lloc
701 4552 859 4619 igitur
896 4554 1170 4620 praemisso
1199 4553 1561 4624 intelliganms
1591 4557 1762 4625 ipsum
1793 4558 1858 4613 de
1883 4574 1990 4628 quo
2014 4560 2128 4628 agi-

2233 3373 2426 3430 ctatur,
2450 3364 2564 3419 sive
2588 3365 2846 3433 subjecti,
2870 3367 2984 3420 sive
3008 3366 3301 3434 praedicati.
3328 3365 3406 3420 Ex
3428 3367 3654 3436 partium
3678 3381 3808 3420 enu-

2232 3459 2550 3523 meratione,
2583 3456 2793 3524 quoties
2829 3457 2897 3511 ab
2933 3456 3051 3527 ejus
3085 3457 3298 3512 termini
3331 3458 3588 3526 partibus,
3625 3457 3711 3525 qui
3751 3457 3804 3510 in

2231 3537 2525 3617 quaestione
2554 3547 2756 3615 positus
2786 3557 2890 3611 est,
2924 3549 3562 3618 ducitur—argumentum.
3588 3549 3628 3602 A
3660 3557 3804 3613 nota,

2231 3638 2438 3706 quoties
2471 3636 2539 3691 ab
2566 3636 2808 3706 ejusdem
2837 3639 3050 3692 termini
3093 3637 3358 3693 vocabulo
3384 3639 3623 3692 nascitur
3652 3653 3811 3708 arguo

2231 3739 2488 3785 mentum.
2521 3729 2604 3783 Ab
2655 3729 2858 3785 affectis
2903 3745 3050 3797 vero,
3084 3732 3296 3801 quoties
3334 3731 3400 3786 ab
3449 3732 3532 3784 his
3574 3745 3696 3800 quae
3741 3729 3807 3784 ad

2231 3823 2560 3892 propositum
2602 3821 2885 3876 terminqu
2933 3821 3194 3875 relatione
3250 3821 3426 3891 aliqua
3478 3821 3807 3876 reducuntur

2232 3916 2620 3985 argumentatio
2675 3915 3048 3984 proficiscitur.
3117 3916 3356 3982 Quorum
3422 3916 3805 3970 similitudines

2232 4009 2470 4063 omnium
2503 4009 2773 4078 posterius
2814 4008 3115 4078 explicabo,
3147 4010 3362 4079 quando
3393 4023 3455 4065 ea
3485 4023 3606 4076 quae
3646 4023 3809 4078 super

2233 4099 2317 4154 his
2341 4100 2500 4155 rebus
2528 4099 2864 4155 declarandis
2893 4099 3084 4155 Cicero
3128 4101 3308 4172 posuit
3339 4102 3582 4171 exempla
3614 4110 3808 4155 tracta-

2230 4207 2380 4246 vero.
2417 4191 2568 4246 Nunc
2609 4193 2740 4246 illud
2771 4201 2854 4246 est
2897 4193 3367 4261 considerandum,
3408 4195 3484 4247 ait
3511 4194 3653 4248 enim
3682 4193 3810 4247 Tul-

2230 4283 2333 4338 lius
2360 4300 2425 4338 ex
2457 4284 2538 4338 his
2568 4285 2720 4350 locis,
2753 4285 2808 4338 in
2833 4285 3027 4354 quibus
3057 4295 3367 4356 argumenta
3402 4286 3606 4341 inclusa
3658 4296 3805 4356 sunt,

2231 4375 2363 4428 alios
2391 4375 2443 4427 in
2477 4389 2539 4429 eo
2562 4374 2676 4443 ipso
2703 4376 2770 4430 de
2791 4391 2896 4445 quo
2927 4378 3106 4445 agitur
3133 4378 3358 4444 haerere,
3379 4377 3514 4432 alios
3534 4380 3805 4433 extrinse-

2229 4481 2325 4522 cus
2345 4468 2566 4531 assumi,
2596 4468 2736 4537 quod
2764 4469 2833 4521 ita
2853 4468 3053 4524 dictum
3074 4471 3305 4534 videtur,
3333 4478 3584 4540 tanquam
3607 4471 3807 4525 diversi

2231 4560 2339 4613 sint
2360 4560 2460 4614 loci
2503 4560 2594 4628 qui
2622 4560 2674 4613 in
2713 4561 2794 4614 his
2815 4560 2882 4615 de
2901 4562 3096 4628 quibus
3113 4564 3285 4633 agitur
3309 4563 3535 4628 herent,
3561 4573 3615 4617 et
3632 4563 3804 4632 ipsum

558 4650 649 4694 tur
691 4642 980 4710 quemlibet
1011 4644 1294 4698 terminum
1329 4648 1382 4699 in
1431 4648 1730 4715 quaestione
1775 4652 2127 4720 propositam,
2156 4661 2210 4721 1)
2235 4650 2363 4705 illud
2389 4650 2456 4705 de
2495 4667 2599 4720 quo
2620 4651 2815 4720 agitur.
2845 4633 2983 4707 Nihil
3013 4655 3154 4710 enim
3181 4656 3234 4709 in
3262 4669 3322 4710 se
3347 4656 3465 4723 ipso
3488 4655 3693 4710 haerere
3720 4671 3805 4724 po-

557 4730 674 4785 sive
722 4732 1089 4800 praedicatum,
1131 4736 1243 4788 sive
1275 4735 1592 4804 subjectum,
1646 4739 1732 4806 qui
1781 4754 1900 4794 cum
1929 4756 2026 4810 per
2067 4757 2126 4798 se

556 4841 642 4879 res
668 4826 792 4888 sint,
827 4828 928 4896 ipsi
952 4829 1164 4897 quidem
1192 4841 1562 4900 argumentum
1593 4848 1712 4888 esse
1743 4850 1848 4889 non
1880 4849 2122 4906 possunt,

561 4915 758 4971 habere
793 4928 970 4973 autem
998 4920 1049 4973 in
1078 4935 1136 4973 se
1163 4922 1404 4989 quaedam
1437 4934 1679 4992 possunt,
1723 4928 1773 4980 in
1814 4931 2004 4996 quibus
2031 4945 2123 4985 ar-

560 5019 808 5075 gumenta
856 5010 961 5063 sint
1008 5011 1282 5078 collocata,
1336 5023 1389 5068 et
1426 5031 1543 5084 quae
1592 5018 1747 5072 sedes
1789 5029 2126 5087 argumento-

555 5114 669 5152 rum
705 5108 826 5156 es'se
873 5101 1254 5171 intelligantur.
1286 5107 1414 5172 Quae
1475 5107 1689 5174 quidem
1721 5123 1842 5163 cum
1885 5112 2125 5167 terminis

557 5189 637 5242 his
667 5190 734 5245 de
787 5191 974 5259 quibus
1027 5195 1198 5263 agitur
1243 5197 1504 5251 inhaerere
1551 5199 1848 5265 videantur,
1892 5202 2124 5258 nondum

555 5291 732 5335 tanuen
774 5292 897 5337 sunt
942 5295 1275 5354 argumenta,
1327 5288 1419 5340 sed
1461 5290 1610 5356 quasi
1651 5289 1762 5358 jam
1811 5303 2125 5360 argumenta

552 5372 971 5438 complectentes
1005 5375 1128 5438 loci,
1153 5385 1206 5430 ct
1231 5376 1374 5430 velut
1405 5380 1627 5432 naturali
1657 5381 1786 5435 sede
1810 5383 2124 5442 condentes.

552 5456 696 5514 ldcm
729 5460 796 5515 de
848 5463 928 5517 his
976 5463 1109 5520 locis
1153 5467 1244 5536 qui
1281 5468 1612 5524 extrinsecus
1651 5483 1993 5528 assumuntur
2041 5478 2125 5532 di-

549 5554 777 5606 cendum
829 5565 929 5619 est,
982 5559 1080 5627 ipsi
1139 5575 1365 5631 namque
1423 5564 1580 5632 positi
1625 5574 1748 5619 sunt
1792 5570 2027 5622 exterius
2069 5578 2124 5624 et

550 5643 944 5710 quodammodo
985 5664 1010 5701 a
1057 5653 1478 5719 propositionum
1511 5659 1749 5711 terminis
1790 5660 2040 5730 ablegati,
2073 5669 2127 5714 et

550 5746 642 5787 res
678 5737 918 5802 quaedam
967 5753 1110 5806 sunt,
1163 5747 1256 5799 sed
1302 5749 1439 5800 intra
1475 5765 1532 5802 se
1569 5761 2004 5819 argumentorum
2035 5768 2124 5807 co-

549 5825 691 5916 piam
721 5825 1000 5894 claudunt;
1051 5845 1227 5902 atque,
1262 5847 1318 5891 ut
1360 5838 1510 5894 brevi
1553 5843 1823 5900 sententia
1852 5844 2123 5916 colligam,

2232 4753 2352 4809 test,
2377 4758 2440 4798 ac
2473 4759 2566 4812 per
2593 4743 2695 4797 hoc
2721 4744 2935 4813 quodin
2977 4747 3154 4815 aliquo
3200 4746 3369 4801 haeret
3394 4749 3462 4801 ab
3500 4763 3566 4802 eo
3605 4747 3657 4801 in
3700 4761 3806 4816 quo

2232 4836 2399 4889 haeret
2428 4836 2705 4890 diversum
2726 4847 2829 4891 est.
2853 4837 3000 4902 Quod
3025 4839 3070 4890 si
3097 4839 3198 4892 loci
3219 4848 3343 4893 sunt
3359 4840 3519 4910 aliqui
3542 4841 3628 4909 qui
3647 4840 3700 4893 in
3724 4840 3806 4894 his

2229 4926 2548 4983 haereantde
2567 4928 2762 4998 quibus
2783 4929 2978 4998 agitur,
3005 4943 3110 4983 non
3129 4930 3443 4985 estdubium
3480 4932 3607 5000 quin
3632 4932 3682 4984 hi
3703 4931 3804 4985 loci

2227 5017 2296 5071 ab
2326 5018 2409 5073 his
2435 5019 2503 5074 de
2532 5019 2723 5088 quibus
2751 5020 2928 5089 agitur
2957 5021 3066 5075 sint
3095 5020 3312 5076 diversi.
3357 5023 3558 5077 Rursus
3585 5039 3704 5077 cum
3727 5024 3806 5077 di-

2229 5108 2302 5161 cit
2332 5110 2385 5161 in
2413 5109 2551 5178 ipso,
2587 5118 2695 5164 tum
2729 5125 2794 5164 ex
2821 5119 2951 5176 toto,
2992 5122 3102 5166 tum
3139 5127 3203 5167 ex
3240 5114 3480 5182 partibus
3513 5115 3654 5184 ejus,
3691 5124 3806 5168 tan-

2228 5215 2388 5269 quam
2412 5216 2516 5256 nou
2544 5201 2611 5255 de
2635 5203 2860 5259 diversis
2882 5204 3148 5272 loquatur,
3194 5206 3264 5259 ita
3295 5207 3390 5273 ait,
3430 5207 3630 5275 in,ipso
3655 5208 3806 5260 locus

2228 5305 2349 5346 esse
2374 5300 2481 5345 tum
2502 5308 2566 5346 ex
2592 5301 2724 5360 toto,
2752 5303 2860 5348 tum
2884 5309 2947 5350 ex
2966 5296 3352 5364 partibus,tum
3375 5314 3438 5352 ex
3470 5289 3591 5352 nuta
3609 5338 3622 5362 ,
3653 5298 3804 5367 quasi

2228 5402 2354 5441 vero
2393 5387 2534 5442 aliud
2579 5389 2649 5443 sit
2702 5388 2875 5459 ipsum
2913 5405 3071 5459 quam
3109 5400 3300 5455 totum,
3330 5403 3423 5446 aut
3447 5393 3588 5447 aliud
3631 5394 3803 5461 ipsum

2234 5493 2390 5547 quam
2432 5495 2617 5534 omnes
2646 5481 2879 5550 undique
2905 5485 3021 5551 ejus
3055 5493 3250 5551 partes.
3285 5483 3628 5554 Unaquaeque
3657 5490 3802 5537 enim

2228 5585 2320 5650 res
2356 5571 2494 5626 idem
2536 5581 2618 5626 est
2653 5572 2794 5642 quod
2828 5582 3014 5628 totum.
3048 5574 3192 5630 ldem
3237 5590 3465 5645 namque
3511 5586 3593 5631 est
3632 5577 3803 5631 Roma

2235 5665 2377 5734 quod
2412 5676 2519 5720 tota
2564 5667 2768 5722 civitas.
2808 5668 3008 5724 Rursus
3048 5670 3186 5724 idem
3227 5681 3309 5725 est
3349 5686 3681 5741 unaquaeque
3719 5685 3804 5726 res

2233 5757 2373 5825 quod
2420 5757 2536 5825 ejus
2564 5759 2788 5828 singulae
2827 5768 3005 5829 partes
3053 5762 3106 5816 in
3149 5778 3312 5819 unum
3359 5758 3623 5828 reductae;
3658 5763 3805 5818 velut

2232 5847 2370 5902 idem
2405 5859 2487 5905 est
2523 5849 2684 5916 homo
2711 5851 2853 5921 quod
2885 5863 3042 5924 caput
3064 5893 3079 5916 .
3113 5854 3302 5912 thorax
3323 5897 3339 5924 ,
3373 5865 3673 5926 venter,‘ac
3703 5869 3802 5928 pe-
