4248 6272
426 292 566 387 tesi
588 321 594 332 ³

1281 312 1350 369 1N
1385 309 1630 368 TOPICA
1664 269 2038 364 CICERONIS
2073 292 2584 352 COMMENTARIA.
2633 291 2764 347 LIB.
2806 292 2851 346 l.

3561 295 3695 353 1058

429 447 556 512 des,
606 447 924 509 “umque
967 437 1022 490 in
1066 446 1228 489 unum
1272 439 1454 501 partes
1501 425 1800 496 εοηίωιαιω
1850 419 2015 481 atque
2119 409 2454 464 monstrabit.
2488 409 2562 463 Ea
2592 423 2719 462 vero
2740 421 2860 478 quae
2889 414 3016 461 sunt
3040 406 3413 476 extrinsecus,
3448 408 3500 463 itt
3542 411 3690 468 nulla

430 510 719 610 copulatae.
750 531 1032 600 Quomodo
1071 528 1230 597 igitur
1259 534 1506 594 tanquam
1538 520 1606 574 de
1635 513 1864 572 diversis
1905 510 2019 577 pri-

433 602 580 688 mum
612 632 822 685 locutus
846 635 959 692 est,
992 638 1113 678 cum
1147 623 1294 676 locos
1325 617 1531 671 haerere
1562 613 1614 666 in
1647 611 1732 664 his
1773 602 2018 661 terminis

435 727 504 781 de
553 725 744 796 quibus
774 723 946 792 agitur
978 717 1141 781 dixit,
1175 723 1298 783 post
1325 719 1501 765 autem
1535 704 1685 759 velut
1711 703 1780 756 de
1811 696 2014 754 eisdem

438 821 694 889 loquitur,
741 830 858 870 eum
906 814 956 866 in
1005 812 1120 879 ipso
1159 807 1335 870 locos,
1371 813 1482 857 tum
1525 815 1588 855 ex
1633 807 1778 862 toto,
1810 807 1919 850 tum
1950 808 2015 847 ex

437 888 677 979 partibus
716 921 835 962 esse
867 907 1126 973 proponat
1146 898 1182 979 ?_
1208 895 1349 952 Nihil
1376 894 1517 949 enim
1550 891 1731 945 differt
1757 889 1936 943 dicere
1965 888 2016 940 in

439 974 576 1073 ipso,
621 1013 729 1055 tum
760 1014 824 1053 ex
873 1005 1003 1058 toto,
1037 1003 1149 1047 tum
1175 974 1241 1045 ex
1287 986 1528 1058 partibus
1558 997 1717 1052 quam
1746 983 1791 1036 si
1841 980 1912 1034 ita
1939 978 2020 1032 di-

431 1099 603 1154 .xisset
626 1133 640 1157 ,
671 1093 721 1145 in
755 1091 891 1160 ipso,
915 1079 1032 1141 tum
1061 1100 1126 1139 ex
1154 1084 1291 1152 ipso.
1325 1078 1457 1134 Nam
1483 1076 1528 1130 si
1563 1075 1701 1129 idem
1732 1081 1814 1128 est
1840 1073 2016 1141 ipsum

439 1187 576 1260 quod
602 1195 766 1240 totum
795 1198 858 1238 ac
879 1189 1089 1251 partes,
1117 1177 1258 1231 idem
1281 1183 1362 1228 est
1385 1172 1566 1226 dicere
1592 1170 1644 1224 in
1669 1169 1785 1235 ipso
1815 1166 2022 1220 bat-rere

438 1256 611 1339 locum
632 1323 645 1346 ,
677 1295 741 1334 ex
769 1287 901 1344 toto,
934 1283 1029 1328 aut
1074 1279 1137 1326 e‘x
1187 1267 1458 1338 partibus,
1501 1261 1642 1331 quod
1684 1261 1736 1314 in
1768 1259 1882 1328 ipso
1913 1256 2022 1310 ha:-

437 1391 560 1432 rere
575 1376 785 1436 locum,
807 1369 898 1439 qui
919 1375 1087 1421 estex
1120 1364 1256 1432 ipso,
1285 1357 1427 1430 quod
1456 1371 1524 1412 ne
1553 1353 1774 1421 intelligi
1803 1350 2020 1422 quidem

437 1478 650 1541 potest,
694 1459 1144 1536 quemadmodum
1177 1439 1241 1511 in.
1263 1456 1379 1524 ipso
1406 1451 1612 1505 haerere
1646 1446 1850 1517 possit,
1881 1441 2022 1512 quod

440 1538 613 1634 ipsum
644 1570 760 1624 est,
788 1571 908 1612 cum
941 1552 1072 1607 nihil
1103 1549 1204 1604 sibi
1234 1547 1437 1600 haereat
1458 1584 1473 1610 ,
1499 1551 1555 1596 ut
1585 1538 1835 1609 superius
1859 1549 2026 1603 expe-

443 1658 572 1713 divi.
603 1656 732 1719 Sed,
769 1647 1214 1722 quemadmodum
1260 1643 1418 1712 paulo
1441 1648 1564 1693 ante
1594 1635 1817 1704 exposui
1844 1675 1859 1699 ,
1895 1648 2027 1687 una-

443 1763 668 1821 quaeque
697 1761 782 1801 res
808 1760 926 1800 cum
955 1751 1008 1797 et
1029 1737 1402 1795 dil‘linitionem
1434 1731 1629 1786 habeat
1655 1736 1709 1783 et
1737 1735 1914 1796 partes
1933 1767 1947 1792 ,
1979 1723 2025 1779 si

445 1816 825 1913 pernoscamus
846 1851 962 1905 quae
989 1832 1057 1887 sit
1075 1825 1413 1886 dilﬁnitionis
1437 1825 1514 1878 vis
1537 1832 1589 1878 et
1613 1835 1735 1891 qua:
1757 1818 1988 1889 partium
2006 1854 2021 1879 ,
2055 1816 2106 1878 B

446 1907 670 1988 cunctus
700 1921 1062 1998 ambiguitatis
1085 1921 1258 1978 nodus
1284 1917 1600 1974 absolvitur.
1633 1911 1728 1966 Est
1758 1910 1901 1964 enim
1931 1907 2033 1961 dil-

449 2025 620 2080 linitio
648 2030 846 2077 coacta:
875 2020 928 2073 in
958 2032 1017 2072 se
1047 2024 1205 2084 atque
1234 2011 1568 2080 complicatte
1604 2002 1683 2058 rei
1712 1998 2031 2069 explicatio,

450 2115 597 2171 velut
623 2127 742 2167 cum
773 2097 999 2164 dicimus
1043 2105 1318 2161 hominem
1348 2114 1469 2155 esse
1496 2094 1690 2150 animal
1737 2088 2030 2152 rationale,

443 2209 693 2266 mortale.
716 2205 856 2260 Nam
881 2203 932 2257 id
956 2200 1097 2271 quod
1126 2196 1360 2252 breviter
1387 2205 1601 2255 nomen,
1629 2195 1788 2254 atque
1809 2189 2034 2252 anguste

453 2299 804 2368 designabat,
880 2294 931 2349 id
977 2289 1265 2361 explicavit
1307 2300 1369 2340 ac
1396 2283 1650 2354 protulit,
1684 2289 1739 2336 et
1777 2291 1874 2346 per
1901 2272 2032 2368 sub-

447 2363 726 2445 slantiales
776 2363 1169 2456 quodammodo
1227 2389 1406 2448 partes
1463 2373 1705 2435 deﬁnitio
1759 2363 2031 2437 patefecit.

449 2481 627 2537 Alium
677 2479 837 2548 igitur
881 2489 1104 2530 necesse
1148 2481 1229 2527 est
1258 2484 1380 2524 esse
1408 2467 1737 2523 intellectum
1770 2461 1883 2523 rei,
1914 2471 2035 2528 quas

448 2575 767 2644 complicata
807 2579 918 2637 est,
950 2569 1003 2623 in
1051 2582 1116 2623 eo
1161 2564 1304 2635 quod
1337 2561 1552 2618 sibimet
1581 2564 1763 2612 coacta
1791 2563 1951 2622 atque
1978 2549 2034 2604 itt

453 2682 617 2722 unum
646 2664 858 2719 redacta
884 2669 984 2726 est,
1008 2660 1171 2713 alium
1197 2655 1440 2726 ejusdem
1469 2652 1545 2706 rei
1573 2649 1849 2718 explicatae
1874 2652 2035 2713 atque

452 2757 720 2822 dissertus,
744 2755 798 2809 in
828 2768 892 2807 eo
919 2751 1058 2820 quod
1085 2747 1334 2818 expedita
1366 2755 1523 2814 atque
1546 2741 1736 2797 dill‘usa
1760 2746 1844 2791 est
1873 2752 1887 2789 :
1912 2747 2033 2789 nam

454 2853 509 2908 el
539 2851 585 2906 si
614 2849 754 2904 idem
787 2847 862 2900 rei
889 2842 1134 2900 diliinitio
1163 2840 1301 2912 quod
1334 2853 1528 2893 nomen
1562 2833 1858 2903 signilicat,
1905 2825 2034 2882 illud

456 2955 632 2997 tamen
664 2939 838 3008 ipsum
869 2935 1010 3006 quod
1053 2948 1246 2987 nomen
1277 2938 1502 2999 anguste
1533 2925 1866 2992 conluseque
1892 2918 2036 2974 desi-

454 3040 609 3104 gnat,
641 3030 880 3099 apertius
912 3022 1160 3078 dillinitio
1195 3021 1414 3076 disserit
1458 3034 1521 3074 ac
1568 3014 1838 3086 patefacit.
1870 3011 2038 3065 Recte

453 3101 614 3196 igitur
640 3120 782 3174 aliud
813 3117 1063 3188 quiddam
1094 3123 1177 3170 est
1204 3114 1377 3183 ipsum
1397 3151 1413 3177 ,
1443 3109 1590 3164 aliud
1617 3106 1734 3176 ejus
1761 3101 2033 3196 dillinitio,

453 3189 614 3268 eliam
644 3212 689 3265 si
737 3223 898 3264 unum
931 3208 1177 3275 idemque
1207 3216 1286 3259 est
1317 3202 1552 3270 utrisque
1596 3196 1913 3275 subjectum.
1959 3189 2031 3246 Ut
2069 3204 2114 3266 ρ

455 3302 597 3358 enim
626 3300 823 3354 dictum
846 3305 950 3363 est,
981 3271 1152 3367 ipsum
1175 3295 1442 3363 singulum
1464 3299 1565 3354 est,
1590 3287 1838 3342 dilﬁnitio
1865 3271 2035 3354 ipsius

453 3397 646 3466 singuli
680 3410 773 3464 per
803 3405 981 3463 partes
1001 3390 1306 3447 distributio
1332 3399 1493 3459 atque
1520 3386 1874 3444 enumeratio.
1907 3384 2037 3438 Par-

453 3497 537 3543 tes
563 3498 741 3541 autem
771 3499 911 3539 nunc
953 3482 1332 3539 substantiales
1359 3480 1504 3546 dico,
1548 3494 1654 3533 non
1682 3492 1802 3546 qua:
1832 3475 2038 3545 magni-

453 3579 693 3635 tudinem
715 3577 975 3647 jungunt,
1000 3576 1092 3629 sed
1114 3589 1232 3646 qua:
1256 3571 1636 3644 proprietatem
1663 3570 2037 3638 rationemque

453 3669 786 3727 substantiae.
834 3668 937 3723 Sed
969 3666 1110 3737 quod
1156 3668 1210 3721 itt
1256 3664 1570 3720 delinitione
1601 3664 1803 3717 dictum
1836 3673 1918 3717 est
1947 3677 2036 3716 se-

454 3762 686 3818 cundum
715 3773 808 3816 eas
853 3770 1030 3829 partes
1059 3773 1180 3829 qua:
1213 3757 1568 3813 substantiam
1595 3755 1865 3823 jungunt,
1900 3753 1950 3806 id
1986 3753 2040 3807 in

455 3854 696 3924 partibus
724 3851 1120 3920 intelligendum
1150 3859 1232 3905 est
1261 3864 1379 3918 quae
1411 3847 1834 3917 magnitudinem
1872 3860 2040 3914 copu-

459 3947 589 4010 lant,
619 3943 764 3998 velut
788 3943 978 3998 domus
1003 3959 1120 4013 qua:
1151 3943 1516 4006 fundamento,
1549 3941 1844 4010 parietibus
1868 3949 2039 3995 tecto-

458 4051 563 4108 que
582 4036 938 4105 conjungitur.
961 4036 1094 4090 Nam
1115 4050 1235 4090 cum
1259 4050 1320 4090 ea
1343 4035 1476 4090 nihil
1498 4035 1569 4090 sit
1593 4034 1738 4089 aliud
1770 4034 1870 4087 nisi
1894 4032 2038 4103 quod

461 4134 697 4204 partitus
725 4134 1023 4202 cepulatur,
1052 4134 1164 4202 ipsa
1196 4143 1370 4189 tamen
1404 4148 1509 4188 una
1537 4134 1780 4204 quaedam
1815 4142 1928 4198 est,
1961 4141 2043 4186 at-

456 4241 562 4296 que
582 4226 888 4296 conjuncta,
931 4227 1144 4296 partitio
1174 4240 1301 4281 vero
1331 4227 1451 4298 ejus
1478 4243 1572 4297 per
1599 4227 1841 4299 quadam
1875 4240 2043 4279 mem-

459 4319 554 4374 bra
580 4319 886 4375 distributio
913 4330 994 4375 est
1015 4361 1029 4386 ,
1062 4331 1220 4390 atque
1248 4322 1368 4376 ideo
1400 4322 1524 4377 licet
1565 4335 1727 4377 unum
1769 4323 1868 4385 sit,
1901 4317 2042 4389 quod

461 4408 634 4480 Ipsum
665 4418 748 4464 est
787 4419 988 4478 totum,
1022 4421 1076 4466 et
1104 4423 1232 4482 quot
1267 4423 1392 4467 sunt
1424 4423 1606 4481 partes
1650 4412 1888 4480 undique
1921 4425 2048 4464 con-

464 4503 719 4569 ﬂuentes,
753 4519 856 4560 non
887 4515 1060 4561 tamen
1100 4506 1346 4561 eumdem
1379 4521 1600 4561 necesse
1631 4516 1714 4561 est
1742 4505 1941 4560 habere
1971 4505 2051 4557 in-

464 4603 730 4660 tellectum
749 4647 763 4672 ,
791 4620 910 4660 cum
937 4606 1108 4675 ipsum
1132 4606 1398 4674 integrum
1423 4606 1816 4672 consideratur,
1845 4616 1895 4659 et
1925 4621 2045 4660 cum

464 4701 516 4753 in
545 4711 722 4768 partes
754 4701 894 4769 ipsas
948 4700 1138 4770 quibus
1171 4699 1414 4768 junctum
1453 4709 1537 4755 est
1578 4701 1936 4755 distribuitur.
1968 4702 2046 4758 Ex

466 4800 588 4845 nota
634 4808 758 4846 vero
805 4793 951 4846 locus
971 4793 1322 4862 apertissime
1351 4795 1417 4848 ab
1449 4809 1512 4848 eo
1547 4796 1774 4849 termino
1802 4796 2049 4850 diversus

463 4891 575 4948 est,
608 4884 694 4950 qui
726 4883 779 4936 in
813 4885 1106 4953 qumstione
1136 4887 1462 4942 constitutus
1493 4895 1598 4940 est.
1634 4886 1765 4953 Quis
1795 4887 1938 4941 enim
1969 4887 2049 4940 di-

466 4980 551 5025 cat
595 4971 644 5026 id
695 4987 815 5028 esse
856 4974 1143 5044 cujuslibet
1189 4975 1264 5031 rei
1296 4976 1612 5031 vocabulum
1645 4978 1785 5046 quod
1820 4978 1929 5047 ipsa
1964 4994 2051 5034 res

468 5070 578 5129 est,
604 5078 762 5132 quam
788 5063 1066 5133 designat?
1090 5065 1161 5119 Ea
1187 5082 1313 5123 vero
1335 5084 1453 5138 quae
1479 5069 1544 5122 ad
1576 5069 1624 5122 id
1652 5068 1719 5123 de
1746 5084 1853 5139 quo
1881 5068 2055 5137 agitur

468 5153 655 5209 alIeeta
701 5164 854 5218 sunt,
895 5166 948 5210 et
978 5159 1022 5211 si
1053 5167 1206 5212 extra
1240 5162 1412 5229 posita
1455 5163 1723 5229 videntur,
1768 5164 2055 5218 terminum

471 5257 645 5302 tamen
695 5251 748 5302 in
792 5250 1086 5322 quastione
1125 5254 1456 5322 prepositum
1489 5256 1631 5310 velut
1659 5272 1688 5310 e
1721 5256 1939 5325 regione
1970 5271 2056 5311 re-

469 5339 700 5404 spiciunt
726 5382 739 5402 ,
775 5355 894 5407 qure
935 5341 988 5394 in
1022 5343 1215 5397 multas
1255 5345 1424 5400 secari
1472 5361 1692 5401 necesse
1735 5356 1818 5401 est
1858 5359 2052 5417 partes.

471 5429 658 5484 Omnis
686 5431 830 5485 enim
864 5446 970 5500 res,
1006 5433 1056 5487 id
1086 5435 1228 5503 quod
1252 5445 1362 5500 est,
1390 5451 1552 5492 unum
1581 5448 1664 5492 est
1689 5479 1702 5503 ,
1730 5439 1892 5493 multa
1927 5455 2060 5496 vero

473 5520 689 5576 sibimet
737 5524 936 5580 retinet
963 5527 1245 5595 adjuncta,
1289 5544 1409 5598 quae
1448 5531 1549 5585 hoc
1578 5531 1644 5585 ab
1672 5532 1755 5586 his
1795 5550 1911 5601 qua:
1941 5551 2062 5589 om-

475 5615 603 5669 nino
642 5618 976 5672 extrinsecus
1031 5627 1157 5674 sunt
1210 5621 1430 5677 dill'erre
1485 5624 1874 5694 intelliguntur,
1923 5630 2064 5698 quod

474 5718 538 5762 ea
587 5723 706 5778 quae
754 5707 940 5762 all'ecta
991 5720 1148 5777 sunt,
1200 5711 1249 5765 in
1301 5713 1567 5771 relatione
1608 5729 1730 5772 sunt
1763 5723 1963 5788 posita,
2008 5733 2064 5778 ut

477 5806 598 5870 pou
644 5809 699 5858 et
749 5799 985 5871 ipsarum
1032 5803 1346 5873 propositio,
1400 5810 1454 5881 et
1501 5806 1872 5879 exemplorum
1928 5817 2064 5874 ratio

2121 501 2381 556 relatione
2409 508 2533 554 sunt
2563 500 2848 554 conStituta
2871 541 2886 564 ,
2921 508 3082 568 atque
3115 497 3234 552 ideo
3283 499 3396 554 hsz
3437 503 3684 558 extrinse-

2121 605 2214 645 cus
2259 591 2455 645 solum.
2487 587 2578 642 illa
2625 604 2752 642 vero
2794 589 2913 642 allet
2933 597 2982 642 ta
3011 598 3136 642 sunt
3175 601 3508 656 nuncupata,
3545 592 3704 644 liabt-t

2120 686 2262 740 enim
2307 685 2540 752 aliquam
2589 683 2982 751 quodammodo
3025 683 3399 752 cognationem
3446 684 3512 738 ad
3553 685 3606 740 id
3636 687 3700 741 ad

2121 777 2262 846 quod
2291 774 2583 836 reducitur,
2619 772 2670 826 id
2694 772 2834 841 quod
2860 774 3089 826 refertur
3116 771 3182 825 ad
3208 772 3427 841 aliquid.
3461 773 3565 828 Sed
3592 792 3676 830 om
3699 803 3706 815 -

2123 882 2220 922 nes
2249 866 2358 920 fere
2385 866 2484 918 hos
2514 863 2659 917 lucos
2687 876 2819 930 quos
2854 877 2992 914 nunc
3023 862 3294 930 simplices
3326 873 3485 932 atque
3514 863 3707 920 indivia

2123 974 2212 1014 sos
2242 958 2412 1028 petiit,
2443 957 2743 1024 posteriore
2767 962 2992 1007 tractatu
3017 953 3226 1019 dividit,
3255 963 3311 1007 ut
3332 971 3468 1011 nunc
3494 973 3708 1027 quoque

2123 1066 2218 1108 eos
2249 1053 2396 1105 locos
2422 1049 2510 1119 qui
2542 1049 2594 1102 in
2627 1049 2742 1116 ipso
2781 1057 2935 1114 sunt,
2972 1047 3272 1112 distribuit,
3320 1064 3441 1103 cum
3476 1041 3609 1105 alios
3639 1068 3708 1106 ex

2125 1153 2236 1199 toto
2267 1143 2379 1197 ﬁeri
2412 1142 2694 1210 proponit,
2727 1139 2864 1193 alios
2887 1155 2952 1192 ex
2983 1138 3253 1208 partibus,
3288 1140 3420 1193 alios
3449 1158 3511 1194 ex
3543 1151 3666 1196 nota
3686 1183 3706 1211 ,

2126 1235 2262 1289 alios
2299 1249 2363 1288 ex
2394 1231 2597 1286 allectis
2619 1272 2633 1296 ,
2665 1230 2958 1300 allectaque
2989 1230 3104 1300 ipsa
3136 1232 3246 1285 suis
3279 1232 3514 1300 partibus
3541 1246 3707 1290 secat.

2125 1323 2472 1380 Extrinsecus
2517 1336 2644 1376 vero
2697 1321 2868 1374 locum
2910 1322 2961 1374 in
2995 1321 3300 1376 testimonio
3333 1323 3562 1390 positum
3590 1339 3711 1380 esse

2127 1417 2445 1482 conﬁrmat,
2477 1413 2768 1468 testimonii
2797 1427 2926 1467 vero
2955 1413 3061 1466 vim
3089 1413 3142 1466 itt
3171 1417 3487 1468 auctoritate
3515 1415 3712 1469 consu—

2130 1510 2262 1571 tuit,
2295 1505 2664 1559 auctoritatem
2706 1518 2834 1558 vero
2875 1503 3081 1558 diducit
3125 1505 3176 1557 in
3221 1505 3461 1573 proprias
3503 1516 3708 1575 partes,

2130 1597 2226 1652 sed
2258 1596 2360 1650 hoc
2395 1595 2694 1664 posteriore
2726 1601 2955 1648 tractatu
2998 1593 3239 1662 liquebit.
3271 1594 3420 1650 Nunc
3463 1611 3592 1651 vero
3620 1612 3714 1652 eos

2130 1688 2403 1758 simplices
2454 1696 2616 1756 atque
2665 1685 2926 1740 indivisos
2971 1689 3117 1742 locos
3147 1691 3423 1757 proponit,
3468 1700 3523 1746 et
3548 1693 3716 1748 veluti

2130 1779 2461 1848 simplicibus
2484 1778 2664 1833 subdit
2682 1779 2946 1847 exempla.
2970 1779 3157 1834 Restat
3180 1791 3356 1836 autem
3384 1799 3525 1838 nunc
3547 1801 3712 1842 unum

2132 1870 2275 1942 quod
2314 1869 2524 1925 videtur
2550 1884 2670 1924 esse
2699 1869 3076 1938 quarendum,
3106 1885 3174 1925 an
3206 1873 3260 1926 hi
3294 1872 3396 1928 loci
3429 1875 3522 1944 qui
3554 1875 3606 1930 in
3637 1878 3715 1932 lo-

2133 1976 2226 2015 cos
2253 1961 2394 2016 alios
2420 1959 2758 2024 dividuntur,
2785 1973 2972 2014 eorum
2999 1975 3134 2030 quos
3161 1963 3300 2017 intra
3340 1977 3398 2019 se
3443 1966 3720 2022 continent

2138 2054 2376 2123 locorum
2401 2052 2504 2107 loci
2527 2067 2647 2106 esse
2676 2052 2904 2121 possint,
2933 2062 2988 2106 ut
3009 2068 3194 2108 eorum
3219 2056 3307 2124 qui
3331 2065 3457 2111 sunt
3483 2073 3548 2112 ex
3579 2067 3713 2126 toto,

2137 2158 2205 2198 ex
2229 2144 2492 2213 partibus,
2510 2159 2574 2197 ex
2599 2152 2744 2209 nota,
2764 2158 2831 2199 ex
2857 2144 3082 2209 allectis,
3107 2131 3151 2201 is
3171 2162 3309 2202 unus
3330 2148 3542 2217 quidam
3569 2151 3720 2219 quasi

2139 2236 2290 2292 locus
2317 2235 2418 2302 sit,
2448 2234 2540 2304 qui
2571 2243 2654 2290 est
2683 2236 2736 2289 in
2766 2237 2902 2306 ipso.
2934 2235 3079 2291 Nihil
3109 2239 3322 2308 quidem
3357 2256 3574 2309 prorsus
3601 2243 3722 2296 oili-

2139 2336 2289 2382 ceret
2315 2329 2555 2383 locorum
2585 2330 2732 2382 locos
2762 2337 2949 2395 putare
2969 2368 2984 2393 ,
3018 2329 3132 2384 ﬁeri
3175 2331 3314 2384 enim
3355 2342 3530 2401 potest
3560 2343 3614 2387 ut
3646 2334 3721 2387 Io-

2137 2440 2233 2481 cus
2263 2424 2494 2494 amplior
2524 2423 2663 2478 intra
2691 2433 2863 2479 semet
2886 2425 3218 2492 angusﬁores
3247 2428 3518 2480 contineat
3551 2429 3715 2493 locos,

2138 2521 2290 2578 velut
2317 2521 2370 2574 itt
2397 2518 2675 2589 provincia
2703 2518 2976 2584 civitates,
3005 2518 3097 2574 sed
3127 2533 3266 2574 nunc
3288 2519 3405 2574 hazc
3431 2520 3724 2577 similitudo

2141 2628 2247 2670 non
2288 2612 2565 2667 convenit.
2614 2611 2789 2665 Locus
2819 2609 2962 2665 enim
2993 2618 3073 2664 est
3112 2625 3178 2664 ex
3207 2625 3314 2680 quo
3339 2611 3550 2666 ducitur
3576 2612 3626 2665 id
3672 2612 3726 2671 in

2139 2721 2244 2777 quo
2272 2710 2644 2775 argumentum
2666 2711 2745 2758 est
2773 2701 3023 2771 positum.
3051 2701 3202 2766 Quod
3230 2703 3276 2756 si
3303 2702 3403 2757 loci
3429 2703 3576 2758 locus
3605 2718 3728 2759 esse

2140 2806 2356 2867 posset,
2382 2804 2438 2850 et
2467 2797 2510 2848 is
2541 2794 2631 2863 qui
2659 2801 2743 2848 est
2771 2791 2825 2847 in
2868 2793 2987 2862 ipso
3017 2794 3084 2847 de
3125 2807 3252 2863 quo.
3276 2795 3470 2862 agitur,
3501 2809 3592 2848 eos
3631 2794 3726 2863 qui

2139 2894 2266 2940 sunt
2309 2900 2376 2940 ex
2424 2893 2555 2950 toto,
2591 2883 2674 2938 vel
2717 2898 2780 2938 ex
2821 2884 3062 2952 partibus
3085 2923 3100 2947 ,
3133 2885 3217 2938 vel
3253 2899 3317 2937 ex
3347 2896 3505 2950 nota,
3542 2885 3625 2939 vel
3655 2900 3724 2940 ex

2140 2976 2372 3041 allectis,
2411 2975 2555 3030 velut
2580 2973 2795 3042 quidam
2824 2975 2972 3029 locus
3003 2973 3300 3029 includeret
3325 3020 3338 3041 ,
3373 2991 3477 3028 non
3507 2984 3725 3043 essent,

2141 3083 2204 3122 ex
2249 3077 2382 3132 telo,
2431 3082 2493 3122 ex
2527 3065 2800 3134 partibus,
2832 3080 2897 3120 ex
2929 3074 3053 3119 nota
3075 3105 3089 3129 ,
3134 3066 3213 3120 vel
3245 3081 3310 3120 ex
3342 3065 3544 3122 allectis
3585 3067 3685 3122 loci
3705 3108 3723 3135 ,

2143 3159 2238 3214 sed
2269 3168 2581 3228 argumenta
2608 3156 2858 3226 quoniam
2892 3156 2944 3210 in
2974 3171 3040 3211 eo
3073 3157 3338 3213 haererent
3368 3159 3510 3225 loco,
3549 3156 3635 3227 qui
3670 3161 3724 3216 in

2143 3266 2212 3307 eo
2247 3251 2362 3321 ipso
2389 3250 2458 3305 de
2486 3265 2594 3319 quo
2631 3249 2805 3319 agitur
2847 3251 3076 3304 termino
3123 3263 3242 3304 esse
3283 3252 3566 3320 prmdictus
3608 3263 3723 3317 est;

2141 3359 2248 3400 non
2275 3343 2432 3414 igitur
2457 3344 2603 3396 locus
2621 3357 2741 3397 esse
2768 3341 2967 3411 poterit
2995 3341 3115 3407 loci,
3145 3343 3238 3396 sed
3272 3343 3416 3397 velut
3442 3358 3639 3413 genera
3666 3344 3721 3399 in

2141 3435 2372 3505 species.
2403 3435 2477 3488 Ita
2505 3447 2649 3487 nunc
2690 3433 2760 3486 sit
2789 3432 2981 3487 divisio
3013 3433 3282 3504 locorum,
3309 3449 3408 3488 nec
3438 3435 3538 3489 hoc
3566 3450 3724 3502 supe-

2142 3527 2257 3583 rius
2287 3525 2450 3580 dictis
2481 3523 2724 3579 videatur
2754 3537 2874 3578 esse
2902 3525 3262 3590 contrarium,
3294 3538 3416 3579 cum
3459 3533 3511 3579 et
3557 3526 3728 3581 maxi-

2146 3635 2263 3676 mas
2291 3618 2683 3690 propositiones
2702 3659 2717 3683 ,
2745 3627 2798 3673 et
2822 3633 3006 3672 earum
3035 3617 3362 3674 dill‘erentias
3389 3620 3726 3676 continentes

2142 3713 2413 3770 communi
2447 3710 2662 3765 nomine
2689 3711 3075 3780 appellavimus
3106 3711 3275 3766 locos.
3319 3711 3450 3768 Nam
3482 3715 3726 3771 maximat

2145 3803 2569 3875 propositiones,
2604 3801 2727 3856 licet
2762 3817 2827 3856 eo
2857 3803 2974 3870 ipso
3004 3819 3111 3871 quo
3143 3806 3388 3859 maxima:
3422 3806 3530 3862 sint
3555 3807 3726 3862 inclu-

2146 3897 2273 3951 dant
2312 3905 2535 3950 cmteras
2567 3904 2621 3948 et
2654 3905 2912 3948 vocentur
2953 3895 3084 3958 loci,
3119 3905 3295 3950 tamen
3324 3900 3445 3966 quia
3476 3911 3600 3954 sunt
3633 3915 3729 3955 no-

2148 3989 2371 4042 tissimae
2420 3995 2641 4055 possunt
2688 3986 2850 4039 rebus
2886 3987 3060 4040 dubiis
3088 4001 3209 4042 esse
3237 4003 3567 4058 argumenta.
3601 3993 3732 4049 iure

2148 4080 2308 4148 igitur
2334 4095 2518 4134 earum
2541 4079 2858 4133 dillerentia:
2882 4079 2982 4133 loci
3013 4082 3378 4146 nominantur,
3403 4085 3544 4151 quod
3574 4085 3625 4137 iu
3656 4087 3734 4139 lo-

2149 4187 2332 4226 corum
2381 4171 2702 4238 speciebus,
2734 4170 2888 4225 aliter
2933 4185 3056 4224 sese
3103 4170 3298 4235 habet,
3343 4189 3461 4242 quae
3508 4188 3732 4242 prorsus

2149 4270 2462 4332 argumenta
2495 4275 2615 4315 esse
2641 4276 2746 4315 non
2777 4270 3032 4330 possunt:
3059 4276 3182 4316 nam
3214 4263 3265 4316 in
3295 4262 3413 4331 ipso
3442 4265 3592 4318 locus
3623 4267 3734 4320 vel-

2152 4365 2208 4409 ut
2249 4355 2300 4408 in
2345 4353 2553 4422 species
2591 4351 2848 4422 quasdam
2901 4353 3154 4408 dividitur
3185 4354 3238 4408 in
3267 4369 3360 4409 eos
3389 4358 3479 4425 qui
3512 4366 3631 4410 sunt
3663 4372 3734 4412 ex

2156 4457 2288 4513 toto,
2321 4463 2385 4502 ex
2421 4447 2693 4516 partibus,
2724 4461 2790 4502 ex
2821 4453 2975 4511 nota,
3007 4463 3070 4501 ex
3101 4448 3327 4503 allecﬁs.
3367 4449 3741 4520 Unusquisque

2078 4541 2298 4636 Denim
2333 4540 2524 4594 horum
2577 4541 2832 4595 locorum.
2864 4537 3020 4609 primi
3061 4541 3164 4595 loci
3216 4541 3479 4616 integrum
3531 4546 3741 4602 videtur

2159 4631 2303 4687 ferre
2329 4631 2644 4685 vocabulum
2665 4671 2682 4697 ,
2715 4647 2837 4684 nam
2867 4640 2925 4685 ut
2955 4632 3225 4687 hominem
3252 4635 3452 4690 animal
3482 4637 3735 4704 dicimus,

2159 4728 2392 4794 itemque
2438 4739 2632 4788 equum
2689 4733 2848 4793 atque
2905 4725 3094 4779 bovem
3149 4729 3403 4782 animalia
3465 4746 3740 4800 nuncupao

2162 4832 2279 4871 lllUS
2302 4856 2316 4880 ,
2344 4816 2423 4869 sic
2449 4815 2494 4868 is
2516 4815 2664 4870 locus
2691 4816 2780 4885 qui
2805 4832 2870 4871 ex
2899 4825 3010 4872 toto
3033 4829 3117 4873 est
3150 4820 3200 4873 in
3229 4819 3346 4890 ipso
3375 4836 3494 4876 esse
3524 4821 3744 4887 dicitur,

2161 4908 2397 4975 itemque
2422 4907 2512 4976 qui
2544 4922 2608 4961 ex
2634 4907 2874 4976 partibus
2903 4923 2966 4964 ac
2994 4918 3151 4976 nota,
3178 4920 3335 4978 atque
3364 4927 3428 4966 ex
3457 4913 3661 4969 allectis
3694 4915 3746 4968 in

2162 5000 2277 5069 ipso
2307 5008 2451 5053 sunt.
2485 4997 2593 5054 Sed
2624 5014 2691 5053 ex
2743 4999 2825 5055 his
2867 5001 2996 5056 locis
3034 5012 3349 5072 argumenta
3379 5004 3593 5072 quidem
3625 5004 3746 5059 duci

2166 5091 2429 5161 possibile
2460 5099 2573 5156 est,
2605 5091 2719 5161 ipsa
2751 5107 2880 5148 vero
2908 5103 3220 5163 argumenta
3249 5103 3308 5148 ut
3335 5095 3471 5160 sint,
3504 5095 3618 5149 lleri
3650 5111 3748 5151 ne-

2163 5185 2295 5253 quit.

2239 5275 2343 5328 Sed
2389 5276 2456 5327 ad
2500 5275 2553 5327 id
2597 5284 2759 5328 totum
2789 5277 2853 5328 de
2881 5292 2982 5344 quo
3022 5276 3308 5340 disseritur,
3361 5291 3475 5330 cum
3521 5277 3753 5348 deﬁnitio

2167 5364 2456 5427 adhibetur,
2497 5366 2642 5432 quasi
2689 5365 2971 5420 involutum
3021 5366 3197 5420 evolvit
3235 5367 3288 5419 id
3325 5367 3389 5421 de
3426 5385 3526 5437 quo
3562 5371 3756 5439 qucri~

2168 5464 2270 5508 tur.
2305 5455 2436 5524 Ejus
2465 5460 2752 5527 argumenti
2778 5461 2896 5512 talis
2921 5469 2993 5512 est
3033 5461 3256 5528 formula
3303 5475 3324 5514 :
3369 5461 3466 5515 lus
3501 5463 3644 5515 civile
3679 5470 3755 5516 est

2169 5547 2382 5616 aquilas
2432 5549 2708 5601 constituta
2753 5551 2830 5604 his
2872 5553 2960 5619 qui
2999 5551 3228 5621 ejusdem
3270 5555 3485 5609 civitatis
3525 5565 3642 5610 sunt
3685 5556 3756 5610 ad

2171 5653 2253 5692 res
2283 5654 2402 5691 suas
2429 5638 2744 5692 obtinendas.
2780 5639 2910 5704 Ejus
2940 5651 3108 5695 autem
3134 5645 3387 5714 wquitatis
3418 5647 3554 5702 utilis
3583 5649 3756 5719 cogni-

2172 5730 2243 5784 tio
2273 5739 2366 5784 est.
2402 5729 2553 5784 Utilis
2583 5747 2699 5797 ergo
2729 5742 2801 5784 est
2824 5734 2960 5803 juris
2991 5736 3153 5790 civilis
3177 5739 3408 5793 scientia.

2176 5825 2208 5891 ἃ
2247 5818 2373 5878 Post
2402 5822 2639 5877 locorum
2673 5820 3287 5902 bifariatndivisionem,
3320 5832 3373 5896 in
3400 5832 3516 5903 ipso
3546 5835 3755 5893 scilicet

2052 5958 2123 5969 ..ν-ο
2196 5966 2226 5975 ,ν-

1737 6026 1772 6040 ἰ
