4248 6272
544 280 683 341 {059

1773 277 1884 334 ΑῖΝ.
1924 276 2133 336 “ANB.
2170 277 2325 336 πη.
2358 280 2587 339 ωιτη

3663 291 3806 354 im

548 396 619 454 de
645 410 751 466 quo
779 397 972 467 agitur,
1000 403 1055 450 et
1074 394 1409 449 extrinsecus
1430 391 1725 460 positorum
1744 432 1760 457 ,
1789 392 2018 459 partitus
2035 398 2124 446 est
2147 392 2199 451 Δ
2220 392 2310 461 jus
2336 392 2492 450 civile
2518 404 2572 450 et
2596 410 2781 453 rursus
2818 399 3043 455 scientia
3068 402 3225 458 utilis
3257 403 3505 473 quadam
3532 414 3658 463 aut
3681 420 3802 464 ora-

541 504 664 543 eum
698 488 870 542 locum
913 485 1001 553 qui
1042 491 1127 537 est
1168 483 1220 536 in
1262 484 1375 551 ipso
1416 483 1467 535 in
1509 491 1739 551 quatuor
1763 482 2035 548 membra,
2067 482 2118 535 id

545 589 625 635 est
658 596 684 632 a
720 587 861 639 toto,
894 591 922 628 a
952 575 1180 644 partium
1222 575 1657 640 enumeratione,
1692 589 1721 627 a
1753 584 1909 638 nota,
1940 574 2011 629 ab
2037 574 2120 628 af-

542 674 711 726 l‘nctis.
764 668 914 721 Nunc
958 666 1117 735 igitur
1165 676 1480 735 anteaquam
1529 665 1733 719 dividat
1776 681 1899 719 eum
1943 666 2119 720 locum

539 776 695 828 quem
746 758 812 810 ab
858 755 1062 809 aﬁ‘ectis
1102 770 1223 810 esse
1255 760 1562 825 proposuit,
1596 758 1929 824 superiorum
1959 757 2127 811 trium

538 862 672 919 quos
698 850 746 900 in
778 847 947 914 primo
979 847 1192 901 interim
1228 856 1453 900 tractatu
1482 849 1700 902 minime
1725 849 1990 902 divisurus
2015 859 2118 916 est,

538 939 629 992 sed
663 936 965 990 individuus
994 936 1299 1001 relicturus,
1325 938 1571 1005 exempla
1603 939 1875 1005 supponit.
1907 939 1967 991 Hi
1992 954 2125 994 vero

494 1066 505 1073 ι
537 1038 661 1082 sunt
689 1043 717 1079 a
746 1036 875 1090 toto,
902 1042 931 1079 a
956 1026 1219 1094 partibus,
1249 1041 1280 1079 a
1308 1036 1461 1090 nota;
1487 1041 1550 1079 ac
1574 1027 1641 1080 de
1666 1044 1731 1080 eo
1755 1028 1969 1097 quidem
2000 1029 2119 1083 loco

537 1117 629 1186 qui
659 1125 741 1171 est
770 1132 799 1168 a
846 1126 955 1169 toto
1001 1114 1073 1191 ita
1102 1114 1353 1169 disseruit
1408 1132 1467 1169 ac
1499 1116 1805 1184 disputavit.
1840 1118 2008 1191 Tum,
2039 1119 2120 1172 iu-

538 1185 686 1279 quit,
719 1210 944 1263 dicimus
972 1185 1142 1267 a'toto
1173 1207 1349 1261 locum
1378 1209 1677 1277 argumenti
1708 1211 1920 1279 quando
1946 1220 2118 1266 totum

539 1300 668 1356 illud
717 1301 856 1370 quod
910 1302 958 1351 in
1008 1299 1305 1366 quaestione
1367 1301 1595 1367 positum
1659 1312 1744 1356 est
1801 1302 2119 1359 dil‘linitione

539 1393 971 1460 complectimur,
1002 1405 1120 1459 quac
1163 1390 1412 1443 difﬁnitio
1453 1391 1533 1445 rei
1572 1392 1749 1446 dubia:
1776 1393 1845 1449 de
1872 1408 1977 1462 qua
2006 1396 2117 1465 agi-

542 1496 627 1540 tur
651 1485 773 1537 facit
804 1482 981 1536 ﬁdem.
1012 1482 1119 1536 Sed
1148 1482 1394 1536 difﬁnitio
1419 1487 1612 1549 omnis,
1646 1494 1703 1538 ut
1725 1488 1971 1555 superius
1994 1503 2118 1556 quo-

539 1590 643 1645 que
683 1575 882 1628 dictum
910 1583 991 1627 est
1009 1613 1023 1636 ,
1054 1572 1107 1626 id
1135 1574 1273 1642 quod
1306 1576 1520 1630 nomine
1548 1578 1783 1631 involute
1809 1578 2117 1649 designatur

541 1667 743 1723 evolvit
774 1675 826 1720 et
854 1652 1113 1733 explicat,
1160 1675 1319 1733 atque
1351 1667 1470 1721 ideo
1503 1683 1604 1721 non
1656 1671 1911 1723 terminus
1943 1673 2031 1738 qni
2061 1673 2115 1726 in
2164 1684 2169 1685 ’

2229 482 2396 537 tiones
2418 500 2551 553 quas
2582 487 2717 541 inter
2749 490 3008 544 terminos
3024 490 3366 549 collocamus.
3393 494 3507 548 Non
3532 497 3673 551 enim
3686 512 3803 558 om-

2226 575 2309 631 nis
2336 579 2594 633 terminus
2634 580 2860 650 simplici
2905 584 3166 641 orationis
3211 596 3359 649 parte
3384 589 3673 656 profertur,
3706 574 3804 645 sed

2223 665 2501 735 aliquoties
2536 671 2810 726 orationes
2844 672 3063 742 integrae
3090 676 3143 729 in
3172 677 3420 733 terminis
3449 679 3791 734 constituun-

2225 766 2327 812 tur.
2363 759 2421 813 In
2453 760 2551 813 hac
2572 761 2735 829 igitur
2763 767 3224 831 argumentatione
3257 769 3485 837 maxima
3516 784 3578 823 ac
3614 785 3809 842 ρει-δε,

2223 856 2347 911 nota
2380 851 2671 917 prapositio
2710 862 2792 905 est
2831 869 2891 907 ea
2928 870 3022 923 per
3048 872 3209 925 quam
3239 858 3587 927 intelligimus
3619 862 3800 915 omnia

2223 954 2342 1005 qua:
2381 940 2679 996 dillinitioni
2722 944 2946 1013 alicujus
2990 948 3407 1018 conjunguntur,
3441 952 3553 1020 ipsa
3583 969 3802 1022 quoque

2224 1028 2329 1097 illis
2342 1045 2566 1099 quorum
2593 1032 2832 1091 deﬁnitio
2858 1046 3036 1104 est,ex
3064 1044 3385 1096 necessitate
3410 1044 3669 1110 capulari.
3702 1048 3802 1101 Se-

2223 1118 2402 1187 quitur
2429 1120 2570 1173 enim
2603 1132 2722 1175 cum
2754 1122 2999 1177 diflinitio
3035 1127 3172 1194 juris
3201 1129 3370 1183 civilis
3412 1130 3522 1184 utili
3552 1133 3799 1187 scientia:

2224 1212 2392 1278 possit
2432 1211 2646 1281 adjungi
2671 1257 2684 1280 ,
2723 1214 2829 1283 juri
2874 1232 3085 1285 quoque
3125 1220 3263 1273 civili
3307 1222 3484 1276 utilem
3516 1224 3833 1280 scientiam'

2224 1317 2377 1373 posse
2422 1306 2689 1371 supufari;
2722 1318 2803 1360 est
2834 1307 2994 1376 igitur
3026 1310 3126 1364 ltoc
3155 1322 3518 1379 argumentum
3566 1326 3801 1370 tractum

2222 1394 2288 1471 ab
2327 1410 2390 1448 eo
2423 1395 2538 1449 loco
2568 1398 2656 1466 qui
2697 1400 2861 1452 estin
2897 1387 3033 1469 ipso.
3065 1402 3251 1455 Omnis
3292 1404 3431 1456 enim
3464 1404 3714 1458 difﬁnitio
3745 1408 3800 1461 in

2223 1498 2287 1536 eo
2320 1486 2547 1540 termino
2578 1498 2658 1540 est
2687 1504 2841 1557 quem
2872 1490 3097 1555 dil‘tinit,
3132 1492 3319 1545 eodem
3352 1504 3529 1547 antem
3562 1474 3679 1547 Ιιτεο
3708 1496 3798 1562 qui

2223 1575 2275 1647 in
2320 1577 2432 1645 ipso
2477 1592 2590 1641 est,
2626 1588 2887 1633 etatolo.
2918 1581 3104 1635 Omnis
3155 1584 3295 1635 enim
3342 1584 3591 1637 diflinitio
3636 1594 3805 1642 totum

2223 1680 2487 1725 monstrat
2514 1680 2675 1739 atque
2705 1677 2897 1739 aperit.
2933 1675 3158 1727 Maxima
3193 1677 3484 1745 propositio
3510 1678 3641 1731 haec.
3672 1678 3801 1745 Qui-

540 1758 859 1813 dil'linitione
888 1756 1119 1825 ponitur,
1156 1756 1248 1809 sed
1280 1773 1395 1825 qua)
1443 1760 1493 1811 in
1538 1759 1654 1828 ipso
1691 1770 1848 1821 sunt,
1896 1772 2119 1829 possunt
2145 1766 2197 1824 Β
2224 1746 2319 1813 bus
2348 1762 2644 1829 aliquorum
2679 1762 2926 1815 diftinitio
2949 1762 3211 1832 jungitur,
3247 1764 3449 1819 eisdem
3497 1770 3801 1823 necessario

539 1850 867 1919 argumentis
899 1858 1151 1916 praestare
1182 1852 1482 1904 materiam.
1516 1851 1651 1904 Sunt
1677 1864 1853 1905 autem
1890 1854 1942 1906 in
1976 1869 2111 1906 uno-

539 1957 749 2013 quoque
779 1941 1008 2009 propria:
1040 1939 1407 1995 dilﬁnitiones.
1439 1942 1690 1996 Difllnitio
1719 1946 1859 1999 enim
1889 1955 1972 1999 est
1994 1962 2117 2000 ora-

539 2034 613 2087 tio
660 2031 1008 2087 substantiam
1046 2030 1465 2101 uniuscujusque
1512 2034 1850 2102 signiﬁcans;
1883 2036 2022 2105 quod
2068 2037 2125 2091 si

543 2120 612 2176 ab
642 2134 957 2189 unaquaque
986 2135 1046 2174 re
1076 2107 1288 2189 plopria
1317 2124 1612 2178 substantia
1640 2141 1743 2179 non
1777 2128 2014 2193 recedit,
2050 2143 2117 2183 ue

541 2210 793 2285 difﬁnitio
819 2211 1035 2278 quidem
1079 2212 1318 2277 recedit,
1349 2224 1433 2268 est
1458 2229 1587 2283 ergo
1628 2215 1875 2272 dillinitio
1915 2218 1967 2272 in
2000 2219 2127 2287 ipso-

541 2303 772 2357 termino
795 2301 863 2356 de
884 2317 989 2372 quo
1012 2303 1205 2370 agitur,
1235 2319 1351 2371 qua:
1372 2304 1613 2359 deﬁnitio
1637 2317 1802 2361 totum
1830 2312 2116 2364 terminum

544 2405 763 2446 necesse
794 2402 876 2447 est
905 2393 1360 2461 comprehendat,
1389 2409 1560 2463 neque
1587 2396 1731 2451 enim
1762 2408 1963 2466 partem
1991 2400 2131 2453 sub-t.

538 2485 770 2548 stantius,
794 2482 889 2537 sed
913 2484 1073 2537 totius
1096 2484 1306 2543 termini
1332 2486 1681 2543 substantiam
1708 2498 1984 2563 monstrat.
2012 2489 2123 2546 Sed

543 2573 796 2644 quoniam
825 2590 889 2628 ex
919 2590 981 2628 ea
1011 2575 1330 2630 dilﬁnitinne
1364 2576 1494 2632 ﬁdes
1523 2577 1579 2630 ﬁt
1605 2580 1684 2633 rei
1714 2580 1920 2647 dubiae,
1946 2583 2128 2641 trahi-2

539 2672 628 2720 tur
654 2680 719 2718 ex
744 2664 1064 2719 dilﬁnitione
1092 2675 1485 2734 argumentum,
1510 2685 1627 2737 qua:
1653 2670 1903 2728 difﬁnitio
1924 2674 1977 2727 in
2004 2676 2131 2742 ipso.

540 2757 770 2814 termino
793 2766 876 2811 est
898 2758 965 2812 de
986 2773 1091 2826 quo
1118 2759 1314 2826 agitur,
1344 2770 1399 2814 ει
1428 2761 1544 2829 ejus
1564 2764 1788 2835 termini
1817 2776 1983 2827 totum
2012 2778 2127 2839 est.“

538 2850 718 2918 Itaque
765 2860 1135 2918 argumentum
1184 2850 1324 2920 quod
1373 2866 1403 2902 a
1445 2852 1765 2910 dillinitiune
1794 2855 2023 2921 ducitur,
2052 2861 2120 2915 ab

536 2959 601 2995 eo
632 2941 844 2996 ducitur
870 2943 989 2995 loco
1014 2942 1103 3011 qui
1134 2942 1184 2999 in
1222 2943 1338 3011 ipso
1368 2946 1595 2999 termino
1624 2959 1734 3015 est,
1764 2948 1854 3017 qui
1886 2949 1939 3003 iu
1971 2966 2119 3019 quae-

536 3035 709 3086 stione
739 3041 822 3086 est
842 3032 1153 3088 collocatus.
1183 3034 1286 3088 Sed
1314 3036 1563 3103 quoniam
1592 3038 1743 3092 multi
1780 3040 1877 3093 loci
1910 3050 2034 3094 sunt
2065 3041 2115 3097 in

2188 1840 2282 1925 Aera
2313 1867 2431 1919 qua:
2460 1852 2790 1905 difﬁuiuntur
2821 1864 3084 1923 aptantur.

2290 1940 2418 1994 Tum
2448 1944 2667 2012 partium
2696 1946 3024 2010 enunuralio,
3056 1961 3166 2015 qua:
3202 1956 3449 1999 tractatur
3470 1948 3566 2001 hoc
3590 1952 3739 2003 modo
3770 1966 3792 2006 :

2223 2031 2283 2085 Si
2312 2050 2471 2101 neque
2501 2050 2673 2100 censu,
2713 2052 2871 2105 neque
2902 2037 3160 2101 vindicta,
3194 2054 3355 2106 neque
3386 2048 3702 2107 testamento,
3738 2040 3803 2094 [ἶ-

2220 2128 2303 2189 ber
2325 2129 2491 2197 factus
2513 2138 2607 2192 est,
2632 2147 2732 2183 non
2755 2144 2828 2183 est
2861 2129 3025 2184 liber:
3054 2147 3141 2182 nec
3174 2130 3280 2184 ulla
3310 2142 3380 2185 est
3403 2149 3577 2186 earum
3598 2151 3802 2202 rerum;

2221 2235 2322 2288 non
2354 2228 2423 2272 es!
2457 2220 2616 2289 igitur
2648 2220 2790 2274 liber.

2295 2312 2375 2365 Sil
2397 2312 2622 2380 qumstio
2649 2321 2823 2365 utrum
2856 2314 3048 2381 aliquis
3090 2331 3247 2381 quem
3280 2306 3496 2371 servum
3526 2334 3645 2373 esse
3671 2320 3804 2373 eon-

2224 2382 2454 2467 stiterit,
2487 2403 2554 2454 sit
2584 2404 2738 2456 liber.
2766 2403 3026 2468 Quoniam
3078 2405 3308 2460 faciendi
3354 2410 3499 2464 liberi
3530 2421 3635 2464 tres
3670 2392 3815 2468 sunt,

2224 2476 2420 2562 partes.
2460 2494 2571 2550 Una
2602 2495 2816 2565 quidem
2843 2506 2899 2551 ut
2928 2512 3092 2552 censu
3129 2499 3267 2552 liber
3294 2500 3407 2565 ﬁat,
3440 2504 3802 2560 censebantur

2225 2570 2367 2641 enim
2401 2587 2692 2655 antiquitus
2724 2588 2822 2640 soli
2848 2589 2990 2642 cives
3025 2590 3270 2644 Romani.
3299 2591 3351 2646 Si
3382 2591 3496 2660 quis
3518 2612 3644 2664 ergo
3674 2612 3804 2651 con-

2224 2689 2485 2759 sentiente
2515 2690 2601 2742 vel
2642 2688 2867 2758 jnbente
2913 2692 3159 2754 domino,
3193 2709 3384 2747 nomen
3431 2695 3707 2749 detulisset
3752 2688 3809 2754 in

2225 2797 2443 2853 censum
2470 2825 2485 2849 ,
2527 2782 2658 2835 civis
2680 2782 2951 2837 Romanus
3001 2784 3156 2838 ﬁebat
3202 2796 3256 2840 et
3295 2788 3564 2841 servitutis
3597 2791 3819 2857 vinculo,

2224 2873 2562 2945 solvebatur,
2610 2882 2767 2941 atquc
2800 2876 2899 2927 hoc
2928 2885 3043 2928 erat
3072 2892 3234 2931 censu
3269 2877 3379 2931 ﬁeri
3421 2879 3681 2948 liberum,
3716 2898 3812 2948 per

2223 2978 2539 3037 consensum
2565 2964 2765 3017 domini
2790 2980 2984 3019 nomen
3014 2966 3068 3019 in
3090 2983 3308 3021 censent
3336 2968 3565 3030 deferre.
3591 2982 3643 3025 et
3667 2971 3812 3029 efﬁci

2223 3058 2393 3137 civem
2424 3059 2749 3111 Romanum.
2780 3057 2902 3110 Erat
2925 3058 3084 3111 etiam
3112 3075 3233 3127 pars
3258 3059 3422 3113 altera
3453 3061 3808 3130 adipiscenda:

538 3124 676 3194 ipso,
721 3124 804 3180 hic
836 3127 983 3180 locus
1013 3141 1043 3180 a
1076 3135 1186 3181 ιοιο
1216 3136 1315 3181 εει·
1350 3127 1605 3182 Difﬁnilio
1633 3131 1775 3185 enim
1806 3142 1971 3187 totum
2006 3143 2115 3188 ler-
2146 3150 2196 3214 ε
2227 3124 2512 3219 libertatis,
2548 3144 2665 3219 quae
2700 3150 2933 3204 vindicta
2960 3151 3247 3206 vocabatur
3274 3169 3286 3204 ε
3311 3152 3541 3206 vindicta
3571 3168 3700 3208 vero
3724 3161 3811 3210 est

543 3217 743 3272 minum
768 3218 1196 3290 comprehendit,
1220 3228 1377 3289 atque
1399 3220 1450 3274 id
1474 3222 1617 3289 quod
1642 3222 1881 3279 involute
1904 3226 2126 3282 nomine

540 3310 963 3380 signiﬁcabatur,
992 3311 1191 3366 evolvit
1220 3321 1380 3381 atque
1410 3316 1616 3382 aperit,
1656 3317 1773 3382 ejus
1821 3320 2129 3385 argumenti

538 3402 658 3455 talis
685 3409 767 3454 est
795 3401 1042 3454 formula.
1069 3400 1165 3455 Jus
1187 3403 1344 3456 civile
1367 3412 1449 3457 est
1475 3407 1700 3472 a'quitas
1724 3408 2011 3462 constituta
2035 3408 2131 3465 his.

537 3489 628 3556 qui
658 3488 897 3557 ejusdem
943 3480 1173 3544 civitatis
1211 3501 1335 3545 sunt
1380 3492 1443 3545 ad
1479 3508 1567 3547 res
1598 3510 1721 3549 suas
1768 3497 2083 3554 obtinendas
2099 3526 2128 3565 ,;

536 3578 652 3649 ejus
678 3588 853 3631 autem
878 3579 1147 3646 mquitatis
1173 3582 1317 3635 utilis
1342 3592 1423 3635 est
1443 3585 1695 3649 cognitio,
1730 3588 1872 3641 utilis
1892 3599 2124 3661 estergo

530 3670 670 3739 juris
705 3670 880 3724 civilis
912 3670 1153 3723 scientia.
1190 3671 1283 3724 Est
1323 3674 1462 3731 enim
1490 3677 1717 3743 quaeaut)
1738 3720 1752 3742 ,
1783 3694 1848 3733 an
1879 3680 2015 3749 juris
2043 3687 2131 3741 eia

538 3764 657 3816 vilis
688 3762 913 3816 scientia
944 3762 1014 3813 sit
1047 3761 1220 3827 utilis,
1253 3764 1335 3818 hic
1366 3766 1524 3833 igitur
1555 3768 1643 3835 jus
1682 3771 1835 3825 civile
1862 3776 2123 3841 supponi-

537 3865 640 3915 tur,
676 3854 819 3907 uLlis
850 3854 1073 3908 scientia
1123 3857 1461 3924 praedicatur.
1496 3862 1761 3927 Quaeritur
1790 3881 1916 3934 ergo
1953 3882 2019 3920 an
2067 3866 2118 3920 id

541 3948 685 4021 quod
719 3948 1058 4017 praedicatur,
1092 3966 1215 4005 vere
1244 3953 1411 4020 possit
1441 3955 1716 4013 adhaerere
1741 3960 1999 4029 subjecto.
2030 3959 2123 4027 lp-v

536 4056 652 4094 sunt
689 4040 844 4108 igitur
869 4041 956 4107 jus
984 4041 1141 4097 civile
1175 4060 1277 4097 non
1311 4056 1499 4112 potero
1529 4050 1592 4101 ad
1624 4062 1994 4119 argumentum
2025 4068 2121 4106 vo-

537 4147 697 4196 care,
728 4132 795 4187 de
840 4148 905 4187 eo
951 4138 1094 4189 en'm
1140 4140 1367 4206 qutestio
1414 4144 1697 4197 constituta
1739 4155 1853 4209 est;
1888 4147 2123 4215 respicio

538 4224 699 4296 igitur
729 4225 853 4294 quid
884 4226 932 4281 ei
962 4227 1032 4280 sit
1061 4228 1273 4282 insitum
1296 4272 1309 4295 ,
1342 4232 1494 4287 video
1522 4235 1776 4301 quoniam
1809 4239 1984 4291 omnis
2013 4239 2119 4292 dif-

538 4316 706 4379 ﬁnitio
732 4316 798 4370 ab
824 4330 889 4371 eo
920 4332 1022 4371 non
1048 4320 1364 4388 sejungitur,
1398 4323 1550 4391 cujus
1578 4335 1659 4379 est
1680 4326 1929 4383 difﬁnitio
1953 4373 1967 4397 ,
1996 4346 2061 4384 ue
2087 4346 2118 4385 a

529 4402 652 4477 jure
691 4408 829 4462 civili
868 4407 1082 4478 quidem
1115 4410 1384 4479 propriam
1414 4413 1782 4471 difﬁuitionem
1827 4434 1984 4485 posse
2018 4423 2119 4475 ab-

534 4501 707 4572 jungi.
738 4504 1236 4615 Difﬁniojgiturjus
1263 4508 1421 4565 civile
1438 4552 1451 4575 ,
1476 4526 1538 4566 ac
1562 4513 1710 4577 dico,
1730 4510 1833 4571 'Jns
1857 4518 2011 4574 civile
2036 4530 2120 4575 est
2144 4538 2200 4609 υ
2227 4501 2374 4610 pg”...
2402 4501 2994 4612 cgnj‘.,.,‘ga‘,qrj‘a]§}},
3011 4501 3213 4598 Velia":
3243 4561 3334 4615 εεὲ

541 4600 761 4663 :cquitas
791 4598 1077 4652 constituta
1107 4599 1190 4653 bis
1214 4603 1301 4671 qui
1333 4603 1571 4672 ejusdem
1600 4607 1831 4664 civilatis
1858 4622 2013 4678 sunt,
2049 4612 2117 4668 ad

536 4709 626 4748 res
675 4709 801 4751 suas
845 4696 1191 4765 obtinendas;
1224 4712 1345 4771 post
1391 4705 1494 4761 hoc
1535 4710 1818 4766 considero
1847 4726 1971 4767 num
2004 4714 2118 4770 brec

536 4786 780 4841 deﬁnitio
811 4790 1020 4859 reliquo
1052 4794 1298 4861 termino,
1326 4799 1442 4853 utili
1492 4801 1757 4869 scientias,
1804 4809 1971 4871 possit
1996 4820 2117 4863 esse

535 4880 818 4945 conjuncta
843 4924 856 4945 ,
887 4884 937 4937 id
967 4895 1048 4940 est
1074 4901 1142 4940 an
1171 4889 1396 4957 aequitas
1425 4896 1713 4948 constituta
1746 4896 1829 4949 his
1856 4900 1942 4967 qui
1975 4899 2120 4968 ejus-

537 4979 658 5032 dtm
707 4982 936 5035 civitatis
976 4996 1133 5048 sunt,
1177 4986 1242 5039 ad
1289 5002 1378 5042 res
1417 5003 1541 5043 suns
1580 4992 1926 5059 obtinendas,
1974 4996 2117 5053 utll's

536 5070 762 5125 scientia
795 5075 895 5136 sit,
930 5075 1083 5129 video
1110 5089 1228 5132 esse
1259 5080 1438 5133 utilem
1467 5082 1742 5138 scientiam
1775 5087 1930 5142 dieue
1961 5103 2120 5157 supe-

539 5161 647 5215 rius
680 5166 965 5230 aequitatis.
1014 5165 1289 5225 Cuncludo
1332 5173 1509 5242 itaque
1532 5216 1547 5238 ,
1588 5176 1733 5229 Jnris
1764 5178 1919 5246 igitur
1945 5182 2119 5237 civilis

532 5254 758 5307 scicntia
808 5254 948 5311 utilis
994 5269 1108 5325 est;
1140 5262 1238 5315 hoc
1268 5264 1424 5332 igitur
1453 5279 1821 5336 argumentum
1850 5282 1931 5327 est
1960 5288 2024 5328 ex
2052 5291 2116 5331 eo

537 5346 656 5400 loco
699 5350 788 5418 qui
830 5354 995 5408 estin
1030 5355 1174 5422 ipso,
1209 5358 1311 5411 hoc
1339 5367 1422 5412 est
1453 5362 1502 5414 in
1533 5362 1653 5431 jure
1680 5364 1856 5433 civili,
1888 5370 1975 5437 qui
2010 5379 2115 5423 ter:

534 5439 711 5491 minus
766 5440 819 5495 in
855 5447 1152 5511 qumstione
1191 5458 1274 5503 est
1317 5451 1673 5521 constitutus,
1707 5454 1792 5510 hic
1840 5450 2113 5515 vocatura

531 5527 895 5599 dillinitione,
942 5552 1061 5605 qua:
1102 5538 1347 5596 diltinitio
1393 5547 1741 5613 quaestionum
1791 5559 1957 5604 totum
2004 5561 2115 5619 est',

518 5632 908 5686 argumentum
958 5638 1040 5682 est
1082 5644 1114 5682 a
1162 5638 1293 5686 toto.
1341 5637 1527 5691 Omnis
1557 5649 1732 5694 autem
1768 5640 1914 5697 locus
1943 5640 2116 5700 a'toto

538 5706 589 5761 in
639 5710 752 5777 ipso
794 5725 891 5769 est.
936 5717 1046 5773 Nec
1075 5735 1173 5777 nos
1212 5725 1317 5779 ulla
1348 5727 1608 5784 dubitatio
1639 5733 1942 5801 perturbet,
1974 5732 2114 5817 quod

542 5876 573 5909 /

2225 3250 2422 3319 virgula
2455 3249 2696 3317 quaedam
2727 3266 2883 3318 quam
2919 3250 3079 3305 lictor
3108 3253 3519 3325 manumittendi
3543 3260 3685 3310 servi
3716 3270 3810 3310 ca-

2224 3343 2315 3410 piti
2355 3343 2662 3410 imponens,
2696 3342 2944 3395 eumdem
2974 3356 3188 3396 servum
3222 3343 3272 3395 in
3306 3341 3603 3401 libertatein
3635 3346 3802 3400 vindi-

2222 3431 2405 3495 cabat,
2456 3432 2641 3484 dicens
2689 3431 2929 3500 quaedam
2960 3430 3119 3485 verba
3171 3432 3467 3499 solemnia,
3499 3444 3652 3505 atque
3683 3436 3806 3492 ideo

2222 3523 2306 3593 illa
2338 3522 2540 3589 virgula
2574 3522 2801 3576 vindicta
2848 3521 3151 3577 vocabatur.
3201 3523 3294 3577 Illa
3352 3524 3517 3580 etiam
3571 3541 3689 3595 pars
3717 3524 3802 3582 (ac.

2222 3619 2394 3672 ciendi
2426 3618 2578 3671 liberi
2600 3626 2699 3679 est,
2725 3618 2769 3671 si
2815 3620 2933 3687 quis
2974 3633 3225 3687 suprema
3258 3606 3531 3677 veluntate
3558 3623 3608 3675 in
3643 3631 3808 3678 testa-

2224 3710 2383 3779 menti
2420 3708 2558 3762 serie
2596 3723 2810 3762 servum
2854 3724 3010 3762 suum
3054 3710 3278 3764 liberum
3322 3713 3622 3779 scripserit.
3672 3714 3806 3782 Qum

2222 3798 2473 3868 quoniam
2503 3808 2680 3865 partes
2720 3809 2843 3853 sunt
2872 3800 3025 3855 liberi
3049 3794 3299 3867 faciendi,
3325 3802 3371 3857 si
3398 3806 3517 3873 quis
3544 3804 3802 3874 aliquem,

2224 3901 2378 3955 quem
2404 3899 2613 3939 servum
2645 3885 2807 3939 fuisse
2839 3887 3157 3951 constiterit,
3190 3897 3489 3967 monstrare
3522 3892 3650 3945 velit
3698 3907 3802 3947 nou

2223 3994 2341 4055 esse
2376 3979 2602 4032 liberum
2646 3980 2839 4032 factum
2861 3972 3079 4045 ,‘dicet,
3112 3981 3155 4034 si
3198 3997 3370 4051 neque
3400 3996 3595 4047 censu,
3630 3998 3813 4063 neque

2225 4074 2477 4140 vindicta,
2511 4090 2683 4143 neque
2708 4083 3049 4139 testamento,
3091 4076 3224 4131 liber
3255 4076 3428 4131 factus
3451 4087 3553 4143 est,
3586 4092 3690 4132 non
3720 4080 3806 4133 est

2227 4166 2383 4220 liber.
2412 4168 2477 4220 At
2512 4167 2653 4219 nulla
2684 4181 2871 4220 earum
2918 4176 3066 4236 parte
3089 4166 3223 4221 liber
3254 4167 3420 4221 lactus
3443 4176 3541 4223 est.
3573 4168 3689 4224 Non
3720 4158 3805 4225 est

2226 4265 2384 4334 igitur
2416 4265 2567 4318 liber.
2604 4264 2658 4320 Si
2687 4267 2828 4318 enim
2860 4280 3047 4319 omnes
3096 4276 3275 4335 partes
3300 4283 3327 4319 a
3358 4269 3595 4337 qualibet
3622 4269 3712 4324 illa
3740 4256 3808 4325 re

2225 4358 2555 4428 abjnnxeiis,
2592 4370 2756 4413 totum
2789 4362 3095 4416 necessario
3116 4365 3396 4429 separasti.
3419 4363 3550 4418 Nam
3581 4381 3700 4419 cum
3724 4375 3807 4418 ιο-

2231 4460 2338 4503 tum
2370 4450 2422 4502 in
2451 4450 2560 4503 suis
2592 4450 2828 4519 partibus
2852 4462 3080 4519 constet,
3108 4453 3151 4508 si
3180 4440 3303 4523 quid
3331 4454 3475 4508 nulla
3515 4456 3808 4524 cujuslibet

3341 4556 3573 4616 regatur.
3616 4548 3805 4604 Partes

2224 4643 2398 4687 autem
2430 4631 2638 4687 duobus
2664 4633 2891 4688 dicimus
2920 4636 3109 4700 modis,
3141 4639 3219 4691 vel
3251 4639 3478 4705 species,
3506 4639 3588 4692 vel
3626 4654 3801 4694 mem-

2224 4725 2337 4779 bra.
2363 4725 2581 4794 Species
2620 4735 2702 4799 est
2732 4743 2849 4796 qua:
2886 4743 3083 4782 nomen
3132 4729 3293 4783 totius
3326 4730 3595 4800 integrum
3628 4733 3802 4800 capit,

2225 4817 2369 4869 velut
2400 4819 2559 4869 homo
2598 4826 2756 4886 atque
2783 4833 2955 4888 equus
2977 4820 3221 4874 animalis
3242 4862 3255 4884 .
3281 4826 3503 4890 “traque
3541 4824 3683 4888 enim
3706 4837 3805 4892 per

2224 4926 2283 4964 se
2333 4911 2540 4980 integro
2568 4911 2783 4965 nomine
2831 4910 3077 4966 animalia
3112 4923 3504 4993 nuncupantur.
3538 4914 3633 4967 Est
3657 4916 3805 4993 enim

2226 5000 2385 5054 homo
2415 5001 2635 5069 animal,
2666 5011 2720 5056 et
2750 5017 2936 5056 rursus
2961 5019 3129 5073 equus
3157 4988 3383 5059 animal.
3402 5005 3530 5060 Item
3560 5006 3801 5060 membra

2222 5101 2345 5145 sunt
2387 5107 2506 5161 qua:
2535 5108 2656 5146 cum
2689 5103 2857 5147 totum
2907 5094 3161 5160 efﬁciant,
3206 5095 3490 5166 conjuncta
3521 5097 3683 5151 totius
3714 5111 3804 5151 ca-

2222 5183 2371 5254 piunt
2408 5200 2621 5253 nomen,
2655 5187 2861 5257 singula
2888 5203 3015 5243 vero
3047 5190 3191 5243 nullo
3223 5189 3403 5257 modo,
3438 5200 3492 5244 ut
3523 5206 3641 5245 cum
3686 5190 3805 5245 lun-

2220 5278 2550 5345 damentum,
2591 5280 2825 5346 parietes
2868 5290 2921 5335 et
2966 5292 3101 5335 tecta
3133 5281 3321 5337 domus
3368 5283 3606 5337 membra
3654 5282 3759 5336 sint
3786 5323 3803 5350 ,

2222 5368 2380 5422 simul
2413 5371 2590 5423 omnia
2621 5371 2810 5424 domus
2842 5372 3114 5439 dicuntur,
3163 5373 3503 5430 fundamenta
3532 5389 3659 5429 vero
3688 5374 3799 5428 sola

2221 5458 2412 5515 domus
2442 5462 2703 5516 vocabulo
2736 5464 2955 5520 minime
2998 5478 3393 5535 nuncupantur,
3427 5484 3596 5539 neque
3613 5465 3801 5538 parie-

2221 5562 2324 5617 tes,
2354 5568 2526 5623 neque
2551 5561 2709 5609 tecta.
2743 5552 2798 5608 In
2827 5554 2907 5609 his
2938 5556 3098 5625 igitur
3121 5574 3239 5627 quae
3270 5560 3475 5627 Species
3501 5569 3642 5626 sunt,
3669 5574 3802 5627 quo-

2220 5646 2360 5698 niam
2396 5662 2587 5701 nomen
2613 5648 2773 5701 totius
2809 5649 3072 5719 integrum
3111 5653 3346 5719 capiunt,
3375 5654 3477 5705 nisi
3525 5650 3800 5722 sigillatim

2220 5750 2406 5796 omnes
2433 5748 2609 5817 partes
2635 5739 2702 5796 ab
2729 5754 2793 5795 eo
2817 5739 2882 5796 de
2910 5756 3015 5821 quo
3036 5741 3304 5801 dubitatur
3333 5741 3664 5815 abjnnxcris,
3693 5754 3802 5805 non
