4248 6272
374 324 507 384 4061

1171 314 1237 371 iN
1274 312 1517 371 TOPICA
1554 299 1912 369 CICERONIS
1944 302 2471 365 COMMENTARl-A.
2513 275 2727 364 uel.

3491 298 3632 367 ιοθῑ

377 442 548 511 possis
597 446 765 495 totum
810 437 1006 492 abesse
1051 404 1632 487 monstrare..Dictum
1683 436 1765 480 est
1807 423 1950 479 enim
1983 430 2240 490 Aomues
2270 432 2447 491 partes
2486 432 2653 478 tomm
2680 423 2927 490 iaciant,
2962 424 3008 479 si
3050 425 3459 497 coniungantur.
3510 425 3621 483 Sed

379 544 815 600 unamquamque
861 536 1062 596 partem
1119 522 1282 576 totius
1328 519 1644 575 vocabulum
1692 518 1952 586 integrum

379 641 595 696 capere.
632 625 699 680 Ut
722 622 973 693 quoniam
998 616 1222 672 faciendi
1254 615 1407 669 liberi
1436 624 1541 666 tres
1562 623 1686 666 sunt
1722 611 1951 680 Species,

383 730 600 782 census,
622 713 876 777 vindicta,
904 715 1301 773 testamentum,
1334 704 1378 757 si
1418 702 1684 772 quaslibet
1712 701 1843 754 duas
1872 715 1958 754 re-

386 814 644 875 moveris,
673 822 774 861 una
796 815 970 859 tamen
1000 797 1375 871 permanserit,
1404 796 1631 851 liberum
1657 797 1958 850 necessario

382 900 734 957 eonﬁtebere.
759 896 884 951 Sive
912 893 1055 948 enim
1083 905 1246 944 censu
1268 897 1471 943 tantum
1496 931 1509 955 ,
1540 888 1652 941 sive
1693 887 1953 954 vindicta,

338 1030 339 1033 η
385 995 499 1048 sive
528 996 845 1046 testamento
868 985 936 1039 sit
960 983 1095 1037 liber
1116 981 1310 1044 factus,
1336 980 1560 1034 liberum
1584 995 1703 1034 esse
1725 989 1956 1033 constat.

385 1081 599 1151 Ergoin
628 1079 711 1131 his
743 1075 846 1130 nisi
867 1088 1061 1128 omnes
1100 1071 1309 1140 species
1332 1071 1648 1133 semoveris,
1679 1086 1782 1122 non
1810 1078 1961 1149 potes

384 1175 661 1230 destruere
690 1168 833 1238 quod
870 1166 925 1221 in
968 1166 1265 1234 quiestione
1303 1162 1625 1229 propositum
1672 1170 1774 1213 est.
1820 1160 1889 1211 At
1914 1158 1961 1212 si

384 1265 655 1319 afﬁrmare
683 1261 814 1314 velis
839 1271 999 1328 atque
1034 1265 1300 1322 astruere,
1343 1254 1539 1308 sufficit
1567 1262 1768 1307 tantum
1802 1266 1959 1305 unam

382 1353 683 1424 quamlibet
700 1350 935 1419 speciem
960 1347 1352 1405 demonstrare,
1377 1353 1433 1397 ut
1456 1345 1498 1396 si
1523 1344 1654 1397 velis
1675 1341 1961 1396 ostendere

384 1443 638 1507 liberum,
656 1450 739 1496 sat
753 1448 857 1504 est,
876 1448 934 1493 ut
954 1446 1243 1499 monstres,
1269 1444 1361 1488 aut
1381 1434 1633 1495 vindicta,
1657 1442 1747 1486 aut
1774 1433 1959 1499 censu,

388 1514 783 1586 testamentove
832 1528 1059 1582 liberum
1115 1525 1354 1589 factum;
1394 1523 1534 1593 quod
1587 1524 1631 1576 si
1684 1522 1964 1576 destrui-re

390 1621 547 1686 velis,
582 1636 689 1674 non
721 1617 919 1672 sufﬁcit
944 1615 1253 1677 ostendere,
1276 1624 1368 1667 aut
1394 1628 1577 1679 censu,
1604 1622 1691 1665 aut
1716 1613 1960 1677 vindicta,

388 1721 486 1765 aut
509 1719 832 1766 testamento
862 1708 1086 1762 liberum
1134 1720 1239 1759 non
1283 1719 1403 1757 esse
1451 1703 1666 1769 factum,
1697 1703 1790 1756 sed
1818 1703 1965 1756 nullo

2058 516 2487 584 respondebitur,
2512 531 2631 569 cum
2655 518 2721 570 sit
2748 530 3113 588 argumentum
3136 520 3204 573 ab
3228 521 3632 575 enumeratione

2064 612 2315 680 partium,
2345 620 2513 664 totum
2535 611 2813 677 dividitur,
2830 630 2938 668 non
2959 615 3322 683 coujungitur,
3346 616 3631 671 dividendo

2059 703 2200 756 enim
2252 703 2641 767 argumentatio
2675 707 2934 771 procedit.
2979 707 3110 761 Nam
3138 709 3377 778 quisquis
3426 721 3628 779 partem

2059 790 2341 860 cujuslibet
2364 792 2675 861 sumpserit,
2705 807 2770 847 eo
2796 795 2933 863 ipso,
2962 812 3068 864 quo
3095 806 3297 866 partem
3325 804 3633 868 sumpserit,

2061 899 2175 938 rem
2212 884 2421 937 videtur
2442 898 2563 938 esse
2596 886 2845 952 partitus.
2868 887 2968 951 Qui
2991 902 3119 943 vero
3147 904 3259 943 rem
3281 890 3494 954 dividit,
3526 894 3638 945 dis-

2060 977 2195 1041 sipat
2229 977 2403 1045 potius
2442 991 2602 1043 qttam
2637 976 2849 1029 conﬁcit
2879 986 3071 1043 totum,
3114 979 3208 1033 sed
3237 989 3439 1036 restare
3465 983 3639 1037 adhuc

2060 1068 2381 1138 ambiguitas
2407 1076 2606 1137 potest,
2638 1083 2762 1122 nam
2809 1068 3057 1122 dilﬁnitio
3103 1084 3313 1140 quoque
3351 1062 3638 1127 involutam

2063 1160 2293 1213 nominis
2323 1160 2769 1230 signiﬁcationem
2796 1162 3047 1229 explicat,
3078 1172 3172 1229 per
3200 1162 3485 1230 quamdam
3512 1164 3638 1215 sub-

2061 1250 2390 1304 stantialium
2459 1250 2684 1317 partium
2754 1252 3239 1305 enumerationem.
3298 1250 3640 1305 Enumeratio

2063 1354 2194 1396 vero
2228 1343 2455 1410 partimn
2485 1342 2723 1411 quaedam
2753 1344 2982 1410 ipsarum
3014 1356 3043 1395 a
3074 1356 3131 1396 se
3158 1342 3387 1411 partium
3413 1341 3642 1409 dissipa-

2070 1436 2140 1486 tio
2173 1443 2273 1487 est.
2306 1432 2409 1487 Sed
2442 1432 2585 1485 aliud
2616 1441 2697 1486 est
2728 1434 2965 1501 ejusdem
2995 1434 3074 1487 rei
3106 1442 3283 1502 partes
3304 1438 3642 1499 enumerare,

2066 1525 2206 1578 aliud
2238 1524 2590 1577 difiinitiouis.
2628 1524 2759 1577 Nam
2798 1526 2873 1578 rei
2906 1536 3085 1592 partes
3111 1540 3171 1580 ea
3204 1542 3264 1581 re
3290 1526 3442 1593 cujus
3466 1535 3643 1594 partes

2068 1625 2190 1670 sunt
2227 1630 2441 1683 semper
2475 1617 2708 1670 minores
2736 1627 2879 1681 sunt,
2914 1627 2972 1671 ut
2996 1630 3175 1686 caput,
3205 1619 3284 1672 vel
3320 1620 3535 1685 thorax,
3560 1616 3648 1673 vel

2068 1718 2263 1783 ea'tera
2294 1709 2534 1760 membra
2558 1715 2671 1761 toto
2697 1710 2941 1772 homine;
2970 1717 3143 1776 partes
3171 1724 3300 1763 vero
3320 1706 3646 1764 deﬁnitionis

392 1818 581 1860 eornm
624 1799 786 1856 modo
815 1799 880 1851 ad
908 1798 1208 1851 libertatem
1249 1795 1479 1848 venisse.
1514 1795 1691 1862 Itaque
1735 1792 1818 1847 his
1847 1798 2044 1861 par-.B
2072 1810 2178 1854 tota
2210 1815 2271 1855 re
2300 1815 2417 1869 qua:
2440 1800 2723 1863 difﬁnitur,
2748 1801 2790 1853 si
2820 1801 3199 1854 substantiales
3240 1808 3380 1864 sunt,
3417 1801 3645 1871 proban-

394 1896 535 1950 tibus
576 1907 696 1963 qute
741 1891 947 1960 species
975 1899 1128 1951 sunt,
1159 1887 1203 1941 si
1240 1886 1520 1943 destruere
1563 1886 1726 1947 velis,
1760 1886 1966 1939 cunctis

292 2040 301 2051 ,
395 1986 649 2041 utendum
677 1992 792 2048 est;
823 1983 869 2036 si
903 1991 1173 2043 astruere,
1202 1994 1304 2033 una
1334 1978 1582 2033 sufﬁciet.
1615 1980 1683 2031 At
1711 1993 1839 2032 vero
1886 1979 1966 2030 ine

401 2088 577 2148 partes
607 2092 727 2148 quae
754 2084 877 2130 sunt
906 2074 1173 2139 membra,
1221 2075 1486 2127 contrario
1534 2071 1691 2126 modo
1723 2081 1847 2125 sunt
1873 2089 1884 2123 :
1920 2072 1965 2125 si

394 2169 678 2225 destruere
703 2166 856 2229 velis,
887 2175 970 2220 sat
1000 2164 1103 2220 erit
1126 2179 1282 2217 unam
1312 2163 1560 2231 sejungas
1589 2179 1603 2226 ;
1633 2163 1677 2217 si
1704 2170 1964 2220 astruere.

396 2269 585 2314 cuncta
614 2258 806 2311 adesse
836 2255 1146 2310 necessario
1173 2254 1566 2322 comprobabis.
1611 2253 1739 2306 Nam
1768 2253 1811 2307 si
1841 2252 1971 2305 velis

394 2349 680 2405 ostendere
705 2363 808 2401 non
831 2362 951 2401 esse
973 2346 1213 2409 domum,
1242 2344 1439 2399 sufﬁcit
1464 2354 1521 2397 ut
1545 2352 1635 2396 aut
1662 2341 1970 2397 fundamen-

396 2452 447 2494 ta
477 2455 581 2495 non
612 2454 731 2494 esse
769 2439 949 2502 dicas,
982 2445 1076 2491 aut
1123 2437 1381 2506 parietes,
1433 2444 1525 2488 aut
1562 2444 1728 2491 tecta:
1778 2450 1896 2487 nam
1928 2434 1973 2487 si

395 2530 521 2600 quid
569 2529 757 2585 borum
788 2527 1049 2593 defuerit,
1089 2526 1280 2580 domus
1320 2540 1425 2578 non
1476 2534 1648 2593 poteSt
1692 2523 1973 2592 appellari.

397 2623 466 2674 At
507 2620 552 2674 si
604 2618 737 2673 velis
779 2616 1065 2672 ostendere
1102 2617 1317 2670 domum
1368 2631 1525 2679 csse,
1561 2615 1660 2668 nisi
1703 2624 1890 2669 Cuncta
1924 2614 1973 2666 in

399 2726 563 2765 unum
596 2710 961 2778 conjunxeris,
1005 2709 1055 2762 id
1112 2709 1253 2777 quod
1297 2705 1550 2781 prpponis
1592 2717 1834 2763 astruere
1871 2724 1975 2761 non

399 2802 632 2856 valebis.
667 2802 865 2854 Omnes
891 2814 1019 2853 vero
1050 2798 1103 2852 hi
1132 2799 1233 2852 loci
1260 2813 1287 2851 a
1319 2799 1549 2865 partium
1574 2798 1980 2853 enumeratione

401 2894 683 2957 ducuntur,
709 2894 831 2961 quia
852 2892 902 2943 in
933 2890 1014 2943 his
1039 2891 1275 2958 partibus
1294 2905 1412 2957 qua:
1441 2889 1646 2957 species
1673 2897 1814 2953 sunt,
1851 2903 1982 2942 cun-

400 2998 502 3042 οιαὶ
532 2999 708 3057 partes
757 2995 1175 3049 enumerantur,
1212 2996 1267 3039 ut
1308 2988 1586 3049 destruas;
1622 2990 1673 3038 in
1727 2985 1808 3038 his
1855 3002 1982 3041 vero

402 3095 522 3144 quae
555 3077 790 3131 membra
839 3086 960 3128 sunt
1002 3086 1207 3131 cunctae
1248 3088 1428 3145 partes
1469 3088 1884 3139 enumerantur,
1927 3087 2013 3163 ut,

2070 1902 2152 1945 tur
2173 1906 2292 1945 esse
2322 1890 2570 1957 majores,
2599 1898 2653 1943 ut
2682 1890 2877 1943 animal
2911 1890 3127 1945 homine
3154 1889 3326 1960 majus
3356 1898 3457 1945 est.
3488 1889 3641 1945 item-

2068 1998 2173 2052 que
2230 1982 2519 2046 rationale,
2575 1981 2818 2045 mortale,
2850 1982 3094 2036 eumdetn
3148 1981 3450 2045 hominem,
3503 1984 3643 2035 velut

2071 2073 2276 2141 majora
2306 2073 2601 2137 eootinent,
2629 2081 2683 2125 et
2708 2083 2830 2125 sunt
2860 2073 3081 2141 singulm
3110 2083 3287 2141 partes
3313 2073 3649 2137 difﬁnitionis

2071 2162 2311 2231 ejusdem
2343 2178 2459 2229 qua:
2492 2172 2573 2215 est
2598 2164 2818 2226 animai,
2844 2163 3120 2228 rationale,
3154 2164 3398 2217 mortale.
3427 2163 3646 2217 Partitio

2075 2255 2234 2324 igitur
2261 2253 2423 2308 sumit
2478 2262 2654 2321 partes
2683 2240 2759 2306 rei
2806 2269 2962 2320 quam
2997 2254 3219 2322 partitur
3250 2254 3479 2308 minores
3507 2267 3649 2307 sem-

2076 2367 2190 2421 per.
2222 2348 2353 2417 Qua:
2386 2364 2512 2403 vero
2542 2358 2702 2401 sumtt
2750 2348 3007 2410 deﬁnitio,
3041 2348 3362 2402 universalia
3404 2357 3525 2402 sunt
3557 2362 3651 2421 per

2079 2418 2137 2498 se
2168 2454 2384 2511 totaque
2427 2451 2481 2495 et
2508 2443 2835 2496 continentia
2868 2442 3108 2509 dtl'liniri,
3138 2442 3379 2511 quamvis
3407 2443 3571 2511 posita
3599 2418 3656 2496 iit

2079 2536 2395 2590 dilﬁuitione
2423 2545 2599 2601 partes
2626 2534 2772 2595 ﬁant,
2799 2542 2854 2586 ut
2876 2534 2925 2585 in
2951 2533 3167 2602 itisqute
3197 2533 3442 2601 superius
3466 2522 3652 2586 exem-

2083 2630 2162 2697 pla
2197 2626 2445 2696 proposui
2479 2625 2630 2678 facile
2659 2624 2877 2693 intelligi
2907 2634 3101 2692 potest.
3132 2624 3279 2679 Unde
3314 2614 3654 2678 manifestum

2083 2731 2161 2773 est
2193 2720 2365 2773 ιοοιιιιι
2391 2734 2417 2768 a
2457 2726 2589 2781 toto,
2612 2721 2698 2786 qui
2728 2716 3060 2771 difﬁnitioois
3087 2729 3188 2784 eSt,
3214 2726 3267 2770 et
3290 2717 3462 2770 locum
3488 2730 3515 2767 a
3542 2704 3663 2784 par-

2085 2810 2211 2861 tium
2237 2807 2662 2870 enumeratione,
2688 2821 2807 2861 esse
2835 2807 3092 2861 diversos.
3350 2880 3351 2883 η

2155 2900 2285 2952 'I'um
2317 2902 2541 2964 uotatio',
2572 2910 2675 2951 tum
2707 2915 2767 2951 ex
2809 2902 2854 2952 vi
2887 2900 3019 2951 verbi
3062 2908 3415 2967 argumentum
3455 2886 3664 2967 aliquod

2086 2991 2286 3043 elicitur
2315 2992 2406 3041 Itoc
2436 2989 2586 3041 modo
2610 3005 2628 3041 :
2658 3006 2771 3041 cum
2810 2989 2890 3041 lea:
2918 2982 3263 3041 /E[iasauctia
3309 2987 3517 3041 assiduo
3557 2980 3665 3042 vitt-

2088 3082 2249 3134 dicem
2272 3082 2535 3133 assiduum
2563 3096 2668 3133 esse
2689 3078 2890 3151 ⁸ᾔιιίνὲαι,
2924 3079 3224 3146 locupletent
3236 3079 3380 3149 jul'et
3404 3070 3663 3147 locupleti,

405 3177 636 3221 astruas.
670 3168 906 3233 Qumstio
955 3175 1037 3221 est
1086 3167 1245 3236 igitur
1294 3166 1347 3220 in
1390 3168 1662 3236 proposito
1706 3166 2054 3238 Ciceronisc
2086 3174 2129 3224 is
2174 3182 2247 3225 est
2294 3172 2568 3236 assiduus,
2619 3181 2671 3223 ut
2717 3170 2789 3221 ait
2845 3166 3054 3235 xElius,
3112 3170 3397 3235 appellatus
3451 3168 3513 3220 ab
3566 3172 3666 3221 atra

402 3259 651 3326 exemplo
672 3260 966 3325 argumenti
993 3273 1027 3310 a
1059 3258 1287 3325 partium
1310 3259 1713 3311 enumeratime
1739 3259 1977 3313 deducti:

404 3354 487 3404 An
532 3350 575 3403 is
624 3364 777 3415 quem
831 3364 1042 3403 servum
1097 3349 1260 3403 fuisse
1315 3351 1581 3415 constitit,
1616 3350 1749 3406 liber
1791 3354 1904 3409 sit:
1939 3354 1984 3407 is

402 3456 564 3509 quem
618 3455 827 3496 servum
863 3441 1057 3505 fuisse,
1108 3441 1382 3510 subjectus
1410 3451 1493 3495 est
1523 3443 1781 3496 terminus
1804 3485 1818 3508 ,
1853 3444 1987 3498 liber

408 3545 541 3585 vero
587 3531 932 3600 przedicatus;
968 3539 1212 3586 neutrum
1267 3533 1428 3603 igitur
1466 3548 1650 3587 eorum
1700 3534 1985 3588 terminum

406 3625 472 3677 ad
505 3633 878 3694 argumentum
928 3624 1126 3678 ducere
1175 3624 1485 3692 poterimus.
1523 3625 1597 3680 De
1624 3626 1815 3695 quibus
1844 3627 1995 3681 enim

409 3715 705 3781 dubitatur.
741 3716 835 3783 ipsi
865 3715 1021 3768 ﬁdem
1049 3714 1365 3769 dubitationi
1400 3715 1577 3769 facere
1609 3731 1714 3769 non
1741 3726 1978 3782 possunt.

422 3804 590 3858 Video
618 3805 775 3872 igitur
807 3805 929 3871 quid
961 3806 1011 3857 in
1043 3806 1212 3858 altero
1240 3818 1423 3858 eorum
1453 3804 1542 3858 sit.
1572 3804 1836 3870 Quoniam
1863 3817 1989 3859 vero

413 3906 592 3960 partes
616 3908 803 3947 omnes
834 3897 886 3947 in
917 3910 983 3949 eo
1008 3903 1133 3948 sunt
1158 3895 1310 3965 cujus
1339 3907 1519 3964 partes
1548 3908 1693 3962 sunt,
1715 3899 1992 3967 quoniam-

412 4001 518 4054 que
563 3984 782 4039 libertas
811 3986 954 4049 data,
989 3986 1148 4038 habet
1193 3988 1435 4056 praprias
1484 3997 1684 4058 partes,
1716 4005 1869 4043 sumo
1899 4005 1990 4044 eas

415 4086 580 4145 atque
624 4075 921 4140 dinumero,
965 4087 1018 4128 et
1048 4077 1261 4145 requiro
1305 4092 1369 4131 an
1402 4079 1508 4132 ulla
1551 4095 1731 4135 earum
1764 4080 1989 4147 partium

414 4166 664 4219 videatur
692 4166 864 4218 inesse
890 4164 1150 4235 subjecto,
1182 4168 1277 4221 sed
1304 4169 1446 4222 nulla
1472 4170 1629 4223 inest.
1662 4168 1988 4223 Concludam

416 4256 576 4321 igitur
604 4269 711 4308 non
742 4267 863 4308 esse
892 4253 1141 4309 liberum.
1182 4256 1334 4311 Unde
1381 4258 1717 4312 manifestius
1767 4259 1991 4313 demon-

415 4355 639 4410 stratur,
671 4360 777 4401 non
799 4347 971 4401 solum
993 4350 1058 4401 ah
1087 4362 1154 4403 eo
1184 4351 1412 4404 tet-mino
1459 4353 1545 4419 qui
1576 4352 1852 4420 subjectus
1887 4362 1989 4419 est,

413 4444 731 4503 argumenta
775 4439 910 4491 sumi
941 4452 1117 4507 posse,
1150 4455 1337 4494 verum
1386 4441 1545 4495 etiam
1574 4443 1646 4495 ab
1689 4458 1754 4496 eo
1783 4444 1871 4512 qui
1913 4451 1996 4496 est

2093 3264 2283 3315 dando.

2159 3351 2369 3404 Tertius
2393 3363 2576 3403 eorum
2609 3348 2699 3417 qui
2730 3349 2781 3402 in
2832 3347 2947 3418 ipso
2971 3350 3091 3402 sunt
3134 3348 3283 3403 locus
3314 3365 3342 3402 a
3383 3348 3657 3404 notatione

2088 3443 2541 3496 estconstitutus.
2596 3441 2807 3495 Notatio
2852 3457 2980 3496 vero
3011 3450 3093 3496 est
3145 3440 3386 3511 quaedam
3435 3434 3671 3497 nominis

2092 3534 2481 3599 interpretatio.
2514 3528 2717 3585 Nomen
2761 3547 2888 3586 vero
2939 3547 3153 3601 semper
3182 3534 3235 3586 in
3292 3533 3406 3602 ipso
3452 3540 3552 3587 est.
3602 3528 3673 3590 Ut
3752 3522 3755 3527 ⁴

2089 3625 2231 3678 enim
2264 3622 2518 3676 difﬁuitio
2546 3622 2595 3676 id
2625 3622 2764 3691 quod
2795 3623 2845 3676 in
2880 3624 3096 3678 nomine
3125 3622 3423 3677 involutum
3462 3633 3545 3678 est
3578 3614 3670 3679 dé-

2091 3716 2293 3779 clarat,
2333 3715 2549 3784 expedit
2577 3724 2737 3784 atque
2782 3710 3058 3782 diﬁ‘uudit,
3093 3715 3162 3771 ita
3194 3716 3354 3771 etiam
3391 3730 3585 3771 nomen
3618 3715 3670 3772 id

2099 3810 2238 3878 quod
2264 3825 2291 3862 a
2323 3810 2637 3863 dilﬁnitione
2661 3808 2852 3863 dicitur
2882 3804 3117 3873 evolute,
3161 3810 3393 3864 iuvolute
3422 3808 3668 3865 confuse-

2094 3917 2199 3969 que
2231 3902 2495 3969 designat.
2546 3900 2698 3964 Quod
2743 3900 2785 3951 si
2828 3898 3068 3953 deﬁnitio
3100 3901 3150 3952 in
3200 3902 3316 3971 ipso
3345 3911 3447 3969 est,
3479 3888 3674 3959 nomen

2101 4007 2310 4059 quoque
2343 3993 2396 4043 in
2429 3992 2540 4056 ipso
2580 4005 2698 4042 esse
2728 3988 2794 4040 de
2824 4004 2929 4057 quo
2958 3992 3152 4059 agitur,
3181 4006 3285 4044 non
3317 4002 3491 4060 potest
3520 3982 3675 4047 dubi-

2096 4084 2218 4134 tari.
2252 4081 2325 4132 Ex
2359 4079 2631 4132 notatione
2661 4084 2837 4131 autem
2864 4079 3011 4130 locus
3042 4087 3261 4132 vocatus
3290 4088 3391 4145 est,
3422 4083 3541 4148 quia
3572 4076 3671 4134 no-

2098 4186 2218 4225 men
2264 4184 2477 4222 onmem
2509 4183 2621 4222 rem
2653 4178 2801 4220 notat
2852 4178 3012 4237 atque
3039 4168 3325 4238 signiﬁcat.
3360 4171 3563 4226 Vindex
3593 4168 3676 4227 est

2096 4263 2258 4329 igitur
2307 4261 2398 4330 qui
2450 4260 2669 4313 alterius
2720 4273 2937 4314 causam
2996 4262 3217 4330 suscipit
3266 4250 3672 4333 vindicandam,

2100 4354 2256 4406 veluti
2291 4367 2423 4421 quos
2452 4365 2594 4405 nunc
2637 4356 3013 4421 procuratores
3053 4368 3323 4409 vocamus.
3372 4346 3477 4409 Lex
3520 4356 3677 4426 igitur

2099 4433 2444 4500 Eliasanctia
2475 4443 2706 4512 assiduo,
2736 4442 3002 4498 vindicem
3046 4447 3322 4499 assiduum
3357 4457 3476 4499 esse
3501 4446 3674 4514 jubet.

416 4527 754 4597 pradicatus.
786 4529 915 4586 Nam
948 4532 1092 4599 prius
1121 4532 1427 4598 exemplum
1454 4548 1561 4601 quo
1587 4534 1994 4588 demonstrabat
2022 4558 2079 4621 Β
2104 4537 2367 4603 Quaeritur
2396 4547 2572 4588 utrum
2612 4551 2732 4589 cum
2767 4536 2848 4588 lex
2886 4535 3227 4591 Eiiasanctia
3256 4537 3516 4590 vindicem
3551 4532 3681 4593 velit

410 4620 550 4690 juris
575 4621 747 4675 civilis
795 4622 1073 4677 scientiam
1123 4636 1245 4678 esse
1291 4626 1505 4689 utilem,
1536 4626 1622 4694 jus
1650 4626 1806 4681 civile
1852 4628 1991 4696 quod

415 4712 718 4780 subjectum
747 4724 864 4769 erat
890 4714 1167 4780 difﬁuivit,
1199 4715 1526 4785 ductumque
1564 4717 1688 4771 inde
1715 4732 1997 4788 argumen-

415 4810 527 4856 tum
556 4802 629 4858 rei
658 4803 836 4859 dubiae
859 4802 989 4858 fecit
1012 4805 1193 4859 ﬁdem.
1224 4803 1323 4858 Hie
1348 4819 1476 4858 vero
1521 4806 1783 4861 libertatis
1815 4814 1997 4876 partes

415 4902 822 4947 enumerantur.
857 4894 947 4960 qui
975 4903 1052 4947 est
1085 4892 1348 4947 terminus
1374 4895 1718 4964 praedicatus.
1762 4896 1857 4950 Est
1904 4897 2001 4966 igi-

418 4991 534 5047 tur,
576 4992 635 5037 ut
657 4982 858 5038 dictum
909 4992 1027 5049 est,
1059 4985 1285 5053 quaestio
1312 5000 1381 5040 an
1408 5000 1567 5055 quem
1612 5002 1825 5041 servum
1872 5001 1992 5044 esse

415 5073 743 5141 constiterit,
774 5073 914 5129 liber
941 5074 1031 5128 sit.
1076 5076 1365 5132 Terminus
1393 5079 1438 5132 is
1463 5079 1678 5149 quidem
1706 5095 1865 5150 quem
1888 5093 2001 5134 ser-

417 5179 540 5217 vum
579 5178 702 5219 esse
732 5165 1053 5231 constiterit,
1098 5169 1370 5237 subjectus
1389 5180 1491 5234 est,
1522 5172 1846 5242 praedicatus
1871 5184 2000 5227 vero

416 5254 574 5319 liber,
607 5256 659 5308 in
688 5254 826 5323 ipso,
858 5256 911 5310 id
938 5265 1023 5310 est
1054 5258 1107 5311 in
1134 5261 1444 5328 praedicata,
1494 5272 1670 5331 partes
1707 5276 1853 5329 sunt,
1883 5279 2001 5333 quae

418 5352 825 5409 enumerantur,
856 5359 889 5398 a
913 5359 1017 5413 qua
1060 5352 1463 5406 enumeratione
1490 5353 1613 5406 dum
1656 5355 1883 5408 trahitur
1917 5368 2001 5409 sr—

419 5440 758 5499 gumentum,
792 5434 852 5488 ﬁt
874 5447 1250 5503 argumentum
1278 5441 1329 5494 in
1358 5442 1495 5510 ipso,
1520 5457 1584 5496 ex
1617 5445 1844 5511 partium
1873 5460 2005 5499 enu-

424 5524 739 5579 meratione.
784 5527 1015 5581 Maxima
1061 5532 1383 5599 propositio,
1415 5534 1565 5603 cujus
1595 5537 1825 5605 partium
1871 5530 2006 5610 nihil

333 5614 341 5622 ’
422 5617 504 5675 rei
544 5619 833 5688 propositas
883 5622 1191 5691 copulatum
1239 5634 1358 5691 est,
1390 5626 1439 5680 ei
1470 5640 1538 5681 ne
1585 5635 1749 5681 totum
1791 5630 2004 5697 quidem

425 5724 546 5763 esse
591 5719 768 5778 potest
796 5711 1162 5779 conjunctum.
1199 5712 1291 5767 llic
1341 5715 1550 5769 videtur
1588 5731 1708 5771 esse
1757 5718 2006 5774 dubitan.

426 5797 553 5864 dum
585 5816 710 5863 num
745 5801 893 5864 locus
917 5817 942 5853 ει
974 5809 1082 5855 ιυιυ
1104 5812 1265 5885 atque
1287 5822 1313 5858 a
1341 5808 1573 5887 partibus
1598 5807 1738 5873 idem
1762 5810 2002 5887 sineaut

2104 4646 2222 4685 esse
2241 4629 2454 4683 assiduo
2477 4628 2771 4690 assiduum,
2793 4627 3121 4696 locupletem
3150 4629 3272 4683 velit
3294 4629 3559 4699 locupleti.
3585 4628 3681 4683 llic

2106 4725 2263 4791 igitur
2286 4721 2556 4787 subjectus
2580 4720 2793 4789 quidem
2813 4720 3074 4777 terminus
3093 4731 3196 4789 est,
3222 4721 3308 4777 lex
3335 4714 3681 4777 Eiiasanctia

2104 4810 2373 4864 vindicem
2407 4809 2590 4863 volens
2617 4811 2837 4865 assiduo
2869 4811 3141 4867 assiduum
3162 4813 3526 4885 ,Aprzedicatus
3558 4829 3684 4870 vero

2110 4899 2426 4968 locupletem
2458 4899 2727 4969 locupleti.
2762 4901 2907 4970 ipsos
2949 4901 3116 4972 igitur
3161 4905 3416 4958 terminos
3456 4920 3556 4956 non
3590 4920 3687 4974 po-

2112 4998 2227 5045 tero
2248 4991 2311 5043 ad
2346 4990 2504 5045 ﬁdem
2537 4983 2849 5061 quaestiOnis
2875 4994 3159 5050 a‘dducere.
3186 4994 3260 5050 De
3299 4994 3428 5064 ipsis
3451 4995 3589 5049 enim
3620 4996 3687 5050 de

2109 5083 2301 5152 quibus
2324 5084 2622 5151 ambigitur,
2656 5080 2799 5138 milia
2827 5084 2967 5140 efﬁci
2993 5082 3123 5141 ﬁdes
3142 5094 3335 5154 potest.
3368 5086 3562 5151 Quaero
3592 5084 3660 5156 igi

2109 5184 2198 5231 tur
2225 5177 2345 5247 quid
2375 5177 2425 5231 in
2454 5174 2688 5245 ipsorum
2734 5177 2906 5231 altero
2927 5178 3015 5242 sit,
3041 5178 3281 5233 ac‘video
3312 5193 3470 5230 unum
3503 5192 3688 5229 eormn

2113 5268 2398 5320 terminum
2422 5260 2755 5335 esse,legem
2782 5262 3396 5337 IEliamsanetiam,qute
3418 5266 3687 5320 assiduum

2111 5358 2329 5411 assiduo
2372 5356 2637 5412 vindicem
2686 5366 2806 5411 esse
2835 5357 3118 5423 decernat,
3164 5358 3215 5411 id
3246 5368 3328 5413 est
3359 5359 3691 5426 subjectum,

2114 5448 2267 5517 hujus
2311 5447 2569 5502 orationis
2622 5442 2950 5517 interpretor
3000 5459 3237 5518 partem,
3269 5467 3387 5519 quae
3441 5459 3520 5505 est
3563 5451 3692 5504 assi-

2110 5539 2265 5593 duus.
2292 5538 2424 5605 Quid
2451 5540 2594 5593 enim
2627 5550 2709 5594 est
2737 5542 2986 5595 assiduus
3015 5539 3157 5596 aliud
3191 5543 3289 5608 nisi
3320 5556 3493 5597 assem
3516 5536 3581 5597 ila
3611 5544 3694 5596 :s?

2111 5647 2283 5686 assem
2311 5646 2441 5684 vero
2467 5632 2594 5685 dare
2642 5634 3011 5703 nisi‘locuples
3052 5652 3157 5691 non
3199 5650 3409 5707 potest,
3446 5638 3693 5692 assiduus

2111 5724 2270 5792 igitur
2300 5723 2536 5790 locuples
2560 5731 2659 5776 est.
2694 5724 2826 5779 Cum
2865 5727 3021 5795 igitur
3049 5728 3134 5782 lex
3186 5728 3529 5785 Eliasauctia
3562 5732 3689 5785 δεδί-

2110 5814 2218 5877 duo
2244 5812 2511 5880 vindicem
2544 5814 2825 5877 assiduum
2854 5830 2977 5877 esse
3020 5821 3337 5891 constituat,
3374 5814 3696 5900 locopleteth
