4248 6272
624 301 764 359 1065

1856 300 1969 358 AN.
2006 299 2215 356 MANL.
2256 297 2409 366 SEV.
2451 295 2674 356 BOETII

3736 308 3739 317 '
3777 299 3923 357 ιοδι

628 416 782 486 jubet
813 416 1089 493 locupleti,
1113 419 1358 475 assiduus
1380 420 1580 489 quippe
1601 428 1686 474 est
1712 417 1972 487 locuples,
1998 433 2026 471 a
2044 416 2224 473 dando
2251 420 2304 479 Α
2329 415 2579 485 locupleti
2607 423 2663 468 et
2690 424 2903 471 ca'tera.
2924 414 3240 485 Subiunxit,
3269 426 3330 472 ut
3356 417 3735 475 ostenderetur
3760 420 3915 481 locu-

626 524 735 564 iure
764 516 1094 568 nominatus.
1125 514 1512 580 Argumentum
1544 512 1704 581 igitur
1745 511 1847 565 hoc
1879 521 2106 565 tractum
2136 520 2219 566 est

610 614 694 665 cx
727 615 798 657 eo
828 606 945 658 loco
975 605 1063 671 qui
1089 613 1170 657 est
1199 603 1249 656 in
1273 602 1415 671 ipso,
1448 602 1498 656 id
1529 612 1660 657 eSta
1691 601 1922 656 nominis
1955 602 2219 669 interpre-

628 695 860 757 tatione,
908 708 1105 747 nomen
1173 692 1320 747 enim
1353 694 1409 748 in
1459 693 1577 761 ipso
1605 691 1698 747 illo
1721 701 1805 747 est
1839 691 1990 761 cujus
2020 708 2215 748 nomen

630 796 741 850 est,
774 785 926 854 cujus
972 786 1345 854 interpretatio
1390 786 1591 841 notatio
1618 794 1979 853 nuncupatur.
2009 784 2112 840 Sed
2148 785 2215 839 ab

630 880 786 947 hujus
816 879 1257 947 interpretatione
1282 878 1480 935 factum
1508 885 1592 932 est
1621 884 2020 947 argumentum.
2054 876 2217 945 Igitur

631 968 731 1023 hoc
757 978 1134 1040 argumentum
1174 984 1240 1023 ex
1264 984 1329 1023 eo
1372 969 1491 1024 loco
1530 978 1651 1032 est,
1682 968 1770 1037 qui
1802 976 1885 1021 est
1911 966 1963 1020 in
1994 966 2133 1035 ipso,
2162 966 2216 1021 id

629 1070 709 1115 cst
736 1074 767 1113 a
794 1060 1031 1123 nomine,
1059 1067 1114 1115 et
1139 1073 1325 1113 eorum
1348 1060 1437 1128 qui
1461 1059 1513 1113 in
1547 1059 1662 1129 ipso
1685 1070 1831 1123 sunt,
1862 1072 1890 1111 a
1917 1058 2215 1123 notatione,
2264 1131 2285 1137 _

626 1152 682 1210 id
712 1161 796 1208 est
824 1168 852 1205 a
883 1151 1115 1207 nominis
1158 1152 1621 1220 interpretatione.
1664 1149 1890 1204 Maxima
1922 1149 2217 1218 propositio

626 1254 740 1310 est,
777 1244 1272 1314 interpretationem
1304 1242 1519 1297 nomina
1570 1242 1712 1297 idem
1744 1242 1925 1297 valere
1952 1240 2092 1311 quod
2120 1255 2217 1296 no-

627 1353 772 1393 men.
803 1336 909 1393 Sed
942 1337 1099 1405 paulo
1125 1333 1398 1389 confusius
1419 1348 1451 1387 a
1477 1334 1742 1389 Cicerone
1765 1334 1906 1389 dicta
1932 1348 2219 1403 argumen-

610 1428 758 1499 tatio
785 1425 1079 1481 maximum
1106 1432 1323 1493 pra:th
1341 1439 1605 1479 errorem.
1638 1422 1713 1478 Ita
1744 1424 1890 1478 enim
1921 1422 2029 1477 dici
2057 1438 2218 1492 opor-

626 1521 745 1584 tuit,
773 1517 1018 1573 assiduus
1045 1525 1129 1571 est
1158 1516 1249 1586 qui
1275 1530 1449 1573 assem
1473 1516 1589 1580 dat,
1621 1516 1708 1584 qui
1736 1528 2070 1572 vero.assem
2100 1514 2212 1580 dat,

624 1609 862 1679 locuples
888 1616 991 1677 est,
1025 1607 1270 1662 assiduus
1301 1607 1464 1676 igitur
1492 1607 1732 1676 locuples
1759 1615 1861 1662 est.
1892 1606 2003 1663 Lex
2034 1618 2212 1663 autem

621 1701 971 1758 Eliasanctia
1011 1698 1287 1754 assiduum
1331 1698 1550 1753 assiduo
1589 1712 1710 1753 esse
1734 1698 2000 1755 vindicem
2036 1700 2209 1779 jubet,

2323 508 2437 578 ples
2479 523 2599 563 esse
2645 508 2926 572 assiduus;
2960 508 3063 563 hoc
3116 518 3302 566 autem
3360 512 3690 569 tantumdem
3732 516 3916 583 valet,

2320 597 2461 668 quod
2491 598 2600 663 ait,
2645 600 2814 667 legem
2868 598 3338 656 Eliamsanctiam
3380 604 3601 659 assiduo
3640 606 3915 663 assiduum

2319 688 2587 744 vindicem
2607 703 2728 743 cum
2748 688 2963 759 juberet
2986 705 3133 758 esse,
3165 691 3485 763 lo‘cupletem
3519 696 3769 766 locupleti
3790 713 3915 755 esse

2322 780 2678 849 praecepisse,
2718 790 2974 851 tanquam
3004 782 3052 837 si
3102 783 3341 851 diceret,
3375 789 3468 857 qui
3506 788 3755 845 assiduus
3799 803 3916 859 est,

2321 873 2565 942 locuples
2594 883 2709 927 est.
2736 872 2849 927 Nisi
2889 873 3033 929 enim
3063 875 3111 929 is
3146 878 3236 943 qui
3284 879 3533 933 assiduus
3562 891 3648 934 est
3678 883 3923 950 locuples

2319 965 2412 1030 sit,
2432 978 2536 1017 non
2561 966 2912 1032 consequitur
2933 974 2990 1019 ut
3013 980 3131 1021 cum
3158 967 3244 1022 lex
3269 968 3619 1027 Ailiasanctia
3636 946 3915 1031 assiduuin

2320 1056 2541 1110 assiduo
2572 1057 2836 1112 vindicem
2867 1072 2988 1113 esse
3029 1062 3283 1127 jusserit,
3320 1062 3639 1133 locupletem
3686 1066 3920 1135 jusserit

2319 1148 2595 1217 locupleti,
2625 1158 2679 1203 et
2701 1151 3000 1220 argumenti
3028 1152 3426 1209 conclusionem
3453 1154 3683 1223 priorem
3705 1160 3914 1226 posuit,

2317 1239 2548 1310 subjecit
2590 1255 2722 1294 vero
2768 1240 3163 1310 probationem.
3216 1242 3505 1299 Conclusio
3534 1262 3766 1316 namque
3800 1258 3919 1314 est,

2316 1345 2441 1385 cum
2463 1332 2547 1386 ch
2574 1330 2931 1385 jEliasanctia
2953 1330 3230 1385 assiduum
3255 1334 3472 1388 assiduo
3494 1335 3762 1390 vindicem
3779 1338 3918 1394 velit

2316 1438 2460 1486 esse,
2486 1422 2804 1491 locupletem
2830 1421 2986 1492 jubet
3026 1423 3306 1492 locupleti,
3338 1435 3498 1499 atque
3526 1425 3667 1480 hanc
3695 1428 3917 1495 praemi-

2317 1515 2419 1580 sit;
2457 1514 2703 1584 probatio
2727 1529 2858 1569 vero
2888 1524 2972 1569 est
3003 1515 3226 1569 rationis
3277 1516 3550 1570 assiduum
3600 1531 3721 1573 esse
3760 1517 3911 1572 locu-

2316 1606 2515 1677 pletem
2556 1605 2625 1659 ab
2672 1621 2781 1660 mre
2824 1605 3001 1659 dando
3053 1606 3417 1672 nominatum,
3448 1617 3503 1662 et
3546 1608 3683 1663 hanc
3732 1611 3909 1666 intulit

2315 1701 2733 1756 conclusionem.
2785 1699 2973 1755 Restat
3025 1701 3070 1754 is
3115 1700 3268 1755 locus
3312 1717 3498 1755 eorum
3544 1702 3633 1771 qui
3688 1704 3743 1757 in
3793 1705 3909 1774 ipso

612 1792 938 1859 locupletem
958 1791 1118 1860 igitur
1138 1789 1393 1859 locupleti
1413 1789 1677 1844 vindicem
1706 1803 1830 1845 esse
1853 1788 2197 1858 praescripsit.
2233 1788 2279 1851 Β
2309 1804 2472 1859 sunt,
2508 1791 2597 1860 qui
2652 1790 2865 1845 ducitur
2903 1790 2973 1843 ab
3019 1789 3244 1844 affectis.
3296 1790 3462 1858 Cujus
3491 1790 3907 1861 expositionem,

619 1884 771 1952 Quod
801 1884 846 1938 si
881 1884 948 1937 ita
973 1883 1173 1938 dictum
1214 1891 1379 1947 esset,
1400 1883 1642 1953 apertior
1662 1885 2057 1951 argumentatio
2085 1884 2215 1939 fuis-

619 1984 725 2032 set.
753 1974 907 2031 Nunc
952 1989 1079 2031 vero
1117 1977 1188 2029 ita
1211 1973 1383 2029 dixit:
1409 1974 1543 2029 Cum
1574 1976 1657 2030 lex
1688 1973 2035 2030 JEliasanctia
2073 1977 2211 2031 assi-

618 2068 727 2124 duo
750 2066 1010 2123 vindicem
1034 2066 1308 2121 assiduum
1337 2079 1458 2123 esse
1470 2066 1678 2136 jubeat,
1714 2067 2037 2137 locupletem
2059 2067 2213 2136 jubet

2320 1885 2572 1953 quoniam
2604 1883 2749 1937 varia
2777 1891 2856 1937 est
2888 1882 3278 1951 multiplexque
3308 1882 3537 1949 divisio,
3560 1883 3905 1954 differamus,

2320 1990 2383 2030 ac
2413 1972 2573 2044 primi
2599 1972 2891 2029 voluminis
2916 1974 3228 2038 terminum,
3254 1971 3530 2043 hucusque
3557 1976 3828 2033 sistamus.

603 2334 617 2386 ι
1838 2284 2129 2363 LIBER
2188 2282 2751 2365 SECUNDUS.

605 2466 625 2507 "
692 2482 747 2539 In
775 2492 883 2537 tam
907 2483 1211 2538 difﬁcillimi
1242 2481 1422 2553 operis
1450 2495 1609 2536 cursu
1644 2495 1750 2534 non
1797 2495 1918 2535 sum
1961 2481 2209 2547 nescius,

2318 2493 2483 2549 genus
2511 2478 2563 2528 in
2594 2476 2767 2543 plures
2806 2482 2977 2542 partes
3004 2473 3335 2527 distributum
3364 2486 3457 2529 est.
3495 2474 3632 2528 Nam
3649 2475 3755 2529 alia
3782 2492 3911 2532 con-

619 2576 695 2632 mi
726 2574 945 2639 Patrici,
974 2575 1102 2644 quin
1126 2573 1278 2628 labor
1308 2573 1394 2628 hic
1416 2580 1599 2627 noster
1623 2586 1785 2642 quem
1814 2581 1865 2626 te
1887 2570 2210 2626 adhortante
2302 2577 2495 2644 jugula
2522 2569 2866 2641 appellamus,
2897 2570 3003 2622 alia
3034 2585 3099 2623 ex
3129 2586 3331 2639 genere,
3365 2570 3471 2624 alia
3497 2588 3560 2624 ea:
3586 2576 3771 2641 forum,
3801 2574 3913 2629 alia

621 2665 995 2735 suscepimus,
1028 2665 1157 2720 dum
1182 2664 1384 2733 judicio
1422 2662 1780 2718 multitudinis
1826 2662 2087 2732 imperita:
2118 2672 2210 2717 aut

622 2758 895 2825 elevatur,
926 2766 1015 2812 aut
1046 2756 1326 2826 premitur,
1360 2755 1515 2809 facile
1560 2754 1728 2809 variis
1773 2752 2211 2824 reprehensioni-

626 2849 727 2904 bus
764 2848 1091 2903 mordeatur.
1124 2847 1256 2901 Nam
1286 2855 1340 2902 et
1376 2846 1453 2900 illi
1484 2844 1678 2916 quibus
1708 2846 1807 2900 hoc
1840 2853 2013 2899 totum
2041 2844 2215 2900 disse-

624 2942 776 2998 rendi
799 2942 1055 3012 displicet
1081 2956 1271 3013 genus,
1293 2940 1443 2995 velut
1467 2952 1923 3008 supervacaneum
1950 2939 2210 3007 studium,

624 3033 873 3090 familiari
907 3034 1087 3104 pravis
1119 3034 1389 3089 mentibus
1419 3031 1765 3087 cavillatione
1797 3030 2122 3100 despiciunt,
2160 3041 2216 3087 et

2314 2681 2378 2717 ea:
2406 2664 2767 2727 similitudine,
2800 2661 2905 2715 alia
2940 2677 3003 2716 ea:
3031 2661 3345 2729 (li/Ieremia,
3391 2666 3498 2717 alia
3526 2681 3587 2719 ea:
3627 2668 3907 2731 contrario,

2316 2755 2425 2808 alia
2449 2770 2512 2808 ex
2535 2753 2844 2825 conjunctis,
2877 2753 2982 2806 dlia
3010 2768 3074 2806 ea;
3100 2755 3534 2822 antecedentibus,
3567 2755 3671 2809 alia
3700 2774 3761 2811 ex
3788 2774 3910 2812 con-

2318 2849 2665 2918 sequentibus,
2691 2848 2796 2901 alia
2816 2863 2878 2901 ea:
2904 2847 3337 2917 repugnantibus,
3367 2848 3475 2902 alia
3500 2866 3564 2903 ex
3590 2852 3777 2913 causis,
3807 2853 3911 2905 alia

2318 2957 2384 2997 ea:
2423 2938 2614 3007 e/fectis
2636 2981 2650 3005 ,
2685 2940 2793 2993 alia
2829 2956 2896 2994 ex
2941 2940 3324 3010 comparatione
3372 2944 3654 3013 majorum,
3699 2954 3788 2997 aut
3815 2961 3910 3013 ja-

2319 3034 2477 3099 rium,
2510 3042 2598 3085 aut
2620 3032 2894 3086 minorum.

623 3127 715 3198 qui
772 3125 1068 3181 maximum
1121 3124 1279 3196 hujus
1315 3123 1559 3180 scientiae
1598 3121 1827 3179 fructum
1876 3133 2083 3193 putant,
2115 3138 2211 3180 sua
2243 3105 2290 3170 (ἶ
2393 3123 2682 3191 Postquam
2712 3121 2860 3177 locos
2900 3136 2995 3178 eos
3021 3137 3085 3178 ex
3127 3123 3322 3193 quibus
3365 3135 3675 3194 argumenta
3702 3128 3911 3183 ducun-

624 3227 854 3273 cmteros
882 3217 1105 3288 segnitie
1131 3216 1476 3280 mentientes,
1507 3223 1654 3271 tanto
1678 3230 1776 3270 nos
1801 3230 2023 3283 operam
2054 3230 2210 3285 pares

625 3324 746 3366 esse
775 3324 882 3364 non
913 3310 1247 3375 existimant,
1277 3323 1505 3378 quorum
1546 3307 1761 3379 quidem
1795 3307 2002 3376 priores
2025 3312 2071 3363 si
2102 3324 2208 3364 non

624 3402 822 3456 invidia
865 3401 1064 3457 laboris
1095 3402 1255 3456 alieni
1305 3402 1719 3457 aestimationem
1774 3410 2068 3470 premunt,
2116 3400 2211 3457 sed

624 3490 1034 3560 reprehensioni
1076 3490 1385 3561 iudicioque
1434 3491 1809 3553 consentiunt,
1855 3492 2003 3545 nullo
2052 3490 2212 3546 modo

626 3578 877 3635 ferendos
902 3593 1023 3634 esse
1051 3580 1381 3649 puto.Multo
1408 3595 1622 3650 quoque
1648 3580 1699 3633 in
1726 3594 1812 3635 me
1840 3580 2091 3636 libentius
2121 3582 2215 3637 dc-

604 3671 877 3735 ‘torserim
913 3685 1092 3740 pravae
1139 3669 1410 3740 opinionis
1459 3669 1746 3739 invidiam,
1778 3684 1841 3726 ac
1888 3674 2086 3729 nostris
2118 3687 2213 3728 eos

623 3761 871 3817 diffidere
902 3761 1105 3815 viribus
1154 3761 1408 3817 facillime
1435 3762 1631 3833 patiar,
1663 3765 1840 3832 potius
1865 3780 2024 3834 quam
2053 3774 2211 3820 tanta:

622 3854 924 3923 disciplinae
944 3854 1156 3910 calcare
1179 3854 1461 3910 rationem.
1483 3854 1598 3938 Sed
1630 3855 1764 3937 prob
1786 3856 2021 3912 divinam
2048 3867 2212 3925 atque

622 3946 910 4002 humanam
942 3946 1122 4013 fidem,
1168 3963 1288 4018 qua:
1335 3958 1420 4004 est
1451 3948 1567 4004 haec
1615 3949 1892 4006 hominum
1938 3949 2207 4019 pravitas,

598 4036 741 4110 quae
789 4048 950 4094 tanta:
993 4048 1074 4095 est
1102 4039 1462 4112 imprudentia
1513 4043 1806 4108 caecitatis,
1843 4051 1902 4096 ut
1946 4056 2095 4112 pene,
2113 4057 2211 4098 sua

604 4124 742 4188 sese
788 4131 892 4202 ipsi
923 4133 1265 4189 confessione
1306 4132 1699 4190 condemnem!
1734 4132 1920 4189 Nullus
1954 4142 2038 4189 est
2064 4133 2207 4190 enim

621 4226 711 4297 qui
740 4240 860 4280 sese
887 4226 1058 4283 videri
1103 4228 1237 4283 nolit
1285 4229 1670 4297 peritissimum
1697 4228 2025 4293 disserendi,
2056 4229 2209 4298 quin-

617 4316 782 4374 etiam
822 4317 1095 4388 objectare
1142 4318 1245 4387 ipsi
1294 4317 1523 4389 aliquid,
1563 4328 1617 4373 et
1670 4318 1944 4381 resolvere
1994 4320 2207 4390 objecta

616 4418 902 4478 conantur,
924 4417 978 4462 ct
997 4409 1041 4463 si
1055 4408 1207 4463 facile
1228 4406 1280 4461 id
1298 4408 1439 4463 factu
1453 4418 1619 4474 esset,
1638 4411 1815 4465 cuncti
1836 4410 1903 4465 ad
1924 4411 2205 4466 scientiam

2318 3226 2403 3271 tur
2423 3217 2634 3286 gemina
2668 3216 2957 3286 partitione
2984 3217 3274 3287 distribuit,
3309 3218 3444 3274 alios
3474 3219 3527 3274 in
3559 3220 3677 3291 ipso
3699 3221 3767 3277 de
3796 3238 3905 3292 quo

2315 3312 2492 3380 agitur
2524 3311 2731 3366 hairere
2785 3309 3051 3377 dicendo,
3093 3310 3228 3367 alios
3272 3312 3609 3368 extrinsecus
3656 3316 3853 3371 assumi
3882 3354 3901 3381 .

2315 3418 2543 3473 cumque
2571 3404 2747 3460 locum
2797 3405 2887 3474 qui
2932 3404 2984 3458 in
3027 3403 3145 3473 ipso
3171 3403 3238 3459 de
3273 3419 3379 3474 quo
3418 3404 3595 3475 agitur
3639 3405 3802 3462 breret
3842 3406 3905 3465 in

2316 3508 2546 3567 quatuor
2592 3495 2798 3566 species
2828 3496 3037 3561 secuit,
3083 3496 3134 3551 id
3168 3505 3251 3551 est
3281 3511 3309 3549 a
3344 3504 3489 3563 toto,
3521 3513 3550 3551 a
3573 3496 3840 3567 partibus,
3870 3514 3905 3554 ι

2271 3640 2281 3650 ,
2318 3597 2475 3653 nota,
2507 3587 2573 3642 ab
2600 3586 2806 3643 allectis
2826 3628 2840 3653 ,
2871 3586 3244 3657 superioribus
3282 3587 3494 3658 quidem
3527 3589 3696 3644 tribus
3720 3604 3909 3645 exem-

2316 3680 2405 3749 pla
2428 3678 2680 3748 subjecit,
2706 3693 2825 3748 qua:
2854 3692 2952 3733 nos
2982 3680 3155 3747 primo
3184 3680 3457 3735 volumine
3486 3690 3747 3750 quantum
3776 3681 3907 3737 dili-

2313 3784 2505 3844 genter
2533 3772 2648 3827 lieri
2674 3772 2843 3841 p0tuit
2863 3771 3276 3842 explicavimus.
3302 3772 3485 3828 Restat
3508 3774 3555 3828 is
3583 3756 3906 3843 locusquem

2314 3866 2494 3934 posuit
2521 3876 2794 3936 quartum,
2826 3865 2877 3919 id
2909 3874 2994 3920 est
3022 3865 3089 3920 ab
3116 3865 3345 3933 allectis,
3382 3867 3542 3937 hujus
3570 3884 3693 3923 cum
3724 3870 3907 3925 multae

2312 3958 2420 4013 sint
2457 3960 2697 4030 species,
2742 3959 2935 4030 integri
2978 3969 3138 4029 atque
3188 3959 3404 4015 indivisi
3450 3977 3752 4030 proponere
3795 3976 3906 4020 non

2314 4041 2485 4121 potuit
2505 4054 2833 4124 exemplum.
2862 4054 2994 4109 Nam
3027 4070 3254 4123 quorum
3284 4055 3529 4111 facienda
3554 4059 3769 4127 partitio
3793 4067 3901 4127 est,

2311 4143 2506 4198 melius
2555 4159 2651 4211 per
2694 4145 2903 4213 singula
2955 4143 3196 4199 membra
3253 4145 3536 4213 dispositis
3584 4149 3906 4216 aperiuntur

2310 4233 2597 4304 exetuplis.
2626 4234 2781 4290 Hunc
2805 4236 2963 4303 igitur
2989 4235 3165 4291 locum
3193 4236 3389 4291 dividit
3414 4238 3519 4294 hoc
3546 4240 3711 4295 medo
3740 4258 3753 4293 :
3793 4237 3904 4297 Lo—

2308 4341 2404 4382 cus
2433 4327 2522 4395 qui
2554 4340 2619 4381 ex
2650 4326 2857 4381 allectis
2876 4335 2980 4392 est,
3011 4327 3204 4396 partim
3235 4344 3303 4384 ex
3338 4329 3670 4400 conjugatis,
3705 4333 3901 4401 partim

2308 4434 2371 4473 ex
2401 4433 2632 4488 genere,
2665 4419 2854 4489 partim
2895 4435 2959 4474 ex
3006 4420 3175 4475 forma
3215 4423 3531 4490 descendit,
3556 4441 3623 4479 ex
3651 4426 3902 4482 similitu-

618 4501 806 4571 logica:
845 4500 1142 4568 disciplinae
1191 4500 1340 4554 velut
1383 4500 1448 4554 ad
1480 4501 1787 4556 communia
1825 4501 2069 4573 qumdam
2109 4517 2201 4558 sa-
2230 4505 2286 4566 D
2309 4509 2434 4565 dine
2460 4509 2644 4579 etiam,
2675 4510 2755 4565 vel
2783 4524 2849 4565 ex
2878 4508 3199 4579 differentia,
3234 4515 3318 4569 vel
3347 4529 3415 4570 ex
3454 4519 3749 4583 contrario,
3783 4533 3904 4574 nec-

617 4594 835 4663 pientia:
858 4593 1005 4647 lucra
1027 4601 1429 4649 concurrerent.
1459 4591 1575 4648 Jam
1607 4606 1740 4649 vero
1760 4592 1890 4661 quid
1918 4594 2204 4651 absurdius

618 4686 742 4754 ﬁngi
780 4693 973 4754 potest,
1003 4700 1163 4753 quam
1189 4684 1330 4754 quod
1359 4683 1730 4755 probabilibus
1749 4725 1766 4752 ,
1798 4693 1855 4738 ut
1889 4685 1990 4756 ipsi
2020 4686 2205 4741 existi-

597 4773 799 4845 mant,
832 4779 1163 4847 argumentis
1202 4766 1390 4833 inutile
1432 4777 1669 4833 studium
1703 4776 2000 4834 dialectica:
2025 4780 2204 4835 nitun-

616 4884 703 4926 tur
741 4879 982 4927 astruere
1004 4872 1028 4923 ?
1049 4869 1188 4938 Quid
1223 4870 1367 4925 enim
1412 4870 1664 4926 convenit
1694 4870 1991 4927 disserendi
2029 4880 2198 4926 artem

592 4962 933 5039 disserendo
960 4972 1273 5033 pervertere
1291 5002 1307 5025 ,
1337 4971 1397 5018 ut
1422 4963 1579 5033 cujus
1605 4962 1912 5035 opinionem
1958 4963 2197 5028 all‘ectes,

614 5054 855 5125 ejusdem
883 5053 1155 5125 despicias
1180 5052 1506 5108 veritatem?
1529 5054 1637 5111 Sed
1673 5062 1732 5108 ut
1774 5065 1961 5111 cantor
2000 5055 2091 5110 ille
2120 5056 2201 5110 di-

612 5144 875 5217 scipulum
901 5144 1002 5199 sibi
1032 5160 1097 5199 ac
1147 5143 1313 5199 Musis
1363 5159 1560 5200 canere
1604 5144 1849 5215 jubebat,
1883 5145 1954 5199 ita
2003 5155 2057 5200 et
2099 5161 2200 5216 ego

612 5251 825 5307 quoque
844 5235 975 5291 mihi
1004 5248 1067 5290 ac
1098 5234 1216 5300 tibi,
1249 5250 1355 5290 non
1386 5233 1572 5302 Musae,
1604 5235 1700 5292 sed
1733 5244 1983 5306 tanquam
2020 5236 2197 5292 Musa-

612 5343 733 5382 rum
765 5326 983 5397 prazsidi
1021 5326 1337 5395 cecinerim,
1369 5337 1531 5398 atque
1562 5328 1617 5383 id
1648 5327 1788 5398 quod
1818 5327 1987 5383 multo
2015 5328 2198 5387 labore

611 5419 899 5491 studioque
943 5419 1303 5490 collegi,non
1354 5418 1621 5475 rhetorica
1652 5427 1861 5476 tantum
1911 5419 2195 5489 facultate,

612 5530 800 5571 verum
844 5516 1007 5572 etiam
1053 5514 1337 5571 dialectica
1383 5513 1681 5570 subtilitate
1724 5513 2014 5585 deponam.
2065 5514 2196 5584 Quae

617 5622 744 5663 vero
771 5617 1069 5678 sequuntur
1096 5607 1402 5678 hujusmodi
1425 5615 1550 5663 sunt
1576 5623 1590 5661 :

685 5697 958 5753 Ducuntur
997 5699 1149 5754 etiam
1193 5709 1494 5768 argumenta
1533 5714 1597 5754 ex
1624 5698 1704 5753 his
1749 5698 1898 5754 rebus
1926 5714 2039 5770 quis
2059 5714 2193 5768 quo-

614 5788 886 5847 dammodo
912 5791 1113 5860 otiosus
1139 5801 1258 5848 sunt
1282 5791 1351 5846 ad
1381 5792 1435 5847 id
1462 5792 1524 5849 de
1552 5807 1650 5861 quo
1677 5793 1943 5863 qucritur.’
1973 5790 2080 5851 Sed
2103 5790 2195 5846 ‘m:

2308 4617 2417 4657 non
2448 4603 2612 4657 etiam
2643 4618 2707 4657 cx
2729 4602 3052 4672 conjunctis,
3083 4619 3155 4660 ex
3187 4606 3654 4675 antecedentibus,
3689 4620 3899 4667 etcen-

2308 4693 2679 4763 sequentibus,
2711 4704 2765 4748 et
2787 4696 3234 4765 repugnantibus,
3263 4711 3326 4753 ex
3351 4699 3528 4755 causis
3552 4699 3711 4754 etiam
3735 4709 3900 4770 atque

2310 4801 2380 4841 ex
2407 4785 2615 4842 effectis
2639 4801 2947 4854 causarum,
2970 4796 3025 4844 et
3050 4789 3453 4858 comparatione
3481 4791 3773 4860 majorum,
3806 4801 3904 4847 aut

2308 4878 2539 4948 parium,
2564 4878 2647 4934 vel
2680 4879 2965 4946 minorum,
2994 4897 3113 4949 quae
3140 4882 3321 4937 omnia
3351 4883 3558 4938 Tullius
3589 4886 3747 4953 paulo
3776 4896 3900 4954 post

2309 4970 2758 5025 convenientibus
2782 4986 2963 5027 rerum
2987 4972 3435 5029 similitudinibus
3464 4972 3715 5030 illustrat.
3744 4974 3901 5031 Nunc

2308 5059 2437 5114 illud
2467 5060 2622 5115 nobis
2653 5061 2939 5117 dicendum
2966 5074 3049 5119 est
3078 5079 3198 5134 quae
3223 5064 3299 5142 sit
3332 5065 3652 5122 afl‘ectornm
3684 5077 3897 5136 natura,

2307 5159 2362 5205 et
2400 5150 2525 5218 quid
2556 5152 2788 5207 habeant
2820 5156 3184 5224 proprietatis.
3212 5156 3346 5212 Sunt
3375 5156 3521 5211 enim
3561 5156 3749 5212 affecta
3775 5173 3899 5226 qua:

2305 5240 2699 5309 quodammodo
2727 5226 2927 5313 aliquid
2958 5246 3146 5300 referri
3195 5256 3455 5315 possunt,
3485 5248 3552 5302 ad
3575 5248 3626 5302 id
3657 5248 3723 5301 ad
3751 5247 3895 5317 quod

2305 5332 2631 5389 referuntur.
2655 5335 2843 5390 Omnia
2862 5351 2989 5392 vero
3006 5352 3122 5406 quae
3141 5352 3201 5392 se
3230 5338 3407 5409 aliqua
3424 5339 3685 5394 relatione
3716 5340 3893 5410 respi-

2302 5424 2471 5490 ciunt,
2502 5436 2595 5480 aut
2611 5428 2780 5481 amica
2799 5426 2941 5483 inter
2960 5444 3041 5498 se,
3065 5438 3156 5484 aut
3172 5430 3490 5487 dissidentia
3511 5432 3889 5487 conferuntur.

2301 5514 2359 5572 Si
2385 5518 2578 5583 amica,
2626 5520 2709 5575 vel
2742 5520 3185 5588 substantialiter,
3219 5534 3276 5578 ut
3303 5538 3493 5595 genus,
3521 5525 3713 5588 forma,
3742 5533 3893 5579 ante-

2299 5607 2569 5677 cedentia,
2602 5614 3009 5681 consequentia,
3038 5629 3220 5682 causa,
3255 5617 3511 5681 effectus;
3544 5617 3627 5672 vel
3656 5617 3710 5670 in
3759 5628 3894 5687 qua-

2300 5698 2470 5768 litate,
2514 5710 2570 5755 ut
2620 5704 2983 5774 coniugatum,
3034 5708 3233 5775 simile,
3275 5709 3659 5779 conjunctum;
3711 5709 3797 5764 vel
3832 5708 3888 5763 in

2299 5797 2613 5863 quantitate,
2643 5808 2699 5851 ut
2728 5797 2895 5866 paria.
2944 5800 3073 5867 Quae
3101 5815 3231 5858 vero
3258 5802 3359 5859 sibi
3409 5802 3727 5861 dissidentis
3757 5814 3892 5859 col-
