4248 6272
289 345 292 347 -
347 307 484 361 I065

1171 297 1235 354 IN
1271 297 1516 383 TOPICA
1555 289 1909 352 CICERONIS
1935 287 2454 348 COMMENTARIA.
2497 291 2626 347 LIB.
2669 291 2733 348 Il.

3477 293 3614 350 I066

354 416 620 484 feruntur,
643 413 834 484 partim
866 425 974 467 ase
1001 409 1304 468 differentia
1325 419 1448 466 sunt
1477 416 1701 475 tantum,
1728 407 1920 478 partim
1952 407 2003 465 Α
2029 419 2146 474 quae
2187 405 2469 474 unicuique
2508 406 2585 460 rei
2636 405 2916 462 finitimam
2947 415 3190 464 naturam
3221 417 3426 476 tenent,
3463 413 3613 469 velut

347 508 597 572 adversa;
645 505 740 560 sed
769 503 1014 568 adversa,
1068 504 1257 571 partim
1313 503 1366 556 in
1395 500 1666 570 qualitate,
1701 507 1757 552 ut
1794 513 1922 553 con-

264 605 282 672 }
347 599 533 666 traria,
567 598 650 652 vel
675 596 1042 667 repugnantia,
1072 595 1265 664 partim
1298 597 1350 647 in
1375 593 1690 663 quantitate,
1725 600 1784 645 ut
1811 605 1924 644 ma-

347 691 434 762 jus
475 705 535 744 ac
563 690 759 744 minus.
789 689 917 755 Qum
946 701 1065 741 cum
1098 687 1170 741 ita
1204 686 1333 751 sint,
1366 683 1706 738 manifestum
1733 692 1839 747 est,
1869 689 1924 736 et

350 786 516 837 amica
563 783 663 837 sibi
707 781 1036 851 cognationis
1074 780 1337 834 relatione
1366 777 1640 848 conjungi,
1671 785 1724 832 et
1769 776 1926 830 dissi-

353 878 530 931 dentia
563 875 664 930 hoc
691 875 805 944 ipso
833 888 938 944 quo
967 872 1067 927 sibi
1099 871 1322 926 adversa
1351 870 1478 937 sint,
1511 869 1578 924 ad
1610 883 1669 924 se
1698 869 1927 923 invicem

352 970 670 1038 comparari.
700 967 828 1020 Nam
855 979 973 1035 quae
995 965 1164 1020 amica
1193 971 1338 1029 sunt,
1360 964 1550 1018 amicis
1578 963 1749 1018 amica
1779 970 1921 1030 sunt,

353 1070 406 1116 et
435 1059 741 1116 dissidentia
761 1061 808 1129 :a
839 1057 1219 1114 dissidentibus
1246 1056 1526 1112 dissident.
1560 1053 1634 1109 Ita
1664 1054 1825 1124 igitur
1874 1061 1929 1108 et

352 1168 514 1225 genus
544 1154 730 1208 forma:
769 1168 937 1224 genus
983 1162 1087 1220 est,
1118 1159 1172 1206 et
1217 1151 1382 1206 forma
1413 1150 1624 1220 generis
1652 1147 1843 1210 forma,
1873 1155 1929 1202 et

351 1246 714 1303 antecedentia
762 1245 1224 1315 consequentium,
1255 1252 1307 1300 et
1352 1243 1734 1314 consequentia
1774 1250 1928 1295 ante-

352 1339 673 1404 cedentium,
705 1347 760 1394 et
787 1353 946 1394 causa
968 1338 1253 1393 effectuum
1285 1353 1467 1403 causa,
1491 1347 1544 1393 et
1565 1337 1785 1393 effectus
1805 1351 1931 1390 cau-

353 1447 532 1488 sarum
578 1431 820 1499 effcctus,
862 1442 915 1487 et
970 1432 1254 1501 conjugata
1300 1430 1596 1500 conjugatis
1649 1428 1929 1498 conjugata

354 1535 496 1594 sunt,
526 1534 580 1580 et
601 1525 776 1580 simile
803 1524 959 1580 simili
982 1523 1175 1588 simile,
1201 1533 1254 1578 et
1277 1524 1620 1593 coniunctum
1645 1522 1929 1591 conjuncto

355 1619 717 1683 conjunctum,
747 1623 798 1670 et
842 1615 992 1684 paria
1048 1614 1264 1683 paribus
1319 1615 1487 1684 paria,
1522 1621 1576 1668 et
1623 1611 1927 1667 differentia

285 1704 326 1732 ”’
355 1705 1061 1777 ᾶίσθτεηιίὺυεςάἰσθτεηιὶθ,
1087 1716 1141 1761 et
1162 1706 1363 1776 majora
1385 1706 1677 1760 minoribus
1700 1706 1928 1774 majora,
1950 1709 1953 1711 ’

2031 495 2206 549 timori
2239 495 2409 564 pallor
2433 495 2718 565 adjunctus
2744 508 2847 554 est.
2880 499 3004 555 Hzcc
3026 500 3148 555 talia
3175 512 3301 557 sunt
3332 511 3389 557 ut
3417 506 3614 574 saepius

2031 583 2241 653 quidem
2276 585 2540 653 adjunctis
2569 585 2670 640 sibi
2699 588 3089 657 cohaerescant,
3120 607 3293 662 neque
3342 603 3519 649 tamen
3544 611 3614 651 ex

2031 676 2348 732 necessitate
2377 677 2458 731 bis
2489 678 2680 747 quibus
2703 680 2876 735 vicina
2907 691 3054 750 sunt,
3098 684 3288 740 adesse
3328 697 3614 757 cogantur.

2030 769 2160 825 Nam
2221 785 2367 840 saepe
2407 772 2586 825 timori
2610 772 2783 841 pallor
2833 773 3053 844 assistit,
3099 791 3203 832 non
3251 787 3430 834 tamen
3475 796 3618 836 sem-

2032 877 2149 933 per,
2191 863 2354 918 veluti
2384 877 2505 916 cum
2529 862 2955 920 dissimulatione
2996 867 3261 934 premitur
3295 882 3496 938 metus,
3531 881 3618 926 at-

2031 967 2135 1022 que
2158 952 2278 1008 ideo
2299 953 2612 1008 verisimilia
2643 969 2708 1009 ex
2735 954 2999 1025 adjunctis
3040 969 3353 1027 argumenta
3384 977 3616 1019 nascun-

2031 1053 2136 1099 tur.
2168 1044 2300 1099 Nam
2342 1061 2674 1117 quacunque
2714 1048 2998 1117 conjuncta
3042 1059 3260 1108 suntex
3309 1055 3391 1109 ltis
3420 1057 3617 1125 quibus

2032 1135 2328 1202 adhaerent,
2354 1137 2549 1193 indicio
2594 1154 2713 1194 esse
2739 1139 2932 1196 solent.
2984 1141 3090 1198 Sed
3117 1144 3185 1200 de
3216 1145 3301 1201 his
3338 1146 3392 1200 in
3430 1124 3616 1217 poste-

2033 1229 2174 1285 riore
2205 1230 2565 1300 disputatione
2613 1232 2926 1303 diligentius
2956 1235 3239 1291 disseram.
3281 1241 3618 1298 Anteceden—

2033 1322 2104 1375 tia
2133 1336 2261 1376 vero
2286 1332 2412 1377 sunt
2448 1323 2641 1392 quibus
2667 1319 2864 1393 positis
2915 1327 3058 1381 aliud
3100 1343 3323 1385 necesse
3361 1342 3445 1386 est
3490 1347 3621 1388 con-

2032 1424 2306 1486 sequatur,
2359 1427 2416 1470 ut
2458 1418 2583 1486 quia
2630 1417 2829 1474 bellum
2871 1431 2973 1486 est,
3016 1436 3139 1476 esse
3179 1423 3487 1482 inimicitias
3525 1441 3622 1484 ne-

2033 1521 2183 1562 cesse
2215 1517 2319 1562 est.
2373 1508 2502 1564 Haec
2531 1509 2737 1564 ordinis
2769 1513 3146 1568 necessitatem
3174 1523 3380 1573 tenent.
3407 1518 3615 1576 Conse-

2030 1599 2250 1667 quentia
2277 1600 2419 1655 enim
2442 1601 2510 1655 ab
2538 1602 2981 1659 antecedentibus
3029 1609 3267 1675 separari
3309 1623 3619 1681 nequeunt;

2035 1705 2369 1761 consequens
2405 1708 2536 1748 vero
2580 1703 2663 1748 est
2697 1695 2955 1766 quidquid
2983 1696 3034 1752 id
3063 1699 3204 1767 quod
3237 1703 3502 1758 antecedit
3537 1705 3625 1760 in-

357 1805 412 1853 et
439 1799 640 1853 minora
690 1796 983 1868 majoribus
1012 1797 1218 1852 minora
1245 1805 1392 1863 sunt,
1423 1806 1478 1852 et
1507 1796 1774 1851 contraria
1802 1810 1931 1851 con-

2037 1783 2298 1852 sequitur,
2329 1793 2384 1838 ut
2411 1785 2703 1840 inimicitiae
2734 1786 2932 1842 bellum
2960 1804 3380 1862 consequuntur.
3414 1795 3548 1853 Nam
3576 1801 3626 1855 si

356 1891 537 1946 trariis
558 1890 847 1957 contraria,
878 1900 930 1946 et
951 1891 1297 1960 repugnantia
1329 1890 1746 1961 repugnantibus
1771 1905 1932 1960 repu—

355 1982 569 2053 gnantia
601 1991 742 2037 sunt.
791 1982 990 2038 Affecta
1022 1983 1182 2052 igitur
1211 1992 1335 2038 sunt
1366 1998 1486 2053 qua:
1514 1996 1634 2038 cum
1676 1997 1706 2036 a
1756 1997 1814 2037 se
1849 1982 1932 2036 iu-

355 2076 524 2131 vicem
551 2075 756 2129 diversa
787 2074 914 2142 sint,
947 2074 1012 2129 ad
1042 2090 1101 2130 se
1130 2075 1358 2130 invicem
1392 2085 1570 2129 tamen
1603 2074 1928 2129 referuntur.

359 2166 461 2224 Sed
483 2181 588 2236 quo
609 2165 794 2220 ordine
821 2165 1028 2220 Tullius
1057 2165 1299 2234 superius
1325 2164 1611 2234 descripsit
1641 2164 1810 2229 locos,
1837 2175 1934 2217 nos

357 2257 701 2313 difﬁnitiones
730 2257 977 2312 omnibus
1004 2272 1354 2327 apponemus.
1387 2257 1583 2312 Eorum
1610 2256 1774 2326 igitur
1816 2271 1936 2325 qua:

356 2349 421 2403 ad
452 2363 510 2403 se
535 2349 761 2404 invicem
788 2348 975 2403 affecta
1004 2348 1268 2413 dicuntur,
1302 2351 1355 2404 in
1387 2349 1460 2404 M.
1490 2349 1650 2404 Tullii
1683 2348 1934 2417 disputa-

359 2441 501 2495 tione
523 2441 690 2510 prima
713 2448 836 2495 sunt
861 2441 1141 2510 conjugata
1173 2458 1185 2493 :
1211 2441 1493 2510 conjugata
1521 2454 1656 2495 voco
1679 2443 1936 2511 quaecun-

361 2544 462 2601 que
488 2533 555 2586 ab
584 2548 688 2586 uno
717 2531 932 2587 nomine
960 2534 1102 2585 varia
1147 2532 1447 2601 prolatione
1477 2532 1787 2599 flectuntur,
1820 2541 1877 2586 ut
1904 2546 1934 2586 a

356 2622 563 2693 justitia
583 2626 780 2694 justus,
811 2624 1037 2692 justum,
1065 2623 1230 2692 juste.
1264 2623 1390 2678 Haec
1418 2623 1555 2678 inter
1581 2639 1640 2679 se
1671 2639 1792 2678 cum
1821 2625 1936 2693 ipsa

358 2715 586 2786 iustitia,
616 2715 758 2770 unde
780 2729 965 2770 eorum
994 2714 1313 2769 vocabulum
1345 2715 1518 2784 ﬂuxit,
1544 2715 1826 2785 conjugata
1854 2716 1936 2770 di-

360 2817 572 2863 cuntur.
596 2806 774 2862 Genus
804 2821 930 2861 vero
961 2805 1085 2876 [est]
1112 2805 1252 2875 quod
1274 2806 1340 2861 de
1363 2807 1544 2862 multis
1575 2808 1759 2877 specie
1785 2807 1940 2862 diffe-

360 2899 601 2954 rentibus
625 2900 675 2952 in
704 2913 769 2952 eo
797 2897 936 2967 quod
963 2898 1088 2967 quid
1110 2907 1193 2953 est
1213 2897 1553 2966 praedicatur,
1576 2898 1720 2953 velut
1742 2898 1938 2953 animal

361 2991 557 3048 dicitur
576 2992 641 3045 de
658 2990 874 3045 homine
888 2999 1047 3059 atque
1065 3004 1222 3070 equo,
1245 3005 1366 3059 quae
1387 2990 1568 3060 specie
1594 2989 1866 3056 differunt,
1884 3001 1939 3046 et

364 3083 415 3138 in
445 3098 510 3138 eo
532 3081 672 3153 quod
701 3080 825 3151 quid
849 3080 919 3135 sit
944 3079 1278 3149 praedicatur.
1312 3079 1768 3150 Interrogantibus
1793 3081 1934 3135 enim

2035 1874 2234 1930 bellum
2263 1885 2366 1942 est,
2389 1876 2700 1934 inimicitias
2725 1895 2848 1937 esse
2874 1896 3095 1940 necesse
3119 1895 3223 1954 est,
3254 1887 3522 1959 habetque
3548 1892 3628 1947 lo-

2035 1980 2130 2022 cus
2151 1968 2238 2022 hic
2259 1969 2388 2024 illud
2422 1971 2657 2027 notabile
2683 1981 2738 2028 et
2766 1977 3141 2046 spectandum,
3168 1981 3311 2050 quod
3336 1995 3479 2051 saepe
3501 2001 3625 2054 qute

2037 2062 2352 2118 naturaliter
2383 2066 2562 2132 priora
2592 2075 2736 2134 sunt,
2771 2076 2950 2125 tamen
2983 2070 3095 2140 ipsa
3123 2082 3247 2129 sunt
3280 2091 3627 2152 consequen-

2037 2156 2129 2208 tia.
2154 2155 2308 2225 Saepe
2332 2172 2453 2227 quae
2499 2159 2816 2215 naturaliter
2845 2164 3190 2234 antecedunt,
3221 2179 3274 2224 et
3322 2171 3377 2226 in
3405 2182 3628 2246 jpropo-

2038 2247 2231 2302 sitione
2257 2250 2431 2316 priora
2461 2260 2615 2318 sunt;
2638 2267 2870 2322 namque
2898 2256 3192 2313 inimicitiae
3219 2262 3368 2330 prius
3394 2266 3629 2325 existere

2039 2353 2196 2409 quam
2252 2339 2391 2396 bella
2434 2342 2628 2398 solent.
2674 2343 2780 2399 Sed
2835 2362 2942 2401 non
2994 2364 3280 2418 possumus
3321 2371 3631 2427 proponere

2040 2430 2369 2499 inimicitias,
2394 2443 2452 2489 ut
2487 2435 2684 2490 bellum
2716 2448 2991 2507 sequatur.
3017 2441 3134 2498 Non
3167 2447 3312 2502 enim
3340 2463 3632 2517 possumus

2040 2537 2166 2580 vere
2205 2525 2409 2593 dicere,
2435 2527 2481 2581 si
2514 2529 2803 2585 inimicitiae
2829 2541 2974 2600 sunt,
3001 2533 3200 2592 bellum
3228 2548 3331 2606 est,
3367 2542 3460 2596 sed
3492 2557 3632 2613 prae:

2039 2619 2286 2686 ponimus
2328 2619 2549 2690 bellum,
2585 2633 2638 2677 et
2685 2624 2980 2682 inimicitiae
3027 2644 3147 2700 qua:
3177 2641 3365 2689 natura
3421 2637 3630 2705 priores

2041 2719 2188 2776 sunt,
2213 2711 2635 2782 subsequuntur,
2655 2716 2750 2784 ita,
2773 2718 2816 2772 si
2831 2718 3031 2774 bellum
3044 2732 3151 2788 est,
3169 2723 3462 2782 inimicitia:
3483 2740 3628 2786 sunt.

2041 2799 2195 2856 Nunc
2223 2802 2383 2873 igitur
2407 2803 2703 2861 inimicitia:
2724 2823 2842 2877 quae
2868 2812 3183 2867 naturaliter
3204 2815 3400 2870 bellum
3424 2834 3631 2887 praace-

2043 2892 2196 2960 dunt,
2231 2895 2314 2948 has
2345 2897 2531 2952 eadem
2574 2898 2712 2953 bella
2748 2902 2799 2954 in
2854 2905 3223 2972 propositione
3263 2910 3633 2978 comitantur;

2042 2995 2097 3039 at
2125 2986 2169 3039 si
2192 2986 2363 3041 dicam
2391 3005 2405 3040 :
2431 2990 2487 3043 Si
2517 2991 2778 3060 superbus
2802 3000 2906 3059 est,
2930 2994 3150 3050 odiosus
3174 3009 3277 3064 est,
3301 3000 3554 3068 superbia
3576 3011 3635 3060 et

2044 3079 2356 3133 naturaliter
2385 3089 2439 3135 et
2469 3081 2521 3134 iu
2563 3084 2930 3152 propositione
2955 3087 3137 3141 odium
3168 3090 3450 3158 prmcedit;
3478 3097 3629 3163 prius

364 3177 519 3232 nobis
545 3175 671 3244 quid
703 3175 771 3229 sit
793 3174 953 3228 homo
981 3173 1064 3229 vel
1093 3189 1285 3244 equus,
1323 3173 1677 3242 respondetur
1715 3173 1934 3228 animal.
1965 3162 2015 3228 C
2045 3171 2186 3226 enim
2214 3173 2463 3241 superbia
2489 3177 2771 3230 consuevit
2798 3177 3054 3247 existere,
3076 3190 3196 3249 post
3225 3198 3351 3238 vero
3374 3162 3534 3256 atque
3563 3203 3630 3243 ex

362 3267 513 3335 Quod
542 3283 708 3338 genus
732 3269 855 3324 licet
881 3281 1101 3323 necesse
1128 3267 1200 3322 sit
1223 3266 1291 3322 ab
1320 3282 1386 3322 eo
1413 3282 1534 3323 esse
1552 3267 1823 3323 diversum
1845 3283 1935 3324 cu-

360 3359 448 3429 jus
474 3375 641 3427 genus
683 3370 784 3426 est,
817 3369 1096 3430 cognatum
1130 3369 1306 3414 tamen
1337 3368 1419 3414 est
1471 3361 1544 3426 ei,
1593 3361 1714 3430 quia
1764 3360 1832 3415 ad
1885 3360 1940 3415 id

364 3452 676 3509 substantiae
701 3453 960 3508 relatione
986 3453 1348 3524 conjungitur.
1374 3451 1595 3522 Species
1626 3453 1791 3508 etiam
1833 3463 1938 3520 est,

297 3549 310 3562 '
365 3543 432 3598 de
460 3560 559 3614 qua
589 3558 755 3614 genus
778 3545 1024 3616 superius
1062 3545 1406 3615 praedicatur,
1432 3559 1591 3613 quam
1615 3543 1802 3600 Cicero
1828 3544 1942 3600 for-

366 3652 506 3693 mant
560 3639 792 3705 vocavit,
837 3639 981 3694 velut
1022 3640 1184 3694 homo
1212 3639 1482 3694 animalis.
1516 3638 1821 3696 Similitudo
1862 3648 1945 3695 est

366 3729 539 3784 unitas
566 3731 858 3799 qualitatis.
907 3729 1039 3783 Nam
1089 3729 1194 3784 duo
1240 3744 1361 3800 quas
1412 3728 1512 3783 sibi
1569 3728 1766 3782 similia
1794 3738 1939 3795 sunt,

367 3822 608 3877 eamdem
635 3836 857 3876 necesse
885 3830 968 3876 est
997 3820 1196 3876 habere
1238 3820 1572 3891 qualitatem,
1603 3829 1658 3875 et
1688 3820 1945 3890 quoniam

369 3913 542 3982 ipsum
585 3914 684 3968 sibi
713 3913 887 3968 simile
917 3928 1035 3969 esse
1064 3929 1168 3968 non
1211 3923 1406 3983 potest,
1439 3914 1582 3969 aliud
1614 3930 1835 3970 necesse
1862 3923 1945 3968 cst

370 4007 548 4063 simile
576 4008 963 4064 consideretur.
1006 4009 1111 4063 Sed
1137 4008 1278 4064 aliud
1309 4025 1428 4066 esse
1458 4027 1563 4066 non
1597 4013 1808 4080 poterit,
1844 4009 1947 4064 nisi

371 4099 530 4154 fuerit
581 4099 632 4154 in
677 4101 853 4171 aliqua
907 4109 1057 4171 parte
1086 4101 1375 4156 diversum.
1409 4102 1551 4173 Ergo
1581 4103 1797 4168 similia,
1827 4119 1858 4157 a
1888 4117 1946 4158 se

369 4189 422 4244 in
467 4189 566 4243 alia
616 4190 829 4260 quidem
880 4206 938 4247 re
987 4191 1193 4247 diversa
1227 4201 1373 4262 sunt,
1407 4193 1459 4248 in
1508 4194 1609 4249 alia
1646 4208 1775 4249 vero
1814 4207 1947 4248 con-

371 4291 584 4350 gruunt.
621 4284 675 4337 ln
699 4300 759 4339 ea
782 4301 906 4340 vero
937 4302 996 4342 re
1017 4301 1136 4357 qua:
1156 4289 1449 4344 secundum
1478 4290 1788 4359 qualitatem
1819 4305 1950 4346 con-

371 4381 586 4442 gruunt,
616 4373 668 4428 in
695 4389 756 4430 ea
792 4391 913 4432 esse
959 4378 1153 4434 similia
1185 4380 1571 4451 intelliguntur,
1606 4398 1724 4452 quae
1769 4383 1835 4437 ad
1886 4398 1948 4438 se

372 4467 739 4526 similitudinis
803 4471 944 4528 illius
993 4476 1332 4545 copulatione
1386 4476 1717 4532 referuntur.
1787 4476 1952 4532 Diffe-

372 4566 544 4622 rentia
571 4577 653 4623 est
671 4583 772 4638 qua
795 4571 1209 4642 unumquodque
1237 4572 1414 4627 differt
1435 4573 1502 4629 ab
1531 4575 1663 4642 alio,
1697 4584 1754 4630 ut
1787 4576 1951 4631 homo

373 4657 440 4713 ab
483 4670 618 4729 equo
660 4663 1090 4719 rationabilitatis
1144 4663 1443 4720 differentia
1479 4666 1768 4738 discrepat.
1823 4670 1950 4725 Hmc

374 4749 530 4818 igitur
559 4752 935 4820 praedicatione
966 4755 1179 4825 quidem
1237 4757 1468 4827 propria:
1516 4766 1718 4814 naturae
1767 4760 1832 4814 ad
1886 4776 1951 4816 ea

373 4842 596 4896 refertur
617 4857 845 4913 quorum
878 4855 960 4900 est
1004 4845 1327 4916 differentia,
1361 4858 1419 4904 ut
1449 4849 1836 4906 rationabilitas
1881 4852 1947 4907 ad

373 4932 671 5001 hominem;
703 4936 1157 4994 dissimilitudinis
1184 4955 1316 4996 vero
1343 4942 1551 4998 ratione
1581 4942 1646 4997 ad
1674 4956 1734 4998 ea
1764 4957 1794 4998 a
1826 4944 1951 5015 qui-

371 5023 469 5080 bus
513 5027 778 5101 discrepat
827 5028 879 5085 id
924 5031 1076 5101 cujus
1116 5041 1200 5088 est
1244 5034 1563 5105 differentia,
1614 5044 1671 5090 ut
1713 5037 1950 5094 rationa-

373 5115 550 5175 bilitas
577 5120 641 5176 ad
667 5122 882 5180 bovem.
906 5122 1187 5181 Contraria
1217 5142 1346 5184 vero
1379 5139 1501 5185 sunt
1532 5145 1652 5200 qum
1679 5131 1732 5185 in
1755 5135 1946 5190 eodem

369 5211 543 5278 posita
575 5229 770 5281 genere
795 5215 1104 5285 longissime
1134 5234 1164 5273 a
1208 5235 1269 5275 se
1307 5221 1636 5291 discrepant,
1678 5232 1737 5277 ut
1769 5225 1947 5280 album

367 5311 528 5370 atque
553 5303 785 5372 nigrum,
816 5321 934 5375 quae
961 5308 1087 5363 licet
1115 5309 1166 5363 in
1199 5325 1307 5366 uno
1335 5313 1605 5382 qualitatis
1631 5301 1826 5382 genere
1853 5331 1952 5386 po-

369 5399 586 5458 nantur,
635 5406 663 5445 a
690 5408 751 5449 se
782 5404 962 5452 tamen
992 5414 1152 5469 quam
1207 5401 1518 5470 longissime
1557 5404 1834 5469 recedunt,
1886 5422 1953 5463 ea

367 5494 583 5550 quoque
613 5485 678 5536 ad
708 5498 767 5539 se
794 5487 986 5543 referri
1014 5491 1191 5545 nullus
1221 5492 1450 5560 ignorat.
1497 5495 1652 5550 Aliud
1697 5505 1780 5550 est
1811 5499 1956 5553 enim

368 5571 508 5642 quod
538 5582 682 5642 sunt,
736 5575 881 5630 aliud
913 5581 1054 5648 quod
1097 5584 1363 5637 contraria
1415 5595 1558 5640 sunt.
1607 5587 1761 5652 Quod
1810 5589 1954 5645 enim

369 5664 576 5736 nigrum
607 5677 712 5736 est,
736 5670 894 5740 quale
920 5681 1020 5728 est.
1053 5674 1206 5741 Quod
1238 5692 1366 5732 vero
1409 5681 1732 5735 contrarium
1761 5691 1862 5747 est,
1890 5682 1958 5738 ab

367 5755 488 5816 albo
537 5761 824 5831 plurimum
855 5762 1164 5837 discrepans
1196 5777 1295 5827 est.
1329 5769 1624 5844 Conjuncta
1672 5787 1798 5833 vero
1827 5786 1956 5834 sunt
1994 5828 2007 5838 .

643 5859 919 5920 ΡΑτιιοι..
965 5861 1189 5925 LXIV.

2048 3265 2235 3322 eadem
2257 3266 2504 3335 superbia
2534 3269 2755 3323 veniens
2795 3271 2975 3324 odium
3024 3274 3196 3344 sequi.
3249 3275 3359 3331 Nec
3403 3279 3632 3336 interest

2047 3367 2226 3414 utrum
2253 3361 2570 3416 naturaliter
2599 3362 2857 3430 quaelibet
2882 3366 3165 3421 antecedat
3203 3381 3290 3421 res
3315 3369 3628 3441 aliquando,

2049 3466 2117 3506 an
2143 3467 2271 3507 vero
2293 3463 2671 3524 consequetur,
2705 3456 2831 3510 dum
2860 3457 2913 3511 id
2954 3457 3005 3512 in
3056 3461 3424 3530 propositione
3462 3466 3637 3521 adno-

2049 3552 2222 3599 temus
2242 3587 2257 3612 ,
2287 3561 2403 3602 eam
2432 3561 2552 3602 esse
2580 3563 2694 3603 rem
2727 3549 3154 3619 antecedentem,
3187 3570 3304 3622 qua:
3333 3557 3443 3611 sive
3485 3567 3637 3613 natu-

2050 3637 2236 3693 raliter
2269 3638 2416 3708 prior
2445 3639 2533 3703 sit,
2570 3639 2683 3694 sive
2713 3640 3002 3708 posterior,
3033 3642 3256 3698 alteram
3299 3655 3475 3703 tamen
3520 3665 3637 3704 rem

2052 3745 2234 3785 secum
2289 3732 2600 3786 necessario
2641 3732 2838 3786 trahat.
2875 3732 3242 3804 Repugnantia
3282 3754 3409 3794 vero
3433 3741 3639 3797 intelli-

2051 3831 2246 3893 guntur
2276 3825 2484 3892 quoties
2513 3823 2565 3878 id
2594 3824 2736 3893 quod
2781 3825 2942 3879 alicui
2973 3829 3368 3885 contrariorum
3417 3845 3641 3891 natura—

2053 3915 2178 3971 liter
2201 3916 2446 3984 junctum
2483 3924 2586 3984 est,
2632 3914 2842 3984 reliquo
2871 3920 3146 3974 contrario
3190 3934 3557 3992 comparatur,
3583 3937 3640 3980 ut

2054 4009 2306 4076 quoniam
2361 4006 2608 4060 amicitiae
2659 4015 2817 4076 atque
2850 4007 3147 4064 inimicitia:
3179 4013 3444 4068 contraria
3494 4023 3639 4070 sunt.

2057 4098 2366 4153 Inimicitias
2397 4113 2533 4162 vero
2559 4099 2905 4165 consequitur
2934 4102 3165 4155 nocendi
3195 4103 3465 4169 voluntas,
3503 4108 3641 4161 ami-

2057 4191 2181 4245 citia
2198 4200 2250 4245 et
2275 4190 2501 4246 nocendi
2526 4190 2793 4257 voluntas,
2826 4193 3175 4261 repugnantia
3198 4203 3340 4259 sunt,
3369 4196 3483 4250 haec
3511 4213 3643 4266 quo-

2059 4300 2162 4354 que
2184 4285 2248 4339 ad
2273 4300 2330 4340 se
2347 4284 2743 4340 contrarietatis
2764 4284 3113 4342 similitudine
3137 4290 3456 4345 referuntur.
3473 4291 3643 4350 Causa

2060 4386 2142 4432 est
2189 4393 2291 4443 qua
2325 4375 2664 4448 praecedente
2695 4377 2895 4446 aliquid
2952 4379 3204 4448 efﬁcitur,
3243 4391 3299 4434 ut
3348 4397 3508 4438 causa
3537 4383 3644 4440 diei

2061 4478 2145 4523 est
2173 4469 2303 4523 solis
2351 4477 2522 4522 ortus.
2559 4467 2823 4521 Effectum
2872 4476 2954 4523 est
2981 4468 3121 4538 quod
3149 4471 3456 4539 przrcedens
3486 4488 3646 4529 causa

1977 4541 2036 4605 Β
2063 4559 2292 4630 perﬁcit,
2329 4569 2383 4612 ut
2435 4559 2550 4612 dies
2578 4573 2735 4627 quem
2783 4558 2913 4612 solis
2965 4568 3113 4614 ortus
3143 4563 3356 4616 emittit.
3388 4565 3647 4634 Majorum

2061 4663 2190 4705 vero
2236 4648 2566 4717 comparatio
2619 4656 2701 4703 est
2752 4651 2961 4716 quoties
2993 4651 3041 4705 ei
3073 4652 3213 4720 quod
3246 4654 3421 4710 minus
3447 4665 3547 4724 est,
3595 4656 3649 4712 id

2061 4741 2203 4812 quod
2257 4740 2428 4809 majus
2474 4749 2554 4794 cst
2604 4751 2965 4809 comparatur,
3000 4752 3057 4797 ut
3105 4745 3148 4798 si
3190 4761 3349 4801 nemo
3391 4749 3649 4805 innocens

2061 4836 2270 4907 pelliin
2303 4834 2552 4890 exsilium
2579 4835 2762 4902 debet,
2795 4839 2966 4891 multo
2997 4839 3165 4909 magis
3206 4853 3274 4894 ne
3301 4839 3506 4896 Tullius
3535 4844 3650 4912 qui-

2003 4949 2014 4957 ·
2062 4932 2208 4995 dent,
2235 4930 2326 5001 qui
2355 4944 2460 4985 non
2491 4929 2747 4984 innocens
2778 4929 2978 4998 solum,
3012 4945 3200 4987 verum
3247 4933 3408 4988 etiam
3461 4934 3651 5004 patriae

2064 5024 2165 5079 fuit
2190 5023 2472 5088 liberator;
2506 5024 2624 5092 plus
2644 5031 2727 5078 est
2749 5024 2891 5078 enim
2925 5025 3112 5094 patriae
3143 5039 3265 5080 esse
3295 5027 3647 5085 liberatorem

2066 5131 2227 5186 quam
2259 5116 2621 5171 innocentem.
2648 5114 2860 5171 Parium
2891 5129 3019 5171 vero
3041 5116 3252 5185 quoties
3292 5118 3434 5172 inter
3462 5134 3521 5174 se
3547 5135 3649 5190 pa-

2066 5210 2148 5264 ria
2170 5216 2569 5278 comparantur,
2601 5215 2658 5260 ut
2681 5208 2727 5261 si
2755 5206 2843 5262 hic
2869 5208 3006 5262 civis
3034 5207 3294 5263 innocens
3321 5209 3447 5277 pelli
3475 5212 3526 5264 in
3554 5227 3654 5267 ex-

2069 5302 2247 5357 silium
2275 5316 2383 5355 non
2404 5299 2586 5367 debet,
2617 5299 2739 5368 quia
2771 5300 3029 5354 innocens
3053 5309 3154 5366 est,
3181 5313 3282 5353 nec
3311 5299 3400 5356 ille
3429 5301 3647 5371 quidem

2069 5393 2162 5464 qui
2189 5401 2273 5448 est
2301 5392 2558 5446 innocens
2589 5405 2772 5445 carere
2792 5392 2961 5460 patria
2987 5391 3129 5458 juste
3157 5397 3353 5472 potest.
3383 5391 3652 5448 Minorem

2070 5503 2196 5541 vero
2225 5487 2433 5556 quoties
2454 5487 2661 5539 minora
2684 5484 2976 5552 majoribus
3005 5483 3376 5552 conferuntur,
3400 5495 3458 5540 ut
3497 5486 3541 5541 si
3562 5486 3653 5542 Ci-

2070 5593 2322 5634 ceronem
2350 5575 2694 5631 liberatorem
2736 5577 2923 5644 patriae
2974 5575 3194 5646 praemio
3243 5590 3402 5631 nemo
3432 5575 3654 5648 dignum

2069 5673 2294 5744 putavit,
2337 5685 2496 5726 nemo
2523 5683 2642 5727 eum
2678 5679 2827 5739 putet
2859 5668 3076 5739 praemio
3128 5667 3347 5738 dignum
3390 5669 3480 5739 qui
3527 5684 3655 5727 cum

2071 5775 2275 5823 tantum
2305 5763 2565 5825 innocens
2607 5762 2787 5831 fuerit,
2823 5762 2968 5822 nulla
3014 5761 3068 5821 in
3098 5759 3486 5832 rempublicam
3513 5774 3652 5818 con--

3195 5849 3272 5922 315'
