4248 6272
681 343 819 402 ιοδτ

1916 333 2027 388 AN.
2070 329 2282 389 MANL.
2319 325 2480 386 BEV.
2519 326 2742 383 ΒΟΕΤΙΙ

3804 331 3939 386 1068

682 462 810 517 tulit
835 459 1043 515 merita.
1092 455 1217 511 Haec
1248 455 1425 524 itaque
1453 451 1633 508 omnia
1659 455 1883 520 cognata
1914 447 2016 503 sibi
2045 460 2186 515 esse,
2218 453 2275 501 et
2298 443 2357 507 Α
2380 441 2506 497 illud
2536 440 2736 506 dicere,
2769 420 2865 496 cur
2900 455 3021 512 quae
3065 441 3251 498 atfecta
3294 452 3419 498 sunt
3459 441 3517 497 iu
3560 443 3696 514 ipso,
3726 443 3792 499 tle
3831 458 3943 516 quo

678 555 746 610 ad
772 569 831 609 se
858 550 1047 607 referri
1076 550 1331 613 invicem,
1360 556 1416 603 et
1441 562 1501 603 se
1528 547 1673 602 velut
1713 559 1747 600 ε
1796 543 2014 614 regione
2053 543 2267 612 conspi—

679 659 801 699 cere
829 641 1005 697 nullus
1048 642 1278 711 ignorat.
1307 638 1440 694 Nam
1474 646 1536 693 ut
1579 638 1648 693 de
1700 634 1998 706 conjugatis
2028 634 2265 703 primum

615 710 621 731 ’
680 733 983 801 loquamur,
1013 710 1293 799 etijustitia
1338 728 1405 783 ad
1436 728 1488 783 id
1522 727 1662 798 quod
1705 726 1911 796 justum
1965 732 2068 791 est,
2100 723 2185 779 vel
2211 722 2266 778 id

676 824 817 893 quod
850 822 995 894 justo
1027 823 1138 877 ﬂeri
1163 830 1359 891 potest,
1385 828 1615 890 spectat,
1644 828 1699 874 et
1716 834 1840 873 eum
1862 817 1955 888 qui
1981 817 2157 886 justus
2181 822 2268 872 est

676 915 902 985 perﬂcit.
944 914 1150 968 Caetera
1181 927 1394 983 quoque
1426 911 1621 967 habent
1645 909 1714 966 ad
1738 924 1799 965 se
1828 924 1934 964 non
1983 907 2146 963 modo
2172 923 2265 962 vo-

673 1005 849 1061 cabuli
898 1005 1293 1076 cognationem,
1338 1018 1523 1058 verum
1555 1001 1715 1056 etiam
1746 999 2028 1069 cujusdam
2060 1006 2267 1053 naturze

675 1100 1103 1170 congruentiam,
1130 1100 1202 1154 ita
1239 1108 1415 1152 tamen
1446 1104 1505 1150 ut
1532 1111 1561 1149 a
1593 1109 1653 1150 se
1680 1096 1897 1149 diversa
1928 1094 2057 1147 sint.
2083 1092 2268 1160 Neque

679 1192 818 1245 idem
850 1200 936 1247 est
959 1191 1185 1261 justitia,
1220 1190 1360 1258 quod
1400 1188 1600 1256 justus.
1627 1184 1795 1241 Omne
1825 1184 1969 1239 enim
2011 1181 2267 1252 quidquid

678 1283 746 1346 ab
792 1282 969 1352 aliquo
1001 1280 1303 1345 inﬂectitur,
1336 1279 1406 1333 ab
1436 1291 1503 1333 eo
1543 1292 1574 1331 a
1600 1291 1704 1346 quo
1751 1274 2039 1330 inﬂectitur
2063 1282 2144 1328 est
2181 1271 2267 1326 di-

679 1390 913 1441 versum,
947 1375 1229 1441 eidemque
1255 1380 1565 1441 cognatum,
1609 1386 1640 1423 a
1688 1382 1793 1437 quo
1819 1369 1982 1424 etiam
2015 1366 2269 1434 probatur

669 1467 952 1521 inﬂexum.
985 1465 1167 1521 Genus
1195 1464 1358 1520 etiam
1404 1473 1689 1532 cognatum
1731 1477 1855 1518 esse
1882 1461 1957 1517 rei
1988 1460 2141 1527 cujus
2172 1474 2265 1530 ge-

678 1573 779 1612 nus
808 1570 911 1620 est,
941 1558 991 1611 id
1015 1565 1098 1613 est
1118 1556 1340 1625 speciei,
1374 1570 1532 1625 quam
1564 1554 1753 1610 Cicero
1781 1555 2005 1609 fortnam
2034 1555 2267 1618 vocavit,

678 1650 897 1705 dubium
949 1665 1056 1704 non
1107 1658 1207 1705 est.
1263 1649 1444 1705 Genus
1474 1649 1617 1703 enim
1648 1648 1846 1717 speciei
1874 1660 2039 1715 genus
2069 1655 2172 1711 est,
2214 1653 2275 1705 et.

678 1741 886 1808 species
922 1743 1137 1811 generis
1167 1742 1377 1808 species
1408 1758 1420 1795 :
1447 1741 1624 1808 itaque
1655 1738 1722 1792 ad
1767 1753 1826 1792 se
1852 1738 2079 1791 invicem
2127 1734 2270 1791 refe-

679 1842 891 1898 runtur,
924 1833 1048 1887 licet
1083 1833 1223 1887 idem
1270 1847 1437 1901 genus
1469 1847 1531 1884 nc
1560 1831 1768 1899 species
1808 1844 1910 1883 non
1958 1830 2087 1885 sint.
2132 1827 2268 1883 Illud

679 1938 812 1979 sane
831 1923 1119 1977 videndum
1148 1933 1250 1987 est,
1272 1923 1523 1991 quoniam
1552 1936 1683 1990 quas
1709 1935 1806 1974 nos
1828 1920 2038 1988 species
2062 1933 2267 1973 nuncu-

677 2028 890 2083 pamus,
924 2031 1016 2068 eas
1041 2016 1236 2069 Cicero
1277 2014 1476 2068 formas
1510 2023 1685 2067 vocat.
1732 2012 1829 2065 Cui
1869 2011 2107 2080 quidem,
2137 2012 2265 2066 dum

677 2106 817 2177 quod
845 2107 975 2161 dicit
1004 2107 1321 2175 intelligam,
1369 2105 1659 2161 concedam
1689 2104 1917 2159 libenter
1943 2103 2135 2167 quibus
2174 2118 2268 2156 vo-

675 2195 831 2251 luerit
874 2198 948 2252 uti
995 2196 1323 2259 nominibus,
1370 2196 1499 2250 mihi
1546 2210 1672 2250 vero
1722 2210 1825 2248 non
1868 2193 2010 2248 idem
2040 2192 2265 2249 concedi

674 2298 869 2365 potest.
900 2289 1032 2343 Nam
1064 2290 1153 2358 qui
1179 2289 1567 2359 explanationis
1615 2289 1786 2342 lucem
1841 2287 2114 2354 professus
2159 2294 2262 2349 est,

674 2378 725 2431 in
750 2376 833 2431 his
863 2378 1040 2432 verbis
1070 2378 1226 2433 debet
1253 2393 1371 2447 quze
1396 2388 1520 2432 sunt
1550 2378 1603 2431 in
1628 2392 1726 2430 usu
1757 2377 1923 2445 posita
1953 2377 2181 2431 versari.
2209 2375 2267 2429 ld

673 2454 847 2521 autem
866 2470 1004 2536 quod
1030 2470 1350 2537 supponitur
1365 2470 1547 2537 generi
1577 2479 1633 2521 ιιι
1658 2470 1888 2535 species,
1912 2481 2069 2536 quam
2094 2465 2265 2520 forma

673 2558 851 2625 potius
876 2568 1234 2627 nuncupetur,
1255 2574 1383 2612 usus
1404 2558 1656 2614 obtinuit.
1675 2558 1792 2612 Jam
1820 2573 1946 2612 vero
1966 2556 2141 2610 simile
2163 2555 2268 2610 nisi

672 2648 831 2701 simili
854 2647 1028 2701 simile
1056 2662 1177 2702 esse
1204 2665 1309 2702 non
1340 2657 1534 2715 potest,
1558 2657 1613 2702 et
1632 2649 1775 2717 quod
1798 2648 1973 2701 differt
1991 2646 2090 2699 nisi
2112 2644 2268 2699 adis-

672 2736 835 2791 simili
867 2737 1085 2793 diﬂ‘erre
1114 2754 1218 2791 non
1247 2746 1444 2807 potest.
1476 2737 1753 2792 Contraria
1786 2738 1946 2792 etiam
1982 2735 2266 2791 contrariis

670 2830 1039 2901 intelliguntur
1051 2843 1169 2886 esse
1183 2830 1474 2896 contraria,
1491 2830 1773 2899 conjuncta
1790 2830 1948 2884 etiam
1964 2827 2268 2896 conjunctis

669 2921 1065 2979 adlueroscunt.
1100 2920 1165 2977 Et
1186 2939 1303 2993 quae
1328 2930 1456 2977 sunt
1484 2921 1878 2987 antecedentia,
1904 2920 2101 2990 aliquid
2123 2917 2267 2988 quod

669 3022 845 3084 potest
872 3016 1128 3086 consequi
1183 3014 1527 3070 antecedunt.
1573 3013 1627 3067 ld
1649 3014 1810 3068 etiam
1839 3011 1980 3082 quod
2012 3019 2095 3066 est
2127 3024 2258 3064 con-

668 3110 901 3177 sequens
926 3108 1053 3163 illud
1082 3108 1225 3179 quod
1250 3110 1539 3163 antecessit
1558 3107 1875 3175 insequitur.
1904 3106 2075 3160 Omne
2097 3102 2261 3158 etiam

2369 535 2546 603 agitur
2588 546 2708 587 esse
2755 532 3022 590 dicantur.
3054 533 3261 591 Etenim
3288 536 3341 589 in
3364 534 3484 604 ipso
3527 533 3595 589 de
3630 549 3735 604 quo
3771 537 3946 605 agitur

2367 625 2620 689 termino,
2641 632 2873 693 quatuor
2894 624 3041 681 locos
3065 624 3522 694 essesigniﬂcavit
3549 623 3758 691 Cicero,
3788 623 3841 679 id
3862 632 3947 681 est

2366 731 2433 773 ex
2476 723 2613 781 toto,
2656 729 2725 769 ex
2756 715 3013 783 partibus,
3039 717 3123 782 {ex
3160 723 3308 779 nota,
3339 730 3405 769 ex
3435 715 3659 770 affectis.
3706 715 3947 782 Quorum

2368 806 2466 862 tria
2492 805 2707 875 quidem
2738 806 3014 875 superiora
3046 806 3383 859 manifestum
3424 814 3507 860 est
3545 805 3600 860 in
3643 820 3709 860 eo
3740 806 3948 861 haerere

2368 901 2435 955 de
2462 914 2568 969 quo
2589 899 2763 968 agitur
2808 898 3057 954 termino.
3093 896 3348 951 Difﬂuitio
3376 899 3519 952 enim
3552 898 3837 966 cujuslibet
3869 900 3949 952 rei

2368 990 2511 1059 quod
2546 998 2714 1043 totum
2744 996 2844 1053 est,
2895 986 2944 1039 in
2974 986 3062 1041 illo
3091 986 3204 1053 ipso
3230 992 3311 1039 est
3333 986 3474 1053 quod
3501 986 3719 1061 difﬂuit.
3754 987 3950 1042 Partes

2370 1080 2529 1136 etiam
2555 1080 2608 1133 in
2637 1079 2756 1147 ipso
2787 1077 2877 1131 illo
2906 1086 3049 1140 sunt,
3074 1075 3214 1144 quod
3243 1075 3561 1130 collectione
3586 1076 3951 1146 conjungunt.

2369 1170 2502 1226 Nota
2541 1158 2703 1225 etiam
2751 1169 2803 1222 in
2835 1167 2927 1221 illo
2958 1168 3202 1236 estquod
3242 1167 3595 1235 appellatione
3638 1166 3951 1236 significat;

2370 1262 2560 1316 affecta
2591 1276 2722 1315 vero
2749 1259 3079 1314 extrinsecus
3107 1256 3276 1326 posita
3307 1258 3571 1322 videntur,
3603 1260 3798 1325 quippe
3818 1271 3956 1326 qum

2372 1354 2680 1408 referuntur
2707 1350 2774 1405 ad
2815 1352 2866 1405 id
2896 1351 2960 1405 ad
2992 1351 3131 1420 quod
3160 1351 3343 1405 aﬂ'ecta
3369 1359 3514 1412 sunt,
3547 1350 3614 1403 ad
3661 1350 3713 1403 id
3741 1350 3810 1404 de
3832 1364 3949 1418 quo

2373 1446 2549 1515 agitur
2597 1461 2715 1514 quae
2751 1459 2854 1498 non
2897 1442 3226 1506 referuntur,
3271 1442 3369 1495 nisi
3400 1441 3735 1495 extrinsecus
3766 1442 3947 1509 posita

2374 1536 2828 1606 intelligerentur.
2901 1533 3010 1587 Cur
3063 1532 3222 1601 igitur
3268 1545 3330 1587 ea
3383 1532 3546 1585 etiam
3594 1545 3712 1601 qua:
3759 1531 3951 1587 affecta

2373 1634 2516 1688 sunt,
2570 1623 2635 1677 ad
2660 1623 2711 1676 id
2743 1623 2809 1677 de
2835 1636 2940 1692 quo
2963 1621 3154 1690 agitur,
3207 1619 3345 1675 inter
3381 1634 3478 1674 nos
3510 1622 3808 1674 numeravit
3861 1622 3946 1676 lo-

2374 1726 2485 1771 cos.
2533 1713 2619 1781 qui
2664 1712 2764 1780 ipsi
2805 1712 2872 1765 de
2915 1726 3021 1780 quo
3060 1700 3322 1780 quaeritur
3371 1709 3599 1765 termino
3649 1710 3945 1781 cohaerent,
4009 1728 4013 1733 ’

2295 1820 2347 1885 Β
2374 1802 2655 1856 dicendum
2700 1811 2801 1856 est.
2834 1802 3095 1868 Quoniam
3137 1800 3187 1855 id
3236 1800 3377 1869 quod
3424 1800 3698 1857 adhaerere
3724 1803 3948 1873 dicitur,

2373 1910 2478 1948 non
2534 1894 2672 1949 idem
2699 1904 2781 1949 est
2809 1896 2854 1948 ei
2882 1895 2963 1948 cui
2996 1892 3274 1947 adhaerere
3296 1892 3630 1961 praedicatur.
3658 1894 3786 1962 Qua:
3814 1910 3947 1953 cum

2370 1988 2579 2043 diversa
2606 1989 2735 2055 sint,
2766 1986 3085 2056 cognatione
3112 1993 3291 2040 tamen
3316 1986 3544 2055 quadam
3577 1985 3951 2058 intelliguntur

2370 2095 2492 2135 esse
2509 2079 2815 2148 conjuncta,
2837 2077 2997 2133 veluti
3023 2092 3127 2131 non
3152 2077 3291 2132 idem
3312 2087 3394 2132 εει
3412 2076 3661 2130 dilﬁnitio
3678 2075 3819 2146 quod
3838 2077 3952 2147 ipsa

2370 2190 2459 2230 res
2488 2190 2606 2243 quae
2651 2172 2973 2227 diffinitione
3012 2170 3360 2225 describitur.
3406 2168 3465 2224 Si
3510 2170 3653 2223 enim
3698 2168 3950 2225 difﬂuitio

2371 2268 2565 2321 clarius
2585 2265 2750 2320 efﬁcit
2780 2263 2831 2318 id
2857 2262 2996 2333 quod
3018 2261 3237 2325 difﬂuit,
3263 2261 3395 2314 niltil
3421 2275 3549 2314 vero
3578 2260 3754 2328 ipsum
3776 2274 3805 2316 ε
3828 2275 3949 2316 sese

2374 2354 2458 2425 [F.
2490 2354 2629 2426 esse]
2649 2355 2841 2408 clarius
2867 2368 3023 2423 quam
3046 2362 3129 2409 est
3150 2350 3366 2407 efficere
3388 2357 3585 2419 potest,
3608 2349 3945 2408 manifestum

2371 2457 2453 2502 est
2494 2445 2544 2500 id
2585 2446 2723 2515 quod
2755 2445 3016 2500 difﬂuitur
3059 2461 3090 2505 a
3119 2441 3445 2498 difiinitione
3483 2454 3603 2496 esse
3655 2441 3950 2498 diversum.

2374 2538 2477 2593 Sed
2528 2537 2723 2591 idcirco
2771 2537 2977 2591 haerere
3006 2533 3384 2589 difﬂnitionem
3426 2534 3479 2586 in
3523 2546 3589 2587 eo
3630 2532 3771 2602 quod
3806 2531 3949 2587 diffi-

2371 2628 2513 2684 nitur
2554 2627 2799 2693 d.cimus,
2826 2627 2946 2696 quia
2978 2635 3063 2681 est
3105 2626 3157 2681 ei
3184 2634 3410 2692 cognata
3443 2632 3601 2692 atque
3641 2623 3948 2693 conjuncta,

2371 2719 2565 2789 quippe
2613 2734 2731 2788 quae
2773 2717 2901 2773 dum
2946 2718 3067 2787 ejus
3115 2716 3491 2785 proprietatem
3542 2714 3834 2783 signiﬂcet,
3879 2714 3948 2770 ab

2372 2814 2485 2880 ejus
2511 2811 2807 2866 substantia
2840 2824 2943 2863 non
2970 2808 3189 2880 recedit.
3218 2806 3406 2860 Partes
3431 2805 3588 2860 etiam
3615 2819 3678 2859 ac
3701 2816 3840 2859 notae
3863 2804 3947 2859 di-

2370 2878 2525 2959 versa
2558 2912 2680 2956 sunt
2704 2900 2772 2956 ab
2796 2916 2860 2956 eo
2890 2900 3031 2969 quod
3078 2878 3161 2952 vel
3208 2896 3486 2966 c0pulant,
3530 2895 3613 2951 vel
3642 2895 3943 2966 designant.

2372 2997 2476 3054 Sed
2516 2997 2638 3066 quia
2674 2995 2778 3049 illa:
2804 2994 3131 3064 propositum
3155 2988 3445 3045 terminum
3470 2989 3721 3058 jungunt,
3750 2987 3859 3042 illae
3883 2988 3951 3042 si-

2370 3090 2644 3158 gnificant,
2676 3088 2931 3142 habentes
2958 3086 3192 3155 aliquam
3239 3097 3359 3136 cum
3397 3081 3663 3150 proposito
3714 3080 3952 3134 termino

666 3215 970 3271 repugnans
1004 3201 1317 3271 repugnanti
1357 3200 1574 3256 sibimet
1602 3199 1914 3267 intelligitur
1955 3195 2254 3251 inimicum.

2370 3180 2764 3250 cognationem,
2793 3176 2847 3231 in
2871 3179 2987 3247 ipso
3011 3176 3078 3231 de
3108 3190 3214 3246 quo
3244 3174 3419 3243 agitur
3440 3173 3641 3225 lzzcrere
3664 3168 3953 3237 perhiben-

667 3292 839 3346 Causa
871 3296 1027 3348 etiam
1065 3293 1285 3348 effectus
1315 3294 1398 3347 sui
1428 3308 1585 3347 causa
1616 3302 1719 3347 est.
1752 3290 1904 3359 Quod
1935 3291 2077 3344 enim
2109 3303 2254 3359 qua:-

668 3384 747 3433 vis
774 3398 933 3434 causa
965 3384 1151 3447 efﬂcit,
1183 3383 1299 3451 ejus
1326 3384 1402 3437 rei
1436 3397 1597 3451 quam
1629 3381 1793 3436 efficit
1823 3394 1983 3434 causa
2011 3386 2128 3444 est;
2171 3377 2255 3433 ef-

668 3473 839 3527 fectus
886 3489 1101 3542 quoque
1144 3489 1323 3528 causa:
1353 3475 1582 3544 alicujus
1608 3475 1830 3527 eﬂ‘ectus
1870 3480 1979 3526 est.
2023 3473 2257 3538 Compa-

668 3564 805 3619 ratio
840 3578 965 3617 vero
994 3563 1256 3631 majorum
1286 3564 1489 3617 minora
1540 3564 1780 3632 respicit,
1832 3561 2100 3615 minorum
2128 3574 2258 3613 vero

669 3653 905 3720 majora,
942 3653 1147 3721 parium
1179 3652 1345 3721 paria,
1390 3662 1550 3723 atque
1581 3654 1637 3707 itt
1676 3654 1925 3707 omnibus
1958 3667 2023 3707 ea
2068 3664 2254 3706 natura

667 3757 787 3799 esse
815 3730 1251 3812 deprehenditur,
1283 3748 1342 3796 ut
1368 3757 1487 3796 cum
1512 3757 1607 3811 per
1656 3757 1827 3797 se-res
1868 3742 2115 3809 quaedam
2144 3742 2256 3796 sint

666 3834 893 3887 diversm
932 3822 1000 3886 ab
1038 3832 1121 3887 his
1166 3831 1235 3888 ad
1274 3848 1395 3904 qua:
1450 3834 1780 3899 referuntur,
1832 3833 2021 3888 aﬂ‘ecta
2079 3843 2257 3889 tamen

653 3913 787 3983 esse
808 3926 932 3981 dum
956 3926 1359 3995 comparantur,
1385 3936 1714 3996 appareant;
1742 3927 1954 3983 diversa
1978 3942 2104 3982 vero
2133 3942 2259 3983 esse

668 4018 736 4072 ab
770 4018 849 4072 his
871 4019 935 4073 ad
963 4028 1080 4088 qua:
1104 4019 1429 4084 referantur,
1462 4018 1547 4072 illa
1573 4034 1662 4073 res
1685 4017 1968 4089 approbat,
2001 4018 2257 4088 quoniam

667 4110 801 4165 nihil
842 4102 906 4163 ad
942 4125 1001 4164 se
1031 4112 1203 4180 ipsum
1238 4109 1430 4166 referri
1454 4121 1649 4180 poteSt.
1682 4112 1811 4178 Qum
1854 4126 1975 4165 cum
2027 4111 2096 4166 ita
2129 4112 2254 4177 sint,

665 4202 785 4273 jure
802 4201 989 4255 affecta
1015 4210 1140 4255 sunt
1162 4211 1489 4271 nuncupata.
1521 4203 1650 4268 Qua:
1675 4203 1857 4255 omnia
1890 4201 2006 4271 ejus
2036 4192 2135 4257 loci
2168 4186 2260 4271 qui

667 4307 732 4346 ex
778 4290 981 4345 aﬂ‘ectis
1020 4290 1264 4355 ducitur,
1317 4293 1523 4359 species
1578 4288 1661 4346 vel
1718 4292 1902 4345 formae
1952 4300 2099 4358 sunt,
2143 4292 2258 4360 ipso

667 4384 829 4439 etiam
860 4390 1087 4437 testante
1117 4380 1399 4445 Cicerone,
1441 4382 1531 4451 qui
1577 4385 1688 4436 ait:
1720 4380 1828 4436 Sed
1872 4380 1974 4433 hoc
2000 4396 2169 4450 genus
2203 4381 2256 4435 in

651 4464 847 4546 'plures
878 4463 1053 4545 partes
1076 4475 1420 4531 distributum
1443 4483 1546 4529 est.
1571 4475 1703 4529 Cum
1727 4474 1870 4530 enim
1904 4490 2073 4545 genus
2102 4474 2255 4542 dixit,

2366 3282 2469 3328 tur.
2500 3273 2571 3327 lta
2593 3272 2754 3328 etiam
2782 3270 2835 3325 in
2857 3260 3081 3335 affectis,
3110 3267 3237 3322 licet
3257 3266 3594 3321 extrinsecus
3620 3264 3748 3327 sint,
3772 3277 3945 3333 neque

2365 3364 2508 3420 enim
2542 3364 2681 3418 idem
2711 3371 2835 3417 sunt
2874 3361 3016 3431 quod
3054 3374 3115 3415 ea
3143 3367 3270 3413 sunt
3298 3357 3364 3412 ad
3414 3372 3531 3426 qua:
3577 3355 3940 3424 intelliguntur

2364 3452 2572 3520 affecta,
2605 3451 2911 3507 necessario
2939 3461 3135 3513 tamen,
3156 3448 3281 3519 quia
3309 3448 3541 3517 aliquam
3572 3445 3939 3517 cognationem

2364 3558 2486 3599 cum
2525 3543 2606 3596 his
2650 3542 2847 3595 habere
2895 3539 3322 3605 considerantur,
3378 3537 3430 3592 in
3464 3536 3594 3607 ipsis
3632 3538 3836 3591 haerere
3862 3534 3945 3590 di—
4012 3578 4015 3583 .

2364 3647 2558 3691 cuntur
2601 3632 2666 3687 ad
2696 3648 2817 3701 qua:
2853 3632 2920 3685 ad
2945 3629 3131 3684 aﬂ'ecta
3160 3638 3304 3684 sunt.
3329 3628 3429 3695 Qui
3458 3640 3589 3683 vero
3626 3641 3813 3682 eorum
3854 3639 3943 3679 na-

2365 3725 2551 3781 turalis
2592 3723 2722 3778 ordo
2750 3723 2838 3787 sit,
2869 3721 2950 3776 vel
2973 3737 3091 3793 quae
3120 3714 3443 3782 differentia,
3486 3716 3568 3772 vel
3602 3732 3719 3787 qua:
3742 3717 3811 3772 sit
3837 3716 3940 3769 alia

2367 3821 2607 3873 locorum
2643 3816 2883 3887 partitio.
2934 3816 3059 3870 licet
3103 3815 3158 3869 itt
3188 3812 3376 3882 topicis
3401 3808 3724 3865 differentiis
3752 3824 3943 3879 oppora

2366 3909 2547 3965 ttmius
2583 3907 2971 3978 expediendum
3014 3907 3104 3970 sit,
3154 3916 3330 3960 tamen
3360 3918 3480 3957 cum
3511 3903 3756 3971 exempla
3796 3900 3946 3955 Cice-

2367 4004 2516 4058 ronis
2561 4017 2679 4072 qua:
2716 4003 2769 4055 in
2798 4001 2880 4055 his
2908 3994 3241 4068 explicandis
3271 3996 3447 4051 attulit
3476 4008 3798 4065 exposuero,
3822 3992 3943 4049 sub.

2362 4096 2600 4164 jungam.

2438 4186 2721 4256 Conjugala’
2752 4185 3007 4248 dicuntur,
3026 4197 3139 4251 qua:
3160 4187 3274 4233 sunt
3303 4193 3366 4233 ex
3391 4174 3551 4232 verbis
3576 4176 3771 4246 generis
3798 4177 3943 4244 ejus-

2366 4268 2499 4330 dem.
2537 4276 2787 4347 Ejusdem
2828 4283 2996 4327 autem
3040 4272 3235 4340 generis
3265 4272 3413 4323 verba
3441 4277 3554 4323 sunt
3578 4270 3689 4337 qua?
3717 4276 3825 4318 orta
3871 4260 3939 4317 ab

2366 4384 2468 4421 uno
2498 4368 2635 4421 varie
2660 4374 3052 4422 commutantur.
3086 4372 3141 4415 ut
3167 4363 3367 4431 sapiens
3384 4399 3398 4423 ,
3424 4360 3709 4429 sapienter,
3737 4354 3946 4424 sapien-

2370 4450 2471 4526 tia;
2495 4460 2603 4513 haec
2638 4458 2901 4513 verborum
2943 4456 3232 4526 coitjiigatio
3260 4452 3481 4528 συζυγία
3507 4450 3722 4516 dicitur,
3753 4464 3817 4503 ex
3847 4458 3945 4519 qua

666 4582 799 4635 quas
823 4567 1017 4621 scindit
1043 4581 1071 4620 a
1099 4582 1295 4639 genere
1324 4568 1533 4636 species
1558 4581 1679 4621 esse
1704 4540 1956 4634 signavit.
1993 4540 2261 4621 Praeterea

2345 4540 2665 4621 tltujuamodi
2695 4558 2763 4604 est
2794 4555 3147 4620 argumentum
3175 4562 3193 4600 :
3223 4545 3285 4600 Si
3321 4558 3651 4615 compascuus
3694 4557 3817 4611 ager
3851 4548 3944 4605 est,

666 4662 847 4715 omnia
880 4661 995 4714 haec
1041 4668 1097 4715 et
1137 4676 1330 4715 nomen
1368 4658 1585 4730 generis
1643 4657 1941 4728 suscipiunt
1965 4666 2019 4712 et
2059 4656 2261 4712 difﬁni-

668 4762 887 4816 tionem.
924 4760 1125 4814 Aﬂecta
1149 4762 1290 4815 enim
1340 4767 1466 4813 sunt
1510 4757 1578 4812 ad
1605 4757 1829 4827 aliquid,
1861 4774 1979 4828 qua:
2004 4758 2068 4811 ad
2104 4736 2155 4812 id
2191 4758 2262 4814 ad

592 4880 595 4887 ‘
667 4862 807 4933 quod
830 4861 1019 4916 affecta
1047 4871 1192 4927 sunt,
1234 4860 1424 4915 referri
1465 4869 1705 4929 queunt;
1738 4861 2024 4929 conjugata
2051 4873 2179 4914 vero
2207 4867 2263 4915 et

667 4981 857 5040 genus,
909 4976 963 5021 et
1009 4964 1203 5033 forma,
1236 4973 1290 5018 et
1334 4972 1550 5027 caetera,
1588 4962 1654 5016 ad
1688 4976 1749 5015 ea
1781 4976 1995 5030 semper
2023 4962 2091 5015 ad
2138 4977 2259 5031 quae

667 5065 1018 5130 suntaﬂ’ecta,
1042 5063 1366 5119 referuntur.
1397 5060 1529 5125 Sed,
1560 5069 1617 5114 ut
1648 5060 1700 5114 in
1728 5058 2095 5127 superioribus
2126 5058 2266 5115 locis

667 5171 869 5229 dictum
900 5177 1002 5233 est,
1033 5166 1122 5236 qui
1162 5164 1217 5220 in
1245 5164 1364 5234 ipso
1405 5162 1475 5218 de
1500 5175 1607 5231 quo
1637 5160 1816 5232 agitur
1858 5159 2157 5227 haerebant,
2203 5160 2261 5217 id

668 5283 751 5330 est
776 5290 840 5330 ex
881 5280 1013 5338 toto,
1045 5285 1113 5326 ex
1158 5269 1422 5341 partibus,
1465 5280 1530 5323 ex
1576 5275 1721 5331 nota,
1753 5275 1811 5321 ut
1841 5278 1906 5321 ex
1945 5272 2058 5331 tato
2085 5265 2258 5321 eoin.

669 5378 935 5445 telligatur
953 5376 1182 5431 termino
1202 5373 1292 5443 qui
1317 5373 1506 5427 fuisset
1527 5372 1579 5426 in
1602 5369 1900 5441 quaestione
1917 5368 2251 5439 prbpositus,

669 5476 905 5547 itemque
930 5492 996 5531 ex
1019 5475 1136 5547 ejus
1166 5474 1408 5545 partibus
1446 5482 1607 5544 atque
1635 5486 1699 5527 ex
1731 5471 1847 5541 ejus
1874 5472 2017 5526 nota.
2051 5468 2252 5527 Eodem

670 5576 830 5630 modo
855 5578 1016 5631 etiam
1046 5577 1098 5631 in
1138 5575 1203 5630 iis
1234 5588 1351 5643 qua:
1383 5573 1572 5629 aﬂ’ecta
1613 5583 1737 5628 sunt
1766 5573 2009 5628 dicemus
2038 5564 2104 5627 ad
2132 5588 2254 5627 eum

654 5673 961 5731 ‘terminum
986 5673 1173 5731 affecta
1198 5674 1551 5742 considerari,
1584 5674 1674 5746 qui
1705 5674 1927 5745 subjecti
1955 5675 2035 5730 vel
2062 5675 2258 5744 prredi-

676 5775 781 5826 cati
804 5774 922 5830 loco
950 5778 1156 5844 positus
1173 5774 1415 5831 continet
1434 5776 1805 5844 quaestionem.
1829 5776 2085 5850 Superest
2110 5791 2252 5834 nunc

2258 5870 2315 5889 υτ

2364 4650 2452 4718 jus
2475 4653 2547 4698 est
2574 4656 2916 4713 compascere.

2443 4734 2701 4799 Diflinitio
2749 4743 3151 4811 conjugatorum’
3196 4726 3235 4796 ε’
3266 4737 3527 4794 Cicerone
3574 4734 3780 4805 prolata
3832 4730 3951 4788 talis

2374 4852 2476 4902 est.
2508 4832 2800 4914 Conjugata
2828 4842 3075 4897 dicuntur
3120 4856 3238 4910 qure
3276 4848 3401 4895 sunt
3440 4854 3503 4893 ex
3534 4837 3711 4892 verbis
3734 4820 3951 4906 iam;

3734 4822 3907 4833 ...ν-ο--ι

2331 4994 2338 5001 .
2371 4946 2633 5017 ejusdem,
2667 4942 2717 5000 id
2739 4954 2820 4999 est
2842 4959 2959 5014 qua:
2985 4943 3053 4997 ab
3081 4957 3186 4997 uno
3213 4941 3379 4997 verbo
3409 4940 3571 4995 variis
3604 4938 3950 4994 inﬂectuntur

2374 5046 2565 5105 modis.
2594 5047 2671 5103 Ex
2700 5046 2888 5103 eodem
2917 5044 3111 5117 quippe
3137 5059 3332 5115 genere
3361 5044 3524 5099 verba
3551 5050 3696 5107 sunt,
3722 5037 3949 5110 justitia,

2366 5154 2561 5225 justus,
2592 5151 2753 5222 juste,
2782 5151 3006 5222 justum,
3037 5158 3092 5206 et
3135 5162 3467 5219 quaecunque
3495 5145 3603 5202 alia
3628 5144 3681 5200 in
3713 5142 3953 5198 diversas

2370 5264 2601 5328 possunt
2649 5255 3025 5311 vocabulorum
3082 5251 3290 5322 species
3336 5248 3555 5307 inﬂecti.
3618 5247 3958 5314 Quaecunqua

2372 5360 2514 5417 enim
2546 5360 2612 5415 ab
2640 5373 2749 5413 uno
2775 5356 3010 5426 qualibet
3039 5364 3157 5409 orta
3202 5353 3349 5409 varie
3383 5356 3803 5411 commutamur,
3842 5347 3956 5398 luce

2367 5484 2400 5523 a
2438 5466 2638 5523 Graecis
2688 5463 2901 5535 quidem
2951 5461 3169 5534 συζυγία
3209 5460 3497 5525 dicuntur,
3544 5455 3685 5526 apud
3741 5448 3958 5508 Latinos

2365 5585 2497 5627 vero
2543 5566 2819 5635 cenjugata
2855 5580 2869 5617 :
2907 5578 3026 5617 nam
3073 5560 3212 5632 quod
3260 5560 3436 5616 Graeci
3467 5562 3701 5637 ὰνζνγία
3749 5546 3958 5614 dicunt,-

2368 5686 2466 5727 nos
2497 5665 2924 5738 conjugationem
2955 5664 3308 5736 appellamus.
3342 5660 3467 5718 Haec
3498 5660 3681 5716 autem
3712 5662 3860 5720 sunt,
3893 5646 3955 5707 ut

2367 5772 2607 5844 sapiens,
2630 5771 2922 5841 sapienter,
2948 5766 3226 5839 sapientia,
3251 5772 3305 5825 et
3329 5776 3664 5838 quacunque
3694 5761 3751 5818 in
3782 5755 3958 5816 varias
