4248 6272
392 295 530 354 1069

1218 290 1282 346 lN
1315 285 1561 346 TOPICA
1596 271 1963 341 crcsuoats
2000 277 2518 342 COMMENTARIA.
2561 289 2687 344 LIB.
2734 264 2839 344 rt.’

3522 280 3661 347 toro

390 421 573 485 partes
602 407 879 473 orationis,
912 409 1195 477 variasque
1227 403 1567 467 inﬂexiones,
1598 400 1667 455 ab
1698 413 1804 453 uno
1833 410 1968 467 quo-
2004 397 2056 458 Α
2081 408 2768 473 argttttteutttm_requiram.
2808 405 2977 461 Video
3017 402 3315 477 subjectum
3347 410 3663 477 terminum.
3722 461 3728 467 .

391 504 515 559 dam
545 502 702 556 ducta
730 509 1039 555 cernuntur.
1066 497 1145 551 Ex
1172 494 1471 565 coniugatis
1496 493 1651 562 igitur
1673 486 1973 558 argumenti

395 598 664 650 nascentis
697 592 797 645 hoc
825 590 1127 658 exemplum
1159 601 1241 642 esr
1271 587 1377 640 :sit
1404 585 1546 639 enim
1583 582 1881 649 dubitabile
1912 596 1977 633 an

395 690 449 742 in
476 688 655 755 aliquo
684 699 816 755 agro
846 684 973 737 mihi
1001 691 1159 749 atque
1189 680 1363 733 vicino
1389 676 1547 731 simul
1578 689 1798 744 pascere
1823 673 1982 725 liceat

394 793 578 847 pecus,
612 776 773 830 id'est
798 789 864 828 an
887 773 975 842 jus
1000 774 1069 826 sit
1094 783 1442 838 compascere
1461 766 1787 836 :subiectum
1820 762 1981 831 igitur

393 881 478 928 est
521 885 670 940 ager,
711 880 1056 937 corupascere
1107 878 1233 917 vero
1284 860 1650 931 praedicatum.
1698 857 1980 911 Faciemus

394 964 573 1029 itaque
599 968 971 1030 argumentum
1003 957 1104 1010 hoc
1145 953 1306 1010 modo
1332 973 1344 1006 :
1374 951 1474 1008 Hic
1499 951 1566 1006 de
1593 964 1699 1019 quo
1725 950 1982 1018 quaeritur

388 1068 520 1125 ager
543 1064 893 1122 compascuus
914 1057 1018 1113 est,
1048 1049 1102 1103 in
1129 1059 1452 1115 compasctto
1477 1051 1654 1098 autem
1681 1043 1806 1096 licet
1833 1052 1982 1094 com-

390 1159 632 1219 pascere,
665 1142 721 1198 in
763 1143 865 1198 hoc
913 1141 1073 1212 igitur
1116 1155 1246 1212 agro
1289 1140 1411 1193 licet
1454 1149 1816 1205 compascere.
1883 1132 1981 1185 llic

388 1233 548 1305 igitur
576 1233 960 1303 compascendi
985 1231 1121 1300 juris
1160 1238 1533 1299 argumentum
1563 1241 1629 1282 ex
1660 1236 1981 1289 courpascuo

389 1334 664 1393 sumptum
715 1332 818 1388 est,
864 1337 934 1376 ex
986 1320 1270 1389 conjugato
1313 1317 1577 1373 videlicet.
1626 1314 1983 1381 Compasiccre

391 1418 536 1471 enim
566 1426 620 1469 et
648 1427 1025 1483 compascuum
1055 1410 1338 1480 coniugata
1371 1417 1516 1463 sunt.
1542 1409 1826 1473 Sumptum
1854 1416 1982 1455 vero

392 1512 896 1574 estargumetttum,
926 1502 1015 1571 jus
1068 1516 1186 1556 csse
1232 1512 1600 1567 compascere,
1634 1494 1884 1564 quoaiam
1915 1493 1984 1546 sit
2034 1487 2052 1502 ’

396 1586 523 1666 ager
566 1610 938 1667 compascuus,
973 1595 1065 1649 sed
1097 1594 1437 1663 coniugatum
1484 1599 1565 1643 est
1606 1600 1983 1653 compascuum

396 1689 446 1744 ei
476 1686 618 1758 quod
648 1690 1011 1756 compascere.
1067 1684 1112 1738 A
1159 1682 1459 1752 coniugatis
1510 1680 1666 1748 igitur
1710 1685 1981 1744 sumptum

2084 491 2172 558 qui
2217 500 2301 547 est
2328 507 2602 549 numerata
2652 500 2897 565 pecunia,
2929 500 3126 555 habere
3156 510 3439 571 argentum
3468 518 3664 573 genus,

2085 584 2221 650 quod
2255 584 2501 639 allectum
2534 589 2854 652 est,scilicet
2874 592 2938 644 ad
2964 592 3196 661 speciem
3226 607 3378 649 suam
3406 596 3474 650 ad
3502 614 3666 667 quam

2085 672 2331 727 refertur.
2367 675 2495 741 Quae
2538 678 2679 731 enim
2720 680 2784 732 ad
2828 697 2885 734 se
2918 683 3143 739 invicem
3178 684 3507 752 referuntur,
3538 688 3670 743 aifa-

2084 778 2167 819 c:a
2192 778 2344 832 srrnt;
2374 782 2501 835 ergo
2527 769 2775 835 qtr0ttiam
2808 783 3086 841 argentum
3112 792 3270 832 omne
3300 781 3531 848 legatum
3561 794 3667 853 est,

2054 866 2139 911 et
2181 872 2349 926 genus
2393 859 2624 926 speciem
2672 863 2943 929 propriam
2986 881 3091 919 non
3138 867 3413 938 relinquit,
3448 887 3671 928 necesse

2086 960 2169 1004 est
2213 960 2268 1003 ut
2318 961 2599 1007 numerata
2648 968 2862 1023 quoque
2910 958 3133 1023 pecunia
3175 961 3244 1014 sit
3292 962 3485 1032 legata.
3534 966 3671 1021 Nam

2085 1055 2205 1094 cum
2236 1055 2394 1095 omne
2442 1058 2636 1097 nomen
2665 1046 2877 1113 generis
2905 1046 3137 1116 legatum
3169 1050 3259 1115 sit,
3286 1052 3421 1108 nihil
3449 1056 3519 1110 de
3544 1070 3671 1126 spe-

2086 1134 2270 1188 ciebus
2318 1135 2528 1190 videtur
2573 1147 2877 1207 exceptum,
2912 1142 3057 1198 velut
3084 1144 3125 1197 si
3155 1148 3273 1215 quis
3314 1146 3481 1217 dicat,
3508 1162 3669 1208 omne

2087 1226 2280 1280 animal
2313 1228 2512 1294 vivere,
2546 1245 2651 1284 non
2685 1240 2740 1285 ut
2765 1232 2997 1287 arbitror
3024 1244 3229 1293 tantum
3275 1238 3549 1298 hominem
3583 1246 3672 1301 vel

2086 1316 2296 1383 bovem,
2328 1321 2413 1373 vel
2444 1337 2660 1390 equum,
2693 1324 2776 1377 vel
2809 1325 3078 1395 sigillatim
3110 1339 3325 1399 caetera,
3361 1334 3447 1388 vel
3479 1349 3668 1404 unum,

2090 1411 2174 1465 vel
2207 1414 2355 1481 plura
2387 1415 2568 1469 vivere
2593 1416 2744 1481 dicit,
2776 1428 2831 1472 ut
2860 1423 3242 1492 tatnen‘aliqua
3274 1442 3394 1481 cum
3423 1431 3531 1485 sint
3550 1432 3673 1487 ani-

2090 1505 2278 1568 malit,
2328 1508 2450 1560 vitae
2501 1522 2722 1563 munere
2770 1526 2955 1565 carere
3003 1518 3320 1585 contendat,
3369 1522 3462 1577 sed
3508 1537 3672 1581 omne

2060 1610 2307 1662 prorsus
2352 1599 2608 1667 quidquid
2660 1600 2821 1655 fuerit
2878 1605 3108 1671 animal,
3163 1611 3347 1665 vivere
3394 1620 3670 1683 proponit.

2086 1684 2216 1739 Cum
2273 1689 2431 1757 igitur
2476 1705 2636 1746 omne
2670 1707 2859 1761 genus,
2896 1695 2946 1749 id
2987 1706 3069 1751 est
3095 1713 3253 1755 omne
3288 1681 3566 1772 argentum
3594 1681 3687 1763 re!

398 1790 482 1837 εει
526 1772 918 1850 “mummium.
952 1777 1092 1847 (ιυοά
1145 1775 1488 1845 οοη5υ8³ι¹¹ῐη
1540 1772 1592 1824 in
1644 1769 1762 1838 ίρεο
1808 1766 1985 1822 “ide
2015 1784 2269 1847 ngaturn
2318 1781 2420 1847 sit,
2474 1783 2617 1837 nulla
2678 1786 2886 1853 species
2938 1788 3224 1857 excipitur.
3278 1766 3671 1859 Atvuumerata

399 1862 503 1942 quo
532 1874 725 1940 agitur,
755 1869 806 1925 id
856 1876 941 1924 est
970 1868 1023 1922 in
1072 1864 1503 1935 compasccndo;
1532 1860 1709 1916 omnia
1742 1860 1885 1915 enim
1915 1874 1981 1912 ex

399 1956 586 2020 eodem
621 1963 813 2023 ﬂuunt.
844 1969 901 2015 et
928 1963 1011 2014 sui
1059 1967 1184 2013 sunt
1231 1955 1561 2012 continentia
1612 1964 1771 2023 atque
1810 1967 1869 2005 se
1901 1965 1985 2004 re-

400 2055 701 2125 Spicientia.
761 2053 979 2108 Factum
1032 2062 1110 2108 est
1153 2042 1325 2120 igitur
1381 2056 1753 2118 argumentum
1803 2060 1868 2099 ex
1919 2058 1984 2098 eo

401 2130 542 2219 quod
589 2154 672 2200 est
718 2146 771 2200 in
824 2147 958 2214 ipso,
990 2144 1055 2198 ab
1105 2142 1331 2208 allectis,
1367 2141 1420 2194 id
1465 2150 1547 2195 est
1591 2154 1620 2193 a
1666 2136 1981 2205 coniugatis.

400 2224 629 2313 Maxima
677 2252 803 2291 vero
854 2235 1145 2305 propositio
1190 2244 1305 2297 cst,
1357 2233 1765 2303 coniugatorum
1814 2231 1865 2283 in
1917 2242 1984 2283 eo

398 2326 540 2399 quod
571 2328 849 2397 coniugata
876 2336 1020 2394 sunt,
1052 2343 1209 2381 unam
1241 2338 1402 2395 atque
1449 2312 1691 2379 eamdem
1740 2337 1860 2377 esse
1891 2336 1985 2376 na-

398 2410 598 2488 iuram,
622 2422 705 2478 vel
734 2414 834 2490 sic,
864 2422 950 2476 cui
980 2421 1231 2476 convenit
1256 2418 1482 2491 aliquid,
1507 2418 1632 2474 huic
1654 2418 1817 2472 etiam
1849 2430 1983 2471 ροη-

398 2506 636 2588 iugatum
664 2515 778 2584 ejus
808 2530 965 2586 posse
997 2516 1213 2571 sociari.

473 2618 517 2669 Α
544 2632 724 2689 genere
741 2617 817 2671 sic
841 2617 1086 2671 ducitur:
1111 2616 1366 2681 Quoniam
1402 2622 1671 2684 argentum
1694 2627 1842 2665 omne
1870 2627 1985 2665 mu-
2016 2608 2019 2609 ⁷

376 2770 381 2773 _
406 2708 519 2762 lieri
547 2707 772 2778 legatum
793 2717 887 2773 est,
914 2723 1015 2761 non
1045 2717 1209 2775 potest
1247 2722 1305 2759 ea
1333 2706 1550 2775 pecunia
1580 2719 1693 2773 qua:
1720 2711 1986 2755 numerata

404 2798 546 2853 domi
566 2799 743 2853 relicta
771 2807 864 2864 est,
893 2814 996 2853 non
1026 2814 1132 2852 esse
1160 2796 1367 2867 legata;
1406 2796 1575 2865 forma
1602 2795 1735 2848 enim
1757 2811 1790 2847 a
1808 2807 1987 2863 genere

404 2889 578 2961 quoad
624 2906 773 2944 suum
810 2905 988 2944 nomen
1017 2891 1217 2955 retinet,
1245 2904 1509 2959 nunquam
1553 2888 1862 2958 sejungitur,
1892 2902 1987 2937 nu-

408 2987 603 3055 merata
645 2989 816 3035 autem
852 2980 1070 3052 pecunia
1108 2996 1291 3035 nomen
1316 2977 1515 3048 argenti
1557 2978 1774 3041 retinet;
1818 2975 1986 3045 legata

406 3072 565 3147 igitur
588 3074 810 3129 videtur.

2094 1871 2311 1937 pecunia
2345 1882 2621 1941 argenturm
2648 1887 2758 1940 est,
2793 1876 2852 1930 fit
2876 1878 3037 1948 igitur
3065 1891 3121 1936 ut
3152 1896 3429 1941 numerata
3458 1896 3673 1961 quoque

2094 1963 2312 2026 pecunia
2361 1963 2517 2032 legati
2568 1967 2828 2022 vocabulo
2875 1972 3048 2038 possit
3089 1974 3309 2031 includi.
3366 1981 3460 2034 Est
3512 1984 3674 2053 igitur

2090 2053 2315 2119 quzestio
2344 2056 2579 2125 quidem,
2614 2068 2670 2113 ut
2699 2059 2899 2116 dictum
2930 2072 3040 2131 est,
3076 2082 3143 2121 an
3185 2076 3461 2129 numerata
3510 2091 3674 2145 pecu-

2090 2144 2175 2198 nia
2206 2145 2373 2215 legata
2399 2148 2496 2214 sit;
2522 2164 2892 2220 argumentum
2921 2156 2988 2211 ab
3010 2172 3076 2213 eo
3106 2162 3246 2229 quod
3277 2164 3326 2217 in
3352 2166 3467 2234 ipso
3487 2144 3589 2233 est,
3614 2168 3671 2227 id

2089 2245 2172 2290 est
2197 2254 2225 2290 a
2256 2254 2453 2307 genere
2500 2244 2640 2312 quod
2688 2245 2824 2301 ineSt
2876 2252 3106 2319 propriae
3152 2257 3377 2323 speciei,
3406 2258 3459 2313 id
3489 2269 3571 2315 est
3602 2264 3672 2318 ab

2089 2330 2314 2398 aﬂ‘ectis,
2348 2336 2487 2403 qtrotl
2521 2346 2603 2391 est
2630 2338 2702 2392 ita
2746 2348 2803 2394 ut
2831 2341 2899 2396 ad
2930 2343 2982 2397 id
3012 2344 3311 2414 referatur;
3344 2349 3445 2406 hoc
3488 2362 3672 2411 autem

2088 2431 2172 2476 est
2194 2435 2495 2491 argenturm,
2523 2428 2591 2483 ab
2618 2429 2843 2497 allectis,
2876 2433 2928 2488 id
2970 2445 3052 2491 est
3076 2451 3106 2490 a
3135 2451 3355 2507 genere.
3404 2441 3675 2501 Pmdica-

2091 2525 2176 2606 tur
2202 2518 2345 2572 enim
2375 2527 2431 2573 ut
2458 2534 2629 2588 genus
2655 2532 2935 2594 argentum
2982 2530 3051 2583 de
3097 2544 3377 2589 numerata
3425 2532 3673 2606 pecunia.

2089 2604 2546 2677 lnterrogantibus
2577 2614 2718 2669 enim
2748 2617 2906 2672 nobis
2934 2619 3060 2689 quid
3091 2623 3161 2676 sit
3189 2604 3466 2683 numerata
3500 2646 3668 2700 pecu-

2088 2699 2198 2765 nia,
2214 2700 2334 2769 jure
2354 2705 2766 2774 respondemus,
2789 2723 3093 2780 argentum.
3122 2711 3355 2773 Maxima
3376 2699 3676 2790 propositio

2089 2798 2188 2855 est,
2222 2791 2306 2846 cui
2336 2795 2584 2851 convenit
2611 2812 2772 2854 omne
2798 2814 2989 2869 genus,
3018 2804 3189 2858 eidem
3240 2816 3675 2882 unamquamque

2089 2884 2325 2951 speciem
2375 2888 2683 2943 coirvenire.
2732 2890 2904 2952 Quam
2945 2892 3151 2948 Marcus
3205 2911 3418 2968 quoque
3466 2898 3677 2960 Tollit!

2088 2973 2315 3033 diversis
2364 2980 2579 3046 quidem
2629 2982 2838 3046 verbis,
2886 2984 2981 3039 sed
3040 2983 3225 3041 eadem
3280 2991 3676 3060 significatione
3721 3012 3727 3020 ’

2090 3070 2368 3135 pr0posuit
2407 3070 2629 3126 dicens:
2655 3071 2846 3128 Forma
2874 3075 3014 3130 enim
3039 3091 3067 3130 a
3089 3092 3287 3146 genere
3310 3081 3485 3152 quoad
3514 3082 3675 3144 suuin

481 3172 660 3229 Genus
682 3183 764 3230 est
784 3172 925 3243 quod
956 3172 1025 3229 de
1054 3170 1286 3241 qualibet
1313 3169 1490 3237 specie
1514 3168 1569 3223 in
1600 3183 1665 3223 eo
1691 3167 1832 3237 quod
1851 3158 1975 3237 quia
2005 3170 2055 3234 ο
2089 3171 2282 3212 nomen
2324 3160 2542 3228 retinet,
2577 3179 2847 3233 nunquam
2897 3166 3235 3238 seiungitur,
3268 3176 3549 3232 numerata
3579 3171 3674 3235 ati-

405 3273 490 3322 est
517 3265 853 3334 praedicatur.
884 3263 938 3317 In
965 3278 1031 3318 eo
1074 3262 1216 3332 quod
1256 3261 1382 3331 quid
1428 3269 1510 3315 est
1538 3259 1814 3329 praedicari
1846 3258 1979 3311 dici-

406 3366 512 3422 tur,
548 3356 685 3427 quod
734 3356 802 3412 de
845 3356 1078 3425 qualibet
1125 3354 1305 3424 specie
1352 3351 1806 3421 interrogantibus
1853 3350 1980 3419 quid

403 3451 494 3517 sit,
518 3449 828 3519 responderi
859 3447 1129 3512 convenit,
1159 3455 1214 3502 et
1252 3446 1372 3515 ejus
1399 3445 1468 3500 de
1499 3459 1600 3513 qua
1628 3443 1982 3513 respondetur

403 3542 600 3609 speciei
644 3541 991 3597 substantiam
1037 3546 1320 3594 monstrat.
1372 3538 1600 3605 Semper
1646 3553 1775 3592 vero
1812 3552 1980 3606 genus

405 3634 618 3705 propria
667 3635 847 3701 specie
895 3634 1064 3701 majus
1110 3641 1211 3699 est,
1259 3646 1486 3698 eamque
1529 3629 1666 3684 intra
1722 3630 1979 3683 ambitum

404 3740 515 3782 sua:
561 3726 952 3796 praedicationis
1001 3724 1242 3781 includit.
1288 3724 1407 3792 Quo
1455 3724 1614 3786 lltut,
1658 3722 1899 3791 quamvis
1925 3721 1979 3775 in

405 3824 506 3879 alia
545 3838 753 3893 quoque
782 3823 1050 3890 dispar-tiri
1094 3834 1262 3891 genus
1313 3822 1501 3892 possit,
1533 3820 1767 3889 speciem
1803 3830 1979 3875 tamen

406 3932 558 3974 suam
597 3918 742 3971 nullo
782 3916 941 3971 modo
983 3916 1337 3984 derelinquat,
1364 3914 1509 3968 velut
1540 3914 1735 3967 animal
1767 3914 1980 3981 quidem

408 4006 723 4078 [medicatur
749 4005 817 4061 de
849 4005 1083 4071 homine,
1110 4014 1161 4059 et
1184 4004 1414 4059 hominis
1440 4004 1791 4058 substantiam
1825 4018 1978 4055 mun-

405 4108 574 4179 strat;
608 4098 1056 4170 interrogantibus
1099 4098 1239 4152 enim
1286 4097 1441 4153 nobis
1486 4096 1613 4167 quid
1663 4105 1746 4150 est
1798 4095 1977 4160 homo,

404 4200 600 4256 animal
662 4200 1038 4268 respondetur.
1097 4197 1238 4253 Idem
1296 4206 1472 4252 tamen
1528 4195 1723 4251 deduci
1774 4195 1829 4249 in
1879 4196 1981 4249 alia

358 4308 363 4311 ·
406 4301 610 4364 potest,
642 4292 787 4347 velut
817 4291 870 4345 in
915 4306 1109 4359 equum
1150 4299 1309 4360 atque
1342 4290 1557 4358 bovem,
1586 4305 1705 4358 quae
1734 4287 1979 4347 animalia

344 4385 367 4403 '
408 4396 796 4452 nuncupantur.
826 4382 931 4439 Sed
956 4382 1026 4437 ita
1060 4383 1340 4438 deducitur
1369 4382 1422 4435 in
1451 4381 1682 4441 diversa.
1710 4388 1770 4433 ut
1797 4393 1981 4433 unam-

407 4488 670 4546 quamque
718 4488 902 4529 earum
950 4475 1249 4543 specierum
1298 4486 1433 4541 quas
1463 4472 1723 4534 continet,
1758 4485 1862 4523 non
1895 4484 1983 4522 re-

2088 3259 2196 3397 tezn
2246 3256 2466 3318 pecunia
2518 3271 2711 3313 nomen
2759 3262 2965 3328 argenti
3013 3265 3245 3332 retinet;
3298 3267 3469 3337 legata
3511 3264 3675 3343 igitur

2088 3358 2137 3397 vr
2178 3352 2315 3397 etur.

2086 3352 2315 3399 videtur.

2155 3447 2197 3498 A
2223 3446 2392 3514 {arma
2420 3451 2637 3519 generis,
2668 3462 2820 3517 quam
2849 3453 3121 3520 interdum,
3152 3470 3251 3525 quo
3286 3459 3493 3527 planius
3532 3466 3672 3523 acci-

2085 3539 2277 3609 piatur,
2298 3550 2491 3609 partem
2513 3541 2627 3597 licet
2652 3552 2935 3606 nominare.
2964 3548 3058 3601 hoc
3086 3551 3238 3605 modo
3262 3569 3282 3607 :
3306 3553 3366 3608 Si
3391 3552 3463 3610 it’a
3492 3548 3672 3617 Fabii:

2087 3633 2302 3696 pecunia
2332 3634 2498 3704 legata
2526 3645 2599 3689 est
2631 3654 2661 3689 a
2686 3638 2811 3704 uiro,
2847 3641 2892 3692 si
2910 3642 2956 3693 ei
2976 3642 3082 3695 viro
3106 3622 3669 3716 materfatnilias’esset.

2089 3721 2150 3778 Si
2172 3740 2231 3776 ea
2259 3726 2311 3778 in
2342 3743 2549 3780 manum
2578 3744 2679 3781 non
2716 3744 3034 3797 conuenerat,
3066 3734 3197 3786 nihil
3240 3737 3462 3793 debetur.
3496 3739 3671 3798 Genus

2088 3820 2219 3870 enim
2250 3828 2325 3872 est
2350 3836 2500 3883 uxor,
2531 3824 2643 3892 ejus
2672 3823 2787 3875 dum
2815 3824 2996 3892 forum:
3019 3841 3037 3876 :
3060 3841 3163 3877 una
3195 3831 3666 3901 matrumfamilias,

2087 3906 2168 3961 Ita:
2194 3916 2452 3977 sunt'quw
2478 3911 2529 3961 in
2560 3926 2768 3962 manum
2808 3928 3109 3975 convenere;
3143 3915 3305 3968 altera
3340 3936 3512 3974 earum
3556 3941 3669 3992 qua

2089 4006 2438 4052 tantummodo
2466 4016 2649 4054 uxores
2680 4002 2941 4067 habentur,
2984 4020 3085 4073 qua
3111 4006 3163 4059 in
3199 4019 3344 4073 parte
3371 4028 3482 4064 cum
3514 4016 3669 4083 fuerit

2086 4085 2273 4154 Fabia,
2302 4091 2524 4161 legatum
2555 4092 2602 4144 ei
2639 4108 2739 4146 non
2774 4093 2987 4145 videtur.

2156 4191 2375 4261 Species
2420 4202 2523 4257 est,
2573 4210 2693 4263 quae
2741 4184 2972 4264 propriis
3012 4193 3325 4255 differentiis
3377 4204 3657 4263 informata

2085 4285 2219 4340 sub.
2253 4287 2630 4355 praedicatione
2696 4289 2907 4356 generis
2973 4290 3281 4347 collocatur.
3338 4294 3663 4356 Dim‘3rentize

2084 4391 2214 4430 vero
2238 4379 2467 4445 prepriaa
2490 4395 2518 4432 a
2540 4380 2748 4433 caeteris
2775 4395 2890 4434 eam
2916 4383 3196 4450 speciebus
3223 4394 3473 4451 separant
3503 4381 3663 4458 atque

2086 4470 2392 4540 seiungunt,
2423 4473 2567 4525 velut
2597 4471 2754 4527 homo
2777 4488 2896 4527 cum
2930 4475 2997 4529 sit
3027 4477 3269 4533 animali:
3302 4480 3530 4548 species,
3555 4481 3661 4536 dif-

406 4565 628 4637 linquat.
680 4565 988 4634 Ubicunque
1032 4570 1174 4621 enim
1224 4565 1383 4620 fuerit
1432 4564 1613 4631 homo,
1646 4577 1868 4619 necesse
1897 4558 2320 4624 estbl’erentiis
2346 4561 2663 4617 infamatur
2685 4565 3282 4637 rationabilitatiSatque
3301 4572 3658 4641 mortalitatis,

407 4666 464 4714 ut
506 4658 577 4712 sit
622 4657 837 4724 animal,
868 4658 1026 4712 homo
1070 4657 1212 4711 enim
1245 4655 1444 4709 animal
1487 4664 1589 4710 est.
1638 4655 1887 4723 Idemque
1913 4653 1979 4707 de

403 4750 540 4805 bove
562 4764 625 4803 ac
650 4749 716 4804 de
741 4750 970 4805 caeteris.
1019 4750 1159 4818 Ergo
1205 4747 1409 4816 liquido
1440 4746 1867 4801 demonstratum
1900 4754 1982 4799 est

405 4855 600 4897 nomen
646 4841 856 4910 generis
887 4855 919 4894 a
948 4840 1124 4909 specie
1153 4838 1298 4892 nullo
1332 4839 1491 4892 modo
1542 4838 1801 4906 separari.
1831 4834 1982 4901 Quod

404 4934 447 4987 si
477 4933 760 5002 aliquando
788 4932 1000 5001 generis
1044 4931 1362 4986 vocabulum
1413 4929 1788 4985 universaliter
1816 4941 1983 4982 enun-

407 5026 586 5092 tielur,
621 5039 843 5080 necesse
885 5033 968 5079 est
1014 5038 1203 5079 omnes
1252 5026 1463 5095 species
1512 5022 1816 5093 designari,
1852 5031 1909 5075 ut
1938 5020 1982 5074 si

402 5117 521 5187 quis
548 5116 690 5170 dicat
734 5130 893 5171 omne
922 5116 1155 5183 animal,
1186 5127 1241 5171 et
1292 5118 1562 5172 hominem
1594 5116 1907 5186 designabit
1929 5122 1985 5170 et

404 5210 617 5277 bovem,
650 5219 704 5264 et
727 5220 951 5265 caeteras
993 5225 1183 5266 omnes
1228 5213 1435 5281 species
1463 5212 1563 5267 sub
1594 5212 1839 5266 animalis
1885 5223 1985 5262 no-

404 5303 549 5357 tnine
594 5301 900 5357 collocatas.
946 5300 1075 5364 Quae
1107 5302 1349 5356 cum’ita
1389 5302 1527 5360 sint.
1558 5301 1769 5369 quidam
1821 5307 1985 5353 testa-

404 5398 588 5444 metrto
620 5390 827 5445 mulieri
869 5399 1152 5459 argentum
1192 5405 1351 5444 omne
1399 5392 1686 5459 legaverat.
1720 5388 1988 5454 Quaeritur

402 5496 472 5537 an
500 5480 548 5535 ei
594 5479 752 5533 etiam
798 5488 1078 5535 numerata
1106 5478 1328 5549 pecunia
1360 5481 1429 5533 sit
1459 5480 1628 5548 legata
1664 5498 1677 5534 :
1706 5487 1983 5533 numerata

402 5576 567 5645 igitur
590 5577 813 5641 pecunia
838 5572 891 5626 in
914 5573 1013 5626 hac
1037 5572 1334 5641 quaestione
1359 5572 1655 5640 subjectum
1682 5580 1785 5634 est,
1812 5569 1983 5639 legata

399 5682 532 5724 vero
560 5662 926 5736 praedicatum.
983 5663 1284 5720 Considero
1313 5664 1473 5734 igitur
1512 5663 1564 5717 in
1596 5665 1852 5718 alterutro
1895 5676 1987 5715 eo-

402 5779 524 5826 rum
552 5764 807 5838 quidnam
837 5765 987 5832 insit,
1010 5775 1067 5822 ut
1086 5782 1150 5822 ex
1177 5781 1243 5824 eo
1271 5765 1415 5837 quod
1443 5764 1496 5820 in
1522 5762 1643 5834 ipso
1666 5770 1748 5819 est
1774 5758 1989 5830 aliquod

966 5929 1047 5935 -λ-ο-
1071 5928 1106 5935 ισ-
1142 5930 1163 5934 —-
1184 5930 1189 5931 γ
1214 5930 1217 5933 ‹
1240 5928 1267 5933 --
1306 5926 1419 5939 ονν*

2085 4661 2140 4708 et
2184 4654 2476 4721 seiungitur
2518 4656 2583 4708 ab
2633 4655 2713 4707 his
2757 4656 3075 4712 animalibus
3116 4673 3239 4728 quze
3285 4673 3482 4715 aeterna
3514 4678 3661 4732 sunt,

2086 4748 2229 4801 velut
2275 4748 2352 4800 sol
2380 4762 2409 4800 a
2440 4748 2723 4802 Platonicis
2755 4750 3008 4815 creditur,
3040 4761 3092 4803 et
3121 4750 3189 4805 ab
3236 4752 3300 4807 iis
3343 4743 3662 4816 animalibus

2084 4854 2202 4907 qum
2233 4850 2356 4895 sunt
2382 4839 2601 4893 rationis
2621 4841 2878 4908 expertia.
2899 4840 3029 4895 Cum
3055 4842 3213 4912 igitur
3239 4858 3425 4899 omnes
3454 4850 3663 4915 species

2088 4930 2227 4983 inter
2268 4943 2328 4985 se
2375 4931 2605 5000 propriis
2662 4929 2975 4985 differentiis
3031 4932 3259 4997 distent,
3296 4950 3532 5003 ‘neces~'e
3580 4938 3664 4992 est

2087 5016 2228 5092 quod
2259 5023 2326 5077 de
2355 5025 2521 5080 altera
2551 5025 2727 5094 specie
2755 5024 2970 5089 dicitur,
3006 5023 3057 5078 id
3100 5024 3152 5079 in
3182 5026 3337 5079 aliam
3368 5042 3470 5081 non
3502 5022 3663 5097 posse

2089 5116 2392 5179 transferri,
2423 5117 2565 5170 velut
2597 5115 2738 5185 quod
2766 5117 2832 5169 de
2864 5115 3078 5169 homine
3109 5115 3307 5169 dicitur
3338 5117 3661 5185 specialiter,

2087 5207 2230 5260 idem
2262 5207 2330 5261 de
2357 5221 2494 5275 equo
2539 5217 2696 5275 atque
2726 5207 2859 5259 bove
2891 5221 2993 5259 non
3027 5207 3192 5273 poSsit
3225 5205 3471 5276 intelligi.
3501 5205 3660 5263 Duci-

2092 5308 2176 5354 tur
2221 5309 2395 5353 autem
2432 5315 2459 5352 a
2504 5302 2682 5369 specie
2720 5299 2925 5368 quoties
2970 5304 3140 5366 genus
3186 5298 3359 5364 ipsum
3404 5300 3562 5353 veluti
3607 5300 3662 5355 in

2089 5391 2373 5461 quamdam
2403 5393 2734 5445 contrahitur
2764 5390 3082 5456 partionem.
3118 5387 3272 5443 Velut
3301 5389 3345 5443 si
3379 5390 3497 5458 quis
3522 5390 3664 5446 dicat

2087 5483 2217 5537 illud
2262 5482 2457 5535 animal
2496 5482 2594 5536 sibi
2626 5480 2814 5535 adduci
2856 5480 3085 5543 debere,
3117 5481 3257 5551 quod
3293 5483 3363 5537 sit
3404 5483 3663 5541 rationale

2089 5583 2142 5627 et
2193 5572 2439 5635 mortale,
2473 5588 2578 5627 nou
2634 5574 2816 5641 utique
2863 5572 2930 5625 de
2975 5582 3135 5640 equo,
3161 5573 3248 5627 vel
3288 5573 3448 5641 bove,
3480 5585 3567 5629 aut
3598 5577 3664 5631 de

2088 5666 2319 5729 caeteris,
2346 5665 2446 5717 nisi
2485 5672 2688 5717 tantum
2732 5664 2798 5718 de
2836 5664 3054 5718 homine
3083 5665 3280 5720 dictum
3313 5680 3432 5722 esse
3460 5666 3662 5725 intelli-

2088 5758 2256 5826 gitur.
2289 5753 2357 5809 Ut
2382 5752 2543 5824 igitur
2566 5754 2885 5824 generaliter
2906 5754 3110 5811 dictum
3141 5760 3313 5826 genus
3338 5768 3527 5813 omnes
3546 5771 3665 5833 spe.
