4248 6272
637 342 775 414 iovi

1860 343 1968 401 AN.
2012 335 2218 400 MANL.
2258 337 2413 401 SEV.
2455 333 2673 400 BOETII

3759 334 3900 399 i072

638 472 755 529 cies
798 460 1013 532 claudit,
1043 468 1163 516 eum
1195 459 1313 530 quis
1341 451 1469 513 dicit
1498 470 1656 513 omne
1685 457 1904 521 animal,
1935 458 2013 511 sic
2039 455 2212 526 quod-
2243 457 2296 518 Α
2319 457 2478 510 Ιιωνεε
2524 457 2787 510 restituere
2835 467 2940 509 non
2985 454 3150 523 debet,
3184 469 3274 510 nec
3299 455 3550 524 reﬁcere,
3589 467 3689 508 non
3733 456 3899 526 magis

642 565 776 622 libet
822 559 1020 616 animal
1064 556 1397 622 designatum
1446 553 1679 622 speciem
1729 551 1878 618 facit;
1926 568 2045 621 qure
2095 566 2214 606 cum

641 657 718 714 ita
745 655 868 716 sint,
901 667 927 704 a
957 651 1124 704 forma
1155 648 1387 718 generis,
1421 645 1473 699 id
1499 655 1582 699 est
1611 662 1640 699 a
1669 646 1848 713 specie
1875 644 2086 713 generis
2111 645 2218 699 tale

642 747 705 803 ﬁt
729 754 1119 814 argumentum,
1152 757 1310 812 quam
1356 741 1580 794 formam
1629 740 1841 808 generis
1877 736 2066 792 Cicero
2095 753 2218 807 par-
2269 728 2273 732 ’

644 848 752 892 tem
775 850 918 904 saepe
947 835 1220 899 nominat,
1246 846 1350 901 quo
1375 832 1424 885 id
1463 830 1602 899 quod
1644 830 1839 885 dicitur
1869 829 2074 898 planius
2106 831 2215 884 fiat.

640 928 831 985 N0tius
859 928 1001 983 enim
1027 942 1219 981 nomen
1247 923 1416 993 partis
1437 933 1520 979 est
1546 940 1700 993 quam
1740 923 1958 987 formae;
1993 937 2096 990 quo
2125 938 2220 976 au-

640 1030 752 1077 tem
781 1021 943 1076 distet
970 1020 1138 1073 forma
1163 1033 1189 1070 a
1217 1017 1474 1086 partibus,
1506 1026 1557 1069 et
1590 1029 1686 1069 nos
1720 1015 1946 1069 strictim
1976 1015 2219 1083 superius

637 1114 897 1178 diximus,
932 1124 986 1167 et
1016 1112 1173 1181 paulo
1201 1119 1316 1178 post
1345 1125 1371 1160 a
1397 1109 1656 1162 Cicerone
1698 1108 1812 1177 ipso
1853 1107 2010 1160 latius
2041 1106 2219 1174 expli-

643 1206 871 1260 cabitur.
947 1204 1096 1256 Nunc
1162 1201 1227 1254 de
1284 1200 1553 1267 proposito
1613 1199 1888 1254 videamus
1951 1197 2216 1264 exemplo.

646 1297 841 1354 Uxoris
889 1297 1094 1366 species
1161 1302 1284 1347 sunt
1331 1293 1484 1357 duae,
1539 1308 1642 1346 una
1713 1293 2220 1361 matrumfamilias,

641 1390 814 1446 altera
859 1403 982 1451 usu;
1031 1385 1124 1440 sed
1173 1385 1442 1438 communi
1494 1384 1706 1452 generis
1758 1386 1973 1439 nomine
2026 1397 2223 1438 uxores

643 1488 926 1537 vocantur.
962 1479 1046 1532 Fit
1075 1476 1283 1531 vero-id
1316 1491 1478 1545 sarpe,
1515 1486 1569 1530 ut
1596 1476 1801 1546 species
1832 1477 2020 1532 iisdem
2053 1476 2238 1546 nomi-g

645 1575 806 1631 nibus
846 1580 1238 1639 nuncupentur,
1285 1570 1477 1637 quibus
1525 1578 1580 1623 et
1619 1585 1843 1637 genera;
1877 1580 2046 1625 mater
2095 1585 2225 1626 vero

644 1663 875 1721 familias
911 1678 1031 1717 esse
1075 1678 1178 1716 non
1225 1669 1460 1730 poterat,
1493 1660 1592 1713 nisi
1622 1675 1740 1730 quae
1790 1662 2132 1716 convenisset
2172 1663 2225 1716 in

647 1771 899 1821 manum;
930 1756 1042 1808 haec
1090 1762 1265 1806 autem
1313 1765 1457 1806 certa
1505 1760 1619 1806 erat
1649 1752 1859 1821 species
1903 1754 2224 1821 nuptiarum.

2319 563 2470 614 quant
2499 562 2697 601 servum
2724 547 3012 615 restituere,
3042 546 3085 601 si
3105 547 3149 602 is
3178 548 3325 618 cujus
3352 546 3672 617 ususfructus
3697 545 3897 615 legatus

2319 648 2393 692 est
2421 638 2718 709 deperisset.

2392 733 2595 789 Similia
2643 731 2911 801 dicuntur,
2946 748 3064 803 quae
3090 733 3328 803 ejusdem
3358 740 3483 786 sunt
3506 729 3798 802 qualitatis,
3829 741 3903 785 ex

2320 827 2512 897 quibus
2544 827 2646 882 hoc
2674 829 2832 883 modo
2858 829 3087 884 sumitur
3123 839 3494 898 argumentum
3527 847 3538 880 :
3564 827 3789 896 Quidam
3814 831 3904 881 te-

2321 925 2586 972 stamento
2632 918 2825 973 aedium
2875 919 3258 975 usumfructum
3311 918 3549 989 legavit,
3580 918 3632 973 id
3665 926 3748 973 est
3774 931 3909 972 con-

2322 1009 2484 1063 cessit
2529 1008 2692 1075 aedes,
2725 1021 2781 1066 ut
2811 1011 2892 1065 his
2921 1011 3058 1066 alius
3108 1012 3234 1066 dum
3275 1011 3477 1066 viveret
3514 1020 3787 1075 uteretur;
3816 1009 3912 1065 he

2323 1102 2710 1171 coeperuntvei
2739 1103 2923 1158 vitium
2955 1103 3153 1170 facere,
3198 1104 3251 1158 id
3298 1112 3381 1159 est
3429 1104 3633 1158 ruinam
3685 1102 3924 1168 minari,-

2324 1194 2406 1250 vel
2456 1195 2616 1249 etiam
2661 1203 2998 1250 corruerunt.
3030 1193 3166 1250 Petit
3195 1195 3353 1264 igitur
3395 1194 3460 1249 ab
3490 1192 3703 1249 haerede
3737 1194 3782 1248 is
3813 1193 3915 1246 cui

2325 1289 2522 1345 aedium
2553 1291 2886 1345 ususfructus
2916 1289 3125 1359 legatus
3155 1297 3255 1354 est,
3288 1297 3344 1342 ut
3367 1303 3546 1342 earum
3575 1287 3680 1342 sibi
3708 1285 3916 1341 aedium

2327 1397 2445 1452 qua:
2491 1397 2521 1435 a
2562 1391 2814 1439 testatore
2862 1382 3032 1451 legata
3080 1389 3205 1436 sunt
3251 1380 3442 1434 damna
3489 1387 3825 1449 compenset,
3861 1385 3920 1433 et

2328 1471 2475 1526 aedes
2505 1487 2621 1541 quae
2649 1472 2834 1526 vitium
2867 1471 3107 1527 fecerunt
3148 1470 3232 1526 vel
3273 1478 3588 1525 corruerunt
3641 1467 3914 1524 restituat.

2329 1564 2597 1631 Quaeritur
2626 1581 2693 1620 an
2721 1580 2904 1620 earum
2935 1563 3128 1620 aedium
3155 1579 3377 1634 quarum
3408 1563 3742 1619 ususfructus
3768 1563 3918 1636 iega-

2332 1663 2418 1710 tus
2471 1657 2570 1721 sit,
2626 1657 2807 1710 vitium
2856 1657 2937 1710 vel
2998 1657 3207 1711 ruinam
3251 1655 3423 1712 haeres
3478 1658 3760 1733 restituere
3813 1671 3918 1711 co-

2332 1755 2504 1816 gatur.
2540 1746 2635 1802 ilic
2680 1747 2838 1816 igitur
2867 1748 3106 1816 subjecta
3157 1747 3369 1818 quidem
3401 1746 3576 1801 oratio
3616 1755 3721 1812 est,
3748 1746 3917 1804 veluti

645 1847 841 1904 Tribus
862 1847 1002 1907 enim
1029 1844 1200 1898 modis
1232 1860 1368 1898 uxor
1397 1844 1712 1906 habebatur,
1730 1859 1851 1907 usu,
1879 1843 2223 1909 farreatioue,
2259 1846 2306 1906 B
2333 1838 2545 1908 quidam
2578 1839 2866 1906 terminus,
2897 1840 3092 1894 aedium
3132 1854 3358 1909 quarum
3405 1839 3736 1896 ususfructus
3764 1839 3917 1909 iega-

647 1940 1020 2005 coemptione;
1051 1935 1145 1991 sed
1176 1935 1531 1990 confarreatio
1563 1935 1691 1989 solis
1731 1935 2074 2004 pontificibus
2103 1951 2231 1991 con-

647 2030 912 2085 veniebat.
963 2028 1092 2095 Quae
1128 2039 1306 2082 autem
1341 2027 1391 2080 in
1425 2042 1639 2080 manum
1685 2041 1780 2096 per
1831 2027 2230 2097 coemptionem

648 2130 1043 2188 convenerant,
1095 2120 1176 2174 hae
1227 2119 1660 2174 matresfamilias
1701 2120 2050 2174 vocabantur.
2101 2120 2232 2186 Quae

648 2231 780 2271 vero
823 2231 921 2270 usu
965 2215 1049 2268 vel
1098 2213 1454 2277 farreatione,
1488 2213 1726 2267 minime.
1774 2214 2054 2281 Coemptio
2103 2229 2232 2268 vero

648 2309 813 2366 certis
843 2308 1271 2364 solemnitatibus
1338 2306 1730 2375 peragebauir,
1776 2315 1832 2360 et
1876 2321 1993 2361 sese
2038 2306 2093 2360 in
2142 2320 2234 2361 co-

649 2401 883 2458 emendo
928 2400 1154 2454 invicem
1204 2397 1624 2467 interrogabant,
1674 2398 1754 2452 vir
1802 2397 1892 2465 ita,
1926 2413 1993 2451 an
2038 2397 2234 2477 mulier

649 2495 752 2552 sibi
779 2491 1183 2548 materfamilias
1203 2505 1323 2545 esse
1347 2491 1527 2544 vellet.
1559 2491 1653 2544 illa
1684 2490 2041 2559 respondebat
2065 2490 2229 2546 vi-lle.

648 2583 782 2640 Item
812 2583 1004 2638 mulier
1053 2582 1414 2650 interrogabat
1463 2596 1529 2634 an
1569 2581 1651 2634 vir
1699 2582 1800 2637 sibi
1852 2579 2233 2650 paterfamilias

652 2690 775 2730 esse
803 2674 982 2736 vellet,
1031 2673 1120 2726 ille
1163 2670 1522 2740 respondebat
1575 2672 1730 2726 velle.
1789 2671 1973 2742 itaque
2019 2672 2230 2736 mulier,

653 2765 755 2820 viri
783 2762 1204 2819 conveniebatin
1233 2776 1472 2829 manum,
1501 2772 1556 2817 et
1579 2764 1908 2818 vocabantur
1933 2765 2013 2818 liae
2036 2765 2234 2833 nuptiae

651 2873 750 2927 per
776 2856 1191 2926 coemptionem,
1221 2864 1273 2910 et
1300 2864 1417 2910 erat
1443 2855 1638 2910 mulier
1666 2857 2064 2911 materfamilias
2095 2857 2234 2924 viro,

652 2949 773 3005 loco
808 2949 950 3005 tiliae.
989 2948 1157 3016 Quam
1193 2947 1584 3002 solemnitatem
1613 2948 1666 3002 in
1717 2946 1827 3002 suis
1859 2948 2115 3002 institutis
2145 2946 2236 3001 Ul-

655 3043 845 3110 pianus
870 3040 1115 3106 eXponit.
1143 3039 1368 3107 Quidam
1396 3038 1557 3108 igitur
1579 3047 1824 3094 extremo
1850 3037 2048 3108 judicio
2079 3050 2239 3091 omne

655 3129 835 3186 Fabiae
883 3132 1031 3185 uxori
1081 3130 1277 3200 legavit
1331 3140 1629 3199 argentum,
1663 3130 1706 3183 si
1756 3128 1968 3197 quidem
1998 3126 2161 3180 Fabia
2189 3126 2239 3180 ei

2335 1937 2416 1982 tus
2463 1931 2550 1996 sit,
2583 1929 2789 1982 ruinam
2839 1929 2922 1984 vel
2973 1931 3180 1985 vitium.
3216 1929 3510 1985 Praedicata
3559 1945 3684 1985 vero
3713 1931 3913 1998 oratio,

2333 2019 2455 2075 ioco
2482 2021 2696 2074 termini
2726 2022 3034 2090 constituta,
3068 2021 3133 2094 ab
3182 2021 3396 2077 haerede
3426 2022 3712 2076 restitutio.
3744 2021 3917 2076 Sumo

2335 2110 2497 2181 igitur
2524 2125 2554 2164 a
2584 2110 2744 2166 simili
2776 2121 3168 2182 argumentum,
3205 2113 3304 2168 hoc
3353 2113 3512 2168 modo
3539 2131 3552 2166 :
3578 2111 3844 2181 Quoniam
3869 2115 3916 2169 si

2335 2204 2452 2273 quis
2476 2205 2612 2258 servi
2639 2204 3022 2271 usumfructum
3052 2205 3326 2275 legaverit,
3353 2205 3504 2275 isque
3526 2219 3714 2260 servus
3737 2206 3916 2276 aliquo

2336 2295 2498 2351 modo
2528 2296 2835 2365 deperierit,
2869 2312 2974 2351 non
3019 2299 3222 2367 cogitur
3263 2297 3546 2353 restituere
3585 2297 3758 2354 haeres
3802 2313 3919 2354 ser-

2336 2405 2484 2466 vum,
2511 2407 2578 2446 ne
2603 2407 2744 2447 nunc
2764 2392 2975 2461 quidem
2999 2402 3218 2462 cogetur
3241 2393 3417 2448 haeres
3439 2393 3718 2448 restituere
3742 2393 3912 2462 aedes,

2338 2498 2456 2551 quae
2493 2483 2546 2536 iu
2575 2482 2956 2537 usumfructum
3002 2484 3219 2552 legatos,
3251 2484 3457 2538 ruinam
3487 2485 3735 2538 vitiumve
3765 2483 3914 2539 fece-

2339 2583 2482 2628 runt.
2544 2574 2757 2629 Similes
2818 2585 2900 2629 est
2949 2575 3090 2629 enim
3142 2577 3281 2630 servi
3345 2574 3675 2630 ususfructus
3722 2574 3916 2645 legatio

2341 2669 2538 2722 tedium
2590 2666 2922 2722 ususfructus
2953 2667 3225 2737 legationi.
3271 2667 3456 2723 Simile
3496 2677 3580 2722 est
3606 2667 3764 2723 etiam
3796 2683 3916 2724 ser-

2341 2772 2465 2813 vum
2496 2758 2550 2813 in
2594 2758 2979 2814 usumfructum
3030 2759 3256 2828 legatum
3287 2760 3331 2814 si
3363 2759 3683 2829 deperierit,
3717 2759 3783 2814 ab
3813 2759 3921 2815 hae-

2343 2851 2474 2905 rede
2497 2864 2601 2905 non
2622 2850 2854 2914 restitui,
2869 2861 2921 2906 et
2943 2849 3132 2905 aedium
3150 2851 3200 2904 iu
3226 2851 3613 2905 usumfructum
3630 2851 3920 2921 Iegatarum

2342 2941 2531 2996 vitium
2577 2943 2857 2997 ruinamve
2903 2943 2970 2995 ab
3021 2942 3234 2998 haerede
3272 2957 3377 2996 non
3421 2942 3594 2997 relici.
3626 2943 3719 2997 Est
3766 2942 3924 3011 igitur

2347 3035 2571 3103 quaestio
2599 3035 2811 3102 quidem
2839 3049 2908 3088 an
2929 3035 3120 3089 aedium
3145 3036 3198 3090 in
3223 3035 3604 3090 usumfructum
3630 3035 3922 3106 iegatarum

2347 3127 2536 3181 vitium
2567 3126 2648 3179 vel
2680 3126 2885 3179 ruinam
2919 3127 3087 3182 haeres
3132 3126 3413 3182 restituere
3442 3136 3678 3198 cogatur.
3712 3127 3924 3182 Termi-

652 3236 761 3279 non
790 3231 988 3278 tantum
1018 3236 1181 3284 uxor,
1211 3236 1395 3276 verum
1426 3222 1585 3275 etiam
1616 3229 1760 3274 certa
1791 3220 1995 3288 species
2025 3219 2232 3284 uxoris,
2262 3230 2309 3293 ο
2347 3231 2451 3271 nus
2475 3232 2605 3271 vero
2635 3215 2904 3285 subjectus
2933 3218 3144 3286 quidem
3167 3257 3180 3281 ,
3211 3217 3403 3272 aedium
3436 3219 3487 3272 in
3536 3217 3922 3274 usumfructum

652 3314 708 3370 id
740 3324 822 3370 est
849 3315 1246 3370 materfamilias
1275 3322 1441 3377 esset,
1474 3314 1729 3382 quazritur
1760 3327 1825 3364 an
1868 3312 2019 3365 uxori
2055 3310 2233 3364 Fabiae

653 3413 888 3481 legatum
927 3415 994 3467 sit
1022 3423 1320 3481 argentum.
1371 3411 1518 3466 Uxor
1565 3412 1752 3478 Fabia,
1781 3411 2077 3480 subjectum
2119 3420 2233 3476 est;

653 3501 888 3572 legatum
916 3513 1216 3570 argentum,
1250 3501 1616 3569 praedicatum.
1641 3502 1832 3568 Quaero
1870 3502 2028 3571 igitur
2065 3502 2236 3570 quod-

654 3607 783 3649 nam
825 3607 889 3647 ex
939 3592 1021 3645 his
1066 3598 1440 3660 argumentum
1492 3606 1705 3644 sumere
1755 3592 1976 3658 possim,
2015 3606 2131 3660 quae
2181 3591 2239 3646 in

656 3685 951 3755 qumStione
998 3692 1121 3736 sunt
1162 3683 1354 3751 posita,
1389 3695 1451 3735 ac
1496 3681 1654 3735 video
1702 3674 2016 3736 uxori‘duas
2063 3684 2238 3739 inesse

656 3780 880 3842 formas,
915 3789 1137 3846 quarum
1167 3789 1268 3827 una
1309 3781 1512 3826 tantum
1539 3786 1677 3827 uxor
1703 3781 1808 3838 est,
1839 3773 2003 3827 altera
2037 3785 2237 3834 mutes-

657 3867 920 3932 familias,
972 3880 1090 3934 quae
1139 3864 1193 3918 in
1249 3877 1462 3916 manum
1525 3863 1881 3917 conventione
1945 3863 2234 3932 perficitur.

658 3956 811 4025 Quod
843 3956 887 4010 si
933 3955 1096 4010 Fabia
1139 3955 1190 4008 in
1225 3969 1438 4008 manum
1471 3969 1576 4008 non
1605 3953 1879 4018 convenit,
1912 3965 2011 4008 nec
2037 3966 2238 4009 mater-

657 4049 889 4104 familias
927 4049 1040 4113 fuit,
1075 4046 1128 4101 id
1169 4055 1270 4113 est,
1297 4062 1401 4102 non
1435 4047 1529 4101 fuit
1560 4062 1622 4102 ea
1654 4048 1860 4117 species
1905 4049 2117 4114 uxoris,
2147 4049 2235 4102 cui

659 4154 936 4215 argentum
987 4157 1145 4196 omne
1183 4143 1414 4212 legatum
1460 4151 1561 4197 est.
1590 4141 1850 4208 Quocirca
1895 4142 2143 4211 quoniam
2187 4140 2242 4195 id

658 4237 810 4307 quod-
831 4235 899 4290 de
939 4236 1040 4288 alia
1086 4234 1264 4301 specie
1296 4233 1505 4299 dicitur,
1553 4234 1603 4286 in
1655 4233 1812 4285 aliam
1841 4233 1944 4286 dici
1976 4248 2081 4286 non
2112 4247 2240 4287 con-

659 4328 829 4392 venit,
852 4339 1078 4395 cumque
1112 4323 1270 4378 Fabia
1305 4333 1494 4390 praeter
1525 4339 1638 4376 eam
1667 4323 1902 4391 speciem
1933 4324 2020 4389 sit,
2049 4339 2165 4392 qua:
2187 4324 2239 4377 iu

659 4433 877 4475 manum
905 4416 1248 4480 convenerit,
1279 4413 1332 4467 id
1364 4423 1446 4468 est
1476 4430 1594 4483 qua:
1639 4414 2044 4468 materfamilias
2076 4417 2164 4484 sit,
2189 4427 2246 4471 et

659 4516 744 4568 vir
795 4510 1179 4566 matrifamilias
1226 4509 1482 4578 legaverit
1531 4519 1847 4578 argentum,
1880 4526 1986 4565 non
2035 4511 2243 4567 videtur

2348 3309 2641 3378 iegatarum
2691 3309 2875 3364 vitium
2922 3309 3004 3363 vel
3036 3310 3265 3378 ruinam,
3298 3310 3616 3380 praedicatus
3639 3321 3814 3368 autem
3858 3311 3924 3365 ab

2347 3400 2560 3456 hatrede
2591 3401 2873 3456 restitutio.
2908 3402 3290 3470 Argumentum
3321 3418 3449 3459 vero
3491 3405 3558 3459 ab
3587 3420 3648 3459 eo
3678 3402 3816 3474 quod
3861 3403 3921 3459 in

2347 3494 2464 3561 ipso
2494 3502 2598 3560 est,
2623 3494 2676 3546 id
2708 3503 2791 3548 est
2822 3494 2888 3548 ab
2914 3509 2980 3548 eo
3009 3496 3150 3564 quod
3175 3496 3330 3564 inest,
3358 3498 3442 3553 vel
3467 3497 3653 3563 ruinas,
3675 3496 3758 3552 vel
3789 3495 3924 3553 vitio

2345 3583 2551 3637 aedium-
2574 3585 2628 3637 in
2661 3584 3047 3665 usumfructum
3079 3587 3393 3655 iegatarum.
3437 3589 3491 3643 id
3523 3597 3699 3645 autem
3731 3598 3812 3644 est
3842 3588 3924 3644 af-

2347 3672 2572 3740 fectum,
2601 3673 2652 3728 id
2699 3683 2782 3728 est
2807 3675 3115 3732 similitudo.
3157 3680 3343 3733 Omnis
3381 3680 3522 3736 enim
3556 3681 3849 3736 similitudo
3874 3681 3923 3736 ei

2347 3766 2527 3822 inesse
2555 3767 2901 3837 perpenditur
2929 3772 3068 3840 quod
3100 3781 3182 3826 est
3227 3774 3419 3839 simile,
3455 3776 3748 3831 similitudo
3795 3792 3921 3831 vero

2346 3867 2434 3913 est
2479 3861 2616 3913 servi
2667 3861 2996 3916 ususfructus
3041 3863 3198 3932 legati
3247 3866 3536 3932 pereuntis,
3565 3882 3721 3936 quem
3769 3868 3925 3922 resti-

2350 3959 2505 4003 tuere
2548 3949 2720 4006 haeres
2751 3967 2856 4008 non
2903 3955 3126 4023 cogitur.
3180 3954 3404 4011 Maxima
3437 3972 3562 4013 vero
3592 3960 3924 4030 propositio,

2347 4039 2615 4096 similibus
2645 4042 2809 4100 rebus
2839 4043 3024 4099 eadem
3051 4047 3358 4103 convenire.

2425 4147 2470 4197 Α
2499 4145 2806 4212 differentia.
2860 4145 2980 4202 Non
3021 4150 3064 4203 si
3110 4153 3255 4205 uxori
3306 4153 3380 4206 vir
3429 4155 3611 4224 legavit
3657 4167 3924 4227 argentum

2353 4255 2502 4292 omne
2549 4240 2684 4309 quod
2732 4257 2878 4293 suum
2919 4251 3084 4307 esset,
3133 4243 3323 4298 idcirco
3377 4262 3488 4315 qua:
3537 4249 3590 4301 in
3639 4250 3926 4305 nominibus

2355 4336 2581 4401 fuerunt,
2614 4333 2780 4401 legata
2822 4341 2961 4386 sunt.
2994 4333 3217 4389 Multum
3256 4340 3390 4391 enim
3433 4340 3606 4407 di/fert
3638 4342 3693 4396 in
3717 4359 3833 4396 arca
3862 4359 3926 4398 ne

2355 4422 2575 4488 positum
2601 4423 2665 4473 sit
2691 4431 2957 4492 argentum
2979 4463 2993 4489 ,
3024 4441 3090 4478 an
3119 4427 3171 4478 in
3203 4429 3386 4482 tabulis
3417 4431 3675 4487 debeatur.
3947 4417 3956 4424 ’

2424 4517 2479 4570 in
2509 4519 2666 4574 rebus
2712 4519 2999 4588 plurimum
3047 4523 3416 4585 differentibus
3463 4533 3602 4599 quod
3650 4534 3717 4590 de
3759 4536 3927 4592 altera
3999 4537 4008 4542 ’

661 4611 844 4666 Fabiae
870 4624 989 4665 esse
1017 4609 1266 4678 legatum.
1314 4607 1546 4673 Qumstio
1591 4609 1769 4676 igitur,
1804 4620 1861 4663 ut
1890 4611 2090 4665 dictum
2132 4623 2235 4679 est,
2265 4604 2320 4665 Ι)
2349 4622 2531 4662 earum
2569 4609 2761 4664 dicitur
2801 4628 2906 4668 non
2953 4612 3162 4670 videtur
3190 4618 3243 4672 in
3275 4620 3493 4674 alteram
3523 4626 3830 4682 convenire.
3867 4628 3923 4682 id

666 4717 732 4756 an
764 4701 915 4754 uxori
947 4699 1123 4753 Fabiae
1151 4714 1307 4753 omne
1333 4708 1612 4768 argentum
1655 4700 1884 4768 legatum
1917 4702 1986 4756 sit
2020 4721 2030 4754 :
2063 4703 2240 4774 subje-

663 4802 829 4857 ctunr,
861 4807 993 4845 uxor
1021 4790 1212 4854 Fabia;
1247 4789 1591 4858 prtedicatum
1623 4806 1771 4857 vero,
1799 4791 2028 4862 legatum
2049 4807 2240 4864 argen-

665 4885 799 4938 tum.
843 4885 1221 4952 Argumentum
1274 4882 1340 4935 ab
1383 4896 1448 4937 eo
1493 4883 1631 4950 quod
1684 4892 1764 4938 est
1803 4886 1852 4938 in
1900 4885 2014 4954 ipso
2041 4887 2106 4941 de
2135 4902 2241 4956 quo

665 4975 940 5046 quaeritur,
965 4973 1015 5027 id
1036 4981 1117 5028 est
1140 4973 1206 5027 ab
1235 4986 1299 5027 eo
1324 4973 1463 5042 quod
1489 4983 1572 5028 est
1603 4976 1653 5027 in
1685 4989 1850 5028 uxore
1874 4975 1938 5029 de
1967 4991 2068 5045 qua
2097 4993 2242 5045 quaa-

666 5070 824 5127 ritur.
855 5068 948 5122 Est
977 5075 1151 5120 autem
1182 5066 1234 5120 in
1288 5080 1456 5120 uxore
1509 5066 1576 5120 de
1603 5080 1703 5134 qua
1750 5066 2007 5135 quaeritur
2035 5070 2242 5137 species

666 5158 869 5225 uxoris,
903 5172 964 5212 ea
992 5157 1197 5212 scilicet
1237 5172 1352 5226 qua“:
1383 5157 1436 5210 in
1467 5171 1681 5212 manum
1716 5172 1824 5212 nou
1853 5159 2101 5214 convenit
2125 5176 2245 5230 quae

668 5251 734 5305 ad
772 5265 889 5305 eam
932 5248 1118 5303 affecta
1152 5258 1252 5303 est.
1296 5247 1482 5302 Omnis
1535 5249 1676 5303 enim
1725 5251 1930 5319 species
1968 5252 2036 5306 ad
2089 5268 2245 5310 suum

668 5359 835 5414 genus
866 5342 1115 5410 refertur,
1138 5341 1189 5396 id
1218 5349 1301 5396 est
1326 5340 1526 5406 forma;
1560 5341 1756 5396 factum
1788 5352 1868 5398 est
1901 5343 2057 5413 igitur
2086 5361 2246 5417 argu-

668 5444 906 5492 mentum
935 5434 1002 5488 ab
1027 5447 1092 5488 eo
1121 5433 1264 5502 quod
1307 5439 1389 5486 est
1417 5432 1471 5485 in
1498 5431 1636 5501 ipso,
1668 5432 1736 5487 ab
1763 5433 1986 5502 affectis,
2016 5452 2046 5491 a
2072 5436 2243 5493 forma

668 5527 898 5598 generis.
931 5524 1156 5580 Maxima
1203 5522 1492 5594 propositio
1523 5533 1634 5590 est,
1666 5525 1806 5594 quod
1836 5527 1902 5582 de
1934 5543 2036 5584 una
2062 5531 2244 5600 specie

670 5622 883 5683 dicitur,
915 5620 966 5673 id
994 5618 1048 5673 in
1089 5619 1308 5674 alteram
1335 5631 1440 5672 non
1470 5618 1776 5674 convenire.

743 5710 784 5762 A
809 5703 1162 5775 similitudine,
1180 5711 1275 5765 hoc
1299 5711 1452 5766 modo
1468 5727 1487 5765 .'
1506 5709 1568 5766 Si
1591 5711 1725 5765 aedes
1759 5728 1922 5768 exest:
1943 5724 2247 5770 corruerunt

671 5797 904 5856 vitiumve
948 5805 1213 5869 fecerunt,
1257 5819 1469 5871 quarum
1521 5805 1840 5874 ususfructus
1893 5806 2092 5876 legatus
2119 5817 2244 5881 _est,

2350 4715 2472 4756 cum
2521 4701 2593 4756 ita
2621 4704 2707 4769 sit,
2743 4705 2955 4774 quidam
3003 4718 3277 4779 argentum
3325 4727 3480 4768 suum
3526 4730 3683 4773 omne
3732 4718 3929 4789 legavit

2348 4792 2525 4846 uxori.
2559 4793 2648 4848 illa
2681 4798 2959 4864 pecuniam
3006 4815 3216 4869 quoque
3245 4817 3361 4871 qua:
3397 4807 3448 4859 in
3500 4808 3804 4864 nominibus
3833 4811 3929 4867 de-

2348 4884 2612 4952 bebatur,
2643 4901 2793 4943 suam
2846 4905 2965 4946 esse
3017 4891 3261 4960 dicebat,
3293 4895 3435 4964 quod
3481 4900 3655 4955 omnis
3703 4903 3928 4970 pecunia

2353 4979 2573 5034 nomine
2617 4991 2896 5036 vocaretur
2939 4985 3161 5053 argenti.
3213 4986 3479 5052 Qum-ritur
3507 5004 3575 5043 an
3621 4991 3672 5044 id
3713 5007 3927 5063 quoque

2357 5083 2632 5142 argentum
2659 5075 2798 5143 quod
2828 5075 2880 5130 in
2905 5077 3206 5133 nominibus
3235 5079 3548 5147 debebatur,
3578 5083 3809 5152 legatum
3835 5085 3927 5140 sit.

2354 5162 2455 5217 liic
2486 5165 2640 5233 igitur
2681 5166 2950 5235 subjectus
2977 5177 3061 5224 est
3091 5170 3364 5235 terminus,
3394 5182 3671 5244 argentum
3701 5175 3842 5244 quod
3873 5176 3927 5231 in

2355 5255 2661 5311 nominibus
2707 5257 3030 5328 debebatur,
3062 5261 3290 5330 legatum
3337 5277 3465 5318 vero
3511 5264 3849 5334 przedicatur.
3879 5266 3927 5323 Δ

2354 5346 2656 5402 differentia
2724 5349 2884 5418 igitur
2953 5351 3206 5408 faciemus
3270 5356 3787 5424 argumentationem
3825 5357 3928 5414 hoc

2355 5440 2520 5503 modo
2546 5459 2558 5494 :
2582 5440 2724 5497 idem
2755 5443 2822 5498 de
2853 5443 3135 5512 plurimum
3167 5446 3528 5504 differentibus
3558 5450 3718 5505 rebus
3765 5449 3928 5506 intel-

2354 5529 2448 5600 ligi
2487 5547 2588 5587 non
2629 5541 2822 5603 petest.
2869 5534 3164 5591 Plurimum
3195 5553 3321 5593 vero
3364 5538 3541 5594 diii’ert
3567 5548 3840 5610 argentum
3873 5540 3926 5595 in

2357 5636 2481 5679 area
2511 5639 2577 5679 ne
2603 5628 2671 5680 sit
2703 5627 2955 5697 positum,
2979 5643 3044 5683 an
3075 5630 3129 5682 in
3163 5631 3463 5687 nominibus
3489 5632 3772 5688 debeatur.
3796 5632 3924 5688 Nam

2356 5731 2476 5786 quae
2503 5720 2670 5787 posita
2702 5717 2755 5774 iu
2791 5733 2913 5776 arca
2964 5721 3184 5789 pecunia
3232 5731 3313 5777 est
3350 5723 3486 5794 juris
3526 5732 3609 5780 est
3651 5727 3842 5794 nostri,
3873 5724 3924 5777 iu

2303 5892 2306 5894 γ
2357 5812 2660 5874 nominibus
2697 5830 2828 5876 vero
2874 5816 3051 5875 debita
3086 5832 3191 5876 non
3235 5826 3319 5878 est
3360 5827 3570 5885 nostra;
3614 5835 3736 5878 nam
3785 5817 3926 5892 quod

2663 5986 2748 5998 ’,Ὦ
