4248 6272
369 421 507 488 1075

1198 413 1262 469 ΙΝ
1292 409 1538 469 TOPICA
1576 404 1936 467 CICERONIS
1978 407 2497 467 COMMENTARIA.
2542 408 2669 464 LIB.
2713 408 2776 466 II.

3509 414 3642 472 1076

369 547 614 597 mutuum
661 535 839 606 datur,
868 548 935 590 ex
978 546 1101 589 meo
1147 530 1208 586 fit
1251 527 1591 599 accipientis,
1620 536 1778 596 atque
1828 525 1948 582 ideo
1981 526 2039 588 Δ
2062 536 2220 588 sunt,
2252 525 2303 580 id
2336 534 2417 582 est
2446 526 2749 596 qualitates,
2779 528 2872 583 sed
2917 528 3017 584 hoc
3058 530 3230 598 ipsum
3259 530 3397 600 quod
3429 543 3646 589 contra-

369 645 476 686 non
522 629 732 699 cogitur
756 626 996 682 eamdem
1029 625 1196 690 ipsam
1225 620 1514 691 'pecuniam
1544 619 1759 674 debitor
1787 621 1951 675 resti-

371 730 526 776 tuere
569 719 845 784 creditori,
876 716 969 772 sed
999 716 1157 769 aliam
1192 720 1412 767 tantam.
1443 711 1498 765 In
1543 724 1665 765 arca
1698 725 1828 765 vero
1860 727 1959 781 po-

371 810 477 866 sila
521 809 768 879 pecunia,
800 815 851 860 et
886 806 937 859 in
975 803 1280 859 nominibus
1320 801 1520 866 debita,
1553 815 1660 854 non
1699 809 1824 855 sunt
1866 816 1954 855 ar-

373 900 517 971 genti
564 899 649 953 vel
705 895 940 966 pecuniae
993 894 1231 963 species,
1283 891 1377 946 sed
1416 890 1767 956 dill‘erentiae;
1829 905 1953 945 nam

375 990 580 1062 argenti
611 989 834 1058 species,
857 987 1121 1056 signatum
1146 1000 1208 1039 ac
1235 999 1338 1038 non
1366 984 1631 1054 signatum
1657 997 1777 1038 esse
1797 983 1955 1038 dictae

375 1092 521 1138 sunt.
571 1080 808 1148 Qualitas
855 1092 983 1132 vero
1030 1077 1269 1146 pecuniae
1299 1077 1351 1131 in
1381 1075 1721 1145 possessione
1771 1076 1956 1143 positas

375 1172 459 1228 vel
488 1185 592 1225 non
614 1169 818 1239 positae,
838 1167 933 1223 sed
963 1181 1070 1222 non
1091 1167 1262 1222 modis
1282 1167 1528 1222 omnibus
1549 1165 1758 1233 alienae,
1794 1166 1846 1219 in
1873 1163 1956 1218 his

379 1261 693 1322 diﬁcrentiis
721 1267 951 1324 constat,
985 1267 1044 1313 ut
1073 1259 1176 1312 alia
1205 1261 1275 1312 sit
1310 1259 1362 1312 in
1382 1273 1503 1313 arca
1534 1258 1727 1326 posita,
1753 1255 1956 1325 reliqua

377 1353 432 1408 in
452 1352 757 1407 nominibus
784 1350 1073 1415 debeatur;
1102 1359 1261 1420 atque
1286 1350 1384 1403 hoc
1422 1347 1621 1403 idcirco
1645 1348 1844 1402 dictum
1875 1353 1958 1400 est

377 1460 447 1501 ne
489 1446 609 1516 quis
638 1458 744 1498 non
771 1459 802 1497 a
832 1441 1174 1506 differentiis,
1203 1440 1297 1496 sed
1329 1455 1358 1494 a
1394 1439 1574 1509 specie
1615 1445 1958 1508 argumenta-

379 1539 582 1593 tionem
612 1536 824 1591 ductam
855 1544 1084 1606 putaret.
1137 1534 1375 1601 Qualitas
1407 1532 1551 1587 enim
1590 1529 1960 1586 substantialis

380 1645 486 1685 non
527 1628 827 1699 speciebus,
874 1627 967 1682 sed
1013 1624 1330 1681 diﬂ‘erentiis
1373 1632 1772 1679 annumeratur.
1822 1621 1959 1676 Cum

380 1719 540 1789 igitur
579 1732 734 1773 suum
785 1732 941 1772 omne
987 1717 1129 1786 quod
1179 1716 1335 1772 fuerit
1382 1729 1662 1789 argentum
1690 1718 1771 1770 vir
1805 1715 1960 1770 uxori

381 1811 663 1882 legaverit,
696 1824 924 1879 cumque
968 1809 1308 1864 manifestum
1346 1810 1416 1864 sit
1457 1810 1509 1864 id
1541 1811 1606 1864 ad
1635 1824 1752 1865 eam
1797 1809 1965 1878 perti-

2062 621 2140 676 ria
2179 629 2332 685 sunt,
2379 621 2432 673 in
2466 620 2748 674 contrariis
2795 637 2913 677 esse
2957 623 3227 688 dicuntur,
3262 623 3381 693 quia
3422 641 3524 680 non
3555 641 3646 682 se-

2064 713 2298 770 cundum
2350 713 2656 782 qualitatem
2709 717 3012 783 pr0priam,
3066 719 3159 772 sed
3211 720 3503 773 secundum
3563 720 3647 773 di-

2065 806 2314 859 stantiam
2363 802 2645 875 plurimam
2687 803 2786 858 sibi
2841 805 3068 860 invicem
3119 806 3485 864 conferuntur.
3535 811 3646 865 Ma-

2067 897 2207 951 xima
2251 894 2546 964 propositio
2581 903 2700 961 est,
2749 896 2889 964 quod
2935 896 3091 950 alicui
3131 902 3411 968 convenit,
3447 902 3496 956 id
3527 903 3646 974 ejus

2067 987 2337 1043 contrario
2365 1001 2468 1039 non
2500 983 2813 1040 convenire.

2141 1080 2215 1133 Ab
2246 1078 2521 1148 adjunctis.
2556 1077 2615 1132 Si
2645 1095 2704 1131 ea
2745 1077 2928 1132 mulier
2970 1086 3320 1133 testamentum
3359 1083 3504 1152 fecit,
3537 1101 3649 1152 qua:

2068 1189 2123 1226 se
2147 1173 2311 1242 capite
2330 1187 2589 1242 nunquam
2615 1171 2874 1237 diminuit,
2900 1187 3001 1225 non
3022 1172 3220 1225 videtur
3242 1189 3304 1226 ea:
3324 1175 3488 1228 edicto
3521 1193 3651 1241 prte-

2070 1267 2196 1320 toris
2225 1267 2501 1320 secundum
2541 1283 2624 1319 eas
2656 1266 2853 1320 tabulas
2881 1268 3130 1338 possessio
3155 1268 3269 1320 dari
3294 1286 3312 1334 ;
3345 1270 3655 1340 adjungitur

2070 1359 2204 1412 enim
2230 1370 2285 1412 ut
2323 1359 2598 1412 secundum
2636 1352 2894 1419 servarunt
2912 1403 2928 1427 ,
2974 1361 3252 1415 secundum
3279 1361 3511 1416 exsulum
3531 1402 3546 1428 ,
3576 1381 3657 1418 se-

2073 1449 2296 1501 cundum
2351 1448 2681 1520 puerulorum
2737 1449 2938 1504 tabulas
2991 1455 3243 1522 possessio
3307 1454 3537 1509 videatur
3591 1472 3655 1512 ex

2070 1539 2234 1592 edicto
2259 1538 2393 1592 dari.

2143 1629 2406 1698 Adjuncta
2433 1640 2590 1698 sunt,
2616 1646 2734 1701 quae
2764 1632 3064 1703 proximum
3089 1650 3150 1692 ac
3171 1637 3453 1694 finitimum
3477 1640 3654 1701 locum

2071 1730 2284 1786 tenent,
2317 1733 2373 1776 ut
2412 1724 2457 1777 si
2489 1740 2651 1779 unum
2683 1741 2867 1781 eorum
2900 1728 3141 1798 quolibet
3167 1733 3437 1787 exstiterit
3467 1735 3653 1808 modo,

2071 1813 2296 1868 alterum
2325 1829 2537 1884 quoque
2579 1815 2662 1869 vel
2695 1819 2995 1886 exstitisse,
3041 1820 3128 1874 vel
3173 1832 3408 1888 exstare,
3441 1824 3526 1879 vel
3557 1840 3656 1880 ex-

383 1919 511 1960 nere
535 1902 676 1974 quod
709 1902 866 1958 fuerit
894 1917 1049 1957 suum
1077 1901 1325 1973 legentis,
1356 1902 1406 1956 id
1437 1912 1519 1957 est
1545 1904 1686 1973 quod
1733 1903 1785 1958 in
1833 1918 1960 1960 arca
1995 1893 2045 1956 Β
2070 1915 2333 1962 staturum
2362 1918 2482 1961 esse
2514 1907 2790 1974 videatur;
2822 1909 2936 1964 haec
2979 1912 3122 1966 enim
3153 1913 3254 1968 sibi
3297 1918 3450 1986 quasi
3481 1918 3654 1972 vicina

382 1996 541 2051 tuerit
562 1996 856 2059 conditum,
881 2011 986 2052 non
1015 2004 1192 2065 potest
1214 1997 1354 2052 idem
1385 1996 1608 2067 intelligi
1633 1998 1701 2052 de
1727 2012 1795 2053 eo
1815 1998 1962 2068 quod

383 2085 437 2139 in
466 2086 767 2141 nominibus
796 2085 1120 2152 debebatur,
1161 2087 1432 2156 quoniam,
1461 2088 1596 2143 sicut
1627 2088 1827 2143 dictum
1854 2099 1960 2159 est,

386 2178 438 2232 id
466 2177 606 2247 quod
656 2177 708 2232 in
750 2179 1052 2234 nominibus
1096 2179 1322 2235 debetur
1366 2180 1433 2235 ab
1473 2195 1538 2236 eo
1583 2181 1723 2250 quod
1755 2181 1808 2235 in
1839 2181 1984 2236 arca"

384 2270 612 2338 positum
638 2276 720 2323 est
741 2269 1027 2338 plurimum
1057 2269 1281 2326 dilleret.
1311 2271 1474 2326 Facta
1504 2281 1587 2326 est
1615 2270 1777 2340 igitur
1805 2286 1964 2341 argu‘

385 2361 639 2414 mentatio
679 2359 747 2414 ab
795 2376 860 2416 eo
909 2361 1050 2431 quod
1101 2362 1308 2430 inerat,
1337 2363 1405 2417 de
1450 2379 1556 2434 quo
1602 2365 1964 2433 quaerebatur.

384 2455 729 2522 Quaerebatur
758 2469 885 2510 vero
911 2455 979 2509 de
1006 2467 1227 2526 argento
1255 2457 1306 2510 in
1336 2457 1643 2512 nominibus
1672 2458 1872 2513 debito.
1903 2457 1964 2513 In

387 2549 488 2603 hoc
517 2563 643 2604 vero
672 2548 844 2602 inerat
886 2549 1098 2618 propria
1142 2548 1441 2604 differentia
1460 2593 1473 2616 ,
1503 2564 1604 2618 qua
1634 2549 1703 2604 ab
1730 2549 1836 2603 alio
1865 2547 1969 2603 dif.

391 2637 592 2694 terebat
637 2647 886 2706 argento,
915 2653 980 2693 eo
1027 2638 1234 2694 scilicet
1283 2639 1424 2708 quod
1470 2639 1521 2693 in
1562 2654 1683 2693 arca
1728 2640 1966 2708 positum

393 2729 568 2784 fuerit.
589 2728 644 2782 Id
671 2743 797 2784 vero
818 2739 899 2783 est
921 2727 1188 2796 affectum,
1213 2729 1265 2784 id
1293 2738 1376 2786 est
1399 2729 1715 2784 diﬂ'erentia.
1739 2731 1967 2785 Maxima

395 2836 521 2876 vero
570 2822 883 2892 propositio,
931 2821 999 2878 de
1045 2822 1205 2879 rebus
1255 2823 1548 2893 plurimum
1577 2823 1964 2890 diﬂ‘erentibus,

396 2912 534 2968 idem
563 2913 779 2982 intelligi
810 2927 913 2968 non
945 2927 1121 2982 posse.

470 3005 550 3058 Ea:
589 3005 844 3059 contrario
886 3013 1054 3060 autem
1093 3005 1167 3059 sic
1190 3020 1211 3060 :
1243 3005 1361 3060 Non
1391 3004 1532 3059 debet
1575 3021 1633 3060 ea
1663 3004 1844 3059 mulier
1886 3005 1971 3060 cui

397 3095 472 3148 vir
502 3094 746 3149 bonorum
774 3110 980 3149 suorum
1019 3095 1338 3165 ususfructus
1372 3095 1574 3167 legavit,
1599 3094 1740 3149 cellis
1763 3096 1969 3150 vinariis

398 3197 446 3240 et
485 3187 685 3240 oleariis
734 3186 897 3256 plenis
943 3187 1151 3255 relictis,
1185 3197 1366 3255 putare
1405 3187 1460 3240 id
1504 3187 1572 3240 ad
1600 3204 1653 3240 se
1701 3189 1968 3256 pertinere.

2072 2005 2217 2051 sunt.
2253 1995 2382 2062 Qum
2438 2011 2563 2050 vero
2614 1997 2670 2050 in
2717 1999 3002 2054 cxistendo
3053 2001 3156 2056 sibi
3201 2013 3326 2057 sunt
3375 2007 3653 2076 proxima,

2072 2087 2188 2142 haec
2225 2086 2308 2140 vel
2339 2087 2657 2143 antecedere
2687 2105 2799 2144 rem
2830 2091 3048 2160 volunt,
3082 2103 3137 2148 ut
3162 2109 3312 2150 amor
3342 2112 3487 2167 saepe
3524 2114 3657 2154 cons

2071 2177 2344 2244 cubitum,
2389 2179 2475 2233 vel
2521 2180 2679 2234 simul
2726 2196 2876 2249 esse,
2928 2193 2988 2237 ut
3035 2186 3205 2254 pallor
3234 2195 3287 2241 et
3337 2189 3515 2250 timor.
3566 2192 3653 2247 vel

2073 2269 2288 2325 evenire
2317 2269 2602 2338 posterius,
2639 2279 2697 2325 ut
2727 2281 2847 2340 post
2877 2273 3208 2330 iracundiam
3239 2278 3433 2334 caedes.
3469 2281 3654 2351 anue

2074 2369 2161 2416 est
2186 2361 2556 2430 adjunctorum
2585 2373 2793 2430 natura,
2821 2374 2879 2419 ut
2909 2369 3144 2436 separari
3167 2369 3381 2438 quidem
3416 2373 3649 2440 possint,

2077 2464 2256 2508 tamen
2281 2469 2399 2509 sese
2430 2455 2654 2512 invicem
2680 2469 2998 2516 monstrent.
3028 2461 3159 2516 Nam
3185 2479 3359 2535 neque
3387 2467 3478 2534 qui
3506 2482 3656 2523 ama-

2076 2546 2183 2611 vit,
2210 2547 2512 2601 necessario
2546 2548 2742 2613 potitus
2772 2559 2884 2617 est,
2914 2560 2968 2607 et
2997 2567 3142 2622 saepe
3184 2556 3274 2624 qui
3305 2558 3502 2625 potitus
3534 2567 3616 2613 est
3635 2602 3652 2627 ,

2075 2651 2184 2691 non
2227 2639 2446 2694 amavit.
2493 2640 2600 2695 Nec
2645 2643 2736 2711 qui
2783 2645 2976 2711 pallet,
3023 2648 3326 2704 necessario
3372 2652 3559 2719 timet,
3601 2663 3659 2708 et

2077 2744 2222 2800 saepe
2265 2746 2368 2786 non
2420 2733 2614 2788 timens
2644 2736 2829 2805 pallet.
2861 2739 2970 2794 Nec
2999 2755 3067 2794 ex
3115 2745 3437 2800 necessitate
3485 2745 3659 2802 iratus

2077 2823 2320 2888 occidet,
2349 2833 2403 2879 et
2433 2827 2629 2881 occidit
2671 2843 2814 2898 saepe
2841 2830 3033 2901 aliquis
3065 2847 3172 2888 non
3217 2829 3405 2889 iratus'.
3433 2835 3539 2891 Sed
3578 2846 3660 2890 ta-

2083 2930 2204 2970 men
2233 2917 2277 2970 si
2306 2915 2374 2972 de
2413 2917 2634 2989 singulis
2664 2921 2982 2991 inquiratur,
3009 2939 3130 2979 eum
3172 2926 3523 2982 concubuisse
3562 2928 3656 2997 qui

2077 3007 2302 3077 amavit,
2336 3019 2388 3064 et
2418 3010 2612 3078 pallere
2641 3013 2730 3082 qui
2763 3013 2940 3080 timet,
2975 3022 3029 3068 et
3055 3015 3317 3070 occidisse
3345 3017 3436 3085 qui
3481 3017 3647 3073 fuerit

2079 3097 2268 3163 iratus,
2298 3100 2584 3155 verisimile
2615 3111 2736 3168 est,
2770 3117 2876 3157 non
2903 3105 3040 3172 quod
3085 3106 3154 3159 ita
3184 3121 3404 3162 necesse
3432 3108 3530 3173 sit,
3560 3109 3659 3166 sed

2077 3186 2198 3253 quia
2221 3203 2286 3240 ex
2309 3187 2496 3243 vicinis
2520 3190 2691 3245 vicina
2713 3193 3037 3262 colligimus.
3062 3195 3193 3252 Nam
3217 3197 3357 3268 quod
3382 3198 3447 3252 ad
3474 3215 3658 3256 exent-

405 3276 538 3330 Usus
566 3277 698 3331 enim
740 3293 842 3330 non
871 3275 1056 3331 abusus
1105 3277 1302 3347 legatus
1346 3287 1416 3330 est
1448 3291 1467 3331 :
1497 3293 1557 3330 ea
1594 3285 1714 3332 sunt
1748 3278 1880 3332 inter
1919 3293 1973 3331 se
2001 3269 2050 3335 C
2082 3276 2227 3346 plutn
2269 3280 2460 3335 attinet
2494 3281 2650 3351 hujus
2697 3287 3028 3357 argumenti,
3060 3288 3176 3343 haec
3223 3291 3518 3347 similitudo
3548 3304 3653 3350 est.

398 3367 671 3422 contraria.

467 3459 618 3526 Quod
659 3456 726 3513 de
770 3457 946 3527 aliqua
973 3473 1031 3513 re
1059 3458 1273 3526 dicitur,
1303 3458 1355 3513 id
1385 3458 1440 3513 in
1480 3458 1598 3528 ejus
1640 3460 1967 3516 contrarium

398 3566 503 3605 non
550 3559 724 3619 potest
753 3553 1059 3607 convenire.
1092 3552 1236 3608 Idem
1289 3554 1431 3608 enim
1476 3553 1544 3609 de
1587 3553 1793 3611 duobus
1842 3571 1970 3612 con-

399 3643 575 3696 trariis
623 3643 845 3714 intelligi
891 3643 1036 3698 nullo
1083 3644 1244 3699 modo
1291 3652 1486 3713 potest.
1529 3646 1758 3711 Quidam
1806 3649 1971 3719 igitur

398 3746 656 3800 supremas
682 3733 969 3788 voluntatis
1007 3734 1230 3789 arbitrio
1256 3735 1409 3790 uxori
1441 3736 1703 3791 bonorum
1747 3753 1968 3795 suorum

398 3822 785 3876 usumlructum
825 3823 1049 3893 legavit,
1104 3825 1296 3879 mulier
1343 3826 1506 3881 cellas
1539 3828 1768 3884 vinarias
1796 3830 1972 3888 oleas-

399 3927 502 3980 que
547 3914 728 3979 plenas
776 3914 841 3967 ad
892 3913 1276 3970 usuml'ructum
1327 3919 1602 3986 proprium
1650 3919 1965 3979 devocabat.

400 4001 668 4069 Quaeritur
698 4018 762 4058 an
796 4019 964 4074 penus
992 4021 1203 4077 quoque
1248 4009 1585 4066 usus'fructus
1616 4013 1823 4084 legatus
1865 4018 1968 4082 sit;

405 4110 574 4164 penus
615 4095 792 4165 .igitur
856 4097 1186 4154 ususl'ructus
1240 4110 1322 4156 est
1378 4103 1708 4172 subjectum,
1769 4107 1972 4177 legatus

401 4188 766 4255 praedicatum.
791 4188 835 4243 A
862 4190 1131 4246 contrario
1160 4192 1573 4262 igiturfsumitur
1599 4207 1970 4268 argumentum

399 4277 502 4333 hoc
546 4279 741 4334 modo:
777 4280 987 4336 Utimur
1011 4282 1091 4338 Itis
1118 4298 1234 4353 qua:
1280 4285 1433 4341 nobis
1464 4287 1736 4342 utentibus
1766 4303 1975 4358 perma-

399 4371 666 4434 nent,,ltis
708 4386 837 4426 vero
879 4372 1150 4429 abutimur
1193 4391 1311 4446 quas
1361 4378 1517 4433 nobis
1566 4381 1836 4437 utentibus
1877 4398 1973 4452 pe-

400 4469 584 4525 reunt;
613 4476 761 4531 ergo,
782 4477 901 4518 cum
931 4479 1243 4534 permanere
1265 4482 1326 4522 ac
1351 4470 1527 4536 perire
1553 4475 1819 4527 contraria
1843 4473 1973 4540 sint,

400 4566 528 4605 usus
555 4567 762 4621 quoque
790 4564 844 4610 ct
888 4557 1084 4613 abusus
1131 4561 1401 4614 contraria
1445 4575 1667 4616 necesse
1711 4571 1795 4617 est
1833 4564 1978 4632 judi-

2075 3365 2276 3436 Capitis
2305 3370 2590 3428 diminutio
2634 3384 2716 3429 est
2761 3379 2958 3446 prioris
3005 3387 3172 3434 status
3217 3385 3555 3450 permutatio.
3598 3385 3658 3442 Id

2075 3461 2256 3515 multis
2284 3461 2399 3518 ﬁeri
2431 3464 2603 3519 modis
2633 3467 2800 3535 solet,
2831 3471 2914 3524 vel
2945 3471 3198 3537 maxima,
3227 3473 3312 3529 vel
3343 3474 3546 3541 media,
3569 3477 3657 3532 vel

2074 3551 2319 3607 minima.
2343 3553 2568 3611 Maxima
2597 3565 2712 3623 est,
2739 3573 2860 3614 cum
2883 3572 2935 3615 ct
2966 3563 3188 3619 libertas
3210 3575 3264 3619 et
3284 3566 3470 3623 civitas
3500 3570 3659 3625 amit-

2075 3647 2225 3713 titur,
2252 3660 2308 3704 ut
2335 3651 2654 3722 deportatio.
2680 3656 2854 3713 Media
2881 3675 3030 3730 vero,
3064 3666 3114 3718 in
3141 3680 3244 3730 qua
3271 3666 3461 3723 civilas
3501 3673 3658 3726 aruit-

2074 3742 2222 3805 titur,
2257 3744 2515 3800 retinetur
2540 3747 2782 3818 libertas,
2805 3761 2863 3806 ut
2891 3752 2944 3807 in
2967 3754 3186 3811 Latinas
3212 3759 3450 3814 colonias
3485 3771 3659 3817 trans-

2074 3835 2337 3903 migratio.
2400 3839 2650 3906 Minima,
2705 3857 2826 3897 cum
2885 3859 2983 3900 nec
3041 3849 3226 3904 civitas
3289 3867 3387 3907 nec
3440 3854 3659 3911 libertas

2074 3927 2354 3993 amittitur,
2398 3931 2492 3984 sed
2522 3941 2694 3986 status
2747 3937 2943 4002 prioris
2991 3941 3256 4006 qualitatis
3300 3944 3658 4016 imminuitur,

2075 4016 2218 4070 velut
2261 4017 2568 4085 adoptatio,
2611 4029 2703 4074 aut
2750 4024 3074 4092 quibuslibet
3121 4028 3240 4082 aliis
3288 4034 3461 4089 modis
3511 4040 3659 4105 prior

2075 4114 2273 4172 status,
2303 4115 2512 4164 retenta
2541 4110 2780 4178 civitate,
2812 4117 3044 4184 potuerit
3073 4119 3361 4176 immutari.
3409 4126 3659 4184 Mufieres

2076 4210 2202 4250 vero
2230 4199 2446 4268 antiquo
2471 4200 2591 4270 jure
2625 4205 2784 4259 tutela
2819 4217 3078 4276 perpetua
3122 4213 3450 4272 continebat.
3485 4219 3655 4276 Rece-

2076 4287 2274 4344 debant
2298 4305 2430 4346 vero
2467 4307 2497 4347 a
2537 4295 2726 4350 tutoris
2764 4307 3028 4367 potestate
3058 4318 3178 4374 qua:
3204 4306 3256 4360 in
3305 4323 3519 4365 manum
3554 4312 3658 4370 viri

2077 4381 2482 4451 convenissent,
2517 4385 2698 4456 itaque
2731 4387 2893 4445 ﬁebat
2919 4392 2998 4446 eis
3025 4395 3219 4464 prioris
3243 4406 3414 4454 status
3442 4415 3659 4470 permu-

2079 4474 2232 4541 tatio,
2267 4485 2320 4532 et
2359 4487 2474 4534 erat
2502 4480 2678 4551 capite
2703 4483 2983 4552 diminuta,
3015 4501 3133 4556 quae
3172 4491 3273 4544 viri
3315 4484 3658 4551 convenisset

2079 4563 2132 4619 in
2163 4581 2401 4624 manum.
2444 4571 2696 4637 Quaedam
2729 4575 2894 4644 igitur
2932 4591 3053 4646 quae
3081 4593 3140 4633 sc
3178 4595 3449 4652 nunquam
3480 4586 3657 4655 capite

399 4651 606 4697 centur.
634 4645 784 4711 Quod
814 4647 859 4700 si
905 4657 1096 4704 caetera
1124 4651 1337 4719 quidem
1382 4652 1581 4707 utendo
1620 4664 1967 4726 permanent,
1995 4649 2053 4714 Ι)
2078 4665 2446 4735 diminuisset,
2474 4670 2525 4724 id
2554 4680 2636 4726 est
2663 4688 2782 4742 quas
2811 4675 2865 4729 in
2897 4691 3110 4732 manum
3147 4680 3247 4736 viri
3277 4683 3496 4742 minimc
3523 4700 3657 4742 con-
3742 4657 3759 4671 .

397 4735 544 4788 cellae
595 4747 770 4792 autem
827 4740 1046 4794 vinaria:
1097 4751 1256 4810 atque
1310 4742 1526 4797 olearia:
1582 4746 1780 4800 utendo
1837 4763 1968 4802 con-

396 4835 694 4893 sumuntur,
730 4827 951 4883 aliarum
1002 4830 1216 4900 quidem
1267 4847 1445 4887 rerum
1493 4835 1823 4893 ususl‘ructus
1851 4853 1972 4896 esse

396 4926 596 4986 potest;
629 4935 795 4987 penus
822 4936 950 4977 vero
980 4921 1086 4977 n'on
1119 4933 1294 4992 potest
1324 4940 1452 4980 usus
1492 4941 1634 4991 esse,
1666 4929 1760 4984 sed
1794 4932 1970 4999 petius

394 5010 608 5065 abusus.
653 5011 797 5082 Ergo
820 5030 941 5069 cum
982 5017 1062 5070 vir
1089 5019 1246 5072 uxori
1276 5018 1661 5076 usumfructum
1707 5023 1970 5082 bonorum

392 5113 611 5154 suorum
661 5101 948 5171 legaverit,
1000 5120 1105 5161 non
1162 5110 1332 5177 potuit
1373 5110 1550 5181 legare
1598 5116 1966 5185 contrarium,

391 5191 532 5258 quod
581 5200 662 5246 est
693 5193 920 5260 abusus;
966 5207 1048 5253 est
1090 5213 1218 5254 vero
1261 5201 1456 5257 abusus
1485 5202 1592 5258 vini
1637 5213 1794 5276 atque
1823 5207 1965 5276 olei,

390 5281 570 5336 vinum
601 5283 762 5352 igitur
791 5295 951 5357 atque
994 5289 1170 5345 oleum
1198 5293 1262 5345 ad
1298 5294 1683 5351 usumlructum
1729 5286 1986 5355 mulieris.

392 5385 495 5425 nsn
532 5382 704 5440 potest
722 5377 1016 5445 pertinere.
1038 5383 1422 5450 Argumentum
1441 5386 1509 5440 ab
1527 5401 1590 5440 eo
1607 5387 1748 5456 quod
1777 5388 1829 5442 in
1856 5389 1971 5459 ipso

391 5469 473 5514 est
501 5459 567 5515 de
594 5477 701 5530 quo
732 5465 927 5534 agitur,
961 5467 1013 5523 id
1059 5480 1142 5523 est
1183 5471 1252 5524 ab
1297 5473 1633 5530 ususfructus
1677 5477 1962 5548 legatione,

394 5567 552 5630 atque
598 5561 666 5615 ab
706 5562 919 5634 allecto,
951 5568 1004 5622 id
1052 5577 1134 5623 est
1181 5573 1484 5637 contrario;
1533 5576 1798 5630 contraria
1841 5593 1968 5634 vero

394 5653 445 5706 in
477 5655 761 5709 contrariis
792 5672 902 5712 non
947 5661 1017 5716 ita
1049 5671 1208 5730 sunt,
1255 5673 1507 5734 tanquam
1551 5667 1794 5725 definitio
1825 5671 1876 5726 in
1904 5688 1970 5729 eo

391 5745 530 5814 quod
581 5746 855 5813 delinitur,
901 5753 994 5807 sed
1046 5761 1296 5824 tanquam
1341 5757 1550 5812 relatio.
1597 5760 1779 5816 Omnis
1825 5765 1966 5820 enim

387 5839 580 5897 relatio
607 5836 662 5898 in
703 5839 962 5913 relativis,
990 5848 1272 5920 omniaque
1303 5854 1574 5909 contraria
1612 5868 1715 5910 non
1747 5855 1797 5914 id
1824 5857 1965 5928 quod

2077 4759 2336 4824 venisset,
2365 4760 2483 4816 sine
2511 4762 2703 4817 tutoris
2732 4767 3050 4825 auctoritate
3091 4781 3464 4830 testamentum
3506 4777 3654 4835 fecit.

2077 4848 2340 4914 Quaeritur
2367 4865 2435 4905 an
2478 4855 2772 4910 secundum
2813 4859 2929 4926 ejus
2968 4861 3175 4918 tabulas
3217 4880 3282 4920 ex
3311 4867 3490 4923 edicto
3521 4886 3658 4939 prce—

2077 4943 2210 4997 toris
2229 4941 2422 4999 debeat
2441 4945 2558 5000 dari
2585 4950 2876 5016 possessio.
2903 4951 3000 5007 Hic
3023 4955 3296 5025 subjectus
3318 4959 3534 5029 quidem
3560 4971 3660 5017 ter-

2077 5032 2275 5101 minus,
2308 5035 2547 5090 mulieris
2593 5053 2861 5109 nunquam
2903 5045 3077 5113 capite
3117 5046 3395 5104 diminutas
3441 5051 3659 5118 tabulae,

2077 5123 2396 5192 praedic-atus
2414 5141 2538 5182 vero
2562 5131 2920 5197 possessionis
2942 5138 3241 5192 concessio.
3267 5138 3509 5195 Sumitur
3529 5159 3660 5215 ergo

2078 5214 2144 5269 ab
2169 5215 2434 5285 adjunctis
2462 5232 2831 5288 argumentum
2851 5266 2866 5290 ,
2899 5225 2999 5280 hoc
3029 5229 3209 5285 modo.
3236 5231 3365 5284 Nam
3390 5234 3434 5286 si
3464 5214 3659 5290 secun-

2076 5304 2201 5358 dum
2233 5308 2475 5362 mulieris
2503 5312 2709 5367 tabulas
2736 5329 3004 5384 nunquam
3030 5321 3203 5386 capite
3230 5321 3503 5379 diminutas
3533 5341 3659 5395 pos-

2076 5395 2244 5449 sessio
2267 5397 2442 5465 detur,
2473 5401 2605 5455 nihil
2637 5418 2812 5458 causae
2837 5415 2920 5459 est
2943 5422 3038 5462 cur
3062 5425 3166 5462 non
3199 5414 3492 5469 secundum
3528 5433 3658 5485 pue-

2077 5486 2317 5542 rulorum
2374 5504 2585 5560 quoque
2639 5501 2692 5546 et
2745 5508 3024 5551 servorum
3083 5500 3287 5556 tabulas
3349 5521 3415 5559 ex
3475 5508 3658 5565 edicto

2079 5580 2321 5648 praetoris
2370 5585 2643 5650 possessio
2673 5586 3027 5653 permittatur.
3057 5591 3191 5658 Quid
3245 5597 3387 5651 enim
3436 5597 3656 5657 oflicero

2076 5681 2278 5741 potest,
2312 5688 2380 5728 ne
2410 5674 2704 5730 secundum
2754 5679 2991 5736 mulieris
3035 5699 3306 5756 nunquam
3355 5691 3528 5760 capite
3573 5691 3656 5747 di-

2075 5765 2292 5818 minuta:
2355 5766 2558 5822 tabulas
2622 5772 2893 5839 possessio
2957 5774 3273 5833 deferatur?
3325 5779 3381 5838 id
3443 5783 3651 5841 scilicet

2071 5859 2215 5928 quod
2256 5875 2318 5919 ea
2349 5876 2466 5938 quae
2497 5870 2870 5926 testamentum
2903 5869 3238 5944 coniecerat,
3267 5876 3348 5934 sui
3399 5891 3507 5935 non
3550 5879 3657 5935 tuit
