  <div class='ocr_page' id='page_1' title='image "/cluster/home/n/w/nwhite01/storage/ocr_20150623/64/hvd.32044073505265/543.png"; bbox 0 0 4248 6272; ppageno 0'>
   <div class='ocr_carea' id='block_1_1' title="bbox 605 389 749 450">
    <p class='ocr_par' dir='ltr' id='par_1_1' title="bbox 605 389 749 450">
     <span class='ocr_line' id='line_1_1' title="bbox 605 389 749 450; baseline -0.028 0"><span class='ocrx_word' id='word_1_1' title='bbox 605 389 749 450; x_wconf 74' lang='grc'><strong>1075</strong></span> 
     </span>
    </p>
   </div>
   <div class='ocr_carea' id='block_1_2' title="bbox 1816 370 2645 450">
    <p class='ocr_par' dir='ltr' id='par_1_2' title="bbox 1816 370 2645 450">
     <span class='ocr_line' id='line_1_2' title="bbox 1816 370 2645 450; baseline -0.002 -4"><span class='ocrx_word' id='word_1_2' title='bbox 1816 381 1931 450; x_wconf 70' lang='grc' dir='ltr'><strong>ΔΝ.</strong></span> <span class='ocrx_word' id='word_1_3' title='bbox 1954 370 2183 447; x_wconf 72' lang='lat' dir='ltr'><strong>&#39;IANL.</strong></span> <span class='ocrx_word' id='word_1_4' title='bbox 2222 386 2378 448; x_wconf 82' lang='lat' dir='ltr'><strong>sitv.</strong></span> <span class='ocrx_word' id='word_1_5' title='bbox 2422 386 2645 444; x_wconf 73' lang='lat' dir='ltr'><strong>somn</strong></span> 
     </span>
    </p>
   </div>
   <div class='ocr_carea' id='block_1_3' title="bbox 3735 392 3876 451">
    <p class='ocr_par' dir='ltr' id='par_1_3' title="bbox 3735 392 3876 451">
     <span class='ocr_line' id='line_1_3' title="bbox 3735 392 3876 451; baseline 0.007 -3"><span class='ocrx_word' id='word_1_6' title='bbox 3735 392 3876 451; x_wconf 69' lang='lat'><strong>1076</strong></span> 
     </span>
    </p>
   </div>
   <div class='ocr_carea' id='block_1_4' title="bbox 602 497 3872 577">
    <p class='ocr_par' dir='ltr' id='par_1_4' title="bbox 602 497 3872 577">
     <span class='ocr_line' id='line_1_4' title="bbox 602 497 3872 577; baseline 0.002 -18"><span class='ocrx_word' id='word_1_7' title='bbox 602 503 763 577; x_wconf 74' lang='lat' dir='ltr'><strong>juris,</strong></span> <span class='ocrx_word' id='word_1_8' title='bbox 793 500 944 574; x_wconf 82' lang='lat' dir='ltr'><strong>quod</strong></span> <span class='ocrx_word' id='word_1_9' title='bbox 976 498 1119 555; x_wconf 89' lang='lat' dir='ltr'><strong>idem</strong></span> <span class='ocrx_word' id='word_1_10' title='bbox 1148 504 1204 555; x_wconf 85' lang='lat' dir='ltr'><strong>et</strong></span> <span class='ocrx_word' id='word_1_11' title='bbox 1251 498 1321 555; x_wconf 86' lang='lat' dir='ltr'><strong>de</strong></span> <span class='ocrx_word' id='word_1_12' title='bbox 1348 497 1531 568; x_wconf 84' lang='lat' dir='ltr'><strong>pueris</strong></span> <span class='ocrx_word' id='word_1_13' title='bbox 1557 506 1611 554; x_wconf 88' lang='lat' dir='ltr'><strong>et</strong></span> <span class='ocrx_word' id='word_1_14' title='bbox 1646 498 1717 555; x_wconf 92' lang='lat' dir='ltr'><strong>de</strong></span> <span class='ocrx_word' id='word_1_15' title='bbox 1755 501 1927 556; x_wconf 83' lang='lat' dir='ltr'><strong>servis</strong></span> <span class='ocrx_word' id='word_1_16' title='bbox 1965 501 2067 556; x_wconf 86' lang='lat' dir='ltr'><strong>dici</strong></span> <span class='ocrx_word' id='word_1_17' title='bbox 2099 517 2190 569; x_wconf 78' lang='grc' dir='ltr'><strong>ρο·</strong></span> <span class='ocrx_word' id='word_1_18' title='bbox 2216 504 2275 569; x_wconf 73' lang='grc' dir='ltr'>Α</span> <span class='ocrx_word' id='word_1_19' title='bbox 2300 517 2469 573; x_wconf 84' lang='lat' dir='ltr'><strong>usque</strong></span> <span class='ocrx_word' id='word_1_20' title='bbox 2517 502 2588 558; x_wconf 89' lang='lat' dir='ltr'><strong>ad</strong></span> <span class='ocrx_word' id='word_1_21' title='bbox 2639 502 2868 561; x_wconf 82' lang='lat' dir='ltr'><strong>mediam</strong></span> <span class='ocrx_word' id='word_1_22' title='bbox 2916 512 3129 575; x_wconf 75' lang='lat' dir='ltr'><strong>partem</strong></span> <span class='ocrx_word' id='word_1_23' title='bbox 3180 505 3439 567; x_wconf 65' lang='lat' dir='ltr'><strong>duntaxat</strong></span> <span class='ocrx_word' id='word_1_24' title='bbox 3491 506 3651 566; x_wconf 83' lang='lat' dir='ltr'><strong>dotis.</strong></span> <span class='ocrx_word' id='word_1_25' title='bbox 3696 509 3872 576; x_wconf 72' lang='lat' dir='ltr'><strong>Quare</strong></span> 
     </span>
    </p>
   </div>
   <div class='ocr_carea' id='block_1_5' title="bbox 603 587 2189 653">
    <p class='ocr_par' dir='ltr' id='par_1_5' title="bbox 603 587 2189 653">
     <span class='ocr_line' id='line_1_5' title="bbox 603 587 2189 653; baseline -0.001 -6"><span class='ocrx_word' id='word_1_26' title='bbox 603 600 732 648; x_wconf 87' lang='lat' dir='ltr'><strong>test.</strong></span> <span class='ocrx_word' id='word_1_27' title='bbox 766 593 980 646; x_wconf 87' lang='lat' dir='ltr'><strong>Illorum</strong></span> <span class='ocrx_word' id='word_1_28' title='bbox 1006 589 1150 643; x_wconf 90' lang='lat' dir='ltr'><strong>enim</strong></span> <span class='ocrx_word' id='word_1_29' title='bbox 1172 599 1323 653; x_wconf 70' lang='lat' dir='ltr'><strong>tetas,</strong></span> <span class='ocrx_word' id='word_1_30' title='bbox 1356 587 1568 644; x_wconf 89' lang='lat' dir='ltr'><strong>illorum</strong></span> <span class='ocrx_word' id='word_1_31' title='bbox 1596 589 1853 653; x_wconf 89' lang='lat' dir='ltr'><strong>conditio,</strong></span> <span class='ocrx_word' id='word_1_32' title='bbox 1881 589 1934 643; x_wconf 91' lang='lat' dir='ltr'><strong>in</strong></span> <span class='ocrx_word' id='word_1_33' title='bbox 1964 590 2189 646; x_wconf 73' lang='lat' dir='ltr'><strong>alterius</strong></span> 
     </span>
    </p>
   </div>
   <div class='ocr_carea' id='block_1_6' title="bbox 605 677 2184 748">
    <p class='ocr_par' dir='ltr' id='par_1_6' title="bbox 605 677 2184 748">
     <span class='ocr_line' id='line_1_6' title="bbox 605 677 2184 748; baseline 0 -14"><span class='ocrx_word' id='word_1_34' title='bbox 605 680 707 734; x_wconf 87' lang='lat' dir='ltr'><strong>sita</strong></span> <span class='ocrx_word' id='word_1_35' title='bbox 752 686 835 732; x_wconf 89' lang='lat' dir='ltr'><strong>est</strong></span> <span class='ocrx_word' id='word_1_36' title='bbox 880 683 1162 748; x_wconf 77' lang='lat' dir='ltr'><strong>potestate.</strong></span> <span class='ocrx_word' id='word_1_37' title='bbox 1208 677 1529 748; x_wconf 86' lang='lat' dir='ltr'><strong>Adjungitur</strong></span> <span class='ocrx_word' id='word_1_38' title='bbox 1575 692 1751 748; x_wconf 86' lang='lat' dir='ltr'><strong>ergo:</strong></span> <span class='ocrx_word' id='word_1_39' title='bbox 1785 679 1840 733; x_wconf 92' lang='lat' dir='ltr'><strong>Si</strong></span> <span class='ocrx_word' id='word_1_40' title='bbox 1886 680 2184 735; x_wconf 87' lang='lat' dir='ltr'><strong>secundum</strong></span> 
     </span>
    </p>
   </div>
   <div class='ocr_carea' id='block_1_7' title="bbox 606 770 2213 843">
    <p class='ocr_par' dir='ltr' id='par_1_7' title="bbox 606 770 2213 843">
     <span class='ocr_line' id='line_1_7' title="bbox 606 770 2213 843; baseline 0.002 -17"><span class='ocrx_word' id='word_1_41' title='bbox 606 770 868 837; x_wconf 86' lang='lat' dir='ltr'><strong>mulieris,</strong></span> <span class='ocrx_word' id='word_1_42' title='bbox 896 784 1015 840; x_wconf 70' lang='lat' dir='ltr'><strong>quae</strong></span> <span class='ocrx_word' id='word_1_43' title='bbox 1046 772 1098 825; x_wconf 90' lang='lat' dir='ltr'><strong>in</strong></span> <span class='ocrx_word' id='word_1_44' title='bbox 1141 784 1241 826; x_wconf 91' lang='lat' dir='ltr'><strong>suo</strong></span> <span class='ocrx_word' id='word_1_45' title='bbox 1283 771 1405 840; x_wconf 87' lang='lat' dir='ltr'><strong>jure</strong></span> <span class='ocrx_word' id='word_1_46' title='bbox 1446 785 1553 827; x_wconf 91' lang='lat' dir='ltr'><strong>non</strong></span> <span class='ocrx_word' id='word_1_47' title='bbox 1593 780 1764 833; x_wconf 86' lang='lat' dir='ltr'><strong>esset.</strong></span> <span class='ocrx_word' id='word_1_48' title='bbox 1802 771 2025 840; x_wconf 87' lang='lat' dir='ltr'><strong>tabulas,</strong></span> <span class='ocrx_word' id='word_1_49' title='bbox 2060 788 2213 843; x_wconf 41' lang='lat' dir='ltr'><strong>pos-5</strong></span> 
     </span>
    </p>
   </div>
   <div class='ocr_carea' id='block_1_8' title="bbox 607 861 2186 934">
    <p class='ocr_par' dir='ltr' id='par_1_8' title="bbox 607 861 2186 934">
     <span class='ocr_line' id='line_1_8' title="bbox 607 861 2186 934; baseline 0 -15"><span class='ocrx_word' id='word_1_50' title='bbox 607 863 780 919; x_wconf 89' lang='lat' dir='ltr'><strong>sessio</strong></span> <span class='ocrx_word' id='word_1_51' title='bbox 819 861 997 929; x_wconf 89' lang='lat' dir='ltr'><strong>detur,</strong></span> <span class='ocrx_word' id='word_1_52' title='bbox 1031 864 1322 919; x_wconf 87' lang='lat' dir='ltr'><strong>secundum</strong></span> <span class='ocrx_word' id='word_1_53' title='bbox 1354 864 1697 933; x_wconf 90' lang='lat' dir='ltr'><strong>puerulorum</strong></span> <span class='ocrx_word' id='word_1_54' title='bbox 1740 878 1951 934; x_wconf 91' lang='lat' dir='ltr'><strong>quoque</strong></span> <span class='ocrx_word' id='word_1_55' title='bbox 1989 873 2044 920; x_wconf 93' lang='lat' dir='ltr'><strong>et</strong></span> <span class='ocrx_word' id='word_1_56' title='bbox 2072 880 2186 921; x_wconf 86' lang='lat' dir='ltr'><strong>ser-</strong></span> 
     </span>
    </p>
   </div>
   <div class='ocr_carea' id='block_1_9' title="bbox 604 952 2186 1024">
    <p class='ocr_par' dir='ltr' id='par_1_9' title="bbox 604 952 2186 1024">
     <span class='ocr_line' id='line_1_9' title="bbox 604 952 2186 1024; baseline 0.003 -19"><span class='ocrx_word' id='word_1_57' title='bbox 604 967 795 1007; x_wconf 87' lang='lat' dir='ltr'><strong>vorum</strong></span> <span class='ocrx_word' id='word_1_58' title='bbox 824 954 1032 1009; x_wconf 89' lang='lat' dir='ltr'><strong>tabulas</strong></span> <span class='ocrx_word' id='word_1_59' title='bbox 1065 954 1456 1024; x_wconf 85' lang='lat' dir='ltr'><strong>possessionem</strong></span> <span class='ocrx_word' id='word_1_60' title='bbox 1496 953 1643 1020; x_wconf 86' lang='lat' dir='ltr'><strong>dari,</strong></span> <span class='ocrx_word' id='word_1_61' title='bbox 1672 952 1767 1024; x_wconf 86' lang='lat' dir='ltr'><strong>qui</strong></span> <span class='ocrx_word' id='word_1_62' title='bbox 1792 954 1873 1007; x_wconf 86' lang='lat' dir='ltr'><strong>sui</strong></span> <span class='ocrx_word' id='word_1_63' title='bbox 1914 952 2051 1023; x_wconf 86' lang='lat' dir='ltr'><strong>juris</strong></span> <span class='ocrx_word' id='word_1_64' title='bbox 2082 955 2186 1009; x_wconf 89' lang='lat' dir='ltr'><strong>mi-</strong></span> 
     </span>
    </p>
   </div>
   <div class='ocr_carea' id='block_1_10' title="bbox 607 1047 2186 1119">
    <p class='ocr_par' dir='ltr' id='par_1_10' title="bbox 607 1047 2186 1119">
     <span class='ocr_line' id='line_1_10' title="bbox 607 1047 2186 1119; baseline -0.002 -14"><span class='ocrx_word' id='word_1_65' title='bbox 607 1049 753 1105; x_wconf 86' lang='lat' dir='ltr'><strong>nime</strong></span> <span class='ocrx_word' id='word_1_66' title='bbox 780 1050 917 1118; x_wconf 89' lang='lat' dir='ltr'><strong>sint,</strong></span> <span class='ocrx_word' id='word_1_67' title='bbox 943 1049 1195 1119; x_wconf 78' lang='lat' dir='ltr'><strong>quoniam</strong></span> <span class='ocrx_word' id='word_1_68' title='bbox 1224 1049 1438 1119; x_wconf 89' lang='lat' dir='ltr'><strong>quidem</strong></span> <span class='ocrx_word' id='word_1_69' title='bbox 1469 1048 1547 1103; x_wconf 87' lang='lat' dir='ltr'><strong>illi</strong></span> <span class='ocrx_word' id='word_1_70' title='bbox 1573 1048 1673 1103; x_wconf 88' lang='lat' dir='ltr'><strong>sub</strong></span> <span class='ocrx_word' id='word_1_71' title='bbox 1716 1048 1925 1113; x_wconf 85' lang='lat' dir='ltr'><strong>tutoris,</strong></span> <span class='ocrx_word' id='word_1_72' title='bbox 1960 1047 2036 1107; x_wconf 85' lang='lat' dir='ltr'><strong>illi</strong></span> <span class='ocrx_word' id='word_1_73' title='bbox 2062 1055 2186 1103; x_wconf 91' lang='lat' dir='ltr'><strong>sunt</strong></span> 
     </span>
    </p>
   </div>
   <div class='ocr_carea' id='block_1_11' title="bbox 604 1139 2188 1212">
    <p class='ocr_par' dir='ltr' id='par_1_11' title="bbox 604 1139 2188 1212">
     <span class='ocr_line' id='line_1_11' title="bbox 604 1139 2188 1212; baseline 0 -16"><span class='ocrx_word' id='word_1_74' title='bbox 604 1141 709 1197; x_wconf 91' lang='lat' dir='ltr'><strong>sub</strong></span> <span class='ocrx_word' id='word_1_75' title='bbox 750 1141 953 1197; x_wconf 80' lang='lat' dir='ltr'><strong>domini</strong></span> <span class='ocrx_word' id='word_1_76' title='bbox 984 1148 1265 1212; x_wconf 78' lang='lat' dir='ltr'><strong>potestate.</strong></span> <span class='ocrx_word' id='word_1_77' title='bbox 1299 1141 1547 1207; x_wconf 80' lang='lat' dir='ltr'><strong>Proxima</strong></span> <span class='ocrx_word' id='word_1_78' title='bbox 1594 1154 1825 1210; x_wconf 83' lang='lat' dir='ltr'><strong>namque</strong></span> <span class='ocrx_word' id='word_1_79' title='bbox 1865 1147 1952 1195; x_wconf 88' lang='lat' dir='ltr'><strong>est</strong></span> <span class='ocrx_word' id='word_1_80' title='bbox 1998 1139 2076 1203; x_wconf 93' lang='lat' dir='ltr'><strong>rei</strong></span> <span class='ocrx_word' id='word_1_81' title='bbox 2119 1139 2188 1196; x_wconf 83' lang='lat' dir='ltr'><strong>de</strong></span> 
     </span>
    </p>
   </div>
   <div class='ocr_carea' id='block_1_12' title="bbox 607 1230 2185 1307">
    <p class='ocr_par' dir='ltr' id='par_1_12' title="bbox 607 1230 2185 1307">
     <span class='ocr_line' id='line_1_12' title="bbox 607 1230 2185 1307; baseline 0 -19"><span class='ocrx_word' id='word_1_82' title='bbox 607 1248 713 1302; x_wconf 92' lang='lat' dir='ltr'><strong>qua</strong></span> <span class='ocrx_word' id='word_1_83' title='bbox 740 1234 1022 1305; x_wconf 70' lang='lat' dir='ltr'><strong>qumritur,</strong></span> <span class='ocrx_word' id='word_1_84' title='bbox 1053 1232 1193 1303; x_wconf 91' lang='lat' dir='ltr'><strong>quod</strong></span> <span class='ocrx_word' id='word_1_85' title='bbox 1237 1230 1355 1300; x_wconf 86' lang='lat' dir='ltr'><strong>ejus</strong></span> <span class='ocrx_word' id='word_1_86' title='bbox 1392 1238 1477 1303; x_wconf 85' lang='lat' dir='ltr'><strong>est</strong></span> <span class='ocrx_word' id='word_1_87' title='bbox 1519 1245 1873 1307; x_wconf 87' lang='lat' dir='ltr'><strong>consequens,</strong></span> <span class='ocrx_word' id='word_1_88' title='bbox 1907 1239 1961 1285; x_wconf 90' lang='lat' dir='ltr'><strong>et</strong></span> <span class='ocrx_word' id='word_1_89' title='bbox 2000 1237 2185 1300; x_wconf 82' lang='lat' dir='ltr'><strong>postea</strong></span> 
     </span>
    </p>
   </div>
   <div class='ocr_carea' id='block_1_13' title="bbox 605 1322 2185 1394">
    <p class='ocr_par' dir='ltr' id='par_1_13' title="bbox 605 1322 2185 1394">
     <span class='ocr_line' id='line_1_13' title="bbox 605 1322 2185 1394; baseline -0.001 -17"><span class='ocrx_word' id='word_1_90' title='bbox 605 1323 868 1391; x_wconf 75' lang='lat' dir='ltr'><strong>existens,</strong></span> <span class='ocrx_word' id='word_1_91' title='bbox 900 1334 958 1377; x_wconf 90' lang='lat' dir='ltr'><strong>ut</strong></span> <span class='ocrx_word' id='word_1_92' title='bbox 1000 1322 1293 1391; x_wconf 83' lang='lat' dir='ltr'><strong>secundum</strong></span> <span class='ocrx_word' id='word_1_93' title='bbox 1341 1336 1618 1376; x_wconf 81' lang='lat' dir='ltr'><strong>servorum</strong></span> <span class='ocrx_word' id='word_1_94' title='bbox 1667 1336 2057 1394; x_wconf 76' lang='lat' dir='ltr'><strong>puerorumque</strong></span> <span class='ocrx_word' id='word_1_95' title='bbox 2107 1332 2185 1389; x_wconf 79' lang='lat' dir='ltr'><strong>ta-</strong></span> 
     </span>
    </p>
   </div>
   <div class='ocr_carea' id='block_1_14' title="bbox 606 1413 2190 1485">
    <p class='ocr_par' dir='ltr' id='par_1_14' title="bbox 606 1413 2190 1485">
     <span class='ocr_line' id='line_1_14' title="bbox 606 1413 2190 1485; baseline 0 -14"><span class='ocrx_word' id='word_1_96' title='bbox 606 1415 759 1473; x_wconf 89' lang='lat' dir='ltr'><strong>bulas</strong></span> <span class='ocrx_word' id='word_1_97' title='bbox 793 1415 1053 1481; x_wconf 88' lang='lat' dir='ltr'><strong>bonorum</strong></span> <span class='ocrx_word' id='word_1_98' title='bbox 1083 1414 1349 1485; x_wconf 67' lang='lat' dir='ltr'><strong>possessio</strong></span> <span class='ocrx_word' id='word_1_99' title='bbox 1375 1414 1553 1481; x_wconf 81' lang='lat' dir='ltr'><strong>detur,</strong></span> <span class='ocrx_word' id='word_1_100' title='bbox 1583 1414 1629 1483; x_wconf 83' lang='lat' dir='ltr'><strong>si</strong></span> <span class='ocrx_word' id='word_1_101' title='bbox 1660 1413 1790 1475; x_wconf 83' lang='lat' dir='ltr'><strong>illud</strong></span> <span class='ocrx_word' id='word_1_102' title='bbox 1824 1414 1963 1482; x_wconf 85' lang='lat' dir='ltr'><strong>quod</strong></span> <span class='ocrx_word' id='word_1_103' title='bbox 2014 1421 2097 1469; x_wconf 88' lang='lat' dir='ltr'><strong>est</strong></span> <span class='ocrx_word' id='word_1_104' title='bbox 2136 1414 2190 1477; x_wconf 79' lang='lat' dir='ltr'><strong>itt</strong></span> 
     </span>
    </p>
   </div>
   <div class='ocr_carea' id='block_1_15' title="bbox 602 1507 2189 1575">
    <p class='ocr_par' dir='ltr' id='par_1_15' title="bbox 602 1507 2189 1575">
     <span class='ocr_line' id='line_1_15' title="bbox 602 1507 2189 1575; baseline -0.001 -13"><span class='ocrx_word' id='word_1_105' title='bbox 602 1510 904 1575; x_wconf 67' lang='lat' dir='ltr'><strong>quaestione</strong></span> <span class='ocrx_word' id='word_1_106' title='bbox 932 1509 1267 1564; x_wconf 87' lang='lat' dir='ltr'><strong>conceditur.</strong></span> <span class='ocrx_word' id='word_1_107' title='bbox 1311 1507 1581 1574; x_wconf 64' lang='lat' dir='ltr'><strong>Quaaritur</strong></span> <span class='ocrx_word' id='word_1_108' title='bbox 1622 1509 1764 1562; x_wconf 89' lang='lat' dir='ltr'><strong>enim</strong></span> <span class='ocrx_word' id='word_1_109' title='bbox 1796 1524 1861 1561; x_wconf 92' lang='lat' dir='ltr'><strong>an</strong></span> <span class='ocrx_word' id='word_1_110' title='bbox 1894 1507 2189 1575; x_wconf 81' lang='lat' dir='ltr'><strong>secundum</strong></span> 
     </span>
    </p>
   </div>
   <div class='ocr_carea' id='block_1_16' title="bbox 606 1598 2187 1671">
    <p class='ocr_par' dir='ltr' id='par_1_16' title="bbox 606 1598 2187 1671">
     <span class='ocr_line' id='line_1_16' title="bbox 606 1598 2187 1671; baseline -0.001 -17"><span class='ocrx_word' id='word_1_111' title='bbox 606 1598 851 1665; x_wconf 83' lang='lat' dir='ltr'><strong>mulieris</strong></span> <span class='ocrx_word' id='word_1_112' title='bbox 881 1600 1089 1671; x_wconf 80' lang='lat' dir='ltr'><strong>tabulas</strong></span> <span class='ocrx_word' id='word_1_113' title='bbox 1134 1613 1403 1668; x_wconf 79' lang='lat' dir='ltr'><strong>nunquam</strong></span> <span class='ocrx_word' id='word_1_114' title='bbox 1435 1598 1608 1667; x_wconf 83' lang='lat' dir='ltr'><strong>capite</strong></span> <span class='ocrx_word' id='word_1_115' title='bbox 1652 1598 1929 1654; x_wconf 77' lang='lat' dir='ltr'><strong>diminuta:</strong></span> <span class='ocrx_word' id='word_1_116' title='bbox 1975 1614 2187 1667; x_wconf 85' lang='lat' dir='ltr'><strong>posses-</strong></span> 
     </span>
    </p>
   </div>
   <div class='ocr_carea' id='block_1_17' title="bbox 609 1688 2193 1771">
    <p class='ocr_par' dir='ltr' id='par_1_17' title="bbox 609 1688 2193 1771">
     <span class='ocr_line' id='line_1_17' title="bbox 609 1688 2193 1771; baseline 0.001 -28"><span class='ocrx_word' id='word_1_117' title='bbox 609 1688 692 1745; x_wconf 88' lang='lat' dir='ltr'><strong>sio</strong></span> <span class='ocrx_word' id='word_1_118' title='bbox 720 1690 893 1745; x_wconf 91' lang='lat' dir='ltr'><strong>detur.</strong></span> <span class='ocrx_word' id='word_1_119' title='bbox 938 1690 1107 1771; x_wconf 82' lang='lat' dir='ltr'><strong>Quam</strong></span> <span class='ocrx_word' id='word_1_120' title='bbox 1137 1705 1249 1744; x_wconf 90' lang='lat' dir='ltr'><strong>rem</strong></span> <span class='ocrx_word' id='word_1_121' title='bbox 1279 1691 1622 1761; x_wconf 75' lang='lat' dir='ltr'><strong>consequitur</strong></span> <span class='ocrx_word' id='word_1_122' title='bbox 1662 1699 1737 1755; x_wconf 88' lang='lat' dir='ltr'><strong>ut,</strong></span> <span class='ocrx_word' id='word_1_123' title='bbox 1781 1690 1827 1744; x_wconf 90' lang='lat' dir='ltr'><strong>si</strong></span> <span class='ocrx_word' id='word_1_124' title='bbox 1861 1689 1910 1744; x_wconf 88' lang='lat' dir='ltr'><strong>id</strong></span> <span class='ocrx_word' id='word_1_125' title='bbox 1942 1689 2067 1756; x_wconf 83' lang='lat' dir='ltr'><strong>liat,</strong></span> <span class='ocrx_word' id='word_1_126' title='bbox 2106 1704 2193 1745; x_wconf 61' lang='lat' dir='ltr'><strong>se—</strong></span> 
     </span>
    </p>
   </div>
   <div class='ocr_carea' id='block_1_18' title="bbox 499 1780 2191 1863">
    <p class='ocr_par' dir='ltr' id='par_1_18' title="bbox 499 1780 2191 1863">
     <span class='ocr_line' id='line_1_18' title="bbox 499 1780 2191 1863; baseline 0 -26"><span class='ocrx_word' id='word_1_127' title='bbox 607 1782 843 1853; x_wconf 78' lang='lat' dir='ltr'><strong>cundum</strong></span> <span class='ocrx_word' id='word_1_128' title='bbox 873 1795 1151 1849; x_wconf 77' lang='lat' dir='ltr'><strong>servorum</strong></span> <span class='ocrx_word' id='word_1_129' title='bbox 1180 1797 1393 1853; x_wconf 85' lang='lat' dir='ltr'><strong>quoque</strong></span> <span class='ocrx_word' id='word_1_130' title='bbox 1422 1796 1816 1851; x_wconf 85' lang='lat' dir='ltr'><strong>puerorumque</strong></span> <span class='ocrx_word' id='word_1_131' title='bbox 1861 1780 2071 1838; x_wconf 87' lang='lat' dir='ltr'><strong>tabulas</strong></span> <span class='ocrx_word' id='word_1_132' title='bbox 2099 1782 2191 1837; x_wconf 85' lang='lat' dir='ltr'><strong>de-</strong></span> 
     </span>
    </p>
   </div>
   <div class='ocr_carea' id='block_1_19' title="bbox 2296 594 3871 671">
    <p class='ocr_par' dir='ltr' id='par_1_19' title="bbox 2296 594 3871 671">
     <span class='ocr_line' id='line_1_19' title="bbox 2296 594 3871 671; baseline 0.008 -24"><span class='ocrx_word' id='word_1_133' title='bbox 2296 594 2551 663; x_wconf 90' lang='lat' dir='ltr'><strong>quoniam</strong></span> <span class='ocrx_word' id='word_1_134' title='bbox 2581 596 2725 665; x_wconf 91' lang='lat' dir='ltr'><strong>quod</strong></span> <span class='ocrx_word' id='word_1_135' title='bbox 2768 612 2835 653; x_wconf 82' lang='lat' dir='ltr'><strong>ex</strong></span> <span class='ocrx_word' id='word_1_136' title='bbox 2881 596 3008 653; x_wconf 90' lang='lat' dir='ltr'><strong>dote</strong></span> <span class='ocrx_word' id='word_1_137' title='bbox 3036 598 3366 669; x_wconf 85' lang='lat' dir='ltr'><strong>conquiritur</strong></span> <span class='ocrx_word' id='word_1_138' title='bbox 3412 599 3705 657; x_wconf 81' lang='lat' dir='ltr'><strong>liberorum</strong></span> <span class='ocrx_word' id='word_1_139' title='bbox 3755 610 3871 671; x_wconf 86' lang='lat' dir='ltr'><strong>est,</strong></span> 
     </span>
    </p>
   </div>
   <div class='ocr_carea' id='block_1_20' title="bbox 2295 686 3873 762">
    <p class='ocr_par' dir='ltr' id='par_1_20' title="bbox 2295 686 3873 762">
     <span class='ocr_line' id='line_1_20' title="bbox 2295 686 3873 762; baseline 0.004 -21"><span class='ocrx_word' id='word_1_140' title='bbox 2295 688 2384 754; x_wconf 86' lang='lat' dir='ltr'><strong>qui</strong></span> <span class='ocrx_word' id='word_1_141' title='bbox 2415 686 2574 742; x_wconf 87' lang='lat' dir='ltr'><strong>liberi</strong></span> <span class='ocrx_word' id='word_1_142' title='bbox 2614 687 2668 743; x_wconf 90' lang='lat' dir='ltr'><strong>in</strong></span> <span class='ocrx_word' id='word_1_143' title='bbox 2712 689 2878 756; x_wconf 80' lang='lat' dir='ltr'><strong>patris</strong></span> <span class='ocrx_word' id='word_1_144' title='bbox 2922 700 3187 756; x_wconf 85' lang='lat' dir='ltr'><strong>potestate</strong></span> <span class='ocrx_word' id='word_1_145' title='bbox 3226 700 3377 755; x_wconf 90' lang='lat' dir='ltr'><strong>sunt,</strong></span> <span class='ocrx_word' id='word_1_146' title='bbox 3420 691 3476 751; x_wconf 82' lang='lat' dir='ltr'><strong>id</strong></span> <span class='ocrx_word' id='word_1_147' title='bbox 3516 692 3657 762; x_wconf 91' lang='lat' dir='ltr'><strong>apud</strong></span> <span class='ocrx_word' id='word_1_148' title='bbox 3700 695 3873 748; x_wconf 80' lang='lat' dir='ltr'><strong>virum</strong></span> 
     </span>
    </p>
   </div>
   <div class='ocr_carea' id='block_1_21' title="bbox 2294 782 3877 852">
    <p class='ocr_par' dir='ltr' id='par_1_21' title="bbox 2294 782 3877 852">
     <span class='ocr_line' id='line_1_21' title="bbox 2294 782 3877 852; baseline 0.004 -19"><span class='ocrx_word' id='word_1_149' title='bbox 2294 793 2515 836; x_wconf 88' lang='lat' dir='ltr'><strong>necesse</strong></span> <span class='ocrx_word' id='word_1_150' title='bbox 2539 788 2623 835; x_wconf 84' lang='lat' dir='ltr'><strong>est</strong></span> <span class='ocrx_word' id='word_1_151' title='bbox 2667 796 2999 845; x_wconf 80' lang='lat' dir='ltr'><strong>permanere.</strong></span> <span class='ocrx_word' id='word_1_152' title='bbox 3042 782 3207 839; x_wconf 82' lang='lat' dir='ltr'><strong>Facto</strong></span> <span class='ocrx_word' id='word_1_153' title='bbox 3252 784 3411 852; x_wconf 88' lang='lat' dir='ltr'><strong>igitur</strong></span> <span class='ocrx_word' id='word_1_154' title='bbox 3453 783 3704 850; x_wconf 89' lang='lat' dir='ltr'><strong>divortio,</strong></span> <span class='ocrx_word' id='word_1_155' title='bbox 3746 800 3877 849; x_wconf 76' lang='lat' dir='ltr'><strong>eon-</strong></span> 
     </span>
    </p>
   </div>
   <div class='ocr_carea' id='block_1_22' title="bbox 2296 869 3872 940">
    <p class='ocr_par' dir='ltr' id='par_1_22' title="bbox 2296 869 3872 940">
     <span class='ocr_line' id='line_1_22' title="bbox 2296 869 3872 940; baseline 0.006 -18"><span class='ocrx_word' id='word_1_156' title='bbox 2296 869 2530 933; x_wconf 87' lang='lat' dir='ltr'><strong>tenditur</strong></span> <span class='ocrx_word' id='word_1_157' title='bbox 2562 884 2640 925; x_wconf 81' lang='lat' dir='ltr'><strong>an</strong></span> <span class='ocrx_word' id='word_1_158' title='bbox 2680 870 2819 927; x_wconf 81' lang='lat' dir='ltr'><strong>detis</strong></span> <span class='ocrx_word' id='word_1_159' title='bbox 2865 885 2988 939; x_wconf 87' lang='lat' dir='ltr'><strong>pars</strong></span> <span class='ocrx_word' id='word_1_160' title='bbox 3034 887 3129 940; x_wconf 92' lang='lat' dir='ltr'><strong>pro</strong></span> <span class='ocrx_word' id='word_1_161' title='bbox 3177 872 3361 927; x_wconf 89' lang='lat' dir='ltr'><strong>liberis</strong></span> <span class='ocrx_word' id='word_1_162' title='bbox 3402 872 3544 940; x_wconf 87' lang='lat' dir='ltr'><strong>apud</strong></span> <span class='ocrx_word' id='word_1_163' title='bbox 3575 874 3744 927; x_wconf 85' lang='lat' dir='ltr'><strong>virum</strong></span> <span class='ocrx_word' id='word_1_164' title='bbox 3773 873 3872 931; x_wconf 82' lang='lat' dir='ltr'><strong>de~</strong></span> 
     </span>
    </p>
   </div>
   <div class='ocr_carea' id='block_1_23' title="bbox 2293 957 3875 1033">
    <p class='ocr_par' dir='ltr' id='par_1_23' title="bbox 2293 957 3875 1033">
     <span class='ocr_line' id='line_1_23' title="bbox 2293 957 3875 1033; baseline 0.004 -20"><span class='ocrx_word' id='word_1_165' title='bbox 2293 957 2415 1013; x_wconf 87' lang='lat' dir='ltr'><strong>beat</strong></span> <span class='ocrx_word' id='word_1_166' title='bbox 2460 972 2791 1026; x_wconf 82' lang='lat' dir='ltr'><strong>permanere.</strong></span> <span class='ocrx_word' id='word_1_167' title='bbox 2824 960 2920 1023; x_wconf 78' lang='lat' dir='ltr'><strong>Hic</strong></span> <span class='ocrx_word' id='word_1_168' title='bbox 2947 962 3246 1031; x_wconf 82' lang='lat' dir='ltr'><strong>subjectum</strong></span> <span class='ocrx_word' id='word_1_169' title='bbox 3270 962 3489 1032; x_wconf 87' lang='lat' dir='ltr'><strong>quidem</strong></span> <span class='ocrx_word' id='word_1_170' title='bbox 3529 974 3641 1033; x_wconf 82' lang='lat' dir='ltr'><strong>esr,</strong></span> <span class='ocrx_word' id='word_1_171' title='bbox 3670 962 3875 1022; x_wconf 70' lang='lat' dir='ltr'><strong>factum</strong></span> 
     </span>
    </p>
   </div>
   <div class='ocr_carea' id='block_1_24' title="bbox 2294 1047 3878 1122">
    <p class='ocr_par' dir='ltr' id='par_1_24' title="bbox 2294 1047 3878 1122">
     <span class='ocr_line' id='line_1_24' title="bbox 2294 1047 3878 1122; baseline 0.004 -20"><span class='ocrx_word' id='word_1_172' title='bbox 2294 1047 2580 1103; x_wconf 83' lang='lat' dir='ltr'><strong>divortium</strong></span> <span class='ocrx_word' id='word_1_173' title='bbox 2620 1066 2649 1104; x_wconf 90' lang='lat' dir='ltr'><strong>a</strong></span> <span class='ocrx_word' id='word_1_174' title='bbox 2690 1051 2911 1107; x_wconf 89' lang='lat' dir='ltr'><strong>muliere</strong></span> <span class='ocrx_word' id='word_1_175' title='bbox 2942 1054 3271 1117; x_wconf 81' lang='lat' dir='ltr'><strong>nuntiatum;</strong></span> <span class='ocrx_word' id='word_1_176' title='bbox 3323 1055 3671 1121; x_wconf 62' lang='lat' dir='ltr'><strong>pradicatum</strong></span> <span class='ocrx_word' id='word_1_177' title='bbox 3718 1069 3878 1122; x_wconf 89' lang='lat' dir='ltr'><strong>vero,</strong></span> 
     </span>
    </p>
   </div>
   <div class='ocr_carea' id='block_1_25' title="bbox 2292 1140 3879 1214">
    <p class='ocr_par' dir='ltr' id='par_1_25' title="bbox 2292 1140 3879 1214">
     <span class='ocr_line' id='line_1_25' title="bbox 2292 1140 3879 1214; baseline 0.006 -21"><span class='ocrx_word' id='word_1_178' title='bbox 2292 1140 2431 1209; x_wconf 84' lang='lat' dir='ltr'><strong>apud</strong></span> <span class='ocrx_word' id='word_1_179' title='bbox 2462 1142 2635 1197; x_wconf 87' lang='lat' dir='ltr'><strong>virum</strong></span> <span class='ocrx_word' id='word_1_180' title='bbox 2680 1152 2849 1201; x_wconf 65' lang='lat' dir='ltr'><strong>sextae</strong></span> <span class='ocrx_word' id='word_1_181' title='bbox 2878 1147 3044 1214; x_wconf 86' lang='lat' dir='ltr'><strong>partis</strong></span> <span class='ocrx_word' id='word_1_182' title='bbox 3083 1144 3224 1201; x_wconf 87' lang='lat' dir='ltr'><strong>dotis</strong></span> <span class='ocrx_word' id='word_1_183' title='bbox 3266 1154 3382 1213; x_wconf 88' lang='lat' dir='ltr'><strong>post</strong></span> <span class='ocrx_word' id='word_1_184' title='bbox 3411 1144 3700 1201; x_wconf 79' lang='lat' dir='ltr'><strong>divortium</strong></span> <span class='ocrx_word' id='word_1_185' title='bbox 3746 1161 3879 1212; x_wconf 85' lang='lat' dir='ltr'><strong>per-</strong></span> 
     </span>
    </p>
   </div>
   <div class='ocr_carea' id='block_1_26' title="bbox 2294 1233 3875 1303">
    <p class='ocr_par' dir='ltr' id='par_1_26' title="bbox 2294 1233 3875 1303">
     <span class='ocr_line' id='line_1_26' title="bbox 2294 1233 3875 1303; baseline 0.005 -16"><span class='ocrx_word' id='word_1_186' title='bbox 2294 1233 2522 1287; x_wconf 85' lang='lat' dir='ltr'><strong>mansio.</strong></span> <span class='ocrx_word' id='word_1_187' title='bbox 2549 1233 2788 1299; x_wconf 73' lang='lat' dir='ltr'><strong>Qusestio</strong></span> <span class='ocrx_word' id='word_1_188' title='bbox 2817 1249 2886 1297; x_wconf 86' lang='lat' dir='ltr'><strong>an</strong></span> <span class='ocrx_word' id='word_1_189' title='bbox 2914 1242 3033 1303; x_wconf 70' lang='lat' dir='ltr'><strong>post</strong></span> <span class='ocrx_word' id='word_1_190' title='bbox 3057 1235 3346 1293; x_wconf 79' lang='lat' dir='ltr'><strong>divortium</strong></span> <span class='ocrx_word' id='word_1_191' title='bbox 3376 1235 3566 1291; x_wconf 75' lang='lat' dir='ltr'><strong>factum</strong></span> <span class='ocrx_word' id='word_1_192' title='bbox 3585 1276 3599 1300; x_wconf 89' lang='lat'><strong>,</strong></span> <span class='ocrx_word' id='word_1_193' title='bbox 3635 1236 3875 1295; x_wconf 75' lang='lat' dir='ltr'><strong>muliere</strong></span> 
     </span>
    </p>
   </div>
   <div class='ocr_carea' id='block_1_27' title="bbox 2294 1328 3883 1397">
    <p class='ocr_par' dir='ltr' id='par_1_27' title="bbox 2294 1328 3883 1397">
     <span class='ocr_line' id='line_1_27' title="bbox 2294 1328 3883 1397; baseline 0.001 -14"><span class='ocrx_word' id='word_1_194' title='bbox 2294 1328 2542 1383; x_wconf 85' lang='lat' dir='ltr'><strong>nuntium</strong></span> <span class='ocrx_word' id='word_1_195' title='bbox 2563 1330 2894 1397; x_wconf 82' lang='lat' dir='ltr'><strong>remittente,</strong></span> <span class='ocrx_word' id='word_1_196' title='bbox 2916 1338 3118 1385; x_wconf 78' lang='lat' dir='ltr'><strong>sextam</strong></span> <span class='ocrx_word' id='word_1_197' title='bbox 3138 1329 3281 1384; x_wconf 85' lang='lat' dir='ltr'><strong>dotis</strong></span> <span class='ocrx_word' id='word_1_198' title='bbox 3302 1337 3505 1396; x_wconf 87' lang='lat' dir='ltr'><strong>partem</strong></span> <span class='ocrx_word' id='word_1_199' title='bbox 3531 1329 3671 1396; x_wconf 87' lang='lat' dir='ltr'><strong>apud</strong></span> <span class='ocrx_word' id='word_1_200' title='bbox 3697 1328 3883 1384; x_wconf 81' lang='lat' dir='ltr'><strong>virum</strong></span> 
     </span>
    </p>
   </div>
   <div class='ocr_carea' id='block_1_28' title="bbox 2294 1418 3884 1490">
    <p class='ocr_par' dir='ltr' id='par_1_28' title="bbox 2294 1418 3884 1490">
     <span class='ocr_line' id='line_1_28' title="bbox 2294 1418 3884 1490; baseline 0.001 -15"><span class='ocrx_word' id='word_1_201' title='bbox 2294 1434 2517 1475; x_wconf 85' lang='lat' dir='ltr'><strong>manere</strong></span> <span class='ocrx_word' id='word_1_202' title='bbox 2540 1430 2806 1487; x_wconf 85' lang='lat' dir='ltr'><strong>oporteat.</strong></span> <span class='ocrx_word' id='word_1_203' title='bbox 2835 1420 3029 1487; x_wconf 66' lang='lat' dir='ltr'><strong>Quiero</strong></span> <span class='ocrx_word' id='word_1_204' title='bbox 3052 1421 3236 1490; x_wconf 77' lang='lat' dir='ltr'><strong>igitur,</strong></span> <span class='ocrx_word' id='word_1_205' title='bbox 3265 1421 3309 1473; x_wconf 90' lang='lat' dir='ltr'><strong>si</strong></span> <span class='ocrx_word' id='word_1_206' title='bbox 3338 1418 3406 1475; x_wconf 84' lang='lat' dir='ltr'><strong>ab</strong></span> <span class='ocrx_word' id='word_1_207' title='bbox 3431 1418 3884 1477; x_wconf 71' lang='lat' dir='ltr'><strong>antecedentibus</strong></span> 
     </span>
    </p>
   </div>
   <div class='ocr_carea' id='block_1_29' title="bbox 2293 1509 3873 1581">
    <p class='ocr_par' dir='ltr' id='par_1_29' title="bbox 2293 1509 3873 1581">
     <span class='ocr_line' id='line_1_29' title="bbox 2293 1509 3873 1581; baseline 0.003 -16"><span class='ocrx_word' id='word_1_208' title='bbox 2293 1520 2665 1581; x_wconf 78' lang='lat' dir='ltr'><strong>argumentum</strong></span> <span class='ocrx_word' id='word_1_209' title='bbox 2686 1513 2983 1569; x_wconf 79' lang='lat' dir='ltr'><strong>iaciendum</strong></span> <span class='ocrx_word' id='word_1_210' title='bbox 3005 1520 3107 1576; x_wconf 88' lang='lat' dir='ltr'><strong>est,</strong></span> <span class='ocrx_word' id='word_1_211' title='bbox 3124 1512 3250 1580; x_wconf 87' lang='lat' dir='ltr'><strong>quid</strong></span> <span class='ocrx_word' id='word_1_212' title='bbox 3274 1509 3577 1575; x_wconf 84' lang='lat' dir='ltr'><strong>antecedat,</strong></span> <span class='ocrx_word' id='word_1_213' title='bbox 3599 1510 3727 1579; x_wconf 87' lang='lat' dir='ltr'><strong>quid</strong></span> <span class='ocrx_word' id='word_1_214' title='bbox 3748 1525 3873 1568; x_wconf 82' lang='lat' dir='ltr'><strong>con—</strong></span> 
     </span>
    </p>
   </div>
   <div class='ocr_carea' id='block_1_30' title="bbox 2295 1602 3881 1676">
    <p class='ocr_par' dir='ltr' id='par_1_30' title="bbox 2295 1602 3881 1676">
     <span class='ocr_line' id='line_1_30' title="bbox 2295 1602 3881 1676; baseline 0 -17"><span class='ocrx_word' id='word_1_215' title='bbox 2295 1616 2570 1676; x_wconf 86' lang='lat' dir='ltr'><strong>sequatur.</strong></span> <span class='ocrx_word' id='word_1_216' title='bbox 2604 1610 2671 1660; x_wconf 81' lang='lat' dir='ltr'><strong>At</strong></span> <span class='ocrx_word' id='word_1_217' title='bbox 2699 1607 2743 1661; x_wconf 92' lang='lat' dir='ltr'><strong>si</strong></span> <span class='ocrx_word' id='word_1_218' title='bbox 2769 1606 2871 1663; x_wconf 84' lang='lat' dir='ltr'><strong>.viri</strong></span> <span class='ocrx_word' id='word_1_219' title='bbox 2902 1605 3058 1671; x_wconf 84' lang='lat' dir='ltr'><strong>culpa</strong></span> <span class='ocrx_word' id='word_1_220' title='bbox 3110 1605 3303 1659; x_wconf 77' lang='lat' dir='ltr'><strong>factum</strong></span> <span class='ocrx_word' id='word_1_221' title='bbox 3332 1611 3417 1659; x_wconf 84' lang='lat' dir='ltr'><strong>est</strong></span> <span class='ocrx_word' id='word_1_222' title='bbox 3443 1602 3764 1671; x_wconf 78' lang='lat' dir='ltr'><strong>divortium,</strong></span> <span class='ocrx_word' id='word_1_223' title='bbox 3796 1602 3881 1659; x_wconf 79' lang='lat' dir='ltr'><strong>vi-</strong></span> 
     </span>
    </p>
   </div>
   <div class='ocr_carea' id='block_1_31' title="bbox 2293 1696 3875 1767">
    <p class='ocr_par' dir='ltr' id='par_1_31' title="bbox 2293 1696 3875 1767">
     <span class='ocr_line' id='line_1_31' title="bbox 2293 1696 3875 1767; baseline 0 -15"><span class='ocrx_word' id='word_1_224' title='bbox 2293 1699 2418 1763; x_wconf 90' lang='lat' dir='ltr'><strong>deo,</strong></span> <span class='ocrx_word' id='word_1_225' title='bbox 2451 1698 2732 1755; x_wconf 85' lang='lat' dir='ltr'><strong>mulierem</strong></span> <span class='ocrx_word' id='word_1_226' title='bbox 2762 1698 2907 1755; x_wconf 88' lang='lat' dir='ltr'><strong>dotis</strong></span> <span class='ocrx_word' id='word_1_227' title='bbox 2936 1708 3085 1767; x_wconf 88' lang='lat' dir='ltr'><strong>parte</strong></span> <span class='ocrx_word' id='word_1_228' title='bbox 3111 1712 3217 1752; x_wconf 89' lang='lat' dir='ltr'><strong>non</strong></span> <span class='ocrx_word' id='word_1_229' title='bbox 3243 1711 3403 1767; x_wconf 84' lang='lat' dir='ltr'><strong>posse</strong></span> <span class='ocrx_word' id='word_1_230' title='bbox 3432 1696 3681 1762; x_wconf 80' lang='lat' dir='ltr'><strong>multari,</strong></span> <span class='ocrx_word' id='word_1_231' title='bbox 3707 1696 3875 1752; x_wconf 83' lang='lat' dir='ltr'><strong>etiam</strong></span> 
     </span>
    </p>
   </div>
   <div class='ocr_carea' id='block_1_32' title="bbox 2295 1785 3879 1861">
    <p class='ocr_par' dir='ltr' id='par_1_32' title="bbox 2295 1785 3879 1861">
     <span class='ocr_line' id='line_1_32' title="bbox 2295 1785 3879 1861; baseline 0 -20"><span class='ocrx_word' id='word_1_232' title='bbox 2295 1787 2340 1841; x_wconf 88' lang='lat' dir='ltr'><strong>si</strong></span> <span class='ocrx_word' id='word_1_233' title='bbox 2371 1787 2541 1858; x_wconf 86' lang='lat' dir='ltr'><strong>prima</strong></span> <span class='ocrx_word' id='word_1_234' title='bbox 2571 1788 2780 1855; x_wconf 87' lang='lat' dir='ltr'><strong>repudii</strong></span> <span class='ocrx_word' id='word_1_235' title='bbox 2806 1788 3051 1843; x_wconf 85' lang='lat' dir='ltr'><strong>nuntium</strong></span> <span class='ocrx_word' id='word_1_236' title='bbox 3081 1788 3249 1843; x_wconf 87' lang='lat' dir='ltr'><strong>misit.</strong></span> <span class='ocrx_word' id='word_1_237' title='bbox 3278 1785 3434 1855; x_wconf 80' lang='lat' dir='ltr'><strong>Quod</strong></span> <span class='ocrx_word' id='word_1_238' title='bbox 3460 1786 3603 1841; x_wconf 88' lang='lat' dir='ltr'><strong>enim</strong></span> <span class='ocrx_word' id='word_1_239' title='bbox 3633 1794 3879 1861; x_wconf 46' lang='lat' dir='ltr'><strong>antecesr</strong></span> 
     </span>
    </p>
   </div>
   <div class='ocr_carea' id='block_1_33' title="bbox 604 1850 3879 1949">
    <p class='ocr_par' dir='ltr' id='par_1_33' title="bbox 604 1850 3879 1949">
     <span class='ocr_line' id='line_1_33' title="bbox 604 1850 3879 1949; baseline 0.001 -17"><span class='ocrx_word' id='word_1_240' title='bbox 604 1850 841 1942; x_wconf 77' lang='lat' dir='ltr'><strong>feratur,</strong></span> <span class='ocrx_word' id='word_1_241' title='bbox 859 1876 1003 1946; x_wconf 91' lang='lat' dir='ltr'><strong>quod</strong></span> <span class='ocrx_word' id='word_1_242' title='bbox 1044 1878 1165 1949; x_wconf 82' lang='lat' dir='ltr'><strong>quia</strong></span> <span class='ocrx_word' id='word_1_243' title='bbox 1197 1850 1320 1935; x_wconf 20' lang='lat' dir='ltr'><strong>‘ﬁeri</strong></span> <span class='ocrx_word' id='word_1_244' title='bbox 1364 1850 1471 1939; x_wconf 83' lang='lat' dir='ltr'><strong>non</strong></span> <span class='ocrx_word' id='word_1_245' title='bbox 1502 1884 1744 1946; x_wconf 82' lang='lat' dir='ltr'><strong>oportet,</strong></span> <span class='ocrx_word' id='word_1_246' title='bbox 1774 1891 1843 1930; x_wconf 83' lang='lat' dir='ltr'><strong>ne</strong></span> <span class='ocrx_word' id='word_1_247' title='bbox 1867 1875 1941 1935; x_wconf 87' lang='lat' dir='ltr'><strong>rei</strong></span> <span class='ocrx_word' id='word_1_248' title='bbox 1971 1874 2189 1945; x_wconf 88' lang='lat' dir='ltr'><strong>quidem</strong></span> <span class='ocrx_word' id='word_1_249' title='bbox 2220 1868 2269 1937; x_wconf 83' lang='lat' dir='ltr'><strong>B</strong></span> <span class='ocrx_word' id='word_1_250' title='bbox 2294 1850 2395 1944; x_wconf 61' lang='lat' dir='ltr'><strong>sit,</strong></span> <span class='ocrx_word' id='word_1_251' title='bbox 2429 1888 2487 1933; x_wconf 91' lang='lat' dir='ltr'><strong>ut</strong></span> <span class='ocrx_word' id='word_1_252' title='bbox 2516 1878 2618 1933; x_wconf 78' lang='lat' dir='ltr'><strong>viri</strong></span> <span class='ocrx_word' id='word_1_253' title='bbox 2635 1850 2797 1947; x_wconf 27' lang='lat' dir='ltr'><strong>iculpa</strong></span> <span class='ocrx_word' id='word_1_254' title='bbox 2844 1879 2996 1935; x_wconf 81' lang='lat' dir='ltr'><strong>heret</strong></span> <span class='ocrx_word' id='word_1_255' title='bbox 3037 1850 3357 1945; x_wconf 72' lang='lat' dir='ltr'><strong>divortium,</strong></span> <span class='ocrx_word' id='word_1_256' title='bbox 3389 1878 3441 1933; x_wconf 91' lang='lat' dir='ltr'><strong>id</strong></span> <span class='ocrx_word' id='word_1_257' title='bbox 3482 1893 3585 1933; x_wconf 91' lang='lat' dir='ltr'><strong>non</strong></span> <span class='ocrx_word' id='word_1_258' title='bbox 3616 1850 3879 1947; x_wconf 71' lang='lat' dir='ltr'><strong>permittit</strong></span> 
     </span>
    </p>
   </div>
   <div class='ocr_carea' id='block_1_34' title="bbox 604 1966 2188 2040">
    <p class='ocr_par' dir='ltr' id='par_1_34' title="bbox 604 1966 2188 2040">
     <span class='ocr_line' id='line_1_34' title="bbox 604 1966 2188 2040; baseline 0.001 -18"><span class='ocrx_word' id='word_1_259' title='bbox 604 1968 964 2040; x_wconf 58' lang='lat' dir='ltr'><strong>praecedentis</strong></span> <span class='ocrx_word' id='word_1_260' title='bbox 992 1970 1226 2037; x_wconf 77' lang='lat' dir='ltr'><strong>existere</strong></span> <span class='ocrx_word' id='word_1_261' title='bbox 1263 1968 1479 2027; x_wconf 84' lang='lat' dir='ltr'><strong>debebit</strong></span> <span class='ocrx_word' id='word_1_262' title='bbox 1507 1968 1833 2037; x_wconf 77' lang='lat' dir='ltr'><strong>exemplum.</strong></span> <span class='ocrx_word' id='word_1_263' title='bbox 1868 1966 1977 2023; x_wconf 90' lang='lat' dir='ltr'><strong>Nec</strong></span> <span class='ocrx_word' id='word_1_264' title='bbox 2010 1977 2188 2025; x_wconf 91' lang='lat' dir='ltr'><strong>tamen</strong></span> 
     </span>
    </p>
   </div>
   <div class='ocr_carea' id='block_1_35' title="bbox 605 2048 2186 2129">
    <p class='ocr_par' dir='ltr' id='par_1_35' title="bbox 605 2048 2186 2129">
     <span class='ocr_line' id='line_1_35' title="bbox 605 2048 2186 2129; baseline -0.002 -12"><span class='ocrx_word' id='word_1_265' title='bbox 605 2048 909 2127; x_wconf 86' lang='lat' dir='ltr'><strong>necessaria</strong></span> <span class='ocrx_word' id='word_1_266' title='bbox 939 2066 1023 2125; x_wconf 90' lang='lat' dir='ltr'><strong>est</strong></span> <span class='ocrx_word' id='word_1_267' title='bbox 1063 2060 1393 2127; x_wconf 83' lang='lat' dir='ltr'><strong>consecutio,</strong></span> <span class='ocrx_word' id='word_1_268' title='bbox 1426 2059 1522 2115; x_wconf 91' lang='lat' dir='ltr'><strong>sed</strong></span> <span class='ocrx_word' id='word_1_269' title='bbox 1553 2059 1748 2127; x_wconf 75' lang='lat' dir='ltr'><strong>vicina.</strong></span> <span class='ocrx_word' id='word_1_270' title='bbox 1780 2059 1910 2115; x_wconf 84' lang='lat' dir='ltr'><strong>Nam</strong></span> <span class='ocrx_word' id='word_1_271' title='bbox 1944 2058 2062 2114; x_wconf 81' lang='lat' dir='ltr'><strong>ﬁeri</strong></span> <span class='ocrx_word' id='word_1_272' title='bbox 2090 2075 2186 2129; x_wconf 88' lang='lat' dir='ltr'><strong>po-</strong></span> 
     </span>
    </p>
   </div>
   <div class='ocr_carea' id='block_1_36' title="bbox 607 2149 2193 2221">
    <p class='ocr_par' dir='ltr' id='par_1_36' title="bbox 607 2149 2193 2221">
     <span class='ocr_line' id='line_1_36' title="bbox 607 2149 2193 2221; baseline 0 -16"><span class='ocrx_word' id='word_1_273' title='bbox 607 2158 718 2221; x_wconf 85' lang='lat' dir='ltr'><strong>test</strong></span> <span class='ocrx_word' id='word_1_274' title='bbox 743 2159 803 2206; x_wconf 92' lang='lat' dir='ltr'><strong>ut</strong></span> <span class='ocrx_word' id='word_1_275' title='bbox 833 2149 887 2206; x_wconf 87' lang='lat' dir='ltr'><strong>id</strong></span> <span class='ocrx_word' id='word_1_276' title='bbox 912 2150 1201 2221; x_wconf 74' lang='lat' dir='ltr'><strong>recipiatur</strong></span> <span class='ocrx_word' id='word_1_277' title='bbox 1243 2152 1417 2217; x_wconf 89' lang='lat' dir='ltr'><strong>solum</strong></span> <span class='ocrx_word' id='word_1_278' title='bbox 1448 2150 1739 2217; x_wconf 81' lang='lat' dir='ltr'><strong>secundum</strong></span> <span class='ocrx_word' id='word_1_279' title='bbox 1768 2150 2007 2207; x_wconf 90' lang='lat' dir='ltr'><strong>mulieris</strong></span> <span class='ocrx_word' id='word_1_280' title='bbox 2037 2151 2193 2211; x_wconf 80' lang='lat' dir='ltr'><strong>tabu-</strong></span> 
     </span>
    </p>
   </div>
   <div class='ocr_carea' id='block_1_37' title="bbox 606 2238 2190 2313">
    <p class='ocr_par' dir='ltr' id='par_1_37' title="bbox 606 2238 2190 2313">
     <span class='ocr_line' id='line_1_37' title="bbox 606 2238 2190 2313; baseline -0.001 -15"><span class='ocrx_word' id='word_1_281' title='bbox 606 2238 689 2298; x_wconf 85' lang='lat' dir='ltr'><strong>las</strong></span> <span class='ocrx_word' id='word_1_282' title='bbox 745 2241 1139 2313; x_wconf 84' lang='lat' dir='ltr'><strong>possessionern</strong></span> <span class='ocrx_word' id='word_1_283' title='bbox 1185 2241 1333 2310; x_wconf 87' lang='lat' dir='ltr'><strong>dari,</strong></span> <span class='ocrx_word' id='word_1_284' title='bbox 1382 2258 1488 2301; x_wconf 90' lang='lat' dir='ltr'><strong>non</strong></span> <span class='ocrx_word' id='word_1_285' title='bbox 1529 2256 1659 2299; x_wconf 88' lang='lat' dir='ltr'><strong>vero</strong></span> <span class='ocrx_word' id='word_1_286' title='bbox 1705 2242 1756 2309; x_wconf 83' lang='lat' dir='ltr'><strong>id</strong></span> <span class='ocrx_word' id='word_1_287' title='bbox 1795 2250 1855 2296; x_wconf 92' lang='lat' dir='ltr'><strong>ut</strong></span> <span class='ocrx_word' id='word_1_288' title='bbox 1895 2242 2190 2305; x_wconf 89' lang='lat' dir='ltr'><strong>secundum</strong></span> 
     </span>
    </p>
   </div>
   <div class='ocr_carea' id='block_1_38' title="bbox 607 2334 2190 2407">
    <p class='ocr_par' dir='ltr' id='par_1_38' title="bbox 607 2334 2190 2407">
     <span class='ocr_line' id='line_1_38' title="bbox 607 2334 2190 2407; baseline 0 -18"><span class='ocrx_word' id='word_1_289' title='bbox 607 2334 820 2389; x_wconf 89' lang='lat' dir='ltr'><strong>tabulas</strong></span> <span class='ocrx_word' id='word_1_290' title='bbox 864 2350 1140 2405; x_wconf 84' lang='lat' dir='ltr'><strong>servorum</strong></span> <span class='ocrx_word' id='word_1_291' title='bbox 1180 2336 1265 2401; x_wconf 90' lang='lat' dir='ltr'><strong>vel</strong></span> <span class='ocrx_word' id='word_1_292' title='bbox 1298 2350 1580 2407; x_wconf 90' lang='lat' dir='ltr'><strong>puerorum</strong></span> <span class='ocrx_word' id='word_1_293' title='bbox 1613 2335 1881 2405; x_wconf 90' lang='lat' dir='ltr'><strong>possessio</strong></span> <span class='ocrx_word' id='word_1_294' title='bbox 1922 2335 2190 2391; x_wconf 86' lang='lat' dir='ltr'><strong>conceda-</strong></span> 
     </span>
    </p>
   </div>
   <div class='ocr_carea' id='block_1_39' title="bbox 608 2424 2187 2498">
    <p class='ocr_par' dir='ltr' id='par_1_39' title="bbox 608 2424 2187 2498">
     <span class='ocr_line' id='line_1_39' title="bbox 608 2424 2187 2498; baseline 0.001 -17"><span class='ocrx_word' id='word_1_295' title='bbox 608 2434 719 2482; x_wconf 92' lang='lat' dir='ltr'><strong>tur.</strong></span> <span class='ocrx_word' id='word_1_296' title='bbox 746 2426 850 2483; x_wconf 87' lang='lat' dir='ltr'><strong>Sed</strong></span> <span class='ocrx_word' id='word_1_297' title='bbox 899 2424 1200 2497; x_wconf 80' lang='lat' dir='ltr'><strong>proximum</strong></span> <span class='ocrx_word' id='word_1_298' title='bbox 1246 2436 1331 2483; x_wconf 74' lang='lat' dir='ltr'><strong>est</strong></span> <span class='ocrx_word' id='word_1_299' title='bbox 1377 2438 1433 2485; x_wconf 92' lang='lat' dir='ltr'><strong>ut</strong></span> <span class='ocrx_word' id='word_1_300' title='bbox 1478 2428 1567 2498; x_wconf 92' lang='lat' dir='ltr'><strong>qui</strong></span> <span class='ocrx_word' id='word_1_301' title='bbox 1609 2442 1751 2495; x_wconf 82' lang='lat' dir='ltr'><strong>nunc</strong></span> <span class='ocrx_word' id='word_1_302' title='bbox 1796 2427 1901 2482; x_wconf 91' lang='lat' dir='ltr'><strong>hoc</strong></span> <span class='ocrx_word' id='word_1_303' title='bbox 1952 2427 2187 2497; x_wconf 89' lang='lat' dir='ltr'><strong>recepit,</strong></span> 
     </span>
    </p>
   </div>
   <div class='ocr_carea' id='block_1_40' title="bbox 608 2518 2188 2589">
    <p class='ocr_par' dir='ltr' id='par_1_40' title="bbox 608 2518 2188 2589">
     <span class='ocr_line' id='line_1_40' title="bbox 608 2518 2188 2589; baseline -0.001 -17"><span class='ocrx_word' id='word_1_304' title='bbox 608 2518 878 2589; x_wconf 86' lang='lat' dir='ltr'><strong>posterius</strong></span> <span class='ocrx_word' id='word_1_305' title='bbox 936 2518 1064 2573; x_wconf 87' lang='lat' dir='ltr'><strong>illud</strong></span> <span class='ocrx_word' id='word_1_306' title='bbox 1123 2520 1388 2575; x_wconf 85' lang='lat' dir='ltr'><strong>admittat.</strong></span> <span class='ocrx_word' id='word_1_307' title='bbox 1450 2520 1545 2574; x_wconf 79' lang='lat' dir='ltr'><strong>Est</strong></span> <span class='ocrx_word' id='word_1_308' title='bbox 1602 2520 1764 2588; x_wconf 81' lang='lat' dir='ltr'><strong>igitur</strong></span> <span class='ocrx_word' id='word_1_309' title='bbox 1815 2528 2188 2588; x_wconf 86' lang='lat' dir='ltr'><strong>argumentum</strong></span> 
     </span>
    </p>
   </div>
   <div class='ocr_carea' id='block_1_41' title="bbox 608 2607 2191 2680">
    <p class='ocr_par' dir='ltr' id='par_1_41' title="bbox 608 2607 2191 2680">
     <span class='ocr_line' id='line_1_41' title="bbox 608 2607 2191 2680; baseline 0.001 -16"><span class='ocrx_word' id='word_1_310' title='bbox 608 2609 682 2664; x_wconf 87' lang='lat' dir='ltr'><strong>ab</strong></span> <span class='ocrx_word' id='word_1_311' title='bbox 725 2607 1013 2678; x_wconf 71' lang='lat' dir='ltr'><strong>adiunctis,</strong></span> <span class='ocrx_word' id='word_1_312' title='bbox 1052 2609 1104 2665; x_wconf 90' lang='lat' dir='ltr'><strong>id</strong></span> <span class='ocrx_word' id='word_1_313' title='bbox 1134 2620 1215 2666; x_wconf 91' lang='lat' dir='ltr'><strong>est</strong></span> <span class='ocrx_word' id='word_1_314' title='bbox 1255 2612 1323 2665; x_wconf 89' lang='lat' dir='ltr'><strong>ab</strong></span> <span class='ocrx_word' id='word_1_315' title='bbox 1367 2626 1433 2666; x_wconf 89' lang='lat' dir='ltr'><strong>eo</strong></span> <span class='ocrx_word' id='word_1_316' title='bbox 1462 2611 1601 2680; x_wconf 90' lang='lat' dir='ltr'><strong>quod</strong></span> <span class='ocrx_word' id='word_1_317' title='bbox 1650 2613 1701 2664; x_wconf 91' lang='lat' dir='ltr'><strong>in</strong></span> <span class='ocrx_word' id='word_1_318' title='bbox 1748 2611 1864 2679; x_wconf 86' lang='lat' dir='ltr'><strong>ipso</strong></span> <span class='ocrx_word' id='word_1_319' title='bbox 1911 2610 2079 2666; x_wconf 71' lang='lat' dir='ltr'><strong>[mret</strong></span> <span class='ocrx_word' id='word_1_320' title='bbox 2125 2609 2191 2665; x_wconf 87' lang='lat' dir='ltr'><strong>de</strong></span> 
     </span>
    </p>
   </div>
   <div class='ocr_carea' id='block_1_42' title="bbox 608 2701 2191 2773">
    <p class='ocr_par' dir='ltr' id='par_1_42' title="bbox 608 2701 2191 2773">
     <span class='ocr_line' id='line_1_42' title="bbox 608 2701 2191 2773; baseline 0.001 -20"><span class='ocrx_word' id='word_1_321' title='bbox 608 2715 719 2772; x_wconf 91' lang='lat' dir='ltr'><strong>quo</strong></span> <span class='ocrx_word' id='word_1_322' title='bbox 750 2704 1025 2773; x_wconf 64' lang='lat' dir='ltr'><strong>quaeritur.</strong></span> <span class='ocrx_word' id='word_1_323' title='bbox 1056 2701 1151 2756; x_wconf 86' lang='lat' dir='ltr'><strong>Est</strong></span> <span class='ocrx_word' id='word_1_324' title='bbox 1196 2712 1372 2757; x_wconf 86' lang='lat' dir='ltr'><strong>autem</strong></span> <span class='ocrx_word' id='word_1_325' title='bbox 1404 2701 1629 2772; x_wconf 68' lang='lat' dir='ltr'><strong>qumstio</strong></span> <span class='ocrx_word' id='word_1_326' title='bbox 1674 2701 1740 2756; x_wconf 92' lang='lat' dir='ltr'><strong>de</strong></span> <span class='ocrx_word' id='word_1_327' title='bbox 1771 2702 2009 2756; x_wconf 88' lang='lat' dir='ltr'><strong>mulieris</strong></span> <span class='ocrx_word' id='word_1_328' title='bbox 2055 2715 2191 2757; x_wconf 86' lang='lat' dir='ltr'><strong>nun-</strong></span> 
     </span>
    </p>
   </div>
   <div class='ocr_carea' id='block_1_43' title="bbox 609 2778 2192 2863">
    <p class='ocr_par' dir='ltr' id='par_1_43' title="bbox 609 2778 2192 2863">
     <span class='ocr_line' id='line_1_43' title="bbox 609 2778 2192 2863; baseline -0.001 -17"><span class='ocrx_word' id='word_1_329' title='bbox 609 2778 772 2861; x_wconf 90' lang='lat' dir='ltr'><strong>quam</strong></span> <span class='ocrx_word' id='word_1_330' title='bbox 811 2789 1082 2863; x_wconf 68' lang='lat' dir='ltr'><strong>diminutas</strong></span> <span class='ocrx_word' id='word_1_331' title='bbox 1126 2792 1357 2858; x_wconf 84' lang='lat' dir='ltr'><strong>tabulis,</strong></span> <span class='ocrx_word' id='word_1_332' title='bbox 1400 2793 1465 2863; x_wconf 84' lang='lat' dir='ltr'><strong>ab</strong></span> <span class='ocrx_word' id='word_1_333' title='bbox 1502 2791 1703 2851; x_wconf 80' lang='lat' dir='ltr'><strong>alleCtis</strong></span> <span class='ocrx_word' id='word_1_334' title='bbox 1745 2791 1950 2847; x_wconf 75' lang='lat' dir='ltr'><strong>scilicet</strong></span> <span class='ocrx_word' id='word_1_335' title='bbox 1985 2791 2053 2846; x_wconf 91' lang='lat' dir='ltr'><strong>ab</strong></span> <span class='ocrx_word' id='word_1_336' title='bbox 2099 2793 2192 2846; x_wconf 89' lang='lat' dir='ltr'><strong>ab-</strong></span> 
     </span>
    </p>
   </div>
   <div class='ocr_carea' id='block_1_44' title="bbox 608 2882 2192 2957">
    <p class='ocr_par' dir='ltr' id='par_1_44' title="bbox 608 2882 2192 2957">
     <span class='ocr_line' id='line_1_44' title="bbox 608 2882 2192 2957; baseline -0.001 -17"><span class='ocrx_word' id='word_1_337' title='bbox 608 2882 833 2956; x_wconf 84' lang='lat' dir='ltr'><strong>junctis.</strong></span> <span class='ocrx_word' id='word_1_338' title='bbox 874 2884 1102 2955; x_wconf 78' lang='lat' dir='ltr'><strong>Maxima</strong></span> <span class='ocrx_word' id='word_1_339' title='bbox 1155 2884 1470 2957; x_wconf 88' lang='lat' dir='ltr'><strong>propositio,</strong></span> <span class='ocrx_word' id='word_1_340' title='bbox 1517 2900 1582 2940; x_wconf 81' lang='lat' dir='ltr'><strong>ex</strong></span> <span class='ocrx_word' id='word_1_341' title='bbox 1630 2884 1895 2954; x_wconf 69' lang='lat' dir='ltr'><strong>adjunctis</strong></span> <span class='ocrx_word' id='word_1_342' title='bbox 1942 2885 2192 2954; x_wconf 83' lang='lat' dir='ltr'><strong>adjuncta</strong></span> 
     </span>
    </p>
   </div>
   <div class='ocr_carea' id='block_1_45' title="bbox 611 2975 891 3048">
    <p class='ocr_par' dir='ltr' id='par_1_45' title="bbox 611 2975 891 3048">
     <span class='ocr_line' id='line_1_45' title="bbox 611 2975 891 3048; baseline -0.011 -14"><span class='ocrx_word' id='word_1_343' title='bbox 611 2975 891 3048; x_wconf 89' lang='lat' dir='ltr'><strong>perpendi.</strong></span> 
     </span>
    </p>
   </div>
   <div class='ocr_carea' id='block_1_46' title="bbox 685 3076 2191 3147">
    <p class='ocr_par' dir='ltr' id='par_1_46' title="bbox 685 3076 2191 3147">
     <span class='ocr_line' id='line_1_46' title="bbox 685 3076 2191 3147; baseline -0.003 -14"><span class='ocrx_word' id='word_1_344' title='bbox 685 3078 762 3133; x_wconf 86' lang='lat' dir='ltr'><strong>Ab</strong></span> <span class='ocrx_word' id='word_1_345' title='bbox 792 3078 1205 3137; x_wconf 78' lang='lat' dir='ltr'><strong>antecedentibus</strong></span> <span class='ocrx_word' id='word_1_346' title='bbox 1245 3085 1447 3145; x_wconf 81' lang='lat' dir='ltr'><strong>autem,</strong></span> <span class='ocrx_word' id='word_1_347' title='bbox 1483 3084 1529 3132; x_wconf 86' lang='lat' dir='ltr'><strong>et</strong></span> <span class='ocrx_word' id='word_1_348' title='bbox 1571 3076 2003 3147; x_wconf 69' lang='lat' dir='ltr'><strong>consequentibus,</strong></span> <span class='ocrx_word' id='word_1_349' title='bbox 2036 3084 2082 3131; x_wconf 82' lang='lat' dir='ltr'><strong>et</strong></span> <span class='ocrx_word' id='word_1_350' title='bbox 2109 3091 2191 3130; x_wconf 59' lang='lat' dir='ltr'><strong>re.</strong></span> 
     </span>
    </p>
   </div>
   <div class='ocr_carea' id='block_1_47' title="bbox 614 3164 2192 3241">
    <p class='ocr_par' dir='ltr' id='par_1_47' title="bbox 614 3164 2192 3241">
     <span class='ocr_line' id='line_1_47' title="bbox 614 3164 2192 3241; baseline -0.003 -17"><span class='ocrx_word' id='word_1_351' title='bbox 614 3170 984 3241; x_wconf 74' lang='lat' dir='ltr'><strong>pugnantibus,</strong></span> <span class='ocrx_word' id='word_1_352' title='bbox 1032 3171 1127 3226; x_wconf 81' lang='lat' dir='ltr'><strong>hoc</strong></span> <span class='ocrx_word' id='word_1_353' title='bbox 1172 3171 1319 3225; x_wconf 77' lang='lat' dir='ltr'><strong>modo</strong></span> <span class='ocrx_word' id='word_1_354' title='bbox 1350 3185 1370 3225; x_wconf 89' lang='lat'><strong><em>:</em></strong></span> <span class='ocrx_word' id='word_1_355' title='bbox 1408 3170 1483 3224; x_wconf 82' lang='lat' dir='ltr'><strong>Ab</strong></span> <span class='ocrx_word' id='word_1_356' title='bbox 1528 3168 1965 3234; x_wconf 77' lang='lat' dir='ltr'><strong>antecedentibus,</strong></span> <span class='ocrx_word' id='word_1_357' title='bbox 2008 3168 2051 3220; x_wconf 82' lang='lat' dir='ltr'><strong>si</strong></span> <span class='ocrx_word' id='word_1_358' title='bbox 2097 3164 2192 3221; x_wconf 83' lang='lat' dir='ltr'><strong>viri</strong></span> 
     </span>
    </p>
   </div>
   <div class='ocr_carea' id='block_1_48' title="bbox 2298 1967 3873 2040">
    <p class='ocr_par' dir='ltr' id='par_1_48' title="bbox 2298 1967 3873 2040">
     <span class='ocr_line' id='line_1_48' title="bbox 2298 1967 3873 2040; baseline 0.001 -17"><span class='ocrx_word' id='word_1_359' title='bbox 2298 1977 2355 2031; x_wconf 90' lang='lat' dir='ltr'><strong>ut</strong></span> <span class='ocrx_word' id='word_1_360' title='bbox 2382 1968 2524 2023; x_wconf 87' lang='lat' dir='ltr'><strong>dotis</strong></span> <span class='ocrx_word' id='word_1_361' title='bbox 2554 1984 2675 2037; x_wconf 90' lang='lat' dir='ltr'><strong>pars</strong></span> <span class='ocrx_word' id='word_1_362' title='bbox 2707 1968 2919 2025; x_wconf 88' lang='lat' dir='ltr'><strong>mulieri</strong></span> <span class='ocrx_word' id='word_1_363' title='bbox 2946 1978 3165 2040; x_wconf 89' lang='lat' dir='ltr'><strong>pereat,</strong></span> <span class='ocrx_word' id='word_1_364' title='bbox 3192 1970 3435 2039; x_wconf 79' lang='lat' dir='ltr'><strong>quamvis</strong></span> <span class='ocrx_word' id='word_1_365' title='bbox 3465 1970 3633 2037; x_wconf 78' lang='lat' dir='ltr'><strong>prima</strong></span> <span class='ocrx_word' id='word_1_366' title='bbox 3659 1967 3873 2039; x_wconf 83' lang='lat' dir='ltr'><strong>repudii</strong></span> 
     </span>
    </p>
   </div>
   <div class='ocr_carea' id='block_1_49' title="bbox 2298 2059 3877 2131">
    <p class='ocr_par' dir='ltr' id='par_1_49' title="bbox 2298 2059 3877 2131">
     <span class='ocr_line' id='line_1_49' title="bbox 2298 2059 3877 2131; baseline 0 -17"><span class='ocrx_word' id='word_1_367' title='bbox 2298 2061 2542 2115; x_wconf 90' lang='lat' dir='ltr'><strong>nuntium</strong></span> <span class='ocrx_word' id='word_1_368' title='bbox 2574 2061 2774 2119; x_wconf 87' lang='lat' dir='ltr'><strong>mittat.</strong></span> <span class='ocrx_word' id='word_1_369' title='bbox 2807 2060 2924 2125; x_wconf 81' lang='lat' dir='ltr'><strong>Non</strong></span> <span class='ocrx_word' id='word_1_370' title='bbox 2951 2061 3094 2117; x_wconf 87' lang='lat' dir='ltr'><strong>cnim</strong></span> <span class='ocrx_word' id='word_1_371' title='bbox 3121 2061 3244 2131; x_wconf 90' lang='lat' dir='ltr'><strong>quia</strong></span> <span class='ocrx_word' id='word_1_372' title='bbox 3272 2059 3419 2129; x_wconf 87' lang='lat' dir='ltr'><strong>prius</strong></span> <span class='ocrx_word' id='word_1_373' title='bbox 3448 2059 3684 2115; x_wconf 69' lang='lat' dir='ltr'><strong>libellum</strong></span> <span class='ocrx_word' id='word_1_374' title='bbox 3712 2073 3877 2128; x_wconf 82' lang='lat' dir='ltr'><strong>repu-</strong></span> 
     </span>
    </p>
   </div>
   <div class='ocr_carea' id='block_1_50' title="bbox 2278 2149 3872 2223">
    <p class='ocr_par' dir='ltr' id='par_1_50' title="bbox 2278 2149 3872 2223">
     <span class='ocr_line' id='line_1_50' title="bbox 2278 2149 3872 2223; baseline -0.001 -18"><span class='ocrx_word' id='word_1_375' title='bbox 2278 2152 2369 2206; x_wconf 84' lang='lat' dir='ltr'><strong>dii</strong></span> <span class='ocrx_word' id='word_1_376' title='bbox 2399 2153 2661 2209; x_wconf 77' lang='lat' dir='ltr'><strong>nuntiavit</strong></span> <span class='ocrx_word' id='word_1_377' title='bbox 2705 2152 2848 2213; x_wconf 85' lang='lat' dir='ltr'><strong>dotis</strong></span> <span class='ocrx_word' id='word_1_378' title='bbox 2888 2160 3041 2223; x_wconf 85' lang='lat' dir='ltr'><strong>parte</strong></span> <span class='ocrx_word' id='word_1_379' title='bbox 3085 2151 3512 2215; x_wconf 83' lang='lat' dir='ltr'><strong>multandaest,</strong></span> <span class='ocrx_word' id='word_1_380' title='bbox 3544 2149 3641 2206; x_wconf 83' lang='lat' dir='ltr'><strong>sed</strong></span> <span class='ocrx_word' id='word_1_381' title='bbox 3689 2149 3872 2209; x_wconf 71' lang='lat' dir='ltr'><strong>absol-</strong></span> 
     </span>
    </p>
   </div>
   <div class='ocr_carea' id='block_1_51' title="bbox 2299 2240 3875 2313">
    <p class='ocr_par' dir='ltr' id='par_1_51' title="bbox 2299 2240 3875 2313">
     <span class='ocr_line' id='line_1_51' title="bbox 2299 2240 3875 2313; baseline -0.001 -14"><span class='ocrx_word' id='word_1_382' title='bbox 2299 2244 2468 2300; x_wconf 89' lang='lat' dir='ltr'><strong>venda</strong></span> <span class='ocrx_word' id='word_1_383' title='bbox 2504 2246 2680 2312; x_wconf 85' lang='lat' dir='ltr'><strong>potius</strong></span> <span class='ocrx_word' id='word_1_384' title='bbox 2705 2245 2926 2313; x_wconf 90' lang='lat' dir='ltr'><strong>damno,</strong></span> <span class='ocrx_word' id='word_1_385' title='bbox 2956 2242 3098 2313; x_wconf 91' lang='lat' dir='ltr'><strong>quod</strong></span> <span class='ocrx_word' id='word_1_386' title='bbox 3127 2256 3234 2305; x_wconf 87' lang='lat' dir='ltr'><strong>non</strong></span> <span class='ocrx_word' id='word_1_387' title='bbox 3260 2257 3355 2301; x_wconf 83' lang='lat' dir='ltr'><strong>sua</strong></span> <span class='ocrx_word' id='word_1_388' title='bbox 3396 2241 3597 2298; x_wconf 81' lang='lat' dir='ltr'><strong>factum</strong></span> <span class='ocrx_word' id='word_1_389' title='bbox 3628 2249 3743 2309; x_wconf 78' lang='lat' dir='ltr'><strong>est,</strong></span> <span class='ocrx_word' id='word_1_390' title='bbox 3775 2240 3875 2297; x_wconf 86' lang='lat' dir='ltr'><strong>sed</strong></span> 
     </span>
    </p>
   </div>
   <div class='ocr_carea' id='block_1_52' title="bbox 2296 2332 3871 2407">
    <p class='ocr_par' dir='ltr' id='par_1_52' title="bbox 2296 2332 3871 2407">
     <span class='ocr_line' id='line_1_52' title="bbox 2296 2332 3871 2407; baseline -0.002 -17"><span class='ocrx_word' id='word_1_391' title='bbox 2296 2338 2395 2403; x_wconf 84' lang='lat' dir='ltr'><strong>viri</strong></span> <span class='ocrx_word' id='word_1_392' title='bbox 2423 2338 2579 2407; x_wconf 85' lang='lat' dir='ltr'><strong>culpa</strong></span> <span class='ocrx_word' id='word_1_393' title='bbox 2611 2337 2921 2393; x_wconf 89' lang='lat' dir='ltr'><strong>divortium.</strong></span> <span class='ocrx_word' id='word_1_394' title='bbox 2950 2336 3114 2406; x_wconf 80' lang='lat' dir='ltr'><strong>Igitur</strong></span> <span class='ocrx_word' id='word_1_395' title='bbox 3132 2333 3457 2391; x_wconf 79' lang='lat' dir='ltr'><strong>antecedens</strong></span> <span class='ocrx_word' id='word_1_396' title='bbox 3482 2342 3565 2391; x_wconf 87' lang='lat' dir='ltr'><strong>est</strong></span> <span class='ocrx_word' id='word_1_397' title='bbox 3588 2334 3685 2391; x_wconf 79' lang='lat' dir='ltr'><strong>viri</strong></span> <span class='ocrx_word' id='word_1_398' title='bbox 3714 2332 3871 2403; x_wconf 82' lang='lat' dir='ltr'><strong>culpa</strong></span> 
     </span>
    </p>
   </div>
   <div class='ocr_carea' id='block_1_53' title="bbox 2296 2423 3868 2495">
    <p class='ocr_par' dir='ltr' id='par_1_53' title="bbox 2296 2423 3868 2495">
     <span class='ocr_line' id='line_1_53' title="bbox 2296 2423 3868 2495; baseline -0.001 -12"><span class='ocrx_word' id='word_1_399' title='bbox 2296 2428 2494 2493; x_wconf 76' lang='lat' dir='ltr'><strong>factum</strong></span> <span class='ocrx_word' id='word_1_400' title='bbox 2544 2427 2866 2489; x_wconf 86' lang='lat' dir='ltr'><strong>divortium,</strong></span> <span class='ocrx_word' id='word_1_401' title='bbox 2918 2439 3256 2495; x_wconf 87' lang='lat' dir='ltr'><strong>consequens</strong></span> <span class='ocrx_word' id='word_1_402' title='bbox 3305 2439 3437 2485; x_wconf 82' lang='lat' dir='ltr'><strong>vero</strong></span> <span class='ocrx_word' id='word_1_403' title='bbox 3479 2423 3617 2483; x_wconf 76' lang='lat' dir='ltr'><strong>dotis</strong></span> <span class='ocrx_word' id='word_1_404' title='bbox 3662 2432 3868 2493; x_wconf 71' lang='lat' dir='ltr'><strong>partem</strong></span> 
     </span>
    </p>
   </div>
   <div class='ocr_carea' id='block_1_54' title="bbox 2298 2516 3866 2586">
    <p class='ocr_par' dir='ltr' id='par_1_54' title="bbox 2298 2516 3866 2586">
     <span class='ocr_line' id='line_1_54' title="bbox 2298 2516 3866 2586; baseline -0.002 -13"><span class='ocrx_word' id='word_1_405' title='bbox 2298 2534 2403 2585; x_wconf 88' lang='lat' dir='ltr'><strong>non</strong></span> <span class='ocrx_word' id='word_1_406' title='bbox 2435 2518 2677 2574; x_wconf 87' lang='lat' dir='ltr'><strong>retineri.</strong></span> <span class='ocrx_word' id='word_1_407' title='bbox 2708 2516 2838 2572; x_wconf 81' lang='lat' dir='ltr'><strong>Nam</strong></span> <span class='ocrx_word' id='word_1_408' title='bbox 2879 2516 2926 2573; x_wconf 91' lang='lat' dir='ltr'><strong>si</strong></span> <span class='ocrx_word' id='word_1_409' title='bbox 2950 2517 3055 2571; x_wconf 92' lang='lat' dir='ltr'><strong>hoc</strong></span> <span class='ocrx_word' id='word_1_410' title='bbox 3078 2526 3189 2584; x_wconf 88' lang='lat' dir='ltr'><strong>est,</strong></span> <span class='ocrx_word' id='word_1_411' title='bbox 3224 2516 3355 2574; x_wconf 83' lang='lat' dir='ltr'><strong>illud</strong></span> <span class='ocrx_word' id='word_1_412' title='bbox 3385 2526 3489 2579; x_wconf 79' lang='lat' dir='ltr'><strong>est.</strong></span> <span class='ocrx_word' id='word_1_413' title='bbox 3518 2518 3866 2586; x_wconf 74' lang='lat' dir='ltr'><strong>Argumenta-</strong></span> 
     </span>
    </p>
   </div>
   <div class='ocr_carea' id='block_1_55' title="bbox 2299 2605 3876 2677">
    <p class='ocr_par' dir='ltr' id='par_1_55' title="bbox 2299 2605 3876 2677">
     <span class='ocr_line' id='line_1_55' title="bbox 2299 2605 3876 2677; baseline -0.003 -11"><span class='ocrx_word' id='word_1_414' title='bbox 2299 2613 2498 2671; x_wconf 85' lang='lat' dir='ltr'><strong>tionem</strong></span> <span class='ocrx_word' id='word_1_415' title='bbox 2527 2625 2655 2665; x_wconf 85' lang='lat' dir='ltr'><strong>vero</strong></span> <span class='ocrx_word' id='word_1_416' title='bbox 2685 2608 2873 2665; x_wconf 74' lang='lat' dir='ltr'><strong>faciam</strong></span> <span class='ocrx_word' id='word_1_417' title='bbox 2901 2609 3006 2665; x_wconf 89' lang='lat' dir='ltr'><strong>hoc</strong></span> <span class='ocrx_word' id='word_1_418' title='bbox 3033 2608 3191 2663; x_wconf 90' lang='lat' dir='ltr'><strong>modo</strong></span> <span class='ocrx_word' id='word_1_419' title='bbox 3217 2626 3234 2661; x_wconf 83' lang='lat'><strong>:</strong></span> <span class='ocrx_word' id='word_1_420' title='bbox 3262 2606 3322 2664; x_wconf 75' lang='lat' dir='ltr'><strong>Si</strong></span> <span class='ocrx_word' id='word_1_421' title='bbox 3361 2607 3461 2662; x_wconf 86' lang='lat' dir='ltr'><strong>viri</strong></span> <span class='ocrx_word' id='word_1_422' title='bbox 3486 2606 3642 2677; x_wconf 86' lang='lat' dir='ltr'><strong>culpa</strong></span> <span class='ocrx_word' id='word_1_423' title='bbox 3676 2605 3876 2662; x_wconf 81' lang='lat' dir='ltr'><strong>factum</strong></span> 
     </span>
    </p>
   </div>
   <div class='ocr_carea' id='block_1_56' title="bbox 2294 2698 3875 2777">
    <p class='ocr_par' dir='ltr' id='par_1_56' title="bbox 2294 2698 3875 2777">
     <span class='ocr_line' id='line_1_56' title="bbox 2294 2698 3875 2777; baseline -0.004 -16"><span class='ocrx_word' id='word_1_424' title='bbox 2294 2714 2379 2763; x_wconf 84' lang='lat' dir='ltr'><strong>est</strong></span> <span class='ocrx_word' id='word_1_425' title='bbox 2415 2704 2738 2769; x_wconf 86' lang='lat' dir='ltr'><strong>divortium,</strong></span> <span class='ocrx_word' id='word_1_426' title='bbox 2764 2702 2976 2777; x_wconf 83' lang='lat' dir='ltr'><strong>etiamsi</strong></span> <span class='ocrx_word' id='word_1_427' title='bbox 3018 2702 3213 2759; x_wconf 88' lang='lat' dir='ltr'><strong>mulier.</strong></span> <span class='ocrx_word' id='word_1_428' title='bbox 3260 2700 3467 2771; x_wconf 82' lang='lat' dir='ltr'><strong>repudii</strong></span> <span class='ocrx_word' id='word_1_429' title='bbox 3507 2699 3747 2761; x_wconf 68' lang='lat' dir='ltr'><strong>nuntium</strong></span> <span class='ocrx_word' id='word_1_430' title='bbox 3779 2698 3875 2754; x_wconf 56' lang='lat' dir='ltr'><strong>mi.</strong></span> 
     </span>
    </p>
   </div>
   <div class='ocr_carea' id='block_1_57' title="bbox 2296 2789 3874 2867">
    <p class='ocr_par' dir='ltr' id='par_1_57' title="bbox 2296 2789 3874 2867">
     <span class='ocr_line' id='line_1_57' title="bbox 2296 2789 3874 2867; baseline -0.004 -14"><span class='ocrx_word' id='word_1_431' title='bbox 2296 2799 2396 2863; x_wconf 87' lang='lat' dir='ltr'><strong>sit,</strong></span> <span class='ocrx_word' id='word_1_432' title='bbox 2431 2797 2578 2852; x_wconf 90' lang='lat' dir='ltr'><strong>nullo</strong></span> <span class='ocrx_word' id='word_1_433' title='bbox 2606 2796 2764 2851; x_wconf 92' lang='lat' dir='ltr'><strong>modo</strong></span> <span class='ocrx_word' id='word_1_434' title='bbox 2795 2804 2975 2851; x_wconf 84' lang='lat' dir='ltr'><strong>tamen</strong></span> <span class='ocrx_word' id='word_1_435' title='bbox 3019 2794 3161 2850; x_wconf 88' lang='lat' dir='ltr'><strong>dotis</strong></span> <span class='ocrx_word' id='word_1_436' title='bbox 3203 2800 3359 2862; x_wconf 80' lang='lat' dir='ltr'><strong>parte</strong></span> <span class='ocrx_word' id='word_1_437' title='bbox 3400 2791 3733 2867; x_wconf 73' lang='lat' dir='ltr'><strong>multabitur.</strong></span> <span class='ocrx_word' id='word_1_438' title='bbox 3768 2789 3874 2847; x_wconf 77' lang='lat' dir='ltr'><strong>Sed</strong></span> 
     </span>
    </p>
   </div>
   <div class='ocr_carea' id='block_1_58' title="bbox 2299 2881 3875 2960">
    <p class='ocr_par' dir='ltr' id='par_1_58' title="bbox 2299 2881 3875 2960">
     <span class='ocr_line' id='line_1_58' title="bbox 2299 2881 3875 2960; baseline -0.001 -18"><span class='ocrx_word' id='word_1_439' title='bbox 2299 2890 2401 2944; x_wconf 83' lang='lat' dir='ltr'><strong>viri</strong></span> <span class='ocrx_word' id='word_1_440' title='bbox 2427 2890 2581 2960; x_wconf 86' lang='lat' dir='ltr'><strong>culpa</strong></span> <span class='ocrx_word' id='word_1_441' title='bbox 2613 2888 2895 2942; x_wconf 85' lang='lat' dir='ltr'><strong>divortium</strong></span> <span class='ocrx_word' id='word_1_442' title='bbox 2925 2886 3121 2940; x_wconf 81' lang='lat' dir='ltr'><strong>factum</strong></span> <span class='ocrx_word' id='word_1_443' title='bbox 3148 2893 3254 2940; x_wconf 90' lang='lat' dir='ltr'><strong>est.</strong></span> <span class='ocrx_word' id='word_1_444' title='bbox 3282 2881 3400 2942; x_wconf 78' lang='lat' dir='ltr'><strong>Non</strong></span> <span class='ocrx_word' id='word_1_445' title='bbox 3430 2882 3591 2954; x_wconf 83' lang='lat' dir='ltr'><strong>igitur</strong></span> <span class='ocrx_word' id='word_1_446' title='bbox 3615 2883 3735 2953; x_wconf 86' lang='lat' dir='ltr'><strong>jure</strong></span> <span class='ocrx_word' id='word_1_447' title='bbox 3759 2896 3875 2941; x_wconf 80' lang='lat' dir='ltr'><strong>mu-</strong></span> 
     </span>
    </p>
   </div>
   <div class='ocr_carea' id='block_1_59' title="bbox 2295 2976 3868 3057">
    <p class='ocr_par' dir='ltr' id='par_1_59' title="bbox 2295 2976 3868 3057">
     <span class='ocr_line' id='line_1_59' title="bbox 2295 2976 3868 3057; baseline -0.004 -21"><span class='ocrx_word' id='word_1_448' title='bbox 2295 2981 2396 3039; x_wconf 89' lang='lat' dir='ltr'><strong>lier</strong></span> <span class='ocrx_word' id='word_1_449' title='bbox 2424 2982 2562 3037; x_wconf 85' lang='lat' dir='ltr'><strong>dotis</strong></span> <span class='ocrx_word' id='word_1_450' title='bbox 2590 2989 2738 3050; x_wconf 87' lang='lat' dir='ltr'><strong>parte</strong></span> <span class='ocrx_word' id='word_1_451' title='bbox 2766 2979 3095 3041; x_wconf 85' lang='lat' dir='ltr'><strong>multabitur.</strong></span> <span class='ocrx_word' id='word_1_452' title='bbox 3129 2976 3281 3044; x_wconf 85' lang='lat' dir='ltr'><strong>Quod</strong></span> <span class='ocrx_word' id='word_1_453' title='bbox 3322 2977 3371 3035; x_wconf 83' lang='lat' dir='ltr'><strong>si</strong></span> <span class='ocrx_word' id='word_1_454' title='bbox 3408 2976 3868 3057; x_wconf 82' lang='lat' dir='ltr'><strong>non_multabitnr</strong></span> 
     </span>
    </p>
   </div>
   <div class='ocr_carea' id='block_1_60' title="bbox 2297 3061 3870 3142">
    <p class='ocr_par' dir='ltr' id='par_1_60' title="bbox 2297 3061 3870 3142">
     <span class='ocr_line' id='line_1_60' title="bbox 2297 3061 3870 3142; baseline -0.004 -11"><span class='ocrx_word' id='word_1_455' title='bbox 2297 3075 2438 3131; x_wconf 87' lang='lat' dir='ltr'><strong>dotis</strong></span> <span class='ocrx_word' id='word_1_456' title='bbox 2489 3082 2661 3142; x_wconf 84' lang='lat' dir='ltr'><strong>parte,</strong></span> <span class='ocrx_word' id='word_1_457' title='bbox 2708 3073 2839 3128; x_wconf 86' lang='lat' dir='ltr'><strong>nihil</strong></span> <span class='ocrx_word' id='word_1_458' title='bbox 2884 3072 2940 3127; x_wconf 89' lang='lat' dir='ltr'><strong>in</strong></span> <span class='ocrx_word' id='word_1_459' title='bbox 2988 3069 3090 3129; x_wconf 91' lang='lat' dir='ltr'><strong>viri</strong></span> <span class='ocrx_word' id='word_1_460' title='bbox 3137 3069 3300 3127; x_wconf 83' lang='lat' dir='ltr'><strong>domo</strong></span> <span class='ocrx_word' id='word_1_461' title='bbox 3344 3068 3637 3127; x_wconf 88' lang='lat' dir='ltr'><strong>liberorum</strong></span> <span class='ocrx_word' id='word_1_462' title='bbox 3678 3061 3870 3136; x_wconf 81' lang='lat' dir='ltr'><strong>causa,</strong></span> 
     </span>
    </p>
   </div>
   <div class='ocr_carea' id='block_1_61' title="bbox 2299 3157 3875 3232">
    <p class='ocr_par' dir='ltr' id='par_1_61' title="bbox 2299 3157 3875 3232">
     <span class='ocr_line' id='line_1_61' title="bbox 2299 3157 3875 3232; baseline -0.006 -11"><span class='ocrx_word' id='word_1_463' title='bbox 2299 3166 2443 3223; x_wconf 89' lang='lat' dir='ltr'><strong>dotis</strong></span> <span class='ocrx_word' id='word_1_464' title='bbox 2481 3167 2697 3221; x_wconf 88' lang='lat' dir='ltr'><strong>nomine</strong></span> <span class='ocrx_word' id='word_1_465' title='bbox 2742 3164 3094 3232; x_wconf 86' lang='lat' dir='ltr'><strong>relinquetur,</strong></span> <span class='ocrx_word' id='word_1_466' title='bbox 3136 3160 3229 3219; x_wconf 86' lang='lat' dir='ltr'><strong>sed</strong></span> <span class='ocrx_word' id='word_1_467' title='bbox 3272 3175 3378 3217; x_wconf 88' lang='lat' dir='ltr'><strong>non</strong></span> <span class='ocrx_word' id='word_1_468' title='bbox 3426 3159 3741 3219; x_wconf 74' lang='lat' dir='ltr'><strong>multabitur</strong></span> <span class='ocrx_word' id='word_1_469' title='bbox 3776 3157 3875 3214; x_wconf 78' lang='lat' dir='ltr'><strong>do-</strong></span> 
     </span>
    </p>
   </div>
   <div class='ocr_carea' id='block_1_62' title="bbox 613 3245 3876 3334">
    <p class='ocr_par' dir='ltr' id='par_1_62' title="bbox 613 3245 3876 3334">
     <span class='ocr_line' id='line_1_62' title="bbox 613 3245 3876 3334; baseline -0.002 -22"><span class='ocrx_word' id='word_1_470' title='bbox 613 3261 767 3329; x_wconf 83' lang='lat' dir='ltr'><strong>culpa</strong></span> <span class='ocrx_word' id='word_1_471' title='bbox 795 3261 988 3334; x_wconf 81' lang='lat' dir='ltr'><strong>factum</strong></span> <span class='ocrx_word' id='word_1_472' title='bbox 1026 3271 1098 3316; x_wconf 86' lang='lat' dir='ltr'><strong>est</strong></span> <span class='ocrx_word' id='word_1_473' title='bbox 1137 3263 1444 3327; x_wconf 71' lang='lat' dir='ltr'><strong>divartt&#39;um,</strong></span> <span class='ocrx_word' id='word_1_474' title='bbox 1477 3271 1525 3317; x_wconf 85' lang='lat' dir='ltr'><strong>et</strong></span> <span class='ocrx_word' id='word_1_475' title='bbox 1564 3261 1609 3316; x_wconf 85' lang='lat' dir='ltr'><strong>si</strong></span> <span class='ocrx_word' id='word_1_476' title='bbox 1638 3260 1821 3321; x_wconf 80' lang='lat' dir='ltr'><strong>mulier</strong></span> <span class='ocrx_word' id='word_1_477' title='bbox 1852 3260 2088 3315; x_wconf 83' lang='lat' dir='ltr'><strong>nuntium</strong></span> <span class='ocrx_word' id='word_1_478' title='bbox 2114 3245 2271 3321; x_wconf 63' lang='grc' dir='ltr'><strong>τηε-(Ξ</strong></span> <span class='ocrx_word' id='word_1_479' title='bbox 2302 3260 2371 3313; x_wconf 88' lang='lat' dir='ltr'><strong>tis</strong></span> <span class='ocrx_word' id='word_1_480' title='bbox 2415 3266 2595 3326; x_wconf 74' lang='lat' dir='ltr'><strong>parte;</strong></span> <span class='ocrx_word' id='word_1_481' title='bbox 2627 3255 2761 3312; x_wconf 82' lang='lat' dir='ltr'><strong>nihil</strong></span> <span class='ocrx_word' id='word_1_482' title='bbox 2810 3254 2969 3324; x_wconf 82' lang='lat' dir='ltr'><strong>igitur</strong></span> <span class='ocrx_word' id='word_1_483' title='bbox 3009 3251 3150 3321; x_wconf 88' lang='lat' dir='ltr'><strong>apud</strong></span> <span class='ocrx_word' id='word_1_484' title='bbox 3193 3251 3369 3311; x_wconf 88' lang='lat' dir='ltr'><strong>virum</strong></span> <span class='ocrx_word' id='word_1_485' title='bbox 3413 3250 3556 3307; x_wconf 83' lang='lat' dir='ltr'><strong>dotis</strong></span> <span class='ocrx_word' id='word_1_486' title='bbox 3598 3249 3876 3317; x_wconf 81' lang='lat' dir='ltr'><strong>relinque-</strong></span> 
     </span>
    </p>
   </div>
   <div class='ocr_carea' id='block_1_63' title="bbox 616 3352 1911 3423">
    <p class='ocr_par' dir='ltr' id='par_1_63' title="bbox 616 3352 1911 3423">
     <span class='ocr_line' id='line_1_63' title="bbox 616 3352 1911 3423; baseline 0 -17"><span class='ocrx_word' id='word_1_487' title='bbox 616 3354 776 3420; x_wconf 80' lang='lat' dir='ltr'><strong>ntisit,</strong></span> <span class='ocrx_word' id='word_1_488' title='bbox 808 3361 976 3407; x_wconf 84' lang='lat' dir='ltr'><strong>tamen</strong></span> <span class='ocrx_word' id='word_1_489' title='bbox 999 3370 1092 3423; x_wconf 86' lang='lat' dir='ltr'><strong>pro</strong></span> <span class='ocrx_word' id='word_1_490' title='bbox 1115 3355 1284 3417; x_wconf 84' lang='lat' dir='ltr'><strong>liberis</strong></span> <span class='ocrx_word' id='word_1_491' title='bbox 1311 3369 1513 3409; x_wconf 77' lang='lat' dir='ltr'><strong>manere</strong></span> <span class='ocrx_word' id='word_1_492' title='bbox 1538 3352 1667 3407; x_wconf 70' lang='lat' dir='ltr'><strong>nillil</strong></span> <span class='ocrx_word' id='word_1_493' title='bbox 1696 3362 1911 3423; x_wconf 80' lang='lat' dir='ltr'><strong>oportet.</strong></span> 
     </span>
    </p>
   </div>
   <div class='ocr_carea' id='block_1_64' title="bbox 696 3453 2202 3522">
    <p class='ocr_par' dir='ltr' id='par_1_64' title="bbox 696 3453 2202 3522">
     <span class='ocr_line' id='line_1_64' title="bbox 696 3453 2202 3522; baseline 0.001 -18"><span class='ocrx_word' id='word_1_494' title='bbox 696 3453 1075 3509; x_wconf 75' lang='lat' dir='ltr'><strong>Anteceilentia</strong></span> <span class='ocrx_word' id='word_1_495' title='bbox 1122 3465 1278 3516; x_wconf 88' lang='lat' dir='ltr'><strong>sunt,</strong></span> <span class='ocrx_word' id='word_1_496' title='bbox 1308 3455 1500 3522; x_wconf 90' lang='lat' dir='ltr'><strong>quibus</strong></span> <span class='ocrx_word' id='word_1_497' title='bbox 1532 3454 1737 3521; x_wconf 87' lang='lat' dir='ltr'><strong>positis,</strong></span> <span class='ocrx_word' id='word_1_498' title='bbox 1782 3453 1925 3506; x_wconf 90' lang='lat' dir='ltr'><strong>aliud</strong></span> <span class='ocrx_word' id='word_1_499' title='bbox 1960 3465 2202 3507; x_wconf 87' lang='lat' dir='ltr'><strong>necessa-</strong></span> 
     </span>
    </p>
   </div>
   <div class='ocr_carea' id='block_1_65' title="bbox 619 3540 2198 3612">
    <p class='ocr_par' dir='ltr' id='par_1_65' title="bbox 619 3540 2198 3612">
     <span class='ocr_line' id='line_1_65' title="bbox 619 3540 2198 3612; baseline -0.005 -11"><span class='ocrx_word' id='word_1_500' title='bbox 619 3542 708 3601; x_wconf 90' lang='lat' dir='ltr'><strong>rio</strong></span> <span class='ocrx_word' id='word_1_501' title='bbox 733 3549 1115 3612; x_wconf 81' lang='lat' dir='ltr'><strong>cnnsequatur,</strong></span> <span class='ocrx_word' id='word_1_502' title='bbox 1166 3543 1293 3598; x_wconf 87' lang='lat' dir='ltr'><strong>licet</strong></span> <span class='ocrx_word' id='word_1_503' title='bbox 1336 3542 1464 3598; x_wconf 90' lang='lat' dir='ltr'><strong>illud</strong></span> <span class='ocrx_word' id='word_1_504' title='bbox 1495 3543 1634 3608; x_wconf 89' lang='lat' dir='ltr'><strong>quod</strong></span> <span class='ocrx_word' id='word_1_505' title='bbox 1680 3542 1979 3605; x_wconf 87' lang='lat' dir='ltr'><strong>antecedit,</strong></span> <span class='ocrx_word' id='word_1_506' title='bbox 2022 3540 2198 3593; x_wconf 86' lang='lat' dir='ltr'><strong>minus</strong></span> 
     </span>
    </p>
   </div>
   <div class='ocr_carea' id='block_1_66' title="bbox 620 3630 2193 3703">
    <p class='ocr_par' dir='ltr' id='par_1_66' title="bbox 620 3630 2193 3703">
     <span class='ocr_line' id='line_1_66' title="bbox 620 3630 2193 3703; baseline -0.004 -12"><span class='ocrx_word' id='word_1_507' title='bbox 620 3633 693 3691; x_wconf 87' lang='lat' dir='ltr'><strong>sit</strong></span> <span class='ocrx_word' id='word_1_508' title='bbox 721 3642 878 3703; x_wconf 90' lang='lat' dir='ltr'><strong>atque</strong></span> <span class='ocrx_word' id='word_1_509' title='bbox 909 3632 1192 3702; x_wconf 87' lang='lat' dir='ltr'><strong>posterius.</strong></span> <span class='ocrx_word' id='word_1_510' title='bbox 1224 3632 1395 3685; x_wconf 82' lang='lat' dir='ltr'><strong>Minus</strong></span> <span class='ocrx_word' id='word_1_511' title='bbox 1438 3630 1689 3700; x_wconf 87' lang='lat' dir='ltr'><strong>quidem,</strong></span> <span class='ocrx_word' id='word_1_512' title='bbox 1717 3641 1773 3685; x_wconf 92' lang='lat' dir='ltr'><strong>ut</strong></span> <span class='ocrx_word' id='word_1_513' title='bbox 1803 3633 1849 3686; x_wconf 89' lang='lat' dir='ltr'><strong>si</strong></span> <span class='ocrx_word' id='word_1_514' title='bbox 1894 3631 2056 3685; x_wconf 89' lang='lat' dir='ltr'><strong>homo</strong></span> <span class='ocrx_word' id='word_1_515' title='bbox 2083 3642 2193 3697; x_wconf 90' lang='lat' dir='ltr'><strong>est,</strong></span> 
     </span>
    </p>
   </div>
   <div class='ocr_carea' id='block_1_67' title="bbox 616 3723 2198 3789">
    <p class='ocr_par' dir='ltr' id='par_1_67' title="bbox 616 3723 2198 3789">
     <span class='ocr_line' id='line_1_67' title="bbox 616 3723 2198 3789; baseline -0.003 -5"><span class='ocrx_word' id='word_1_516' title='bbox 616 3726 816 3784; x_wconf 83' lang='lat' dir='ltr'><strong>animal</strong></span> <span class='ocrx_word' id='word_1_517' title='bbox 847 3735 961 3789; x_wconf 85' lang='lat' dir='ltr'><strong>est;</strong></span> <span class='ocrx_word' id='word_1_518' title='bbox 998 3724 1159 3778; x_wconf 87' lang='lat' dir='ltr'><strong>homo</strong></span> <span class='ocrx_word' id='word_1_519' title='bbox 1182 3724 1325 3781; x_wconf 85' lang='lat' dir='ltr'><strong>enim</strong></span> <span class='ocrx_word' id='word_1_520' title='bbox 1356 3723 1533 3779; x_wconf 90' lang='lat' dir='ltr'><strong>minus</strong></span> <span class='ocrx_word' id='word_1_521' title='bbox 1553 3734 1635 3777; x_wconf 83' lang='lat' dir='ltr'><strong>est</strong></span> <span class='ocrx_word' id='word_1_522' title='bbox 1662 3724 1910 3789; x_wconf 89' lang='lat' dir='ltr'><strong>animali,</strong></span> <span class='ocrx_word' id='word_1_523' title='bbox 1939 3734 1993 3778; x_wconf 92' lang='lat' dir='ltr'><strong>et</strong></span> <span class='ocrx_word' id='word_1_524' title='bbox 2022 3736 2198 3780; x_wconf 89' lang='lat' dir='ltr'><strong>tamen</strong></span> 
     </span>
    </p>
   </div>
   <div class='ocr_carea' id='block_1_68' title="bbox 616 3814 2199 3890">
    <p class='ocr_par' dir='ltr' id='par_1_68' title="bbox 616 3814 2199 3890">
     <span class='ocr_line' id='line_1_68' title="bbox 616 3814 2199 3890; baseline 0.001 -21"><span class='ocrx_word' id='word_1_525' title='bbox 616 3815 796 3890; x_wconf 83' lang='lat' dir='ltr'><strong>posito</strong></span> <span class='ocrx_word' id='word_1_526' title='bbox 827 3815 1077 3881; x_wconf 88' lang='lat' dir='ltr'><strong>homine,</strong></span> <span class='ocrx_word' id='word_1_527' title='bbox 1106 3814 1457 3883; x_wconf 84' lang='lat' dir='ltr'><strong>consequitur</strong></span> <span class='ocrx_word' id='word_1_528' title='bbox 1484 3824 1539 3869; x_wconf 86' lang='lat' dir='ltr'><strong>ut</strong></span> <span class='ocrx_word' id='word_1_529' title='bbox 1580 3816 1778 3870; x_wconf 65' lang='lat' dir='ltr'><strong>animal</strong></span> <span class='ocrx_word' id='word_1_530' title='bbox 1808 3817 1897 3871; x_wconf 88' lang='lat' dir='ltr'><strong>sit.</strong></span> <span class='ocrx_word' id='word_1_531' title='bbox 1927 3816 2199 3871; x_wconf 86' lang='lat' dir='ltr'><strong>Posterius</strong></span> 
     </span>
    </p>
   </div>
   <div class='ocr_carea' id='block_1_69' title="bbox 619 3906 2201 3977">
    <p class='ocr_par' dir='ltr' id='par_1_69' title="bbox 619 3906 2201 3977">
     <span class='ocr_line' id='line_1_69' title="bbox 619 3906 2201 3977; baseline -0.001 -13"><span class='ocrx_word' id='word_1_532' title='bbox 619 3921 772 3975; x_wconf 80' lang='lat' dir='ltr'><strong>vero,</strong></span> <span class='ocrx_word' id='word_1_533' title='bbox 805 3918 862 3962; x_wconf 91' lang='lat' dir='ltr'><strong>ut</strong></span> <span class='ocrx_word' id='word_1_534' title='bbox 903 3909 947 3963; x_wconf 89' lang='lat' dir='ltr'><strong>si</strong></span> <span class='ocrx_word' id='word_1_535' title='bbox 990 3907 1225 3977; x_wconf 87' lang='lat' dir='ltr'><strong>peperit,</strong></span> <span class='ocrx_word' id='word_1_536' title='bbox 1260 3922 1381 3962; x_wconf 90' lang='lat' dir='ltr'><strong>cum</strong></span> <span class='ocrx_word' id='word_1_537' title='bbox 1420 3906 1536 3962; x_wconf 92' lang='lat' dir='ltr'><strong>viro</strong></span> <span class='ocrx_word' id='word_1_538' title='bbox 1583 3907 1901 3973; x_wconf 89' lang='lat' dir='ltr'><strong>concubuit;</strong></span> <span class='ocrx_word' id='word_1_539' title='bbox 1934 3909 2201 3976; x_wconf 88' lang='lat' dir='ltr'><strong>posterius</strong></span> 
     </span>
    </p>
   </div>
   <div class='ocr_carea' id='block_1_70' title="bbox 622 3998 2200 4069">
    <p class='ocr_par' dir='ltr' id='par_1_70' title="bbox 622 3998 2200 4069">
     <span class='ocr_line' id='line_1_70' title="bbox 622 3998 2200 4069; baseline -0.002 -13"><span class='ocrx_word' id='word_1_540' title='bbox 622 4000 770 4056; x_wconf 86' lang='lat' dir='ltr'><strong>enim</strong></span> <span class='ocrx_word' id='word_1_541' title='bbox 795 4009 878 4056; x_wconf 90' lang='lat' dir='ltr'><strong>est</strong></span> <span class='ocrx_word' id='word_1_542' title='bbox 907 3998 1185 4069; x_wconf 86' lang='lat' dir='ltr'><strong>peperisse</strong></span> <span class='ocrx_word' id='word_1_543' title='bbox 1212 4013 1370 4068; x_wconf 85' lang='lat' dir='ltr'><strong>quam</strong></span> <span class='ocrx_word' id='word_1_544' title='bbox 1389 4012 1511 4055; x_wconf 89' lang='lat' dir='ltr'><strong>cum</strong></span> <span class='ocrx_word' id='word_1_545' title='bbox 1540 3998 1661 4054; x_wconf 74' lang='lat' dir='ltr'><strong>viro</strong></span> <span class='ocrx_word' id='word_1_546' title='bbox 1690 3999 2063 4057; x_wconf 72' lang='lat' dir='ltr'><strong>concubuisse.</strong></span> <span class='ocrx_word' id='word_1_547' title='bbox 2091 3998 2200 4053; x_wconf 74' lang='lat' dir='ltr'><strong>Ali-</strong></span> 
     </span>
    </p>
   </div>
   <div class='ocr_carea' id='block_1_71' title="bbox 622 4090 2200 4165">
    <p class='ocr_par' dir='ltr' id='par_1_71' title="bbox 622 4090 2200 4165">
     <span class='ocr_line' id='line_1_71' title="bbox 622 4090 2200 4165; baseline -0.001 -18"><span class='ocrx_word' id='word_1_548' title='bbox 622 4093 837 4165; x_wconf 88' lang='lat' dir='ltr'><strong>quoties</strong></span> <span class='ocrx_word' id='word_1_549' title='bbox 862 4106 989 4147; x_wconf 87' lang='lat' dir='ltr'><strong>vero</strong></span> <span class='ocrx_word' id='word_1_550' title='bbox 1016 4100 1069 4147; x_wconf 91' lang='lat' dir='ltr'><strong>et</strong></span> <span class='ocrx_word' id='word_1_551' title='bbox 1094 4090 1234 4163; x_wconf 90' lang='lat' dir='ltr'><strong>quod</strong></span> <span class='ocrx_word' id='word_1_552' title='bbox 1263 4092 1491 4162; x_wconf 71' lang='lat' dir='ltr'><strong>aequale,</strong></span> <span class='ocrx_word' id='word_1_553' title='bbox 1516 4098 1571 4149; x_wconf 88' lang='lat' dir='ltr'><strong>et</strong></span> <span class='ocrx_word' id='word_1_554' title='bbox 1597 4090 1739 4159; x_wconf 91' lang='lat' dir='ltr'><strong>quod</strong></span> <span class='ocrx_word' id='word_1_555' title='bbox 1769 4090 1950 4157; x_wconf 87' lang='lat' dir='ltr'><strong>simul,</strong></span> <span class='ocrx_word' id='word_1_556' title='bbox 1979 4098 2034 4146; x_wconf 91' lang='lat' dir='ltr'><strong>et</strong></span> <span class='ocrx_word' id='word_1_557' title='bbox 2060 4090 2200 4160; x_wconf 91' lang='lat' dir='ltr'><strong>quod</strong></span> 
     </span>
    </p>
   </div>
   <div class='ocr_carea' id='block_1_72' title="bbox 621 4182 2197 4257">
    <p class='ocr_par' dir='ltr' id='par_1_72' title="bbox 621 4182 2197 4257">
     <span class='ocr_line' id='line_1_72' title="bbox 621 4182 2197 4257; baseline -0.002 -17"><span class='ocrx_word' id='word_1_558' title='bbox 621 4186 775 4257; x_wconf 82' lang='lat' dir='ltr'><strong>prius</strong></span> <span class='ocrx_word' id='word_1_559' title='bbox 813 4194 898 4240; x_wconf 90' lang='lat' dir='ltr'><strong>est</strong></span> <span class='ocrx_word' id='word_1_560' title='bbox 927 4185 1143 4257; x_wconf 91' lang='lat' dir='ltr'><strong>ponitur</strong></span> <span class='ocrx_word' id='word_1_561' title='bbox 1170 4194 1231 4240; x_wconf 91' lang='lat' dir='ltr'><strong>ut</strong></span> <span class='ocrx_word' id='word_1_562' title='bbox 1278 4183 1629 4241; x_wconf 87' lang='lat' dir='ltr'><strong>antecedens.</strong></span> <span class='ocrx_word' id='word_1_563' title='bbox 1674 4182 1902 4252; x_wconf 58' lang='lat' dir='ltr'><strong>IEquale</strong></span> <span class='ocrx_word' id='word_1_564' title='bbox 1948 4183 2197 4251; x_wconf 89' lang='lat' dir='ltr'><strong>quidem,</strong></span> 
     </span>
    </p>
   </div>
   <div class='ocr_carea' id='block_1_73' title="bbox 620 4275 2200 4347">
    <p class='ocr_par' dir='ltr' id='par_1_73' title="bbox 620 4275 2200 4347">
     <span class='ocr_line' id='line_1_73' title="bbox 620 4275 2200 4347; baseline -0.003 -14"><span class='ocrx_word' id='word_1_565' title='bbox 620 4288 681 4347; x_wconf 87' lang='lat' dir='ltr'><strong>ut</strong></span> <span class='ocrx_word' id='word_1_566' title='bbox 710 4277 758 4334; x_wconf 85' lang='lat' dir='ltr'><strong>&#39;si</strong></span> <span class='ocrx_word' id='word_1_567' title='bbox 785 4279 945 4333; x_wconf 86' lang='lat' dir='ltr'><strong>homo</strong></span> <span class='ocrx_word' id='word_1_568' title='bbox 971 4286 1087 4345; x_wconf 88' lang='lat' dir='ltr'><strong>est,</strong></span> <span class='ocrx_word' id='word_1_569' title='bbox 1120 4277 1341 4343; x_wconf 82' lang='lat' dir='ltr'><strong>risibilis</strong></span> <span class='ocrx_word' id='word_1_570' title='bbox 1368 4287 1471 4332; x_wconf 90' lang='lat' dir='ltr'><strong>est.</strong></span> <span class='ocrx_word' id='word_1_571' title='bbox 1504 4275 1678 4332; x_wconf 85' lang='lat' dir='ltr'><strong>Simul</strong></span> <span class='ocrx_word' id='word_1_572' title='bbox 1705 4291 1855 4341; x_wconf 89' lang='lat' dir='ltr'><strong>vero,</strong></span> <span class='ocrx_word' id='word_1_573' title='bbox 1882 4284 1943 4330; x_wconf 91' lang='lat' dir='ltr'><strong>ut</strong></span> <span class='ocrx_word' id='word_1_574' title='bbox 1980 4277 2028 4329; x_wconf 91' lang='lat' dir='ltr'><strong>si</strong></span> <span class='ocrx_word' id='word_1_575' title='bbox 2058 4285 2200 4330; x_wconf 88' lang='lat' dir='ltr'><strong>terra</strong></span> 
     </span>
    </p>
   </div>
   <div class='ocr_carea' id='block_1_74' title="bbox 621 4367 2203 4441">
    <p class='ocr_par' dir='ltr' id='par_1_74' title="bbox 621 4367 2203 4441">
     <span class='ocr_line' id='line_1_74' title="bbox 621 4367 2203 4441; baseline -0.005 -13"><span class='ocrx_word' id='word_1_576' title='bbox 621 4370 832 4441; x_wconf 81' lang='lat' dir='ltr'><strong>objecta</strong></span> <span class='ocrx_word' id='word_1_577' title='bbox 863 4379 978 4439; x_wconf 90' lang='lat' dir='ltr'><strong>est,</strong></span> <span class='ocrx_word' id='word_1_578' title='bbox 1020 4370 1143 4431; x_wconf 68' lang='lat' dir='ltr'><strong>lunai</strong></span> <span class='ocrx_word' id='word_1_579' title='bbox 1175 4369 1377 4429; x_wconf 80' lang='lat' dir='ltr'><strong>deﬁcit.</strong></span> <span class='ocrx_word' id='word_1_580' title='bbox 1410 4369 1476 4425; x_wconf 89' lang='lat' dir='ltr'><strong>Et</strong></span> <span class='ocrx_word' id='word_1_581' title='bbox 1504 4368 1621 4423; x_wconf 71' lang='lat' dir='ltr'><strong>haec</strong></span> <span class='ocrx_word' id='word_1_582' title='bbox 1648 4367 1751 4422; x_wconf 85' lang='lat' dir='ltr'><strong>sibi</strong></span> <span class='ocrx_word' id='word_1_583' title='bbox 1795 4375 2203 4433; x_wconf 89' lang='lat' dir='ltr'><strong>convertuntur,</strong></span> 
     </span>
    </p>
   </div>
   <div class='ocr_carea' id='block_1_75' title="bbox 536 4456 2205 4534">
    <p class='ocr_par' dir='ltr' id='par_1_75' title="bbox 536 4456 2205 4534">
     <span class='ocr_line' id='line_1_75' title="bbox 536 4456 2205 4534; baseline -0.006 -13"><span class='ocrx_word' id='word_1_584' title='bbox 536 4456 538 4459; x_wconf 63' lang='grc'><em>’</em></span> <span class='ocrx_word' id='word_1_585' title='bbox 624 4472 685 4521; x_wconf 82' lang='grc' dir='ltr'><strong>ιιι</strong></span> <span class='ocrx_word' id='word_1_586' title='bbox 707 4462 1093 4534; x_wconf 88' lang='lat' dir='ltr'><strong>consequentia</strong></span> <span class='ocrx_word' id='word_1_587' title='bbox 1119 4460 1250 4527; x_wconf 85' lang='lat' dir='ltr'><strong>ﬁant</strong></span> <span class='ocrx_word' id='word_1_588' title='bbox 1275 4458 1665 4523; x_wconf 75' lang='lat' dir='ltr'><strong>antecedeniia,</strong></span> <span class='ocrx_word' id='word_1_589' title='bbox 1695 4466 1752 4513; x_wconf 94' lang='lat' dir='ltr'><strong>ut</strong></span> <span class='ocrx_word' id='word_1_590' title='bbox 1777 4456 1821 4514; x_wconf 90' lang='lat' dir='ltr'><strong>si</strong></span> <span class='ocrx_word' id='word_1_591' title='bbox 1846 4457 2064 4512; x_wconf 85' lang='lat' dir='ltr'><strong>risibilis</strong></span> <span class='ocrx_word' id='word_1_592' title='bbox 2088 4465 2170 4512; x_wconf 89' lang='lat' dir='ltr'><strong>est</strong></span> <span class='ocrx_word' id='word_1_593' title='bbox 2188 4495 2205 4522; x_wconf 88' lang='lat'><strong>,</strong></span> 
     </span>
    </p>
   </div>
   <div class='ocr_carea' id='block_1_76' title="bbox 630 4548 2201 4625">
    <p class='ocr_par' dir='ltr' id='par_1_76' title="bbox 630 4548 2201 4625">
     <span class='ocr_line' id='line_1_76' title="bbox 630 4548 2201 4625; baseline -0.008 -10"><span class='ocrx_word' id='word_1_594' title='bbox 630 4555 795 4615; x_wconf 80' lang='lat' dir='ltr'><strong>homo</strong></span> <span class='ocrx_word' id='word_1_595' title='bbox 821 4564 931 4624; x_wconf 89' lang='lat' dir='ltr'><strong>est,</strong></span> <span class='ocrx_word' id='word_1_596' title='bbox 961 4562 1015 4625; x_wconf 89' lang='lat' dir='ltr'><strong>et</strong></span> <span class='ocrx_word' id='word_1_597' title='bbox 1048 4555 1093 4609; x_wconf 88' lang='lat' dir='ltr'><strong>si</strong></span> <span class='ocrx_word' id='word_1_598' title='bbox 1122 4552 1247 4608; x_wconf 88' lang='lat' dir='ltr'><strong>luna</strong></span> <span class='ocrx_word' id='word_1_599' title='bbox 1286 4551 1572 4621; x_wconf 79' lang='lat' dir='ltr'><strong>deiecerit,</strong></span> <span class='ocrx_word' id='word_1_600' title='bbox 1602 4560 1759 4607; x_wconf 71' lang='lat' dir='ltr'><strong>terra:</strong></span> <span class='ocrx_word' id='word_1_601' title='bbox 1788 4549 1927 4605; x_wconf 87' lang='lat' dir='ltr'><strong>adsit</strong></span> <span class='ocrx_word' id='word_1_602' title='bbox 1950 4548 2201 4618; x_wconf 55' lang='lat' dir='ltr'><strong>obiecto.</strong></span> 
     </span>
    </p>
   </div>
   <div class='ocr_carea' id='block_1_77' title="bbox 2303 3339 3873 3419">
    <p class='ocr_par' dir='ltr' id='par_1_77' title="bbox 2303 3339 3873 3419">
     <span class='ocr_line' id='line_1_77' title="bbox 2303 3339 3873 3419; baseline -0.006 -15"><span class='ocrx_word' id='word_1_603' title='bbox 2303 3360 2389 3404; x_wconf 88' lang='lat' dir='ltr'><strong>tur</strong></span> <span class='ocrx_word' id='word_1_604' title='bbox 2417 3364 2513 3419; x_wconf 92' lang='lat' dir='ltr'><strong>pro</strong></span> <span class='ocrx_word' id='word_1_605' title='bbox 2543 3348 2752 3402; x_wconf 86' lang='lat' dir='ltr'><strong>liberis;</strong></span> <span class='ocrx_word' id='word_1_606' title='bbox 2785 3346 3078 3413; x_wconf 79' lang='lat' dir='ltr'><strong>Utriusque</strong></span> <span class='ocrx_word' id='word_1_607' title='bbox 3103 3356 3233 3398; x_wconf 88' lang='lat' dir='ltr'><strong>vero</strong></span> <span class='ocrx_word' id='word_1_608' title='bbox 3263 3340 3537 3396; x_wconf 89' lang='lat' dir='ltr'><strong>conclusio</strong></span> <span class='ocrx_word' id='word_1_609' title='bbox 3580 3339 3873 3411; x_wconf 76' lang='lat' dir='ltr'><strong>syllogismi</strong></span> 
     </span>
    </p>
   </div>
   <div class='ocr_carea' id='block_1_78' title="bbox 2302 3429 3872 3505">
    <p class='ocr_par' dir='ltr' id='par_1_78' title="bbox 2302 3429 3872 3505">
     <span class='ocr_line' id='line_1_78' title="bbox 2302 3429 3872 3505; baseline -0.005 -12"><span class='ocrx_word' id='word_1_610' title='bbox 2302 3441 2420 3494; x_wconf 75' lang='lat' dir='ltr'><strong>haec</strong></span> <span class='ocrx_word' id='word_1_611' title='bbox 2456 3448 2580 3494; x_wconf 89' lang='lat' dir='ltr'><strong>est:</strong></span> <span class='ocrx_word' id='word_1_612' title='bbox 2610 3438 2665 3492; x_wconf 91' lang='lat' dir='ltr'><strong>Si</strong></span> <span class='ocrx_word' id='word_1_613' title='bbox 2714 3437 2875 3505; x_wconf 88' lang='lat' dir='ltr'><strong>igitur</strong></span> <span class='ocrx_word' id='word_1_614' title='bbox 2903 3434 3003 3488; x_wconf 83' lang='lat' dir='ltr'><strong>viri</strong></span> <span class='ocrx_word' id='word_1_615' title='bbox 3036 3433 3192 3503; x_wconf 92' lang='lat' dir='ltr'><strong>culpa</strong></span> <span class='ocrx_word' id='word_1_616' title='bbox 3223 3432 3419 3489; x_wconf 77' lang='lat' dir='ltr'><strong>factum</strong></span> <span class='ocrx_word' id='word_1_617' title='bbox 3444 3439 3524 3487; x_wconf 89' lang='lat' dir='ltr'><strong>est</strong></span> <span class='ocrx_word' id='word_1_618' title='bbox 3551 3429 3872 3496; x_wconf 79' lang='lat' dir='ltr'><strong>divortium.</strong></span> 
     </span>
    </p>
   </div>
   <div class='ocr_carea' id='block_1_79' title="bbox 2302 3517 3878 3599">
    <p class='ocr_par' dir='ltr' id='par_1_79' title="bbox 2302 3517 3878 3599">
     <span class='ocr_line' id='line_1_79' title="bbox 2302 3517 3878 3599; baseline -0.01 -13"><span class='ocrx_word' id='word_1_619' title='bbox 2302 3544 2400 3599; x_wconf 84' lang='lat' dir='ltr'><strong>pro</strong></span> <span class='ocrx_word' id='word_1_620' title='bbox 2449 3528 2633 3584; x_wconf 59' lang='lat' dir='ltr'><strong>libraris</strong></span> <span class='ocrx_word' id='word_1_621' title='bbox 2664 3540 2901 3581; x_wconf 88' lang='lat' dir='ltr'><strong>manere-</strong></span> <span class='ocrx_word' id='word_1_622' title='bbox 2924 3522 3063 3581; x_wconf 87' lang='lat' dir='ltr'><strong>nihil</strong></span> <span class='ocrx_word' id='word_1_623' title='bbox 3086 3532 3321 3594; x_wconf 86' lang='lat' dir='ltr'><strong>oportet.</strong></span> <span class='ocrx_word' id='word_1_624' title='bbox 3358 3524 3772 3595; x_wconf 79' lang='lat' dir='ltr'><strong>Argumentum,</strong></span> <span class='ocrx_word' id='word_1_625' title='bbox 3808 3517 3878 3585; x_wconf 82' lang='lat' dir='ltr'><strong>ab</strong></span> 
     </span>
    </p>
   </div>
   <div class='ocr_carea' id='block_1_80' title="bbox 2301 3613 3885 3688">
    <p class='ocr_par' dir='ltr' id='par_1_80' title="bbox 2301 3613 3885 3688">
     <span class='ocr_line' id='line_1_80' title="bbox 2301 3613 3885 3688; baseline -0.006 -13"><span class='ocrx_word' id='word_1_626' title='bbox 2301 3635 2367 3681; x_wconf 89' lang='lat' dir='ltr'><strong>eo</strong></span> <span class='ocrx_word' id='word_1_627' title='bbox 2391 3618 2533 3688; x_wconf 89' lang='lat' dir='ltr'><strong>quod</strong></span> <span class='ocrx_word' id='word_1_628' title='bbox 2578 3619 2630 3671; x_wconf 92' lang='lat' dir='ltr'><strong>in</strong></span> <span class='ocrx_word' id='word_1_629' title='bbox 2657 3618 2772 3684; x_wconf 84' lang='lat' dir='ltr'><strong>ipso</strong></span> <span class='ocrx_word' id='word_1_630' title='bbox 2812 3623 2899 3687; x_wconf 42' lang='lat' dir='ltr'><strong>est,</strong></span> <span class='ocrx_word' id='word_1_631' title='bbox 2922 3616 2990 3671; x_wconf 87' lang='lat' dir='ltr'><strong>de</strong></span> <span class='ocrx_word' id='word_1_632' title='bbox 3027 3630 3134 3683; x_wconf 91' lang='lat' dir='ltr'><strong>quo</strong></span> <span class='ocrx_word' id='word_1_633' title='bbox 3158 3614 3334 3684; x_wconf 87' lang='lat' dir='ltr'><strong>agitur</strong></span> <span class='ocrx_word' id='word_1_634' title='bbox 3362 3631 3377 3669; x_wconf 91' lang='lat'><strong>:</strong></span> <span class='ocrx_word' id='word_1_635' title='bbox 3402 3619 3644 3668; x_wconf 87' lang='lat' dir='ltr'><strong>versatur</strong></span> <span class='ocrx_word' id='word_1_636' title='bbox 3682 3613 3885 3680; x_wconf 81' lang='lat' dir='ltr'><strong>qulppe</strong></span> 
     </span>
    </p>
   </div>
   <div class='ocr_carea' id='block_1_81' title="bbox 2303 3705 3880 3783">
    <p class='ocr_par' dir='ltr' id='par_1_81' title="bbox 2303 3705 3880 3783">
     <span class='ocr_line' id='line_1_81' title="bbox 2303 3705 3880 3783; baseline -0.004 -16"><span class='ocrx_word' id='word_1_637' title='bbox 2303 3710 2532 3767; x_wconf 90' lang='lat' dir='ltr'><strong>intentio</strong></span> <span class='ocrx_word' id='word_1_638' title='bbox 2558 3710 2626 3764; x_wconf 91' lang='lat' dir='ltr'><strong>de</strong></span> <span class='ocrx_word' id='word_1_639' title='bbox 2652 3710 2793 3765; x_wconf 86' lang='lat' dir='ltr'><strong>dotis</strong></span> <span class='ocrx_word' id='word_1_640' title='bbox 2818 3721 2991 3780; x_wconf 86' lang='lat' dir='ltr'><strong>parte,</strong></span> <span class='ocrx_word' id='word_1_641' title='bbox 3020 3709 3246 3779; x_wconf 86' lang='lat' dir='ltr'><strong>ejusque</strong></span> <span class='ocrx_word' id='word_1_642' title='bbox 3266 3710 3405 3779; x_wconf 87' lang='lat' dir='ltr'><strong>apud</strong></span> <span class='ocrx_word' id='word_1_643' title='bbox 3433 3708 3627 3783; x_wconf 82' lang='lat' dir='ltr'><strong>virum,</strong></span> <span class='ocrx_word' id='word_1_644' title='bbox 3658 3714 3779 3775; x_wconf 90' lang='lat' dir='ltr'><strong>post</strong></span> <span class='ocrx_word' id='word_1_645' title='bbox 3803 3705 3880 3761; x_wconf 90' lang='lat' dir='ltr'><strong>di-</strong></span> 
     </span>
    </p>
   </div>
   <div class='ocr_carea' id='block_1_82' title="bbox 2303 3796 3877 3869">
    <p class='ocr_par' dir='ltr' id='par_1_82' title="bbox 2303 3796 3877 3869">
     <span class='ocr_line' id='line_1_82' title="bbox 2303 3796 3877 3869; baseline -0.005 -13"><span class='ocrx_word' id='word_1_646' title='bbox 2303 3802 2533 3857; x_wconf 78' lang='lat' dir='ltr'><strong>vortium</strong></span> <span class='ocrx_word' id='word_1_647' title='bbox 2582 3800 2723 3869; x_wconf 88' lang='lat' dir='ltr'><strong>quod</strong></span> <span class='ocrx_word' id='word_1_648' title='bbox 2776 3800 2947 3869; x_wconf 90' lang='lat' dir='ltr'><strong>prima</strong></span> <span class='ocrx_word' id='word_1_649' title='bbox 2990 3799 3350 3867; x_wconf 85' lang='lat' dir='ltr'><strong>nuntiaverit,</strong></span> <span class='ocrx_word' id='word_1_650' title='bbox 3397 3799 3723 3860; x_wconf 89' lang='lat' dir='ltr'><strong>retentione;</strong></span> <span class='ocrx_word' id='word_1_651' title='bbox 3775 3796 3877 3851; x_wconf 89' lang='lat' dir='ltr'><strong>hoc</strong></span> 
     </span>
    </p>
   </div>
   <div class='ocr_carea' id='block_1_83' title="bbox 2306 3885 3877 3961">
    <p class='ocr_par' dir='ltr' id='par_1_83' title="bbox 2306 3885 3877 3961">
     <span class='ocr_line' id='line_1_83' title="bbox 2306 3885 3877 3961; baseline -0.003 -15"><span class='ocrx_word' id='word_1_652' title='bbox 2306 3907 2435 3957; x_wconf 85' lang='lat' dir='ltr'><strong>vero</strong></span> <span class='ocrx_word' id='word_1_653' title='bbox 2475 3889 2801 3956; x_wconf 88' lang='lat' dir='ltr'><strong>antecessit,</strong></span> <span class='ocrx_word' id='word_1_654' title='bbox 2849 3891 2949 3947; x_wconf 91' lang='lat' dir='ltr'><strong>viri</strong></span> <span class='ocrx_word' id='word_1_655' title='bbox 2995 3892 3174 3961; x_wconf 87' lang='lat' dir='ltr'><strong>culpa,</strong></span> <span class='ocrx_word' id='word_1_656' title='bbox 3225 3890 3365 3960; x_wconf 82' lang='lat' dir='ltr'><strong>quod</strong></span> <span class='ocrx_word' id='word_1_657' title='bbox 3403 3892 3526 3959; x_wconf 91' lang='lat' dir='ltr'><strong>quia</strong></span> <span class='ocrx_word' id='word_1_658' title='bbox 3575 3885 3877 3959; x_wconf 67' lang='lat' dir='ltr'><strong>praecedens</strong></span> 
     </span>
    </p>
   </div>
   <div class='ocr_carea' id='block_1_84' title="bbox 2305 3978 3881 4053">
    <p class='ocr_par' dir='ltr' id='par_1_84' title="bbox 2305 3978 3881 4053">
     <span class='ocr_line' id='line_1_84' title="bbox 2305 3978 3881 4053; baseline -0.004 -14"><span class='ocrx_word' id='word_1_659' title='bbox 2305 3993 2418 4051; x_wconf 90' lang='lat' dir='ltr'><strong>est,</strong></span> <span class='ocrx_word' id='word_1_660' title='bbox 2448 3982 2695 4039; x_wconf 76' lang='lat' dir='ltr'><strong>allectum</strong></span> <span class='ocrx_word' id='word_1_661' title='bbox 2726 3991 2838 4048; x_wconf 87' lang='lat' dir='ltr'><strong>est,</strong></span> <span class='ocrx_word' id='word_1_662' title='bbox 2873 3996 3035 4039; x_wconf 91' lang='lat' dir='ltr'><strong>omne</strong></span> <span class='ocrx_word' id='word_1_663' title='bbox 3064 3982 3207 4038; x_wconf 90' lang='lat' dir='ltr'><strong>enim</strong></span> <span class='ocrx_word' id='word_1_664' title='bbox 3238 3982 3379 4053; x_wconf 90' lang='lat' dir='ltr'><strong>quod</strong></span> <span class='ocrx_word' id='word_1_665' title='bbox 3422 3980 3707 4052; x_wconf 59' lang='lat' dir='ltr'><strong>praecedit,</strong></span> <span class='ocrx_word' id='word_1_666' title='bbox 3735 3980 3800 4037; x_wconf 87' lang='lat' dir='ltr'><strong>ad</strong></span> <span class='ocrx_word' id='word_1_667' title='bbox 3828 3978 3881 4049; x_wconf 83' lang='lat' dir='ltr'><strong>id</strong></span> 
     </span>
    </p>
   </div>
   <div class='ocr_carea' id='block_1_85' title="bbox 2304 4072 3884 4148">
    <p class='ocr_par' dir='ltr' id='par_1_85' title="bbox 2304 4072 3884 4148">
     <span class='ocr_line' id='line_1_85' title="bbox 2304 4072 3884 4148; baseline -0.006 -16"><span class='ocrx_word' id='word_1_668' title='bbox 2304 4076 2445 4148; x_wconf 91' lang='lat' dir='ltr'><strong>quod</strong></span> <span class='ocrx_word' id='word_1_669' title='bbox 2475 4077 2718 4145; x_wconf 88' lang='lat' dir='ltr'><strong>sequitur</strong></span> <span class='ocrx_word' id='word_1_670' title='bbox 2745 4090 2963 4131; x_wconf 86' lang='lat' dir='ltr'><strong>necesse</strong></span> <span class='ocrx_word' id='word_1_671' title='bbox 2995 4082 3076 4130; x_wconf 92' lang='lat' dir='ltr'><strong>est</strong></span> <span class='ocrx_word' id='word_1_672' title='bbox 3104 4083 3161 4130; x_wconf 90' lang='lat' dir='ltr'><strong>ut</strong></span> <span class='ocrx_word' id='word_1_673' title='bbox 3189 4074 3472 4130; x_wconf 74' lang='lat' dir='ltr'><strong>referatur.</strong></span> <span class='ocrx_word' id='word_1_674' title='bbox 3508 4072 3740 4127; x_wconf 77' lang='lat' dir='ltr'><strong>Maxima</strong></span> <span class='ocrx_word' id='word_1_675' title='bbox 3771 4083 3884 4139; x_wconf 90' lang='lat' dir='ltr'><strong>pro-</strong></span> 
     </span>
    </p>
   </div>
   <div class='ocr_carea' id='block_1_86' title="bbox 2306 4166 3879 4240">
    <p class='ocr_par' dir='ltr' id='par_1_86' title="bbox 2306 4166 3879 4240">
     <span class='ocr_line' id='line_1_86' title="bbox 2306 4166 3879 4240; baseline -0.005 -15"><span class='ocrx_word' id='word_1_676' title='bbox 2306 4170 2498 4240; x_wconf 88' lang='lat' dir='ltr'><strong>positio</strong></span> <span class='ocrx_word' id='word_1_677' title='bbox 2526 4178 2647 4226; x_wconf 87' lang='lat' dir='ltr'><strong>est:</strong></span> <span class='ocrx_word' id='word_1_678' title='bbox 2676 4168 2774 4225; x_wconf 85' lang='lat' dir='ltr'><strong>Ubi</strong></span> <span class='ocrx_word' id='word_1_679' title='bbox 2815 4177 2898 4225; x_wconf 88' lang='lat' dir='ltr'><strong>est</strong></span> <span class='ocrx_word' id='word_1_680' title='bbox 2944 4168 3291 4231; x_wconf 88' lang='lat' dir='ltr'><strong>antecedens.</strong></span> <span class='ocrx_word' id='word_1_681' title='bbox 3332 4167 3403 4225; x_wconf 81' lang='lat' dir='ltr'><strong>ibi</strong></span> <span class='ocrx_word' id='word_1_682' title='bbox 3447 4166 3550 4225; x_wconf 87' lang='lat' dir='ltr'><strong>erit</strong></span> <span class='ocrx_word' id='word_1_683' title='bbox 3593 4174 3649 4221; x_wconf 91' lang='lat' dir='ltr'><strong>et</strong></span> <span class='ocrx_word' id='word_1_684' title='bbox 3687 4178 3879 4218; x_wconf 88' lang='lat' dir='ltr'><strong>conse-</strong></span> 
     </span>
    </p>
   </div>
   <div class='ocr_carea' id='block_1_87' title="bbox 2305 4255 3879 4329">
    <p class='ocr_par' dir='ltr' id='par_1_87' title="bbox 2305 4255 3879 4329">
     <span class='ocr_line' id='line_1_87' title="bbox 2305 4255 3879 4329; baseline -0.003 -16"><span class='ocrx_word' id='word_1_685' title='bbox 2305 4275 2508 4329; x_wconf 87' lang='lat' dir='ltr'><strong>quens;</strong></span> <span class='ocrx_word' id='word_1_686' title='bbox 2536 4268 2589 4315; x_wconf 89' lang='lat' dir='ltr'><strong>at</strong></span> <span class='ocrx_word' id='word_1_687' title='bbox 2634 4260 2686 4313; x_wconf 91' lang='lat' dir='ltr'><strong>in</strong></span> <span class='ocrx_word' id='word_1_688' title='bbox 2718 4259 2819 4312; x_wconf 85' lang='lat' dir='ltr'><strong>hac</strong></span> <span class='ocrx_word' id='word_1_689' title='bbox 2866 4259 3165 4327; x_wconf 80' lang='lat' dir='ltr'><strong>quaestione</strong></span> <span class='ocrx_word' id='word_1_690' title='bbox 3211 4267 3294 4316; x_wconf 90' lang='lat' dir='ltr'><strong>est</strong></span> <span class='ocrx_word' id='word_1_691' title='bbox 3336 4257 3682 4322; x_wconf 87' lang='lat' dir='ltr'><strong>antecedens,</strong></span> <span class='ocrx_word' id='word_1_692' title='bbox 3721 4255 3769 4311; x_wconf 91' lang='lat' dir='ltr'><strong>id</strong></span> <span class='ocrx_word' id='word_1_693' title='bbox 3798 4262 3879 4311; x_wconf 85' lang='lat' dir='ltr'><strong>est</strong></span> 
     </span>
    </p>
   </div>
   <div class='ocr_carea' id='block_1_88' title="bbox 2304 4347 3880 4420">
    <p class='ocr_par' dir='ltr' id='par_1_88' title="bbox 2304 4347 3880 4420">
     <span class='ocr_line' id='line_1_88' title="bbox 2304 4347 3880 4420; baseline -0.001 -17"><span class='ocrx_word' id='word_1_694' title='bbox 2304 4351 2403 4411; x_wconf 71' lang='lat' dir='ltr'><strong>.viri</strong></span> <span class='ocrx_word' id='word_1_695' title='bbox 2441 4350 2592 4417; x_wconf 90' lang='lat' dir='ltr'><strong>culpa</strong></span> <span class='ocrx_word' id='word_1_696' title='bbox 2640 4348 2836 4411; x_wconf 80' lang='lat' dir='ltr'><strong>factum</strong></span> <span class='ocrx_word' id='word_1_697' title='bbox 2871 4347 3196 4416; x_wconf 88' lang='lat' dir='ltr'><strong>divortium;</strong></span> <span class='ocrx_word' id='word_1_698' title='bbox 3231 4350 3304 4406; x_wconf 92' lang='lat' dir='ltr'><strong>ibi</strong></span> <span class='ocrx_word' id='word_1_699' title='bbox 3347 4350 3505 4420; x_wconf 87' lang='lat' dir='ltr'><strong>igitur</strong></span> <span class='ocrx_word' id='word_1_700' title='bbox 3546 4359 3880 4418; x_wconf 82' lang='lat' dir='ltr'><strong>consequens</strong></span> 
     </span>
    </p>
   </div>
   <div class='ocr_carea' id='block_1_89' title="bbox 2307 4438 3997 4515">
    <p class='ocr_par' dir='ltr' id='par_1_89' title="bbox 2307 4438 3997 4515">
     <span class='ocr_line' id='line_1_89' title="bbox 2307 4438 3997 4515; baseline -0.003 -20"><span class='ocrx_word' id='word_1_701' title='bbox 2307 4440 2440 4515; x_wconf 76' lang='lat' dir='ltr'><strong>erit,</strong></span> <span class='ocrx_word' id='word_1_702' title='bbox 2468 4449 2650 4496; x_wconf 80' lang='lat' dir='ltr'><strong>sextas</strong></span> <span class='ocrx_word' id='word_1_703' title='bbox 2677 4453 2784 4493; x_wconf 90' lang='lat' dir='ltr'><strong>non</strong></span> <span class='ocrx_word' id='word_1_704' title='bbox 2814 4439 3055 4493; x_wconf 89' lang='lat' dir='ltr'><strong>retineri.</strong></span> <span class='ocrx_word' id='word_1_705' title='bbox 3079 4438 3188 4495; x_wconf 89' lang='lat' dir='ltr'><strong>Cur</strong></span> <span class='ocrx_word' id='word_1_706' title='bbox 3211 4450 3387 4496; x_wconf 88' lang='lat' dir='ltr'><strong>autem</strong></span> <span class='ocrx_word' id='word_1_707' title='bbox 3418 4440 3489 4495; x_wconf 89' lang='lat' dir='ltr'><strong>ita</strong></span> <span class='ocrx_word' id='word_1_708' title='bbox 3523 4440 3768 4509; x_wconf 86' lang='lat' dir='ltr'><strong>superius</strong></span> <span class='ocrx_word' id='word_1_709' title='bbox 3800 4452 3886 4492; x_wconf 85' lang='lat' dir='ltr'><strong>ar-</strong></span> <span class='ocrx_word' id='word_1_710' title='bbox 3990 4444 3997 4453; x_wconf 86' lang='lat'><strong><em>°</em></strong></span> 
     </span>
    </p>
   </div>
   <div class='ocr_carea' id='block_1_90' title="bbox 2310 4528 3882 4602">
    <p class='ocr_par' dir='ltr' id='par_1_90' title="bbox 2310 4528 3882 4602">
     <span class='ocr_line' id='line_1_90' title="bbox 2310 4528 3882 4602; baseline -0.003 -15"><span class='ocrx_word' id='word_1_711' title='bbox 2310 4540 2616 4602; x_wconf 76' lang='lat' dir='ltr'><strong>gumentum</strong></span> <span class='ocrx_word' id='word_1_712' title='bbox 2642 4528 3076 4595; x_wconf 84' lang='lat' dir='ltr'><strong>conclusionibus</strong></span> <span class='ocrx_word' id='word_1_713' title='bbox 3124 4531 3478 4596; x_wconf 81' lang='lat' dir='ltr'><strong>intexuerim,</strong></span> <span class='ocrx_word' id='word_1_714' title='bbox 3517 4546 3640 4587; x_wconf 91' lang='lat' dir='ltr'><strong>cum</strong></span> <span class='ocrx_word' id='word_1_715' title='bbox 3679 4530 3747 4591; x_wconf 85' lang='lat' dir='ltr'><strong>de</strong></span> <span class='ocrx_word' id='word_1_716' title='bbox 3777 4528 3882 4591; x_wconf 85' lang='lat' dir='ltr'><strong>his.</strong></span> 
     </span>
    </p>
   </div>
   <div class='ocr_carea' id='block_1_91' title="bbox 540 4616 2203 4715">
    <p class='ocr_par' dir='ltr' id='par_1_91' title="bbox 540 4624 2203 4715">
     <span class='ocr_line' id='line_1_91' title="bbox 540 4624 2203 4715; baseline -0.004 -12"><span class='ocrx_word' id='word_1_717' title='bbox 540 4651 553 4662; x_wconf 87' lang='lat'>&#39;</span> <span class='ocrx_word' id='word_1_718' title='bbox 624 4624 1119 4703; x_wconf 80' lang='lat' dir='ltr'><strong>Antecedensvero</strong></span> <span class='ocrx_word' id='word_1_719' title='bbox 1147 4644 1293 4714; x_wconf 88' lang='lat' dir='ltr'><strong>prius</strong></span> <span class='ocrx_word' id='word_1_720' title='bbox 1316 4653 1429 4715; x_wconf 82' lang='lat' dir='ltr'><strong>est,</strong></span> <span class='ocrx_word' id='word_1_721' title='bbox 1461 4652 1518 4698; x_wconf 91' lang='lat' dir='ltr'><strong>ut</strong></span> <span class='ocrx_word' id='word_1_722' title='bbox 1544 4642 1591 4699; x_wconf 91' lang='lat' dir='ltr'><strong>si</strong></span> <span class='ocrx_word' id='word_1_723' title='bbox 1619 4655 1874 4712; x_wconf 82' lang='lat' dir='ltr'><strong>arrogans</strong></span> <span class='ocrx_word' id='word_1_724' title='bbox 1902 4650 2020 4707; x_wconf 91' lang='lat' dir='ltr'><strong>est,</strong></span> <span class='ocrx_word' id='word_1_725' title='bbox 2052 4640 2203 4697; x_wconf 82' lang='lat' dir='ltr'><strong>odio-</strong></span> 
     </span>
    </p>
   </div>
   <div class='ocr_carea' id='block_1_92' title="bbox 2292 4616 3889 4715">
    <p class='ocr_par' dir='ltr' id='par_1_92' title="bbox 2308 4622 3889 4693">
     <span class='ocr_line' id='line_1_92' title="bbox 2308 4622 3889 4693; baseline 0 -14"><span class='ocrx_word' id='word_1_726' title='bbox 2308 4626 2375 4681; x_wconf 78' lang='grc' dir='ltr'><strong>Μ.</strong></span> <span class='ocrx_word' id='word_1_727' title='bbox 2421 4623 2599 4691; x_wconf 82' lang='lat' dir='ltr'><strong>Tullio</strong></span> <span class='ocrx_word' id='word_1_728' title='bbox 2629 4623 2785 4683; x_wconf 87' lang='lat' dir='ltr'><strong>latius</strong></span> <span class='ocrx_word' id='word_1_729' title='bbox 2824 4632 3176 4693; x_wconf 77' lang='lat' dir='ltr'><strong>exsequente,</strong></span> <span class='ocrx_word' id='word_1_730' title='bbox 3224 4631 3555 4689; x_wconf 84' lang='lat' dir='ltr'><strong>tractavero,</strong></span> <span class='ocrx_word' id='word_1_731' title='bbox 3585 4622 3889 4691; x_wconf 77' lang='lat' dir='ltr'><strong>evidentius</strong></span> 
     </span>
    </p>
   </div>
   <div class='ocr_carea' id='block_1_93' title="bbox 627 4732 2197 4807">
    <p class='ocr_par' dir='ltr' id='par_1_93' title="bbox 627 4732 2197 4807">
     <span class='ocr_line' id='line_1_93' title="bbox 627 4732 2197 4807; baseline -0.004 -13"><span class='ocrx_word' id='word_1_732' title='bbox 627 4753 718 4795; x_wconf 86' lang='lat' dir='ltr'><strong>sus</strong></span> <span class='ocrx_word' id='word_1_733' title='bbox 743 4746 847 4807; x_wconf 79' lang='lat' dir='ltr'><strong>est.</strong></span> <span class='ocrx_word' id='word_1_734' title='bbox 890 4736 1045 4805; x_wconf 83' lang='lat' dir='ltr'><strong>Prius</strong></span> <span class='ocrx_word' id='word_1_735' title='bbox 1069 4737 1211 4793; x_wconf 89' lang='lat' dir='ltr'><strong>enim</strong></span> <span class='ocrx_word' id='word_1_736' title='bbox 1244 4745 1326 4799; x_wconf 88' lang='lat' dir='ltr'><strong>est</strong></span> <span class='ocrx_word' id='word_1_737' title='bbox 1354 4750 1631 4806; x_wconf 82' lang='lat' dir='ltr'><strong>arrogans,</strong></span> <span class='ocrx_word' id='word_1_738' title='bbox 1663 4735 1930 4804; x_wconf 87' lang='lat' dir='ltr'><strong>posterius</strong></span> <span class='ocrx_word' id='word_1_739' title='bbox 1958 4732 2197 4789; x_wconf 85' lang='lat' dir='ltr'><strong>odiosus.</strong></span> 
     </span>
    </p>
   </div>
   <div class='ocr_carea' id='block_1_94' title="bbox 630 4826 2203 4903">
    <p class='ocr_par' dir='ltr' id='par_1_94' title="bbox 630 4826 2203 4903">
     <span class='ocr_line' id='line_1_94' title="bbox 630 4826 2203 4903; baseline -0.004 -16"><span class='ocrx_word' id='word_1_740' title='bbox 630 4832 766 4901; x_wconf 75' lang='lat' dir='ltr'><strong>illud</strong></span> <span class='ocrx_word' id='word_1_741' title='bbox 812 4840 992 4903; x_wconf 86' lang='lat' dir='ltr'><strong>tamen</strong></span> <span class='ocrx_word' id='word_1_742' title='bbox 1038 4832 1091 4886; x_wconf 88' lang='lat' dir='ltr'><strong>in</strong></span> <span class='ocrx_word' id='word_1_743' title='bbox 1122 4830 1371 4901; x_wconf 80' lang='lat' dir='ltr'><strong>omnibus</strong></span> <span class='ocrx_word' id='word_1_744' title='bbox 1402 4839 1618 4895; x_wconf 77' lang='lat' dir='ltr'><strong>manet.</strong></span> <span class='ocrx_word' id='word_1_745' title='bbox 1651 4827 1839 4898; x_wconf 81' lang='lat' dir='ltr'><strong>positis</strong></span> <span class='ocrx_word' id='word_1_746' title='bbox 1876 4826 2203 4890; x_wconf 56' lang='lat' dir='ltr'><strong>antecedeng</strong></span> 
     </span>
    </p>
   </div>
   <div class='ocr_carea' id='block_1_95' title="bbox 631 4916 2204 4997">
    <p class='ocr_par' dir='ltr' id='par_1_95' title="bbox 631 4916 2204 4997">
     <span class='ocr_line' id='line_1_95' title="bbox 631 4916 2204 4997; baseline -0.003 -20"><span class='ocrx_word' id='word_1_747' title='bbox 631 4923 775 4997; x_wconf 73' lang='lat' dir='ltr'><strong>tibus</strong></span> <span class='ocrx_word' id='word_1_748' title='bbox 805 4922 1111 4993; x_wconf 82' lang='lat' dir='ltr'><strong>necessario</strong></span> <span class='ocrx_word' id='word_1_749' title='bbox 1158 4920 1543 4990; x_wconf 85' lang='lat' dir='ltr'><strong>consequentia</strong></span> <span class='ocrx_word' id='word_1_750' title='bbox 1594 4917 1751 4974; x_wconf 89' lang='lat' dir='ltr'><strong>trahi.</strong></span> <span class='ocrx_word' id='word_1_751' title='bbox 1788 4916 2035 4986; x_wconf 78' lang='lat' dir='ltr'><strong>Exempli</strong></span> <span class='ocrx_word' id='word_1_752' title='bbox 2073 4930 2204 4973; x_wconf 87' lang='lat' dir='ltr'><strong>vero</strong></span> 
     </span>
    </p>
   </div>
   <div class='ocr_carea' id='block_1_96' title="bbox 632 5009 2201 5084">
    <p class='ocr_par' dir='ltr' id='par_1_96' title="bbox 632 5009 2201 5084">
     <span class='ocr_line' id='line_1_96' title="bbox 632 5009 2201 5084; baseline -0.004 -15"><span class='ocrx_word' id='word_1_753' title='bbox 632 5014 756 5073; x_wconf 83' lang='lat' dir='ltr'><strong>talis</strong></span> <span class='ocrx_word' id='word_1_754' title='bbox 781 5025 865 5072; x_wconf 76' lang='lat' dir='ltr'><strong>est</strong></span> <span class='ocrx_word' id='word_1_755' title='bbox 899 5009 1510 5084; x_wconf 71' lang='lat' dir='ltr'><strong>explatiatio:civitatis</strong></span> <span class='ocrx_word' id='word_1_756' title='bbox 1556 5009 1813 5079; x_wconf 64' lang='lat' dir='ltr'><strong>Romana:</strong></span> <span class='ocrx_word' id='word_1_757' title='bbox 1857 5009 2001 5079; x_wconf 86' lang='lat' dir='ltr'><strong>jure,</strong></span> <span class='ocrx_word' id='word_1_758' title='bbox 2047 5009 2201 5069; x_wconf 84' lang='lat' dir='ltr'><strong>liberi</strong></span> 
     </span>
    </p>
   </div>
   <div class='ocr_carea' id='block_1_97' title="bbox 627 5100 2201 5176">
    <p class='ocr_par' dir='ltr' id='par_1_97' title="bbox 627 5100 2201 5176">
     <span class='ocr_line' id='line_1_97' title="bbox 627 5100 2201 5176; baseline -0.004 -12"><span class='ocrx_word' id='word_1_759' title='bbox 627 5109 926 5164; x_wconf 88' lang='lat' dir='ltr'><strong>retinentur</strong></span> <span class='ocrx_word' id='word_1_760' title='bbox 973 5106 1029 5171; x_wconf 88' lang='lat' dir='ltr'><strong>in</strong></span> <span class='ocrx_word' id='word_1_761' title='bbox 1079 5112 1289 5176; x_wconf 85' lang='lat' dir='ltr'><strong>patrum</strong></span> <span class='ocrx_word' id='word_1_762' title='bbox 1343 5102 1598 5171; x_wconf 86' lang='lat' dir='ltr'><strong>arbitrio,</strong></span> <span class='ocrx_word' id='word_1_763' title='bbox 1646 5117 1816 5173; x_wconf 89' lang='lat' dir='ltr'><strong>usque</strong></span> <span class='ocrx_word' id='word_1_764' title='bbox 1863 5101 1987 5157; x_wconf 90' lang='lat' dir='ltr'><strong>dum</strong></span> <span class='ocrx_word' id='word_1_765' title='bbox 2044 5100 2201 5158; x_wconf 87' lang='lat' dir='ltr'><strong>tertia</strong></span> 
     </span>
    </p>
   </div>
   <div class='ocr_carea' id='block_1_98' title="bbox 627 5190 2203 5271">
    <p class='ocr_par' dir='ltr' id='par_1_98' title="bbox 627 5190 2203 5271">
     <span class='ocr_line' id='line_1_98' title="bbox 627 5190 2203 5271; baseline -0.005 -15"><span class='ocrx_word' id='word_1_766' title='bbox 627 5196 1058 5271; x_wconf 66' lang='lat' dir='ltr'><strong>emancipatione</strong></span> <span class='ocrx_word' id='word_1_767' title='bbox 1087 5196 1395 5261; x_wconf 88' lang='lat' dir='ltr'><strong>solvantur;</strong></span> <span class='ocrx_word' id='word_1_768' title='bbox 1440 5208 1571 5264; x_wconf 87' lang='lat' dir='ltr'><strong>ergo</strong></span> <span class='ocrx_word' id='word_1_769' title='bbox 1600 5194 1645 5249; x_wconf 90' lang='lat' dir='ltr'><strong>si</strong></span> <span class='ocrx_word' id='word_1_770' title='bbox 1674 5192 1887 5262; x_wconf 89' lang='lat' dir='ltr'><strong>quando</strong></span> <span class='ocrx_word' id='word_1_771' title='bbox 1912 5190 2203 5248; x_wconf 88' lang='lat' dir='ltr'><strong>divortium</strong></span> 
     </span>
    </p>
   </div>
   <div class='ocr_carea' id='block_1_99' title="bbox 642 5283 2206 5359">
    <p class='ocr_par' dir='ltr' id='par_1_99' title="bbox 642 5283 2206 5359">
     <span class='ocr_line' id='line_1_99' title="bbox 642 5283 2206 5359; baseline -0.003 -16"><span class='ocrx_word' id='word_1_772' title='bbox 642 5291 1037 5359; x_wconf 76' lang='lat' dir='ltr'><strong>intercessisset</strong></span> <span class='ocrx_word' id='word_1_773' title='bbox 1081 5287 1237 5359; x_wconf 88' lang='lat' dir='ltr'><strong>culpa</strong></span> <span class='ocrx_word' id='word_1_774' title='bbox 1283 5286 1543 5354; x_wconf 86' lang='lat' dir='ltr'><strong>mulieris,</strong></span> <span class='ocrx_word' id='word_1_775' title='bbox 1587 5293 1736 5355; x_wconf 90' lang='lat' dir='ltr'><strong>parte</strong></span> <span class='ocrx_word' id='word_1_776' title='bbox 1785 5283 2014 5353; x_wconf 88' lang='lat' dir='ltr'><strong>quadam</strong></span> <span class='ocrx_word' id='word_1_777' title='bbox 2060 5284 2206 5339; x_wconf 87' lang='lat' dir='ltr'><strong>dotis</strong></span> 
     </span>
    </p>
   </div>
   <div class='ocr_carea' id='block_1_100' title="bbox 632 5374 2205 5455">
    <p class='ocr_par' dir='ltr' id='par_1_100' title="bbox 632 5374 2205 5455">
     <span class='ocr_line' id='line_1_100' title="bbox 632 5374 2205 5455; baseline -0.003 -17"><span class='ocrx_word' id='word_1_778' title='bbox 632 5396 731 5453; x_wconf 93' lang='lat' dir='ltr'><strong>pro</strong></span> <span class='ocrx_word' id='word_1_779' title='bbox 758 5380 1056 5455; x_wconf 79' lang='lat' dir='ltr'><strong>liberorum</strong></span> <span class='ocrx_word' id='word_1_780' title='bbox 1100 5395 1322 5437; x_wconf 91' lang='lat' dir='ltr'><strong>numero</strong></span> <span class='ocrx_word' id='word_1_781' title='bbox 1354 5379 1699 5435; x_wconf 86' lang='lat' dir='ltr'><strong>multabatur.</strong></span> <span class='ocrx_word' id='word_1_782' title='bbox 1733 5376 1806 5433; x_wconf 90' lang='lat' dir='ltr'><strong>De</strong></span> <span class='ocrx_word' id='word_1_783' title='bbox 1834 5391 1937 5447; x_wconf 89' lang='lat' dir='ltr'><strong>qua</strong></span> <span class='ocrx_word' id='word_1_784' title='bbox 1963 5390 2025 5433; x_wconf 87' lang='lat' dir='ltr'><strong>re</strong></span> <span class='ocrx_word' id='word_1_785' title='bbox 2068 5374 2205 5433; x_wconf 81' lang='lat' dir='ltr'><strong>Pau-</strong></span> 
     </span>
    </p>
   </div>
   <div class='ocr_carea' id='block_1_101' title="bbox 636 5469 2201 5545">
    <p class='ocr_par' dir='ltr' id='par_1_101' title="bbox 636 5469 2201 5545">
     <span class='ocr_line' id='line_1_101' title="bbox 636 5469 2201 5545; baseline -0.006 -10"><span class='ocrx_word' id='word_1_786' title='bbox 636 5477 738 5543; x_wconf 80' lang='lat' dir='ltr'><strong>lus,</strong></span> <span class='ocrx_word' id='word_1_787' title='bbox 772 5474 1171 5531; x_wconf 88' lang='lat' dir='ltr'><strong>lnstitutionum</strong></span> <span class='ocrx_word' id='word_1_788' title='bbox 1212 5473 1337 5529; x_wconf 89' lang='lat' dir='ltr'><strong>libri</strong></span> <span class='ocrx_word' id='word_1_789' title='bbox 1378 5471 1601 5529; x_wconf 86' lang='lat' dir='ltr'><strong>secundi</strong></span> <span class='ocrx_word' id='word_1_790' title='bbox 1644 5470 1802 5527; x_wconf 92' lang='lat' dir='ltr'><strong>titulo</strong></span> <span class='ocrx_word' id='word_1_791' title='bbox 1845 5471 1912 5545; x_wconf 88' lang='lat' dir='ltr'><strong>de</strong></span> <span class='ocrx_word' id='word_1_792' title='bbox 1962 5469 2201 5537; x_wconf 86' lang='lat' dir='ltr'><strong>Dotibus,</strong></span> 
     </span>
    </p>
   </div>
   <div class='ocr_carea' id='block_1_102' title="bbox 634 5563 2208 5631">
    <p class='ocr_par' dir='ltr' id='par_1_102' title="bbox 634 5563 2208 5631">
     <span class='ocr_line' id='line_1_102' title="bbox 634 5563 2208 5631; baseline -0.006 -3"><span class='ocrx_word' id='word_1_793' title='bbox 634 5571 707 5628; x_wconf 88' lang='lat' dir='ltr'><strong>ita</strong></span> <span class='ocrx_word' id='word_1_794' title='bbox 741 5569 1034 5627; x_wconf 88' lang='lat' dir='ltr'><strong>disseruit:</strong></span> <span class='ocrx_word' id='word_1_795' title='bbox 1068 5568 1125 5627; x_wconf 90' lang='lat' dir='ltr'><strong>Si</strong></span> <span class='ocrx_word' id='word_1_796' title='bbox 1154 5568 1438 5631; x_wconf 84' lang='lat' dir='ltr'><strong>divortium</strong></span> <span class='ocrx_word' id='word_1_797' title='bbox 1485 5574 1569 5622; x_wconf 90' lang='lat' dir='ltr'><strong>est</strong></span> <span class='ocrx_word' id='word_1_798' title='bbox 1614 5563 1971 5630; x_wconf 90' lang='lat' dir='ltr'><strong>matrimonii,</strong></span> <span class='ocrx_word' id='word_1_799' title='bbox 2004 5574 2060 5619; x_wconf 89' lang='lat' dir='ltr'><strong>et</strong></span> <span class='ocrx_word' id='word_1_800' title='bbox 2106 5563 2208 5618; x_wconf 87' lang='lat' dir='ltr'><strong>hoc</strong></span> 
     </span>
    </p>
   </div>
   <div class='ocr_carea' id='block_1_103' title="bbox 634 5657 2206 5729">
    <p class='ocr_par' dir='ltr' id='par_1_103' title="bbox 634 5657 2206 5729">
     <span class='ocr_line' id='line_1_103' title="bbox 634 5657 2206 5729; baseline -0.007 -9"><span class='ocrx_word' id='word_1_801' title='bbox 634 5662 753 5721; x_wconf 83' lang='lat' dir='ltr'><strong>sine</strong></span> <span class='ocrx_word' id='word_1_802' title='bbox 782 5664 935 5729; x_wconf 87' lang='lat' dir='ltr'><strong>culpa</strong></span> <span class='ocrx_word' id='word_1_803' title='bbox 964 5659 1202 5715; x_wconf 88' lang='lat' dir='ltr'><strong>mulieris</strong></span> <span class='ocrx_word' id='word_1_804' title='bbox 1231 5659 1426 5715; x_wconf 82' lang='lat' dir='ltr'><strong>factum</strong></span> <span class='ocrx_word' id='word_1_805' title='bbox 1473 5668 1586 5722; x_wconf 90' lang='lat' dir='ltr'><strong>est,</strong></span> <span class='ocrx_word' id='word_1_806' title='bbox 1630 5657 1728 5712; x_wconf 90' lang='lat' dir='ltr'><strong>dos</strong></span> <span class='ocrx_word' id='word_1_807' title='bbox 1763 5657 1969 5725; x_wconf 83' lang='lat' dir='ltr'><strong>integra</strong></span> <span class='ocrx_word' id='word_1_808' title='bbox 1998 5666 2206 5724; x_wconf 80' lang='lat' dir='ltr'><strong>repete-</strong></span> 
     </span>
    </p>
   </div>
   <div class='ocr_carea' id='block_1_104' title="bbox 641 5750 2205 5824">
    <p class='ocr_par' dir='ltr' id='par_1_104' title="bbox 641 5750 2205 5824">
     <span class='ocr_line' id='line_1_104' title="bbox 641 5750 2205 5824; baseline -0.002 -18"><span class='ocrx_word' id='word_1_809' title='bbox 641 5761 759 5817; x_wconf 87' lang='lat' dir='ltr'><strong>tur;</strong></span> <span class='ocrx_word' id='word_1_810' title='bbox 789 5755 930 5824; x_wconf 90' lang='lat' dir='ltr'><strong>quod</strong></span> <span class='ocrx_word' id='word_1_811' title='bbox 957 5756 1000 5809; x_wconf 82' lang='lat' dir='ltr'><strong>si</strong></span> <span class='ocrx_word' id='word_1_812' title='bbox 1031 5755 1181 5824; x_wconf 90' lang='lat' dir='ltr'><strong>culpa</strong></span> <span class='ocrx_word' id='word_1_813' title='bbox 1210 5754 1447 5809; x_wconf 89' lang='lat' dir='ltr'><strong>mulieris</strong></span> <span class='ocrx_word' id='word_1_814' title='bbox 1473 5752 1669 5807; x_wconf 80' lang='lat' dir='ltr'><strong>factum</strong></span> <span class='ocrx_word' id='word_1_815' title='bbox 1699 5760 1782 5805; x_wconf 88' lang='lat' dir='ltr'><strong>est</strong></span> <span class='ocrx_word' id='word_1_816' title='bbox 1810 5751 2093 5806; x_wconf 82' lang='lat' dir='ltr'><strong>divertium</strong></span> <span class='ocrx_word' id='word_1_817' title='bbox 2112 5790 2126 5811; x_wconf 84' lang='lat'><strong>,</strong></span> <span class='ocrx_word' id='word_1_818' title='bbox 2154 5750 2205 5803; x_wconf 92' lang='lat' dir='ltr'><strong>in</strong></span> 
     </span>
    </p>
   </div>
   <div class='ocr_carea' id='block_1_105' title="bbox 626 5844 2199 5927">
    <p class='ocr_par' dir='ltr' id='par_1_105' title="bbox 626 5844 2199 5927">
     <span class='ocr_line' id='line_1_105' title="bbox 626 5844 2199 5927; baseline -0.003 -27"><span class='ocrx_word' id='word_1_819' title='bbox 626 5845 866 5927; x_wconf 69' lang='lat' dir='ltr'><strong>singulos</strong></span> <span class='ocrx_word' id='word_1_820' title='bbox 898 5846 1093 5901; x_wconf 83' lang='lat' dir='ltr'><strong>liberos</strong></span> <span class='ocrx_word' id='word_1_821' title='bbox 1123 5856 1270 5903; x_wconf 77' lang='lat' dir='ltr'><strong>sexta</strong></span> <span class='ocrx_word' id='word_1_822' title='bbox 1306 5859 1428 5914; x_wconf 65' lang='lat' dir='ltr'><strong>parte</strong></span> <span class='ocrx_word' id='word_1_823' title='bbox 1456 5844 1601 5903; x_wconf 85' lang='lat' dir='ltr'><strong>dotis</strong></span> <span class='ocrx_word' id='word_1_824' title='bbox 1630 5859 1663 5900; x_wconf 84' lang='lat' dir='ltr'><strong>a</strong></span> <span class='ocrx_word' id='word_1_825' title='bbox 1693 5844 1887 5900; x_wconf 86' lang='lat' dir='ltr'><strong>marito</strong></span> <span class='ocrx_word' id='word_1_826' title='bbox 1918 5844 2199 5908; x_wconf 84' lang='lat' dir='ltr'><strong>retinetur,</strong></span> 
     </span>
    </p>
   </div>
   <div class='ocr_carea' id='block_1_106' title="bbox 2311 4715 2606 4788">
    <p class='ocr_par' dir='ltr' id='par_1_106' title="bbox 2311 4715 2606 4788">
     <span class='ocr_line' id='line_1_106' title="bbox 2311 4715 2606 4788; baseline 0.014 -19"><span class='ocrx_word' id='word_1_827' title='bbox 2311 4715 2606 4788; x_wconf 75' lang='lat' dir='ltr'><strong>apparebit.</strong></span> 
     </span>
    </p>
   </div>
   <div class='ocr_carea' id='block_1_107' title="bbox 2382 4815 3891 4887">
    <p class='ocr_par' dir='ltr' id='par_1_107' title="bbox 2382 4815 3891 4887">
     <span class='ocr_line' id='line_1_107' title="bbox 2382 4815 3891 4887; baseline -0.003 -15"><span class='ocrx_word' id='word_1_828' title='bbox 2382 4818 2426 4872; x_wconf 85' lang='grc' dir='ltr'><strong><em>Α</em></strong></span> <span class='ocrx_word' id='word_1_829' title='bbox 2455 4817 2906 4887; x_wconf 73' lang='lat' dir='ltr'><strong>consequentibus:</strong></span> <span class='ocrx_word' id='word_1_830' title='bbox 2933 4815 2996 4873; x_wconf 88' lang='lat' dir='ltr'><strong>Si</strong></span> <span class='ocrx_word' id='word_1_831' title='bbox 3019 4817 3203 4873; x_wconf 71' lang='lat' dir='ltr'><strong>mulier</strong></span> <span class='ocrx_word' id='word_1_832' title='bbox 3228 4832 3344 4875; x_wconf 86' lang='lat' dir='ltr'><strong>cum</strong></span> <span class='ocrx_word' id='word_1_833' title='bbox 3372 4816 3551 4886; x_wconf 75' lang='lat' dir='ltr'><strong>fuisset</strong></span> <span class='ocrx_word' id='word_1_834' title='bbox 3576 4823 3737 4887; x_wconf 79' lang='lat' dir='ltr'><strong>nupta</strong></span> <span class='ocrx_word' id='word_1_835' title='bbox 3773 4828 3891 4868; x_wconf 72' lang='grc' dir='ltr'>σιιηι</span> 
     </span>
    </p>
   </div>
   <div class='ocr_carea' id='block_1_108' title="bbox 2311 4906 3888 4984">
    <p class='ocr_par' dir='ltr' id='par_1_108' title="bbox 2311 4906 3888 4984">
     <span class='ocr_line' id='line_1_108' title="bbox 2311 4906 3888 4984; baseline -0.008 -15"><span class='ocrx_word' id='word_1_836' title='bbox 2311 4927 2368 4969; x_wconf 76' lang='lat' dir='ltr'><strong>ea</strong></span> <span class='ocrx_word' id='word_1_837' title='bbox 2396 4911 2481 4966; x_wconf 84' lang='lat' dir='ltr'><strong>cui</strong></span> <span class='ocrx_word' id='word_1_838' title='bbox 2508 4912 2744 4966; x_wconf 84' lang='lat' dir='ltr'><strong>connubii</strong></span> <span class='ocrx_word' id='word_1_839' title='bbox 2756 4913 2848 4984; x_wconf 84' lang='lat' dir='ltr'><strong>jus</strong></span> <span class='ocrx_word' id='word_1_840' title='bbox 2871 4925 2973 4964; x_wconf 85' lang='lat' dir='ltr'><strong>non</strong></span> <span class='ocrx_word' id='word_1_841' title='bbox 2993 4919 3139 4975; x_wconf 81' lang='lat' dir='ltr'><strong>esset,</strong></span> <span class='ocrx_word' id='word_1_842' title='bbox 3160 4910 3394 4963; x_wconf 85' lang='lat' dir='ltr'><strong>nuntium</strong></span> <span class='ocrx_word' id='word_1_843' title='bbox 3413 4908 3631 4972; x_wconf 84' lang='lat' dir='ltr'><strong>remisit,</strong></span> <span class='ocrx_word' id='word_1_844' title='bbox 3650 4906 3888 4977; x_wconf 70' lang='lat' dir='ltr'><strong>quoniam</strong></span> 
     </span>
    </p>
   </div>
   <div class='ocr_carea' id='block_1_109' title="bbox 2310 4998 3891 5073">
    <p class='ocr_par' dir='ltr' id='par_1_109' title="bbox 2310 4998 3891 5073">
     <span class='ocr_line' id='line_1_109' title="bbox 2310 4998 3891 5073; baseline -0.008 -12"><span class='ocrx_word' id='word_1_845' title='bbox 2310 5004 2396 5073; x_wconf 81' lang='lat' dir='ltr'><strong>qui</strong></span> <span class='ocrx_word' id='word_1_846' title='bbox 2421 5005 2532 5059; x_wconf 85' lang='lat' dir='ltr'><strong>nati</strong></span> <span class='ocrx_word' id='word_1_847' title='bbox 2550 5012 2674 5059; x_wconf 87' lang='lat' dir='ltr'><strong>sunt</strong></span> <span class='ocrx_word' id='word_1_848' title='bbox 2704 5012 2897 5071; x_wconf 82' lang='lat' dir='ltr'><strong>patrem</strong></span> <span class='ocrx_word' id='word_1_849' title='bbox 2918 5017 3021 5057; x_wconf 88' lang='lat' dir='ltr'><strong>non</strong></span> <span class='ocrx_word' id='word_1_850' title='bbox 3050 5010 3350 5072; x_wconf 85' lang='lat' dir='ltr'><strong>sequuntur,</strong></span> <span class='ocrx_word' id='word_1_851' title='bbox 3380 5016 3474 5069; x_wconf 81' lang='lat' dir='ltr'><strong>pro</strong></span> <span class='ocrx_word' id='word_1_852' title='bbox 3496 4998 3666 5059; x_wconf 75' lang='lat' dir='ltr'><strong>liberis</strong></span> <span class='ocrx_word' id='word_1_853' title='bbox 3687 5012 3891 5051; x_wconf 80' lang='lat' dir='ltr'><strong>manere</strong></span> 
     </span>
    </p>
   </div>
   <div class='ocr_carea' id='block_1_110' title="bbox 2309 5092 2657 5163">
    <p class='ocr_par' dir='ltr' id='par_1_110' title="bbox 2309 5092 2657 5163">
     <span class='ocr_line' id='line_1_110' title="bbox 2309 5092 2657 5163; baseline 0.003 -18"><span class='ocrx_word' id='word_1_854' title='bbox 2309 5092 2437 5159; x_wconf 73' lang='lat' dir='ltr'><strong>nihil</strong></span> <span class='ocrx_word' id='word_1_855' title='bbox 2465 5102 2657 5163; x_wconf 81' lang='lat' dir='ltr'><strong>oportet</strong></span> 
     </span>
    </p>
   </div>
   <div class='ocr_carea' id='block_1_111' title="bbox 2382 5194 3891 5267">
    <p class='ocr_par' dir='ltr' id='par_1_111' title="bbox 2382 5194 3891 5267">
     <span class='ocr_line' id='line_1_111' title="bbox 2382 5194 3891 5267; baseline -0.004 -15"><span class='ocrx_word' id='word_1_856' title='bbox 2382 5196 2777 5266; x_wconf 86' lang='lat' dir='ltr'><strong>Consequentia</strong></span> <span class='ocrx_word' id='word_1_857' title='bbox 2817 5204 2962 5262; x_wconf 92' lang='lat' dir='ltr'><strong>sunt,</strong></span> <span class='ocrx_word' id='word_1_858' title='bbox 2995 5210 3114 5267; x_wconf 71' lang='lat' dir='ltr'><strong>quae</strong></span> <span class='ocrx_word' id='word_1_859' title='bbox 3142 5210 3262 5250; x_wconf 92' lang='lat' dir='ltr'><strong>cum</strong></span> <span class='ocrx_word' id='word_1_860' title='bbox 3293 5194 3493 5251; x_wconf 83' lang='lat' dir='ltr'><strong>fuerint</strong></span> <span class='ocrx_word' id='word_1_861' title='bbox 3520 5194 3891 5251; x_wconf 87' lang='lat' dir='ltr'><strong>antecedentia</strong></span> 
     </span>
    </p>
   </div>
   <div class='ocr_carea' id='block_1_112' title="bbox 2314 5270 3894 5359">
    <p class='ocr_par' dir='ltr' id='par_1_112' title="bbox 2314 5270 3894 5359">
     <span class='ocr_line' id='line_1_112' title="bbox 2314 5270 3894 5359; baseline -0.003 -16"><span class='ocrx_word' id='word_1_862' title='bbox 2314 5270 2519 5359; x_wconf 82' lang='lat' dir='ltr'><strong>posita,</strong></span> <span class='ocrx_word' id='word_1_863' title='bbox 2552 5298 2980 5358; x_wconf 88' lang='lat' dir='ltr'><strong>consequuntur,</strong></span> <span class='ocrx_word' id='word_1_864' title='bbox 3032 5286 3196 5341; x_wconf 80' lang='lat' dir='ltr'><strong>veluti</strong></span> <span class='ocrx_word' id='word_1_865' title='bbox 3231 5286 3278 5341; x_wconf 90' lang='lat' dir='ltr'><strong>si</strong></span> <span class='ocrx_word' id='word_1_866' title='bbox 3317 5286 3597 5342; x_wconf 87' lang='lat' dir='ltr'><strong>dicamus:</strong></span> <span class='ocrx_word' id='word_1_867' title='bbox 3629 5284 3686 5341; x_wconf 90' lang='lat' dir='ltr'><strong>Si</strong></span> <span class='ocrx_word' id='word_1_868' title='bbox 3727 5284 3894 5339; x_wconf 85' lang='lat' dir='ltr'><strong>homo</strong></span> 
     </span>
    </p>
   </div>
   <div class='ocr_carea' id='block_1_113' title="bbox 2316 5376 3898 5448">
    <p class='ocr_par' dir='ltr' id='par_1_113' title="bbox 2316 5376 3898 5448">
     <span class='ocr_line' id='line_1_113' title="bbox 2316 5376 3898 5448; baseline -0.003 -14"><span class='ocrx_word' id='word_1_869' title='bbox 2316 5388 2421 5444; x_wconf 81' lang='lat' dir='ltr'><strong>est,</strong></span> <span class='ocrx_word' id='word_1_870' title='bbox 2447 5377 2645 5432; x_wconf 89' lang='lat' dir='ltr'><strong>animal</strong></span> <span class='ocrx_word' id='word_1_871' title='bbox 2675 5386 2781 5443; x_wconf 89' lang='lat' dir='ltr'><strong>est,</strong></span> <span class='ocrx_word' id='word_1_872' title='bbox 2808 5376 3006 5431; x_wconf 85' lang='lat' dir='ltr'><strong>animal</strong></span> <span class='ocrx_word' id='word_1_873' title='bbox 3031 5387 3115 5433; x_wconf 91' lang='lat' dir='ltr'><strong>est</strong></span> <span class='ocrx_word' id='word_1_874' title='bbox 3140 5392 3503 5448; x_wconf 88' lang='lat' dir='ltr'><strong>consequens.</strong></span> <span class='ocrx_word' id='word_1_875' title='bbox 3542 5376 3647 5433; x_wconf 87' lang='lat' dir='ltr'><strong>Sed</strong></span> <span class='ocrx_word' id='word_1_876' title='bbox 3677 5377 3727 5431; x_wconf 90' lang='lat' dir='ltr'><strong>in</strong></span> <span class='ocrx_word' id='word_1_877' title='bbox 3768 5389 3898 5446; x_wconf 80' lang='lat' dir='ltr'><strong>pro-</strong></span> 
     </span>
    </p>
   </div>
   <div class='ocr_carea' id='block_1_114' title="bbox 2318 5468 3893 5539">
    <p class='ocr_par' dir='ltr' id='par_1_114' title="bbox 2318 5468 3893 5539">
     <span class='ocr_line' id='line_1_114' title="bbox 2318 5468 3893 5539; baseline -0.003 -17"><span class='ocrx_word' id='word_1_878' title='bbox 2318 5469 2496 5539; x_wconf 87' lang='lat' dir='ltr'><strong>posito</strong></span> <span class='ocrx_word' id='word_1_879' title='bbox 2528 5468 2776 5537; x_wconf 80' lang='lat' dir='ltr'><strong>exemplo</strong></span> <span class='ocrx_word' id='word_1_880' title='bbox 2803 5482 2908 5522; x_wconf 92' lang='lat' dir='ltr'><strong>non</strong></span> <span class='ocrx_word' id='word_1_881' title='bbox 2943 5468 3073 5523; x_wconf 85' lang='lat' dir='ltr'><strong>satis</strong></span> <span class='ocrx_word' id='word_1_882' title='bbox 3115 5478 3339 5539; x_wconf 84' lang='lat' dir='ltr'><strong>apparet</strong></span> <span class='ocrx_word' id='word_1_883' title='bbox 3377 5484 3405 5522; x_wconf 87' lang='lat' dir='ltr'><strong>a</strong></span> <span class='ocrx_word' id='word_1_884' title='bbox 3438 5468 3893 5539; x_wconf 80' lang='lat' dir='ltr'><strong>consequentibus</strong></span> 
     </span>
    </p>
   </div>
   <div class='ocr_carea' id='block_1_115' title="bbox 2317 5558 3892 5635">
    <p class='ocr_par' dir='ltr' id='par_1_115' title="bbox 2317 5558 3892 5635">
     <span class='ocr_line' id='line_1_115' title="bbox 2317 5558 3892 5635; baseline -0.003 -17"><span class='ocrx_word' id='word_1_885' title='bbox 2317 5572 2727 5635; x_wconf 86' lang='lat' dir='ltr'><strong>argumentum,</strong></span> <span class='ocrx_word' id='word_1_886' title='bbox 2765 5561 2859 5617; x_wconf 87' lang='lat' dir='ltr'><strong>scd</strong></span> <span class='ocrx_word' id='word_1_887' title='bbox 2902 5562 2970 5616; x_wconf 91' lang='lat' dir='ltr'><strong>ab</strong></span> <span class='ocrx_word' id='word_1_888' title='bbox 3016 5562 3459 5618; x_wconf 87' lang='lat' dir='ltr'><strong>antecedentibus</strong></span> <span class='ocrx_word' id='word_1_889' title='bbox 3497 5563 3707 5631; x_wconf 89' lang='lat' dir='ltr'><strong>potius,</strong></span> <span class='ocrx_word' id='word_1_890' title='bbox 3750 5558 3892 5631; x_wconf 89' lang='lat' dir='ltr'><strong>quod</strong></span> 
     </span>
    </p>
   </div>
   <div class='ocr_carea' id='block_1_116' title="bbox 2314 5654 3891 5726">
    <p class='ocr_par' dir='ltr' id='par_1_116' title="bbox 2314 5654 3891 5726">
     <span class='ocr_line' id='line_1_116' title="bbox 2314 5654 3891 5726; baseline -0.006 -14"><span class='ocrx_word' id='word_1_891' title='bbox 2314 5659 2471 5726; x_wconf 88' lang='lat' dir='ltr'><strong>paqu</strong></span> <span class='ocrx_word' id='word_1_892' title='bbox 2496 5666 2615 5726; x_wconf 89' lang='lat' dir='ltr'><strong>post</strong></span> <span class='ocrx_word' id='word_1_893' title='bbox 2640 5655 2879 5725; x_wconf 84' lang='lat' dir='ltr'><strong>liquebit.</strong></span> <span class='ocrx_word' id='word_1_894' title='bbox 2909 5654 3034 5711; x_wconf 83' lang='lat' dir='ltr'><strong>Filii</strong></span> <span class='ocrx_word' id='word_1_895' title='bbox 3064 5670 3169 5709; x_wconf 90' lang='lat' dir='ltr'><strong>non</strong></span> <span class='ocrx_word' id='word_1_896' title='bbox 3188 5655 3307 5724; x_wconf 88' lang='lat' dir='ltr'><strong>jure</strong></span> <span class='ocrx_word' id='word_1_897' title='bbox 3338 5655 3572 5724; x_wconf 88' lang='lat' dir='ltr'><strong>suscepti</strong></span> <span class='ocrx_word' id='word_1_898' title='bbox 3602 5656 3654 5709; x_wconf 93' lang='lat' dir='ltr'><strong>in</strong></span> <span class='ocrx_word' id='word_1_899' title='bbox 3682 5660 3891 5723; x_wconf 83' lang='lat' dir='ltr'><strong>patrum</strong></span> 
     </span>
    </p>
   </div>
   <div class='ocr_carea' id='block_1_117' title="bbox 2317 5745 3888 5817">
    <p class='ocr_par' dir='ltr' id='par_1_117' title="bbox 2317 5745 3888 5817">
     <span class='ocr_line' id='line_1_117' title="bbox 2317 5745 3888 5817; baseline -0.006 -16"><span class='ocrx_word' id='word_1_900' title='bbox 2317 5762 2424 5801; x_wconf 89' lang='lat' dir='ltr'><strong>non</strong></span> <span class='ocrx_word' id='word_1_901' title='bbox 2452 5755 2608 5802; x_wconf 89' lang='lat' dir='ltr'><strong>erant</strong></span> <span class='ocrx_word' id='word_1_902' title='bbox 2635 5756 2917 5815; x_wconf 81' lang='lat' dir='ltr'><strong>porestate,</strong></span> <span class='ocrx_word' id='word_1_903' title='bbox 2948 5745 3041 5800; x_wconf 89' lang='lat' dir='ltr'><strong>sed</strong></span> <span class='ocrx_word' id='word_1_904' title='bbox 3071 5753 3271 5801; x_wconf 87' lang='lat' dir='ltr'><strong>matres</strong></span> <span class='ocrx_word' id='word_1_905' title='bbox 3302 5748 3478 5813; x_wconf 89' lang='lat' dir='ltr'><strong>potius</strong></span> <span class='ocrx_word' id='word_1_906' title='bbox 3512 5745 3888 5817; x_wconf 86' lang='lat' dir='ltr'><strong>sequebantur.</strong></span> 
     </span>
    </p>
   </div>
   <div class='ocr_carea' id='block_1_118' title="bbox 2318 5828 3889 5896">
    <p class='ocr_par' dir='ltr' id='par_1_118' title="bbox 2318 5828 3889 5896">
     <span class='ocr_line' id='line_1_118' title="bbox 2318 5828 3889 5896; baseline 0.002 -6"><span class='ocrx_word' id='word_1_907' title='bbox 2318 5836 2431 5892; x_wconf 87' lang='lat' dir='ltr'><strong>Non</strong></span> <span class='ocrx_word' id='word_1_908' title='bbox 2462 5844 2640 5891; x_wconf 89' lang='lat' dir='ltr'><strong>autem</strong></span> <span class='ocrx_word' id='word_1_909' title='bbox 2685 5835 2934 5892; x_wconf 87' lang='lat' dir='ltr'><strong>omnibus</strong></span> <span class='ocrx_word' id='word_1_910' title='bbox 2964 5846 3079 5896; x_wconf 83' lang='lat' dir='ltr'><strong>erat</strong></span> <span class='ocrx_word' id='word_1_911' title='bbox 3108 5836 3433 5892; x_wconf 87' lang='lat' dir='ltr'><strong>connubium</strong></span> <span class='ocrx_word' id='word_1_912' title='bbox 3463 5851 3583 5891; x_wconf 83' lang='lat' dir='ltr'><strong>cuin</strong></span> <span class='ocrx_word' id='word_1_913' title='bbox 3616 5828 3889 5893; x_wconf 61' lang='lat' dir='ltr'><strong>Romanis.</strong></span> 
     </span>
    </p>
   </div>
  </div>
