4248 6272
366 391 501 447 1077

1196 380 1261 436 lN
1298 375 1545 441 TOPICA
1585 368 1949 431 CICERONIS
1982 367 2501 426 GOMIIENTARIA.
2543 369 2669 424 LIB.
2712 367 2773 423 ll.

3490 362 3630 420 107.

360 521 465 564 nec
490 508 647 560 erant
676 498 874 571 nuptias
899 496 1024 569 jure
1047 502 1359 558 contractze,
1400 504 1517 555 qua:
1547 497 1637 540 aut
1668 500 1773 539 non
1804 485 1943 538 inter
1969 483 2025 547 Α
2047 481 2379 549 scribatque,
2414 481 2457 532 si
2494 479 2539 533 is
2566 477 2707 571 illius
2755 478 2892 533 intra
2933 474 3265 571 pubertatem
3302 472 3645 539 decesserit,

361 595 531 652 civem
561 605 839 647 romanum
886 588 1165 654 civemque
1205 595 1483 637 romanam
1529 577 1821 639 inibantur,
1849 582 1943 629 aut

360 688 445 743 cui
504 684 750 755 princeps
802 680 1100 751 populusve
1156 676 1427 729 civitatem
1480 669 1564 724 vel
1615 665 1942 722 connubium

364 792 469 834 non
512 772 867 845 permisisset,
909 783 977 823 eo
1003 768 1207 823 scilicet
1246 763 1406 819 modo
1434 769 1492 814 ut
1523 760 1577 813 in
1627 763 1943 826 potestatem

362 878 650 941 parentum
700 864 850 921 liberi
899 860 1288 927 redigerentur.
1332 852 1467 909 Illud
1515 864 1730 922 quoque
1759 848 1946 904 viden-

366 961 515 1025 dum,
546 956 682 1028 quod
711 969 776 1010 ex
817 950 1007 1021 impari
1037 946 1380 1003 matrimonio
1419 944 1681 1013 suscepti,
1714 956 1821 997 non
1850 957 1947 1012 pa-

362 1066 522 1121 trem,
554 1052 646 1108 sed
676 1058 899 1105 matrem
922 1047 1239 1115 sequuntur.
1270 1039 1411 1111 Ergo
1436 1037 1679 1108 quaedam
1706 1037 1946 1092 Romana

370 1148 452 1205 vel
477 1161 596 1202 cum
624 1142 832 1207 Latino,
864 1140 946 1195 vel
980 1152 1098 1193 cum
1128 1133 1444 1206 peregrino,
1484 1130 1567 1185 vel
1599 1145 1723 1185 cum
1754 1144 1941 1194 servo,

366 1251 488 1291 cum
516 1247 622 1302 quo
647 1228 900 1285 connubii
935 1228 1022 1298 jus
1044 1242 1148 1281 non
1179 1232 1315 1289 erat,
1344 1222 1555 1290 nuptias
1591 1220 1737 1286 fecit,
1767 1219 1945 1275 dotem

366 1326 619 1392 contulit,
648 1323 897 1391 laetoque
939 1322 1080 1374 inter
1105 1332 1201 1373 eos
1228 1315 1482 1377 divortio,
1512 1311 1853 1368 contenditur
1878 1326 1946 1365 an

364 1425 548 1485 nupta:
569 1410 811 1467 mulieris
840 1422 961 1463 cum
1004 1421 1070 1460 eo
1098 1420 1219 1463 cum
1270 1418 1378 1473 quo
1429 1401 1679 1457 connubii
1705 1400 1794 1469 jus
1842 1415 1948 1454 non

367 1513 505 1568 erat,
532 1501 673 1572 apud
717 1499 891 1554 virum
927 1497 1067 1551 dotis
1112 1509 1237 1563 pars
1277 1503 1395 1563 post
1442 1492 1729 1547 divortium
1759 1489 1953 1544 debeat

370 1607 710 1667 permanere.
739 1592 836 1647 Hie
864 1588 1160 1659 subjectum
1189 1585 1404 1656 quidem
1432 1591 1539 1649 est,
1570 1592 1735 1652 nupta
1759 1581 1951 1635 mulier

367 1700 492 1741 cum
519 1697 625 1754 quo
646 1680 967 1737 oonnublum
991 1693 1095 1733 non
1123 1685 1263 1742 erat,
1294 1674 1640 1745 praedicatum
1659 1687 1789 1726 vero
1811 1670 1951 1725 dotis

377 1776 545 1848 partis
569 1773 711 1843 apud
748 1773 923 1826 virum
973 1776 1095 1839 post
1137 1768 1424 1822 divortium
1469 1762 1789 1818 retentionis
1830 1761 1953 1830 jure

2044 582 2294 640 nepotem
2329 571 2413 625 vel
2462 570 2753 640 quemlibet
2794 571 2953 625 alium
2994 568 3263 625 haeredem
3307 580 3431 623 esse
3472 579 3634 635 opor-

2046 676 2160 721 tere
2184 680 2200 729 ;
2227 678 2393 732 nepos
2422 664 2583 731 igitur
2608 664 2687 716 vel
2717 662 2943 729 quilibet
2978 662 3134 727 alius,
3163 658 3432 716 secundus
3460 658 3634 715 haeres

2048 759 2264 813 dicitur.
2291 755 2659 824 Repugnantla
2688 763 2813 808 sunt
2832 768 2951 823 quae
2976 755 3058 823 (ut
3071 753 3271 808 dictum
3298 750 3403 821 est)
3423 762 3635 805 contra-

2046 850 2123 905 ria
2155 855 2472 917 sequuntur,
2522 844 2567 897 si
2600 844 2729 913 ipsis
2758 843 3043 898 contrariis
3076 851 3478 914 comparentur.
3506 840 3637 908 Qui-

2048 941 2169 996 dam
2204 938 2365 1008 igitur
2388 934 2667 992 'haeredem
2688 942 3013 989 testamento
3028 934 3241 1001 scripsit
3268 933 3456 999 lilium,
3478 932 3639 1002 eique

2048 1030 2341 1087 secundum
2368 1027 2645 1083 substituit
2677 1024 2965 1089 hmredcm,
2996 1023 3255 1093 uxorique
3276 1038 3385 1078 sure
3413 1024 3638 1079 ancilla-

2048 1138 2166 1177 rum
2196 1119 2586 1176 usuml‘ructum
2616 1117 2813 1185 legavit
2856 1131 2887 1170 a
2934 1114 3063 1179 lilio,
3108 1115 3348 1182 dixitque
3371 1124 3431 1168 ut
3478 1114 3635 1186 uxori

2050 1212 2192 1267 lilius
2222 1212 2340 1280 ejus
2368 1208 2761 1264 usumlructum
2801 1204 3119 1261 ancillarum
3163 1202 3518 1274 permitteret,
3541 1219 3637 1259 ne-

2050 1320 2153 1373 que
2180 1302 2310 1357 illud
2344 1300 2561 1370 adjecit,
2588 1308 2648 1353 ut
2668 1298 2829 1353 etiam
2870 1296 3138 1353 secundus
3182 1294 3357 1351 haeres
3387 1292 3639 1351 eumdem

2053 1394 2436 1449 usumlructum
2468 1391 2681 1446 mulieri
2711 1389 3052 1445 concederet.
3095 1388 3367 1443 Successit
3387 1386 3550 1455 Illius,
3577 1400 3643 1445 ae

2053 1486 2263 1541 mulieri
2292 1485 2608 1539 ancillarum
2642 1481 2871 1537 contulit
2898 1480 3311 1537 usuml’ructum.
3366 1480 3464 1537 lllo
3492 1495 3641 1538 mor-

2054 1588 2145 1632 tuo
2169 1578 2304 1631 intra
2336 1576 2690 1645 pubertatem,
2723 1571 2832 1641 agit
2859 1570 3127 1625 secundus
3148 1569 3345 1635 haeres,
3372 1578 3429 1625 et
3449 1584 3638 1626 usum-

2054 1670 2282 1723 fructum
2314 1666 2628 1720 ancillarum
2660 1662 2874 1717 mulieri
2921 1670 3241 1729 extorquere
3284 1671 3525 1727 conatur,
3553 1660 3641 1717 dia

2057 1775 2185 1817 cens
2216 1758 2604 1815 usumfructum
2636 1756 2685 1811 ei
2718 1772 2748 1809 a
2779 1755 2888 1809 lilio
2920 1755 3183 1824 legatum,
3214 1768 3245 1808 a
3274 1768 3334 1808 se
3364 1767 3493 1808 vero
3539 1753 3643 1809 mi-

375 1846 700 1937 permansio.
760 1861 999 1917 Sumitur
1051 1874 1181 1929 ergo
1212 1873 1242 1912 a
1294 1854 1750 1926 consequentibus
1794 1867 1950 1922 argu—
1980 1872 2029 1933 Β
2059 1853 2226 1908 nime.
2256 1851 2525 1919 Quaeritur
2546 1859 2725 1904 utrum
2748 1862 2809 1903 ea
2834 1847 3025 1902 mulier
3051 1847 3282 1917 legatum
3308 1846 3449 1917 quod
3479 1855 3643 1902 testa-

372 1967 610 2013 mentum
643 1955 743 2009 boc
776 1952 955 2007 modo.
991 1951 1122 2007 Nam
1145 1952 1266 2021 quia
1292 1949 1505 2018 nuptias
1555 1948 1678 2003 fecit
1717 1961 1838 2001 cum
1884 1960 1951 2001 eo

372 2064 493 2103 cum
518 2061 625 2117 quo
651 2043 902 2099 connubii
925 2042 1013 2112 jus
1057 2042 1260 2096 nullum
1300 2049 1413 2105 est,
1438 2038 1491 2094 id
1523 2038 1866 2108 consequitur
1894 2045 1953 2091 ut

373 2136 527 2192 liberi
556 2144 758 2203 patrem
790 2148 895 2188 non
923 2142 1233 2201 sequantur.
1270 2131 1325 2186 Si
1349 2138 1526 2185 autem
1556 2130 1707 2185 liberi
1746 2138 1950 2199 patrem

375 2240 483 2280 non
527 2233 842 2299 sequuntur,
877 2237 944 2277 ne
974 2222 1025 2276 in
1050 2222 1216 2291 patris
1245 2221 1459 2292 quidem
1496 2230 1623 2276 sunt
1652 2228 1949 2290 potestate;

375 2324 431 2383 at
467 2316 512 2369 si
563 2316 615 2371 in
641 2315 806 2385 patris
840 2320 1104 2383 potestate
1150 2327 1257 2366 non
1289 2319 1435 2378 sunt,
1484 2312 1748 2380 matrique
1777 2308 1950 2383 appli-

374 2414 581 2473 cantur,
610 2405 750 2475 apud
778 2404 951 2459 virum
980 2401 1121 2458 dotis
1143 2416 1267 2473 pars
1301 2417 1407 2457 non
1441 2401 1635 2470 poterit
1670 2415 1955 2471 permane.

374 2513 457 2554 re.
498 2497 593 2555 Hic
622 2496 780 2569 igitur
807 2492 1129 2551 antecedens
1156 2502 1258 2565 est,
1303 2507 1421 2557 cum
1458 2508 1565 2564 quo
1590 2492 1842 2557 connubii
1864 2491 1957 2562 jus

376 2605 483 2645 non
512 2596 653 2655 erat,
677 2586 874 2657 nuptiae
895 2603 909 2652 ;
932 2599 1267 2657 consequens
1299 2600 1451 2649 vero,
1483 2585 1617 2647 nihil
1648 2600 1746 2655 pro
1772 2585 1955 2640 liberis

377 2680 514 2735 dotis
553 2678 769 2733 nomine
810 2690 1033 2732 manere
1077 2684 1352 2748 oportere.
1393 2675 1759 2733 Concludatur
1797 2690 1959 2746 arguq

379 2769 635 2827 mentatio
663 2785 678 2821 :
710 2767 993 2834 Quoniam,
1036 2780 1146 2822 non
1183 2766 1451 2836 permisso
1481 2764 1774 2833 connubio,
1804 2764 1958 2829 liberi

379 2861 470 2930 qui
521 2866 867 2930 procreantur
917 2866 1120 2928 patrem
1165 2872 1273 2913 non
1322 2867 1653 2926 sequuntur,
1702 2871 1771 2917 ne
1818 2856 1959 2921 dotis

380 2952 594 3023 quidem
623 2965 746 3020 pars
770 2949 907 3019 apud
940 2960 1148 3021 patrem
1177 2964 1271 3019 pro
1313 2950 1496 3005 liberis
1521 2964 1740 3013 manere
1766 2948 1949 3017 debet,

380 3040 806 3114 quandoquidem
852 3054 957 3096 non
1009 3048 1214 3117 patrem
1246 3039 1384 3107 ﬁlii,
1436 3039 1531 3095 sed
1583 3049 1807 3105 matrem
1844 3028 1960 3103 se-~

381 3142 638 3205 quuntur.
670 3131 957 3201 Probatum
986 3140 1072 3187 est
1095 3131 1255 3201 igitur
1283 3146 1382 3202 pro
1407 3131 1591 3195 liberis
1628 3147 1845 3195 manere
1876 3133 1959 3189 ni.

2059 1954 2239 2000 mento
2290 1951 2569 2013 acceperat
2617 1942 2781 1996 invita
2828 1942 2997 2011 possit
3045 1942 3311 1995 amittere.
3342 1940 3439 1995 Hic
3483 1941 3646 2011 igitur

2053 2037 2353 2105 subjectum
2404 2042 2489 2087 est
2536 2033 2765 2103 legatum
2798 2032 2939 2101 quod
2991 2031 3294 2087 testamenti
3337 2031 3461 2101 jure
3497 2039 3645 2087 recte

2056 2130 2279 2195 accepit.
2306 2126 2659 2180 Praedicatum
2709 2139 2859 2191 vero,
2908 2125 3128 2177 invitam
3162 2138 3322 2193 posse
3365 2122 3637 2179 amittere.

2055 2223 2221 2276 Sumo
2248 2219 2408 2288 igitur
2458 2224 2827 2285 argumentum
2874 2230 2904 2268 a
2942 2214 3391 2284 repugnantibus.
3423 2212 3642 2284 Repug-

2056 2327 2193 2368 nans
2216 2324 2346 2366 vero
2376 2317 2481 2375 est,
2506 2308 2553 2363 si
2581 2307 2633 2362 id
2678 2306 2819 2378 quod
2875 2306 3146 2362 contrario
3192 2320 3527 2377 consequens
3554 2315 3640 2362 est

2061 2404 2216 2458 alteri
2240 2400 2509 2457 contrario
2538 2408 2899 2469 comparetur,
2931 2399 3078 2453 velut
3110 2397 3166 2453 in
3217 2397 3319 2452 hoc
3358 2398 3475 2468 ipso
3498 2395 3644 2469 quod

2060 2504 2353 2549 tractamus
2382 2490 2648 2560 exemplo,
2694 2499 2843 2545 recte
2868 2489 3136 2559 accipere,
3173 2498 3229 2545 et
3254 2504 3361 2549 non
3381 2497 3527 2545 recte
3547 2502 3641 2545 ac-

2060 2590 2259 2658 cipere,
2284 2586 2555 2641 contraria
2587 2593 2736 2651 sunt,
2761 2582 2857 2640 sed
2900 2598 3007 2639 non
3038 2590 3186 2638 recte
3212 2583 3455 2652 accipere
3478 2580 3647 2638 comi-

2058 2688 2205 2735 tatur
2259 2677 2488 2732 invitum
2535 2675 2783 2731 reddere.
2838 2674 2969 2730 Jure
3015 2674 3162 2729 enim
3209 2672 3405 2729 invitus
3448 2672 3644 2737 reddit.

2058 2770 2200 2841 quod
2223 2785 2327 2825 non
2359 2779 2508 2827 recte
2529 2772 2754 2840 accepit.
2784 2770 3067 2839 Repuguat
3088 2768 3249 2838 igitur
3272 2767 3499 2823 invitum
3524 2765 3647 2823 red-

2058 2865 2187 2919 dere
2217 2864 2265 2919 ei
2287 2864 2431 2935 quod
2452 2871 2536 2919 est
2559 2872 2705 2918 recte
2734 2862 2998 2930 accipere.
3050 2858 3331 2913 Faciemus
3372 2857 3531 2927 igitur
3555 2870 3647 2912 sr-

2058 2964 2369 3026 gumentum
2390 2957 2468 3010 sic
2488 2973 2502 3009 :
2525 2954 2625 3021 Qui
2649 2961 2969 3008 testamento
2986 2950 3213 3019 accepit,
3239 2956 3384 3004 recte
3405 2945 3641 3014 accepit;

2059 3048 2201 3116 quod
2227 3057 2407 3103 autem
2437 3054 2585 3103 recte
2615 3044 2895 3115 accipitur,
2921 3043 3086 3098 invito
3108 3056 3173 3103 eo
3193 3041 3285 3111 qui
3313 3038 3479 3105 semel
3499 3047 3647 3097 recte

2060 3141 2286 3210 accepit,
2332 3139 2529 3197 auferri
2582 3153 2689 3196 non
2742 3146 2950 3207 potest;
3000 3145 3056 3195 at
3104 3135 3295 3203 mulier
3325 3140 3649 3195 testamento

386 3227 461 3282 Ιιίι
486 3235 757 3295 Oportere,
784 3241 850 3281 ex
875 3226 976 3289 hoc
1005 3226 1144 3297 quod
1174 3241 1292 3281 cum
1325 3241 1388 3280 eo
1410 3226 1605 3281 mulier
1634 3225 1846 3297 nuptias
1884 3226 1959 3280 le-
1988 3258 2033 3321 ρ
2062 3234 2455 3287 ιιειιωῐτυοιιιηι
2486 3230 2802 3285 ancillarum
2857 3229 3090 3297 accepit;
3122 3226 3175 3281 id
3205 3226 3365 3295 igitur
3393 3224 3446 3281 e't
3466 3223 3651 3285 invita

383 3317 457 3373 cit
497 3331 619 3383 cum
659 3332 765 3388 quo
793 3316 1042 3372 connubii
1086 3317 1175 3395 jus
1216 3331 1321 3372 non
1351 3326 1469 3373 erat
1503 3334 1515 3371 :
1552 3317 1653 3372 hoc
1682 3333 1813 3372 vero
1843 3325 1961 3383 erat

380 3409 725 3477 antecedens.
756 3410 871 3466 Non
909 3425 1037 3479 ergo
1066 3424 1096 3465 a
1127 3411 1501 3481 consequenti,
1536 3410 1628 3467 sed
1659 3411 1723 3464 ab
1749 3418 1963 3465 antece-

384 3502 531 3561 denti
596 3500 770 3571 potius
830 3500 1026 3557 factum
1084 3486 1505 3571 deprehenditur
1570 3510 1960 3573 argumentum.

383 3592 539 3663 Quod
566 3593 610 3653 si
641 3608 735 3664 per
770 3593 909 3664 quod
940 3594 1070 3655 nihil
1112 3593 1255 3655 dotis
1283 3593 1498 3649 nomine
1542 3608 1760 3649 manere
1799 3610 1964 3665 opor-

388 3692 543 3751 teret,
576 3683 895 3761 probaretur
936 3698 1053 3739 eam
1098 3684 1310 3753 nuptias
1351 3697 1471 3739 cum
1500 3698 1566 3738 eo
1608 3683 1799 3739 fecisse
1846 3684 1966 3751 qui-

387 3790 511 3843 cum
536 3775 787 3843 connubii
813 3777 899 3844 jus
928 3790 1037 3835 non
1062 3786 1223 3844 esset,
1258 3785 1403 3841 recte
1442 3791 1474 3830 a
1514 3777 1966 3846 consequentibus

392 3878 763 3939 argumentum
811 3869 1005 3933 factum
1055 3883 1174 3929 esse
1211 3866 1497 3927 diceretitr.
1549 3868 1726 3933 Fieret
1768 3883 1895 3924 vero
1935 3882 1965 3935 a

391 3955 844 4031 consequentibus
885 3968 1275 4028 argumentum,
1309 3958 1355 4015 si
1401 3960 1473 4014 ita
1526 3968 1817 4028 poneretur
1851 3977 1863 4012 ε
1911 3959 1968 4015 Si

390 4047 518 4119 quid
542 4061 610 4102 ex
638 4045 762 4102 dote
790 4062 884 4117 pro
916 4047 1098 4105 liberis
1126 4063 1345 4104 manere
1362 4057 1655 4127 oporteret,
1679 4048 1965 4119 probatur,

390 4134 514 4205 quia
540 4144 743 4204 patrem
768 4135 921 4199 liberi
942 4148 1255 4207 sequuntur,
1285 4153 1405 4194 cum
1434 4154 1499 4194 eo
1522 4151 1682 4204 nupta
1701 4153 1822 4194 esse
1849 4155 1968 4194 mu-

391 4224 513 4291 lier,
542 4240 663 4291 cum
695 4239 801 4295 quo
826 4226 1076 4281 connubii
1102 4226 1189 4296 jus
1229 4237 1366 4283 erat.
1419 4230 1648 4283 Assumo
1696 4227 1840 4298 quod
1888 4235 1972 4295 est

388 4328 728 4383 consequens
761 4332 773 4367 :
806 4314 910 4370 Sed
942 4317 1134 4372 mulier
1163 4334 1282 4374 cum
1316 4333 1380 4375 eo
1411 4329 1575 4390 nupta
1603 4335 1709 4375 non
1740 4329 1819 4376 est
1849 4334 1969 4375 cum

391 4417 499 4472 quo
527 4402 780 4473 connubii
825 4405 911 4473 jus
941 4416 1077 4461 erat.
1108 4406 1382 4464 Concludo
1427 4410 1753 4473 antecedens
1786 4427 1800 4464 :
1830 4410 1972 4473 Nihil

393 4487 555 4561 igitur
582 4490 720 4546 dotis
747 4508 844 4565 pro
872 4495 1053 4551 liberis
1074 4513 1290 4565 manere
1311 4501 1601 4569 oportebit,
1625 4502 1749 4573 quia
1768 4511 1973 4571 patrem

395 4581 552 4639 liberi
592 4598 699 4638 non
727 4597 1040 4659 sequuntur.
1074 4591 1480 4659 Argumentum,
1530 4593 1598 4647 ab
1626 4578 1691 4648 eo
1729 4594 1870 4663 quod
1914 4594 1970 4651 in

394 4672 513 4743 ipso
554 4684 638 4730 est
691 4677 759 4733 de
805 4693 910 4748 quo
960 4680 1233 4749 quaeritur.
1282 4681 1548 4747 Quaeritur
1592 4684 1736 4738 enim
1767 4683 1833 4738 de
1891 4683 1974 4740 his

396 4763 613 4832 nuptiis,
638 4778 859 4834 quarum
909 4766 1111 4821 nullum
1144 4768 1302 4822 luerit
1339 4770 1460 4838 jure
1509 4772 1858 4841 connubium.
1894 4774 1972 4827 Ex

392 4851 598 4907 allectis
626 4872 636 4905 :
667 4870 826 4911 omne
857 4858 1000 4912 enim
1026 4852 1359 4937 conSequens
1380 4860 1445 4914 ad
1471 4861 1522 4915 id
1553 4862 1693 4933 quod
1728 4864 1977 4931 princedit

394 4943 646 4999 refertur.
672 4948 901 5001 Maxima
930 4952 1224 5019 propositio
1248 4959 1331 5006 est
1352 4970 1363 5004 :
1388 4951 1487 5007 Ubi
1511 4968 1842 5022 consequens
1870 4970 1976 5009 non

394 5047 500 5101 est,
534 5038 602 5091 ibi
636 5054 704 5094 ne
729 5042 1051 5097 antecedens
1077 5043 1289 5113 quidem
1318 5060 1438 5099 esse
1469 5054 1661 5116 potest.
1694 5046 1773 5117 Ac
1800 5045 1867 5101 de
1896 5046 1979 5100 bis

393 5126 495 5181 erit
541 5129 677 5183 alius
708 5129 927 5186 uberius
963 5133 1261 5189 disserendi
1290 5135 1456 5190 locus.

467 5217 507 5269 Α
531 5220 929 5289 repugnantibus
957 5221 1059 5277 :Si
1101 5225 1473 5295 paterfamilias
1504 5226 1653 5279 uxori
1681 5212 1979 5281 ancillarum

401 5310 1039 5381 usumfructumlegavita
1068 5314 1195 5380 ﬁlio,
1246 5332 1405 5382 neque
1456 5334 1487 5368 a
1533 5319 1752 5370 secundo
1783 5318 1981 5373 Itazreds

397 5398 601 5467 legavit,
627 5412 825 5467 mortuo
850 5384 984 5471 ﬁlio,
1010 5404 1193 5471 mulier
1224 5388 1599 5476 usumfructum
1631 5424 1731 5461 non
1757 5410 1974 5464 amittet.

400 5486 554 5554 Quod
578 5492 711 5543 enim
737 5494 892 5547 semel
912 5502 1209 5550 testamento
1233 5498 1388 5550 alicui
1421 5498 1601 5551 datum
1625 5506 1717 5564 est,
1751 5499 1804 5552 id
1830 5503 1889 5552 ab
1920 5517 1979 5556 eo

396 5578 559 5632 invito
582 5581 665 5631 cui
692 5579 865 5635 datum
888 5592 960 5638 est
1001 5585 1196 5656 auferri
1225 5602 1324 5639 non
1352 5595 1549 5659 potest;
1576 5598 1826 5657 repugnat
1853 5590 1983 5643 enim

400 5680 534 5724 recte
563 5670 791 5739 accipere
818 5684 865 5726 et
895 5676 1107 5729 invitum
1137 5676 1369 5730 reddere.

470 5764 751 5819 Secundus
781 5763 952 5820 lucres
983 5766 1173 5823 dicitur
1201 5770 1288 5838 qui
1338 5768 1535 5823 hzcredi
1566 5770 1813 5825 instituto
1858 5771 1988 5827 sub-

399 5854 661 5921 stituitur,
723 5856 886 5913 veluti
933 5862 975 5914 si
1024 5858 1142 5931 quis
1187 5858 1353 5918 lilium
1412 5861 1651 5922 instituat
1694 5864 1986 5937 heredem,

2065 3340 2171 3391 non
2199 3324 2393 3393 poterit
2414 3322 2633 3385 auferri.
2666 3322 3077 3391 Argumentum,
3102 3319 3168 3385 ab
3188 3333 3254 3379 eo
3282 3316 3423 3390 quod
3450 3317 3505 3379 in
3532 3316 3652 3389 ipso

2065 3424 2146 3477 est
2170 3413 2236 3469 de
2257 3429 2363 3487 quo
2392 3416 2586 3481 agitur,
2616 3412 2669 3469 id
2702 3421 2785 3469 est
2828 3411 2897 3466 de
2926 3426 2992 3466 eo
3022 3409 3163 3481 quod
3199 3416 3344 3469 recte
3371 3416 3652 3477 acceptum

2066 3514 2167 3560 est.
2200 3506 2256 3563 ln
2310 3505 2427 3575 ipso
2457 3519 2586 3559 vero
2630 3513 2713 3560 est
2761 3504 2905 3569 velut
2956 3502 3203 3559 allectum
3255 3499 3652 3561 contrarietatis

2066 3595 2245 3659 modo,
2278 3604 2337 3649 ut
2362 3596 2610 3664 superius
2640 3595 2841 3650 dictum
2872 3602 2973 3649 est.
3024 3594 3121 3649 Est
3165 3603 3342 3659 autem
3371 3605 3655 3665 argumen-

2069 3696 2179 3747 tum
2208 3701 2238 3741 a
2268 3688 2610 3756 repugnanti.
2661 3686 2887 3743 Maxima
2921 3687 3247 3760 propositio,
3296 3684 3648 3758 repugnantia

2069 3779 2362 3841 convenire
2385 3793 2490 3845 non
2520 3793 2697 3848 posse.
2962 3773 2987 3795 ‘
3370 3762 3373 3767 ’

2145 3868 2217 3921 ΑΙ)
2244 3868 2569 3937 efﬁcientibus
2596 3869 2785 3937 causis,
2818 3868 2912 3921 hoc
2951 3868 3100 3922 modo
3128 3884 3148 3922 :
3178 3867 3424 3923 Omnibus
3460 3876 3532 3925 est
3569 3870 3659 3941 jus

2071 3960 2317 4030 parietem
2347 3960 2593 4012 directum
2625 3960 2691 4010 ad
2719 3960 2963 4029 parietem
2984 3974 3304 4012 communem
3340 3960 3620 4032 adjungere
3643 3999 3658 4022 ,

2071 4049 2147 4102 vel
2173 4047 2417 4109 solidum,
2443 4050 2517 4101 rel
2542 4046 2873 4114 fornicatum.
2898 4044 2963 4097 At
2991 4047 3033 4099 si
3060 4044 3173 4114 quis
3220 4048 3272 4098 in
3301 4049 3493 4117 pariete
3517 4064 3656 4100 com-

2074 4136 2214 4189 muni
2246 4134 2569 4187 demoliendo
2589 4134 2763 4185 damni
2786 4133 2963 4201 infecti
2991 4135 3297 4202 promiserit,
3331 4151 3429 4188 non
3456 4136 3655 4189 debebit

2073 4231 2316 4303 prazstare
2345 4222 2481 4291 quod
2506 4222 2678 4293 fornix
2701 4222 2807 4274 t'itii
2828 4222 3024 4289 fecerit.
3070 4221 3190 4275 Non
3217 4222 3351 4276 enim
3393 4226 3507 4295 ejus
3537 4226 3662 4279 uitio

2074 4315 2161 4387 qui
2189 4313 2457 4367 demolitus
2489 4324 2560 4367 est
2590 4315 2833 4366 damnum
2856 4314 3049 4386 factum
3074 4322 3167 4379 est,
3217 4314 3306 4367 sed
3352 4316 3465 4391 ejus
3496 4314 3665 4385 operis

2073 4407 2192 4460 vitio
2219 4405 2354 4477 quod
2380 4405 2452 4458 ita
2474 4405 2785 4475 (ediﬁcatum
2813 4414 2906 4471 est,
2936 4413 2991 4458 ut
3019 4404 3260 4477 suspendi
3282 4421 3385 4459 non
3410 4405 3591 4473 possit.

2146 4496 2440 4551 Causarum
2488 4497 2703 4566 quidem
2735 4497 2903 4550 multa
2932 4504 3055 4551 sunt
3081 4510 3279 4567 genera
3327 4510 3445 4566 qua:
3474 4494 3665 4550 Cicero

2000 4589 2238 4702 Dpaulo
2267 4588 2535 4659 posterius
2583 4588 2790 4641 dividit.
2838 4586 2943 4641 Sed
2995 4603 3137 4641 nunc
3187 4588 3254 4643 de
3306 4586 3661 4643 efﬁcientium

2085 4694 2364 4702 --..7-_.._
2404 4678 2611 4702 ..:---_:.
2659 4686 2965 4702 “mm”-.-
3025 4678 3271 4702 nrn-:-_-
3317 4695 3444 4702 η--
3503 4693 3659 4702 --.___

2080 4694 2366 4733 causarum
2400 4678 2615 4731 disserit
2657 4686 2990 4747 argumento.
3024 4678 3274 4735 Elliciens
3317 4695 3448 4736 vero
3498 4693 3665 4734 causa

2083 4780 2169 4825 est
2221 4786 2323 4841 qua
2355 4770 2693 4840 praecedente
2720 4768 2937 4839 aliquod
2975 4770 3222 4827 ellectum
3254 4779 3354 4837 est,
3388 4754 3493 4826 non
3532 4780 3668 4826 tem-

2080 4876 2237 4933 pore,
2286 4862 2379 4917 sed
2432 4860 2759 4931 pr0prietate
2804 4869 3042 4930 naturae,
3088 4862 3235 4914 velut
3275 4861 3331 4915 in
3383 4863 3484 4916 hoc
3524 4860 3669 4932 quod

2079 4967 2221 5007 nunc
2244 4951 2579 5006 declaramus
2605 4951 2874 5020 exemplo.
2921 4950 3110 5004 Damni
3144 4949 3327 5005 inlecti
3376 4949 3667 5021 promissio

2083 5053 2165 5097 est
2216 5044 2425 5113 quaties
2467 5042 2587 5112 quis
2638 5042 2936 5111 promittit,
2994 5042 3037 5095 si
3080 5041 3222 5119 quod
3275 5040 3527 5096 damnum
3552 5038 3671 5110 ejus

2086 5132 2253 5206 'opera
2303 5134 2608 5206 contigerit,
2653 5150 2746 5190 sua
2777 5134 3119 5190 restitutione
3148 5148 3270 5189 esse
3315 5132 3668 5202 pensandum.

2089 5228 2185 5284 Jus
2210 5240 2385 5283 autem
2415 5238 2497 5283 est
2550 5229 2739 5299 parieti
2786 5226 3056 5281 communi
3096 5225 3350 5294 parietem
3394 5226 3557 5279 alium
3587 5224 3671 5280 vel

2088 5319 2429 5386 fornicatum,
2481 5321 2529 5375 id
2579 5330 2662 5375 est
2711 5333 2891 5373 arcum
2943 5304 3249 5381 habentem,
3293 5317 3378 5370 vel
3410 5316 3671 5371 directum

2087 5413 2522 5481 continuumque,
2540 5413 2884 5482 conjungere.
2911 5409 3133 5475 Quidam
3155 5407 3313 5479 igitur
3327 5409 3391 5462 ad
3413 5410 3671 5478 parietem

2086 5522 2425 5561 communem
2458 5507 2621 5561 alium
2655 5506 2986 5560 extrinsecus
3030 5503 3285 5572 parietem
3327 5500 3540 5573 junxit,
3571 5502 3671 5558 de-

2089 5598 2270 5665 (iitque
2300 5598 2433 5651 satis
2472 5598 2653 5653 damni
2691 5597 2889 5651 inlecti.
2922 5594 3235 5649 Communis
3281 5603 3462 5649 autem
3498 5596 3673 5661 paries

2092 5687 2383 5742 fornicatus
2416 5686 2533 5752 fuit,
2578 5686 2630 5740 id
2684 5695 2789 5754 est,
2819 5700 3002 5739 arcum
3036 5684 3238 5739 habens
3277 5686 3355 5740 vel
3407 5687 3673 5753 signinam

2095 5777 2350 5832 fabricam
2406 5777 2705 5841 sustinens;
2766 5777 3086 5847 adjungente
3134 5776 3295 5847 igitur
3322 5792 3387 5831 co
3426 5778 3513 5844 qui
3546 5777 3674 5829 satis

2097 5868 2338 5940 dederat,
2367 5879 2421 5927 et
2449 5880 2504 5925 ut
2532 5868 2848 5942 adjungeret
2887 5868 3209 5927 demoliente
3263 5879 3469 5939 partem
3499 5869 3676 5939 parie-
