4248 6272
594 376 601 383 ~
636 347 773 404 1079

1849 352 1959 408 ΑΝ.
2001 350 2205 410 MANL.
2242 352 2392 410 SEV.
2435 354 2655 413 BOET"

3698 332 3949 417 a080-

633 464 728 533 tis,
766 479 871 535 quo
910 465 1155 534 junctura
1194 463 1643 530 cohaerésceret,
1674 464 1862 519 vitium
1912 466 2213 520 communis
2241 466 2555 531 Aﬁnomine.
2587 466 2690 522 Sed
2723 467 2865 523 dicat
2888 469 3029 538 quis,
3061 484 3123 524 ex
3154 483 3219 525 eo
3243 470 3385 539 quod
3415 485 3477 527 ea
3510 485 3628 541 quat
3660 473 3899 528 mulieris

633 558 814 629 paries
842 558 1002 619 fecit;
1052 555 1315 625 quaeritur
1343 572 1410 611 an
1466 557 1648 611 damni
1696 556 1881 612 infecti
1934 559 2217 627 promissio

632 656 790 716 cogat
813 661 934 700 eum
964 644 1056 714 qui
1100 646 1409 714 promiserit
1439 646 1694 701 damnum
1726 648 2036 703 restituere.
2080 648 2218 704 Sub-

630 739 805 809 jectus
835 738 1093 792 terminus
1118 737 1297 792 damni
1326 737 1536 803 infecti,
1565 739 1877 808 promissio;
1904 739 2216 808 praedicatus

632 843 763 884 vero
793 828 930 894 vitii,
961 829 1250 884 restitutio.
1282 830 1558 885 Sumimus
1597 830 1759 899 igitur
1786 839 2155 900 argumentum
2185 846 2215 886 a

635 920 813 975 causis
841 920 939 975 hoc
971 920 1151 977 modo.
1178 920 1237 976 Si
1258 922 1400 976 enim
1442 922 1489 975 is
1528 923 1619 991 qui
1650 922 1829 976 damni
1864 923 2108 992 promisit
2137 923 2218 978 in-

633 1009 764 1065 fecti
808 1012 1202 1067 restitutionem
1255 1011 1373 1081 ejus
1414 1011 1529 1067 vitii
1579 1026 1739 1067 causa
1780 1012 1901 1079 fuit,
1938 1016 2217 1070 restituere

633 1102 797 1171 debet
820 1103 1004 1157 vitium
1042 1102 1185 1174 quod
1226 1102 1344 1172 ejus
1384 1102 1577 1158 accidit
1622 1103 1821 1173 culpa;
1872 1102 2015 1172 quod
2063 1102 2109 1158 si
2151 1118 2217 1160 ea

633 1204 829 1251 natura
857 1194 1075 1262 parietis
1126 1194 1227 1249 fuit
1283 1202 1342 1249 ut
1394 1192 1648 1263 suspendi
1705 1194 2067 1263 sustinerique
2108 1210 2216 1250 non

633 1297 818 1359 posset
862 1288 1130 1360 (fornicati
1155 1288 1296 1343 enim
1319 1289 1538 1357 parietis
1569 1303 1676 1343 non
1701 1303 1765 1344 ea
1801 1296 1990 1343 natura
2033 1298 2117 1343 est
2160 1297 2220 1344 ut

633 1381 893 1451 suspendi
928 1384 1133 1450 queat),
1178 1382 1396 1450 parietis
1446 1382 1620 1451 potius
1644 1382 1809 1436 forma
1839 1396 1993 1450 quam
2033 1381 2219 1438 demo-

634 1474 816 1530 lientis
836 1473 990 1543 culpa
1020 1474 1207 1528 vitium
1239 1473 1432 1529 fecisse
1458 1473 1748 1539 videbitur,
1779 1483 1939 1545 atque
1987 1475 2055 1529 ita
2109 1490 2214 1529 non

634 1566 846 1633 cogitur
876 1574 1177 1619 restaurare
1220 1565 1406 1619 vitium
1438 1566 1526 1635 qui
1556 1580 1615 1621 se
1653 1565 1834 1619 damni
1884 1565 2062 1621 infecti
2091 1580 2218 1635 pro-

634 1657 900 1712 missione
932 1656 1297 1711 obstrinxerit.
1332 1656 1452 1710 Fiet
1490 1656 1650 1724 igitur
1684 1658 2075 1727 argumentatio
2118 1659 2218 1713 hoc

632 1746 836 1802 modo:
867 1746 926 1801 Si
956 1760 1121 1814 penes
1152 1746 1370 1815 parietis
1403 1746 1629 1800 formam
1669 1747 1908 1801 constitit
1954 1757 2012 1801 ut
2032 1761 2097 1803 eo
2124 1747 2218 1801 ad-

2323 556 2553 623 fuerant,
2605 559 2705 612 viri
2737 558 2867 612 fiunt
2920 560 3061 614 dotis
3108 561 3354 627 nomine,
3385 559 3436 615 id
3477 571 3561 617 est
3606 563 3903 631 approbare

2320 648 2461 717 quod
2513 647 2779 704 defuncta:
2820 649 2955 703 bona
2997 649 3064 703 ad
3106 651 3277 706 virum
3328 649 3558 706 debeant
3610 652 3898 721 pertinere.

2321 739 2425 796 Sed
2455 756 2572 810 quae
2599 742 2839 797 mulieris
2872 752 3016 808 sunt,
3049 759 3110 799 ea
3136 744 3233 798 viri
3263 743 3377 799 fieri
3398 744 3539 801 dotis
3564 746 3813 812 nomine,
3846 756 3904 802 et

2324 830 2461 887 bona
2491 831 2558 885 ad
2597 824 2767 886 virum
2801 835 3098 902 pertinere,
3127 834 3209 890 vel
3238 834 3379 889 idem
3408 844 3512 902 est,
3547 838 3627 892 vel
3652 847 3901 892 neutrum

2320 923 2479 978 alteri
2498 938 2659 978 causa
2686 932 2797 989 est;
2827 924 2909 979 vel
2932 926 2975 980 si
3016 927 3132 995 quis
3166 926 3310 982 dicat
3337 942 3455 981 eam
3484 943 3607 984 esse
3636 943 3860 984 causam
3885 970 3903 995 ,

2320 1025 2377 1072 ut
2404 1017 2542 1072 bona
2580 1017 2818 1074 mulieris
2845 1018 2963 1073 viro
3009 1018 3236 1075 debeant
3281 1019 3508 1087 cedere,
3537 1021 3685 1091 quod
3716 1036 3812 1093 per
3845 1021 3904 1077 in

2319 1122 2511 1164 manus
2539 1110 2949 1165 conventionem
2996 1110 3096 1164 viri
3124 1109 3263 1166 facta
3317 1119 3442 1167 sunt
3469 1111 3610 1167 dotis
3643 1114 3903 1179 nomine,

2320 1216 2350 1256 a
2370 1217 2529 1257 causa
2560 1217 2770 1267 rursus,
2802 1217 2865 1257 ac
2894 1218 3000 1257 non
3027 1204 3095 1258 ab
3130 1203 3335 1258 effectis
3364 1203 3564 1259 factum
3592 1219 3713 1261 esse
3736 1220 3908 1275 argu-

2322 1304 2561 1350 mentum
2590 1296 2818 1364 putabit,
2851 1295 2901 1349 id
2933 1307 3017 1351 est
3055 1311 3085 1351 a
3114 1296 3273 1362 dote;
3304 1297 3372 1351 ab
3397 1297 3599 1355 effectis
3628 1313 3756 1353 vero
3784 1306 3907 1353 non

2323 1397 2536 1458 oportet
2580 1388 2724 1443 aliud
2762 1387 2863 1443 nisi
2903 1403 3115 1444 causam
3171 1389 3406 1458 probari;
3466 1391 3620 1445 Esset
3660 1404 3786 1445 vero
3836 1405 3908 1446 ex

2324 1480 2533 1535 effectis
2557 1488 2953 1550 argumentum,
2989 1489 3137 1536 utex
3169 1496 3235 1537 eo
3266 1495 3429 1535 causa
3455 1481 3771 1550 probaretur
3801 1481 3908 1539 hoc

2322 1570 2485 1627 modo
2516 1588 2531 1626 :
2564 1572 2623 1627 Si
2675 1573 2900 1642 quaestio
2941 1582 3087 1628 esset
3130 1587 3199 1627 an
3226 1573 3420 1629 mulier
3454 1573 3509 1629 in
3554 1588 3767 1629 manum
3798 1574 3903 1630 viri

2321 1664 2683 1730 convenisset,
2726 1671 2782 1718 et
2806 1662 3157 1720 indubitatum
3198 1664 3505 1731 haberetur,
3559 1666 3737 1721 omnia
3780 1680 3902 1736 quae

2322 1754 2552 1811 fuissent
2574 1755 2833 1820 mulieris,
2868 1754 2966 1810 viri
2989 1756 3123 1811 facta
3165 1755 3309 1811 dotis
3344 1755 3595 1824 nomine,
3629 1755 3903 1812 diceretur

630 1836 892 1908 jungente
919 1837 1177 1905 parietem
1216 1837 1307 1906 qui
1343 1836 1527 1891 damni
1560 1836 1742 1892 infecti
1773 1840 2110 1907 promiserat,
2139 1839 2218 1894 vi-
2246 1843 2295 1904 B
2323 1847 2425 1902 ita;
2454 1847 2511 1903 Si
2560 1847 2738 1902 omnia
2786 1862 2909 1916 qua:
2956 1848 3103 1903 tuere
3154 1847 3430 1915 mulieris,
3460 1846 3557 1903 viri
3588 1845 3730 1902 {acu
3773 1855 3901 1903 sum

633 1927 772 1983 tium
798 1928 968 1993 fieret,
1002 1928 1054 1982 id
1105 1928 1311 1993 vitium,
1360 1928 1451 1997 qui
1482 1928 1749 1996 promisit,
1801 1938 2059 1997 praestare
2107 1946 2214 1986 non

633 2018 861 2088 cogitur.
894 2018 1014 2073 Fuit
1033 2026 1210 2073 autem
1240 2031 1401 2072 causa
1430 2018 1605 2087 paries
1625 2025 1683 2072 ut
1708 2018 1891 2073 vitium
1920 2018 2094 2086 fieret,
2127 2020 2217 2088 qui

636 2128 700 2169 ea
721 2113 823 2167 fuit
851 2121 1039 2167 natura
1065 2110 1400 2181 utsuspendi
1450 2110 1813 2181 sustinerique
1857 2124 1963 2165 non
2009 2119 2209 2181 posset.

634 2202 751 2257 Non
775 2203 935 2272 igitur
954 2201 1095 2272 quod
1125 2201 1301 2257 fornix
1325 2201 1509 2257 vitium
1538 2202 1746 2271 fecerit,
1774 2211 2031 2270 praestare
2056 2201 2217 2258 debet

634 2293 727 2362 qui
756 2292 935 2347 damni
960 2291 1208 2362 promisit
1228 2292 1436 2347 infecti.
1465 2295 1854 2362 Argumentum
1888 2292 1955 2347 ab
1984 2307 2049 2347 eo
2073 2293 2217 2364 quod

633 2384 692 2439 in
721 2385 839 2454 ipso
871 2394 954 2440 est
976 2384 1044 2440 de
1072 2399 1178 2454 quo
1204 2385 1397 2455 agitur,
1424 2383 1475 2438 id
1501 2393 1586 2439 est
1611 2384 1667 2437 in
1699 2382 1814 2437 vitii
1848 2383 2210 2449 restitutione,

632 2492 701 2533 ex
725 2476 940 2542 effecto,
972 2477 1024 2531 id
1055 2486 1138 2531 est
1178 2491 1247 2531 ex
1291 2489 1471 2530 causa.
1502 2474 1677 2530 Causa
1705 2473 1851 2530 enim
1880 2473 1995 2529 vitii
2044 2474 2214 2530 forma

632 2578 718 2624 est
745 2568 985 2636 parietis,
1019 2582 1125 2621 non
1146 2567 1303 2635 culpa
1332 2565 1702 2636 eonjungentis
1727 2565 2008 2635 parietem.
2032 2565 2215 2634 Itaque

634 2660 833 2713 factum
864 2668 948 2713 est
976 2669 1035 2713 ut
1063 2658 1239 2712 fornix
1266 2658 1451 2712 vitium
1480 2659 1705 2722 faceret,
1736 2672 1855 2728 qua:
1886 2671 2047 2711 causa
2068 2654 2209 2721 vitii,

637 2763 760 2804 cum
788 2749 929 2805 absit
954 2750 1023 2805 ab
1046 2764 1113 2805 eo
1139 2749 1230 2819 qui
1279 2751 1536 2819 parietem
1586 2748 1791 2818 junxit,
1850 2749 2003 2807 abest
2052 2748 2215 2803 etiam

600 2848 605 2857 '
635 2839 875 2911 ejusdem
907 2840 1019 2896 vitii
1050 2839 1335 2896 restitutio.
1389 2840 1623 2895 Maxima
1679 2838 1999 2910 propositio,
2032 2853 2216 2895 unam-

632 2946 897 3002 quamque
925 2947 1039 2988 rem
1069 2946 1136 2987 ex
1158 2932 1333 2987 causis
1372 2930 1603 3001 spectari
1632 2940 1904 3000 oportere.

709 3044 785 3099 Ab
809 3044 1001 3114 effectis
1020 3045 1186 3110 rebus,
1217 3046 1313 3100 hoc
1334 3046 1486 3100 modo
1512 3062 1531 3099 :
1551 3045 1676 3099 Cum
1702 3046 1884 3099 mulier
1906 3046 2014 3100 viro
2032 3045 2085 3099 in
2106 3060 2215 3098 ma-

634 3153 761 3191 num
807 3138 1066 3207 convenit,
1109 3140 1280 3193 omnia
1320 3154 1435 3209 qua:
1461 3137 1688 3192 mulieris
1728 3137 2054 3207 fueruntviri
2083 3138 2215 3208 ﬁunt

632 3228 770 3282 dotis
794 3232 1017 3285 nomine.
1198 3238 1201 3239 ⁷

706 3342 910 3399 Effecta
940 3352 1068 3399 sunt
1096 3359 1215 3416 quae
1244 3344 1515 3415 aliquibus
1549 3343 1855 3399 efﬁciuntur
1883 3343 2082 3408 causis,
2109 3356 2217 3398 non

632 3437 879 3498 tempore
908 3433 1353 3501 praecedentibus,
1388 3434 1482 3489 sed
1522 3444 1731 3500 natura,
1755 3433 1902 3488 velut
1926 3433 1970 3487 si
1991 3442 2216 3502 quaerat,

632 3535 801 3576 uxore
827 3520 1076 3577 defuncta
1104 3539 1223 3593 quae
1254 3525 1307 3577 in
1335 3539 1550 3578 manum
1578 3526 1682 3578 viri
1710 3525 1982 3587 convenit,
2008 3538 2075 3577 an
2104 3523 2219 3591 ejus

630 3610 777 3667 bona
802 3612 869 3667 ad
894 3611 1067 3667 virum
1093 3616 1417 3684 pertineant.
1460 3612 1517 3667 In
1560 3628 1663 3682 qua
1698 3614 1994 3683 quaestione
2020 3653 2034 3677 ,
2077 3612 2216 3667 bona

634 3710 826 3764 uxoris
868 3706 1134 3764 defunctae
1180 3723 1315 3778 quae,
1346 3708 1399 3761 in
1446 3722 1661 3761 manum
1712 3706 1813 3761 viri
1862 3706 2216 3774 convenerit,

634 3800 937 3870 subjectum
967 3808 1071 3871 est,
1102 3801 1169 3856 ad
1201 3800 1371 3855 virum
1419 3806 1595 3854 autem
1640 3799 1932 3868 pertinere,
1964 3797 2220 3867 praedicao

633 3899 774 3947 tum.
801 3891 994 3959 Quaero
1033 3891 1193 3962 igitur
1222 3897 1593 3960 argumentum
1628 3890 1694 3945 ab
1723 3888 1935 3954 effecto,
1963 3889 2217 3959 dispicio-

636 3998 743 4054 que
769 3982 893 4054 quid
923 3981 1209 4052 perfecerit
1236 3981 1348 4052 ipsa
1378 3983 1433 4037 in
1460 3989 1678 4035 manum
1710 3981 1995 4036 conventio
2016 4024 2031 4049 ,
2064 3988 2223 4051 atque

637 4089 707 4130 ex
731 4088 798 4130 eo
835 4082 1205 4144 argumentum
1235 4071 1425 4137 traho;
1475 4071 1528 4126 id
1555 4080 1736 4128 autem
1762 4080 1875 4138 est,
1904 4072 2083 4127 omnia
2119 4072 2219 4127 viri

638 4166 779 4222 dotis
814 4168 1030 4223 nomine
1055 4167 1190 4234 ﬁeri,
1225 4180 1560 4237 quaecunque
1598 4166 1841 4221 mulieris
1885 4164 2058 4221 fuere.
2101 4164 2220 4235 Ipsa

634 4260 799 4329 igitur
838 4260 891 4315 in
923 4274 1116 4315 manus
1144 4259 1247 4315 viri
1274 4260 1584 4325 conventio,
1615 4259 1793 4314 omnia
1823 4273 1944 4328 qua:
1970 4257 2219 4313 mulieris

611 4351 811 4418 ,fuere,
842 4350 945 4406 viri
989 4350 1117 4406 fecit
1143 4350 1285 4405 dotis
1332 4350 1579 4415 nomine,
1616 4364 1724 4403 non
1755 4349 2063 4418 praecedens
2088 4358 2222 4404 tem-

612 4432 793 4527 :pore,
813 4442 907 4497 sed
930 4441 1109 4496 statim
1135 4442 1347 4512 propria
1363 4442 1414 4496 vi
1433 4450 1654 4496 naturae.
1679 4439 1812 4493 Nam
1839 4447 1900 4494 ut
1924 4440 1976 4493 in
2004 4454 2220 4495 manum

640 4548 969 4604 quaecunque
992 4534 1333 4600 convenerit,
1368 4547 1490 4587 mox
1516 4532 1632 4601 ejus
1661 4532 1802 4586 bona
1834 4530 1973 4585 dotis
2003 4531 2222 4586 nomine

2322 1940 2463 1995 dotis
2494 1941 2737 2004 nomine,
2770 1939 2962 1995 mulier
2990 1941 3044 1995 in
3072 1955 3288 1995 manum
3338 1941 3436 1996 viri
3483 1940 3757 2006 convenit;
3798 1942 3899 1997 sed

2322 2032 2500 2087 omnia
2529 2048 2646 2102 qua:
2673 2032 2823 2087 fuere
2852 2033 3093 2088 mulieris
3118 2073 3134 2099 ,
3179 2033 3281 2087 viri
3310 2032 3449 2087 facta
3482 2044 3607 2088 sunt
3632 2032 3773 2087 dotis
3800 2048 3901 2087 no-

2320 2122 2485 2187 mine,
2518 2123 2712 2178 mulier
2733 2123 2891 2192 igitur
2918 2124 2972 2177 in
3004 2138 3219 2179 manum
3249 2124 3349 2179 viri
3371 2125 3645 2179 convenit.
3671 2125 3897 2181 Maxima

2319 2214 2636 2283 propositio,
2665 2228 2854 2270 causas
2868 2214 2935 2269 ab
2961 2213 3165 2270 effectis
3184 2215 3296 2271 suis
3324 2230 3431 2269 non
3463 2214 3729 2285 separari.

2392 2324 2476 2379 Ex
2515 2327 2896 2395 comparatione
2941 2338 3110 2381 autem
3158 2329 3331 2383 omnia
3378 2329 3587 2395 valent,
3636 2344 3749 2396 quia
3778 2338 3896 2383 sunt

2320 2416 2634 2487 hujusmodi.
2669 2416 2816 2482 Quod
2851 2419 2905 2471 in
2941 2434 2997 2471 re
3022 2420 3217 2489 majore
3238 2418 3389 2483 valet,
3412 2420 3573 2473 valeat
3596 2420 3648 2472 in
3678 2401 3891 2488 minore:

2317 2516 2374 2561 ut
2393 2508 2436 2561 si
2455 2508 2508 2560 in
2536 2507 2657 2561 urbe
2704 2508 2828 2575 ﬁnes
2866 2524 2968 2562 non
2996 2518 3242 2578 reguntur
3262 2550 3276 2575 ,
3309 2526 3400 2564 nec
3427 2526 3557 2580 aqua
3591 2510 3643 2562 in
3667 2509 3787 2563 urbe
3807 2526 3896 2562 ar-

2320 2605 2512 2651 ceatur.
2548 2596 2681 2651 Item
2722 2608 2919 2654 contra.
2969 2597 3120 2662 Quod
3144 2599 3199 2651 in
3229 2616 3284 2653 re
3312 2601 3500 2653 minori
3539 2599 3667 2653 valet
3690 2638 3707 2665 ,
3734 2599 3901 2654 valeat

2317 2686 2373 2742 in
2394 2688 2608 2759 majore,
2634 2688 2747 2745 licet
2774 2688 2910 2741 idem
2943 2689 3230 2757 exemplum
3253 2698 3560 2757 convertere,
3588 2691 3723 2743 item.
3750 2690 3899 2757 Quod

2318 2776 2373 2830 in
2389 2793 2442 2829 re
2468 2778 2580 2845 pari
2602 2778 2750 2844 valet,
2774 2779 2940 2832 valeat
2964 2779 3019 2833 in
3045 2777 3164 2844 hac,
3187 2795 3300 2847 qua?
3328 2795 3420 2850 par
3444 2788 3517 2834 est
3534 2821 3549 2845 ,
3581 2790 3635 2834 ut
3663 2781 3902 2848 quoniam

2321 2882 2444 2920 usus
2476 2869 2754 2922 auctoritas
2796 2868 2945 2937 fundi
2986 2867 3245 2922 biennium
3291 2877 3383 2933 est,
3422 2869 3489 2922 sit
3510 2870 3661 2922 etiam
3691 2870 3899 2923 mdium.

2320 2959 2387 3012 At
2415 2959 2468 3011 in
2513 2958 2622 3030 lege
2650 2960 2781 3014 (edes
2826 2976 2929 3014 non
2975 2959 3321 3030 appellantur,
3370 2969 3564 3014 etsunt
3608 2970 3899 3015 (ceterarum

2320 3052 2544 3106 omnium
2569 3070 2783 3122 quarum
2799 3071 3003 3109 annuus
3029 3064 3101 3108 est
3127 3061 3277 3123 usus,
3308 3057 3474 3107 valeat
3515 3056 3746 3124 aequitas,
3780 3070 3896 3124 qua

2320 3144 2533 3215 paribus
2562 3145 2617 3198 in
2643 3145 2809 3199 causis
2840 3145 2987 3216 paria
3003 3148 3130 3217 jura
3164 3142 3440 3199 desiderat.

2246 3221 2292 3286 Ο
2397 3259 2440 3311 Α
2468 3257 2867 3329 comparatione
2898 3257 3044 3312 locus
3086 3257 3175 3327 qui
3216 3255 3432 3321 dicitur,
3461 3255 3730 3326 tripartito
3758 3255 3897 3311 scin-

2321 3347 2464 3402 ditur
2482 3364 2497 3413 ;
2518 3358 2613 3402 aut
2631 3348 2772 3402 enim
2792 3361 2821 3401 a
2843 3346 3241 3415 comparatione
3270 3345 3555 3415 majorum,
3586 3353 3677 3398 aut
3695 3358 3724 3398 a
3746 3357 3892 3399 com-

2321 3439 2600 3508 paratione
2628 3437 2917 3504 minorum,
2963 3443 3054 3490 aut
3086 3449 3120 3489 a
3146 3436 3542 3505 comparatione
3570 3433 3771 3502 parium
3797 3446 3895 3487 na.

2323 3530 2508 3583 scitur.
2554 3531 2600 3583 A
2646 3528 3047 3597 comparatione
3089 3528 3247 3596 igitur
3278 3526 3533 3596 majorum
3558 3533 3658 3590 est,
3687 3524 3896 3595 quoties

2322 3618 2527 3688 majora
2556 3617 2850 3672 minoribus
2885 3627 3261 3686 comparantur
3279 3603 3424 3682 ,hoc
3445 3615 3636 3681 modo,
3667 3624 3725 3671 ut
3753 3616 3895 3687 quod

2321 3710 2375 3765 in
2404 3724 2463 3764 re
2484 3708 2684 3777 majore
2709 3708 2871 3774 valet,
2903 3707 3079 3763 valeat
3113 3709 3166 3763 in
3212 3708 3441 3764 minore.
3462 3707 3544 3764 Sit
3565 3707 3707 3762 enim
3738 3721 3892 3776 quas-

2321 3800 2427 3855 stio
2455 3815 2522 3854 an
2563 3800 2615 3854 in
2659 3798 2788 3853 urbe
2828 3813 3019 3868 aquam
3049 3798 3207 3854 liceat
3252 3799 3445 3854 arceri.
3490 3797 3545 3853 ln
3588 3796 3685 3852 hac
3737 3794 3898 3866 igitur

2320 3890 2590 3961 subjectus
2617 3882 2699 3946 εει
2742 3892 3038 3957 terminus,
3082 3890 3137 3946 in
3182 3891 3314 3945 urbe
3362 3904 3535 3959 aqua,
3583 3885 3894 3958 praedicatus

2323 3998 2475 4051 vero,
2504 3983 2595 4052 jus
2627 3982 2863 4039 arcendi.
2899 3982 3032 4052 Regi
3064 3981 3199 4037 fines
3228 3980 3479 4036 dicuntur
3505 3980 3715 4049 quoties
3736 3990 3900 4032 unus-

2323 4077 2548 4147 quisque
2576 4090 2702 4147 ager
2727 4075 2957 4146 propriis
2984 4075 3180 4129 finibus
3213 4073 3546 4128 terminatur.
3576 4072 3739 4125 Aroet
3772 4083 3896 4125 vero

2325 4184 2519 4240 aquam
2564 4170 2652 4230 nui
2682 4184 2798 4224 eam
2832 4184 2925 4239 per
2966 4182 3063 4223 sua
3092 4168 3263 4237 spatia
3292 4181 3475 4223 meare
3516 4180 3624 4221 non
3674 4164 3891 4234 patitur.

2322 4260 2604 4317 Faciamus
2634 4260 2796 4333 igitur
2823 4268 3195 4329 argumentum
3220 4258 3317 4313 sic.
3365 4257 3630 4324 Quoniam
3658 4255 3777 4325 plus
3807 4260 3893 4307 est

2323 4352 2434 4421 regi
2468 4353 2597 4406 fines
2623 4389 2639 4414 ,
2684 4351 2860 4403 minus
2890 4363 3019 4405 vero
3048 4349 3220 4405 arceri
3249 4362 3442 4418 aquam
3462 4386 3476 4411 ,
3506 4346 3552 4402 si
3582 4347 3634 4401 in
3681 4344 3894 4400 civitate

2322 4441 2455 4497 fines
2496 4456 2604 4497 non
2631 4448 2887 4513 reguntur
2907 4482 2925 4509 ,
2970 4441 3113 4513 quod
3156 4441 3327 4511 majus
3355 4450 3460 4507 est,
3494 4456 3562 4495 ne
3594 4439 3644 4495 id
3677 4438 3895 4510 quidem

2322 4533 2464 4605 quod
2509 4535 2683 4589 minus
2727 4542 2832 4599 est,
2862 4534 2990 4603 fiet,
3041 4543 3096 4589 ut
3125 4548 3259 4602 aqua
3302 4534 3354 4588 in
3385 4533 3598 4590 civitate
3626 4544 3893 4589 arceatur.

638 4625 812 4678 virum
840 4602 1153 4694 sequuntur.
1187 4625 1347 4679 Facio
1392 4624 1550 4694 igitur
1579 4631 1947 4693 argumentum
2000 4622 2119 4678 sic:
2150 4623 2219 4691 ξεί
2249 4602 2303 4664 Ῑ)
2325 4602 2422 4679 Βία
2451 4623 2611 4695 igitur
2640 4631 2905 4694 sumptum
2934 4602 3017 4679 eSt
3053 4633 3425 4694 argumentum
3459 4627 3528 4680 ab
3562 4640 3627 4679 eo
3667 4623 3809 4692 quod
3840 4624 3897 4679 in

640 4715 837 4769 mulier
858 4730 977 4784 quae
1003 4715 1248 4770 defuncta
1277 4714 1436 4769 estin
1466 4730 1683 4769 manum
1712 4714 1985 4780 convenit,
2020 4713 2073 4768 in
2101 4728 2217 4768 ma—

617 4790 623 4869 ξ
646 4819 773 4857 num
797 4819 923 4858 vero
952 4805 1318 4860 convenientis
1344 4805 1583 4859 mulieris
1610 4806 1746 4860 bona
1777 4805 1876 4859 viri
1907 4805 2044 4859 fiunt
2069 4804 2213 4860 dotis

618 4970 621 4975 Ι
641 4896 882 4961 nomine,
908 4895 1022 4950 hac
1048 4911 1257 4967 quoque
1273 4897 1410 4951 bona
1423 4897 1491 4952 de
1511 4896 1703 4965 quibus
1724 4897 1900 4966 agitur
1914 4935 1930 4961 ,
1950 4896 2054 4951 viri
2068 4903 2215 4951 sunt.

642 4988 1027 5058 Argumentum
1056 5003 1123 5043 ex
1152 5002 1217 5043 eo
1246 4988 1388 5059 quod
1426 4988 1481 5043 in
1511 4989 1627 5058 ipso
1655 4996 1760 5053 est,
1797 4987 1863 5042 de
1891 5001 1996 5056 quo
2019 4988 2215 5055 agitur,

639 5080 965 5136 continetur.
989 5080 1179 5149 Agitur
1198 5080 1339 5135 enim
1368 5080 1436 5135 de
1460 5080 1614 5136 bonis
1643 5082 1758 5148 ejus
1779 5093 1895 5148 quae
1918 5077 1970 5130 in
2000 5092 2215 5132 manum

641 5175 982 5241 convenerit,
1015 5174 1219 5230 scilicet
1247 5173 1315 5239 ab
1342 5172 1541 5228 effectis
1561 5212 1576 5237 ,
1607 5171 1662 5226 id
1705 5178 1788 5226 est
1816 5186 1844 5225 a
1874 5183 2051 5226 causa":
2086 5168 2217 5225 effe-

642 5272 761 5326 ctis.
815 5271 1075 5337 Effectum
1126 5284 1353 5341 namque
1398 5278 1501 5335 est,
1530 5270 1582 5324 in
1610 5282 1827 5323 manum
1859 5266 2216 5339 conventione

641 5365 823 5420 omnia
871 5381 989 5435 quae
1032 5364 1269 5421 mulieris
1294 5371 1417 5419 sunt
1464 5362 1564 5417 viri
1606 5361 1723 5417 fieri
1770 5361 1908 5416 dotis
1957 5360 2210 5429 nomine,

641 5473 945 5530 quanquam
978 5459 1063 5514 hic
1110 5472 1321 5529 quoque
1368 5471 1473 5512 non
1504 5455 1572 5512 ab
1599 5454 1801 5511 effectis
1822 5494 1837 5521 ,
1877 5453 1969 5509 sed
2000 5468 2030 5507 a
2055 5467 2216 5509 causa

642 5549 840 5605 factum
868 5560 1239 5621 argumentum
1273 5562 1395 5605 esse
1441 5555 1785 5603 monstretur.
1826 5544 2109 5601 Ostensnm
2136 5549 2219 5597 est

581 5638 589 5653 '
643 5643 782 5696 enim
818 5640 932 5696 fieri
963 5640 1064 5696 viri
1096 5640 1238 5696 dotis
1268 5641 1485 5697 nomine
1505 5682 1519 5706 ,
1551 5637 1808 5710 quidquid
1838 5637 2075 5693 mulieris
2104 5634 2218 5691 fue-

642 5735 736 5796 rit,
791 5749 858 5788 ex
888 5748 952 5789 eo
976 5733 1118 5805 quod
1156 5734 1346 5789 mulier
1374 5734 1429 5789 in
1472 5748 1689 5790 manum
1737 5730 2064 5787 convenerit.
2112 5727 2217 5783 Sed

616 5824 761 5891 June
792 5838 949 5881 causa
984 5834 1067 5885 est
1112 5833 1172 5883 ut
1193 5841 1310 5906 quae
1342 5826 1579 5906 mulieris
1622 5834 1771 5882 erant
1798 5822 1897 5879 viri
1928 5825 2052 5881 ﬁant
2080 5818 2218 5877 dotis

2320 4715 2437 4785 ipso
2474 4714 2643 4771 haeret
2682 4715 2752 4771 de
2778 4730 2883 4785 quo
2911 4717 3185 4786 quaeritur.
3228 4715 3493 4783 Quaeritur
3533 4730 3659 4771 vero
3702 4715 3773 4771 de
3803 4730 3893 4769 ar-

2322 4806 2506 4862 cendae
2526 4821 2678 4877 aqua:
2696 4806 2836 4877 jure,
2868 4808 2935 4863 ab
2957 4808 3148 4863 affecto
3176 4807 3405 4871 scilicet,
3439 4806 3489 4861 id
3513 4814 3595 4861 est
3624 4819 3654 4858 a
3682 4805 3895 4875 majori,

2319 4897 2463 4967 quod
2491 4897 2720 4953 refertur
2748 4897 2814 4952 ad
2841 4897 2893 4952 id
2926 4898 3067 4968 quod
3091 4899 3266 4953 minus
3296 4909 3397 4951 est.
3424 4897 3725 4952 Notandum
3768 4911 3899 4952 vero

2320 4986 2464 5058 quod
2495 4986 2702 5042 Tullius
2745 4988 3033 5043 maximam
3082 4988 3500 5057 propositionem
3548 4996 3897 5059 argumenta-

2324 5081 2454 5135 tioni
2484 5080 2698 5135 inclusit
2734 5081 2835 5135 hoc
2864 5080 3023 5136 modo
3064 5097 3077 5133 :
3110 5080 3261 5147 Quod
3302 5080 3355 5133 in
3382 5094 3442 5136 re
3478 5079 3669 5148 majori
3713 5079 3899 5145 valet,

2322 5172 2495 5226 valeat
2524 5171 2577 5226 in
2608 5170 2822 5239 minori,
2854 5180 2909 5226 et
2946 5171 3196 5241 deinceps
3221 5186 3284 5225 ea
3325 5170 3509 5237 nixus,
3550 5177 3896 5240 argumenta-

2324 5263 2520 5319 tionem
2555 5263 2870 5332 expedivit,
2902 5272 2957 5319 ut
3008 5260 3345 5318 manifestius
3372 5268 3629 5331 appareat
3666 5258 3718 5314 id
3751 5245 3899 5328 quod

2325 5354 2378 5409 in
2410 5355 2578 5424 primo
2620 5354 2891 5410 volumine
2937 5362 3413 5410 commemoratum
3443 5358 3556 5416 est,
3592 5349 3687 5404 llas
3716 5350 3898 5403 maxi-

2326 5459 2439 5499 mas
2471 5445 2860 5514 propositiones
2889 5444 3168 5512 aliquoties
3214 5440 3430 5511 quidem
3478 5438 3898 5507 argumentatio-

2325 5534 2479 5588 nibus
2510 5533 2743 5601 includi,
2776 5541 2832 5586 ut
2870 5531 2921 5585 in
2972 5531 3219 5600 praesenti
3261 5537 3585 5585 monstratur
3624 5526 3895 5597 exemplo,

2325 5627 2460 5681 alias
2487 5640 2615 5680 vero
2646 5625 2788 5677 vires
2815 5621 3364 5692 argumentationibus
3392 5620 3542 5685 dare,
3568 5627 3629 5673 ut
3658 5620 3711 5673 in
3735 5632 3894 5686 supe-

2327 5717 2557 5772 rioribus
2601 5713 2859 5784 exemplis
2890 5713 3149 5769 locorum.
3191 5712 3342 5781 Quod
3372 5711 3417 5768 si
3443 5709 3587 5766 idem
3616 5716 3895 5764 converta-

2325 5824 2442 5865 mus
2469 5806 2792 5881 exemplum,
2826 5804 3066 5863 dicemus
3092 5823 3104 5860 :
3129 5804 3279 5873 Quod
3309 5804 3360 5860 in
3381 5817 3464 5875 -re
3495 5800 3687 5858 minori
3716 5799 3889 5861 valet,
