4248 6272
336 385 469 440 1081

1153 376 1218 431 ιΝ
1260 373 1503 432 TOPICA
1545 369 1904 428 CICERONIS
1943 366 2454 427 COMMENTARIA.
2496 371 2625 427 LIB.
2668 369 2733 425 ll.

3471 375 3613 434 £082

334 496 512 550 valeat
539 492 701 548 etiam
729 491 781 545 in
815 488 1027 559 majori.
1061 489 1130 543 At
1161 488 1217 542 in
1246 487 1378 543 urbe
1407 499 1541 556 aqua
1568 491 1800 548 arcetur,
1836 497 1920 538 re-
1949 481 1996 542 Α
2024 477 2413 548 scientiamque
2432 479 2693 544 eruditis,
2727 486 2784 534 ut
2807 479 2949 550 quod
2985 479 3192 535 medico
3216 481 3270 538 in
3311 482 3604 556 medicina,

331 595 524 659 gantur
553 584 710 654 igitur
756 584 907 638 fines.
963 582 1059 636 llic
1091 591 1264 634 tamen
1316 577 1540 648 quaestio
1583 583 1916 644 permittatur

333 678 437 734 hoc
466 675 662 731 modo:
692 675 963 742 Quaeritur
989 672 1130 726 enim
1171 686 1237 724 an
1262 671 1313 724 in
1338 668 1470 722 urbe
1513 667 1643 721 ﬁnes
1669 672 1919 735 Oporteat

248 760 260 784 ³
335 773 469 842 regi.
501 769 607 826 Sed
648 785 677 822 a
708 769 914 823 minore
965 765 1192 819 sumitur
1234 768 1628 831 argumentum,
1657 759 1708 813 id
1740 766 1823 812 est
1849 758 1917 812 ab

334 859 566 917 arcenda
593 871 762 927 aqua,
803 866 859 910 ut
887 855 958 909 sit
985 854 1072 907 hic
1103 867 1312 923 quoque
1343 861 1712 922 argumentum
1757 848 1824 902 ab
1853 862 1918 902 eo

337 951 476 1022 quod
504 950 556 1005 in
587 949 704 1018 ipso
730 955 830 1009 est,
865 945 917 999 id
957 952 1039 999 est
1065 943 1132 998 ab
1175 957 1239 996 eo
1270 942 1410 1011 quod
1441 949 1524 995 est
1570 941 1622 995 in
1670 938 1918 1008 regendis

271 1107 274 1110 ν
338 1040 548 1104 ﬁnibus,
579 1037 646 1092 ab
683 1035 876 1090 aﬁ‘ecto
904 1033 1130 1102 scilicet,
1164 1032 1215 1087 id
1263 1043 1343 1086 est
1369 1048 1398 1087 a
1429 1032 1645 1086 minori.
1691 1032 1744 1085 ld
1772 1032 1918 1087 enim

337 1133 476 1202 quod
522 1130 696 1185 minus
724 1138 806 1184 est
834 1127 1082 1183 affectum
1115 1135 1230 1193 est,
1268 1125 1394 1180 illud
1442 1139 1671 1194 namque
1702 1123 1919 1193 reSpicit

336 1227 402 1281 ad
428 1226 478 1279 id
520 1224 659 1292 quod
703 1232 1064 1292 comparatur.
1099 1220 1195 1274 ille
1222 1230 1434 1288 quoque
1462 1217 1692 1272 maxima
1722 1229 1919 1283 propo-

333 1313 458 1371 sitio
487 1329 515 1368 a
546 1313 720 1368 Tullio
752 1312 922 1382 posita
946 1317 1050 1375 est,
1079 1324 1250 1379 eaque
1283 1315 1393 1362 est:
1428 1306 1579 1374 Quod
1606 1305 1747 1360 enim
1776 1304 1829 1357 in
1862 1317 1921 1358 re

335 1405 534 1463 minori
564 1404 732 1470 valet,
771 1403 911 1457 valet
937 1403 1098 1456 etiam
1148 1400 1202 1453 in
1231 1399 1441 1467 majori.
1473 1401 1512 1453 A
1543 1397 1762 1466 paribus
1792 1411 1920 1450 vero

338 1499 398 1553 ﬁt
420 1496 666 1551 similiter
706 1492 1061 1562 comparatio.
1102 1490 1335 1546 Necesse
1362 1496 1444 1544 est
1471 1488 1615 1544 enim
1646 1497 1702 1542 ut
1745 1487 1923 1542 valeat

336 1587 583 1657 mquitas,
617 1599 734 1655 quae
763 1584 980 1654 paribus
1013 1585 1065 1638 in
1111 1584 1270 1637 rebus
1298 1585 1442 1652 paria
1475 1581 1594 1651 jura
1625 1579 1917 1636 desiderat.

339 1677 696 1735 Plurimarum
731 1676 891 1746 igitur
922 1690 1100 1730 rerum
1148 1673 1404 1743 usucapio
1428 1687 1602 1726 annua
1645 1679 1764 1734 est,
1791 1677 1846 1723 ut
1875 1669 1920 1724 si

336 1770 460 1840 quis
487 1769 567 1824 eis
612 1781 754 1823 anno
799 1767 1053 1822 continuo
1084 1765 1245 1820 fuerit
1279 1778 1406 1818 usus
1431 1803 1447 1828 ,
1479 1777 1571 1816 eas
1608 1761 1759 1816 ﬁrma
1784 1759 1922 1829 juris

2021 579 2309 641 geometrze
2340 571 2393 625 in
2422 569 2745 640 geometria,
2790 571 3108 640 exterisque
3150 573 3204 627 in
3234 576 3449 644 prepria
3488 586 3604 633 stuc

2018 665 2230 721 diorum
2283 664 2534 718 facultate
2580 663 2838 718 veritatis.
2875 663 2950 719 De
2990 680 3095 734 quo
3126 665 3459 723 extrinsecus
3487 668 3605 726 loco

2018 763 2097 819 sic
2121 763 2391 832 loquitur:
2709 823 2721 834 ξ

2018 868 2041 914 ις
2094 855 2220 920 Qua:
2254 862 2420 908 autem
2462 859 2792 906 assumuntur
2817 852 3152 919 extrinsecus,
3201 870 3260 908 ea
3290 857 3510 910 maxime
3538 872 3608 911 ea;

2020 947 2322 1000 auctoritate
2373 944 2636 998 dicuntur.
2687 939 2869 1010 Itaque
2910 939 3077 995 στωσὶ
3117 943 3242 996 tales
3280 955 3607 1016 argumenta-

2021 1041 2181 1094 tiones
2205 1043 2454 1110 ἀτέχνους
2479 1021 2680 1103 vocant,
2714 1034 2767 1088 id
2795 1041 2868 1088 est
2895 1034 3023 1088 artis
3053 1027 3300 1102 expertes.

2093 1133 2212 1188 Alia
2237 1135 2433 1204 quippe
2453 1142 2767 1204 argumenta
2791 1141 2940 1198 sunt,
2962 1147 3079 1203 qua:
3097 1133 3213 1201 ipse
3239 1134 3383 1188 elicit
3400 1142 3606 1200 orator,
3670 1126 3677 1139 ’

2021 1233 2183 1294 atque
2212 1226 2326 1294 ipse
2347 1225 2744 1295 quodammodo
2765 1240 2830 1280 ex
2858 1224 3152 1293 designatis
3182 1223 3314 1279 locis
3340 1224 3441 1279 sibi
3461 1238 3608 1278 com-

2025 1323 2193 1383 parat,
2226 1323 2280 1369 et
2311 1316 2522 1386 propria
2569 1314 2827 1370 facultate
2867 1313 3154 1383 conquirit.
3210 1313 3332 1369 Alia
3372 1327 3490 1381 qua:
3515 1327 3610 1368 ex-

2026 1405 2290 1461 trinsecus
2333 1408 2506 1475 posita
2537 1421 2642 1460 non
2676 1406 2792 1476 ipse
2840 1405 3072 1470 invenit,
3116 1402 3212 1460 sed
3258 1402 3610 1474 praesentibus

2024 1494 2192 1548 utitur
2212 1504 2265 1550 et
2291 1496 2511 1563 paratis,
2534 1496 2701 1551 veluti
2720 1494 3047 1560 testimonia,
3077 1494 3291 1560 tabula),
3323 1494 3485 1560 fama,
3505 1507 3610 1548 cte-

2027 1595 2248 1656 teraque
2277 1587 2344 1642 de
2372 1589 2566 1658 quibus
2595 1588 2665 1641 Μ.
2694 1587 2902 1641 Tullius
2938 1586 3096 1640 latius
3139 1594 3461 1641 tractaturus
3504 1594 3605 1643 est.

2026 1677 2142 1733 Non
2173 1679 2315 1733 enim
2349 1678 2448 1733 sibi
2481 1680 2598 1747 ipse
2627 1678 2932 1733 tesﬁmonia
2964 1684 3117 1746 parat
3143 1685 3356 1741 orator,
3386 1678 3480 1732 sed
3509 1692 3607 1747 pae

2027 1771 2160 1824 ratis
2188 1769 2372 1834 utitur,
2406 1783 2506 1824 nec
2535 1768 2651 1836 ipse
2675 1767 2938 1837 judicium
2977 1767 3141 1833 facit,
3174 1767 3268 1822 sed
3294 1767 3403 1837 jam
3436 1770 3610 1838 posit'o

338 1858 657 1916 anetoritate
679 1856 968 1927 possideat,
992 1856 1272 1910 velutrem
1295 1854 1567 1910 mobilem.
1602 1852 1921 1907 Fundivero
1951 1869 2003 1932 Β
2029 1874 2093 1916 ac
2129 1868 2429 1930 εροηωηεο
2472 1873 2690 1915 rumore
2745 1858 2993 1915 veniente
3038 1860 3204 1914 υιίιυι-
3251 1858 3318 1913 ad
3371 1873 3608 1916 causam,

340 1949 631 2018 usucapio,
686 1947 888 2002 biennii
946 1947 1201 2017 temporis
1245 1947 1418 2016 spatio
1471 1943 1818 2011 continetur,
1855 1942 1923 2000 de

343 2037 550 2092 aedibus
591 2037 644 2090 in
675 2037 790 2107 lege
819 2035 948 2091 nihil
987 2037 1274 2107 ascriptum
1307 2046 1408 2091 est.
1443 2037 1710 2104 Quaeritur
1753 2032 1880 2106 ergo
1906 2077 1921 2101 ,

343 2139 474 2181 usus
513 2125 706 2179 :edium
753 2141 930 2180 unone
961 2140 1102 2180 anno
1127 2166 1143 2191 ,
1175 2141 1243 2180 an
1285 2125 1501 2180 biennio
1531 2125 1790 2195 capiatur.
1825 2123 1926 2178 Fa-

340 2215 546 2270 ciemus
574 2229 604 2268 a
635 2215 855 2284 paribus
883 2216 1398 2286 argumentationem
1423 2256 1439 2282 ,
1465 2202 1521 2270 et
1546 2215 1796 2285 quoniam
1828 2216 1927 2268 im-

341 2305 620 2361 mobilium
662 2320 813 2374 aequa
859 2305 1129 2373 possessio
1157 2314 1267 2368 est,
1298 2305 1441 2360 mdes
1473 2319 1602 2359 vero
1629 2304 1929 2359 immobiles

341 2407 487 2463 sunt,
539 2407 593 2450 ut
621 2396 837 2451 biennio
867 2396 1057 2450 fundus
1087 2397 1451 2465 usucapiatur,
1479 2397 1552 2449 ita
1579 2395 1739 2450 etiam
1770 2409 1930 2462 Opor-

344 2499 422 2546 tet
452 2491 593 2545 aedes
635 2505 930 2560 usucapere
974 2491 1193 2544 biennio
1243 2490 1624 2559 possidentem.
1679 2488 1929 2558 Equitas

344 2579 487 2635 enim
529 2578 744 2648 paribus
785 2579 838 2632 in
863 2578 1024 2632 rebus
1083 2579 1229 2648 paria
1275 2580 1398 2647 jura
1450 2579 1745 2634 desiderat.
1799 2578 1929 2644 Qua:

344 2669 506 2726 etiam
563 2669 792 2722 maxima
826 2668 1121 2738 propositio
1152 2685 1180 2720 a
1213 2668 1387 2722 Tullio
1420 2668 1721 2722 clarissime
1753 2668 1929 2736 posita

347 2769 450 2825 est,
471 2761 563 2814 sed
587 2761 890 2829 exemplum
915 2760 1214 2814 restrictius
1245 2761 1474 2828 positum
1500 2769 1602 2824 est,
1633 2773 1732 2814 nec
1754 2773 1932 2828 prom-

347 2851 591 2922 ptissime
635 2851 701 2906 ad
748 2851 1167 2921 intelligendum.
1198 2851 1274 2905 Ita
1314 2866 1544 2919 namque
1574 2852 1680 2916 ait,
1713 2860 1770 2905 ut
1796 2866 1930 2920 quo-

348 2943 492 2999 niam
516 2958 644 2998 usus
669 2944 961 2998 auctoritas
977 2943 1124 2998 fundi
1149 2959 1243 3013 per
1260 2943 1530 2997 biennium
1559 2951 1661 3007 est,
1685 2943 1930 3000 sitetiam

349 3038 564 3093 aedium.
598 3038 696 3093 llic
731 3038 891 3108 igitur
931 3039 1123 3094 aedium
1160 3055 1290 3094 usus
1316 3040 1688 3094 auctoritatem
1715 3038 1930 3094 biennio

350 3135 468 3192 fieri
495 3137 680 3201 sentit,
709 3136 804 3190 sed
823 3136 1089 3207 adjungit:
1123 3138 1192 3191 At
1219 3137 1271 3191 in
1298 3137 1412 3207 lege
1442 3137 1586 3192 mdes
1614 3151 1721 3191 non
1747 3138 1928 3207 appel-

2029 1952 2205 2022 Atque
2236 1952 2438 2007 idcirco
2487 1952 2588 2006 hos
2627 1951 2774 2006 locos
2806 1949 2981 2007 Grmci
3012 1953 3266 2024 ἀτέχνους
3295 1960 3518 2017 vocant,
3557 1935 3613 2008 id

2030 2055 2116 2103 est
2141 2045 2534 2109 inartiﬁciales.
2566 2053 2747 2114 atque,
2781 2051 2840 2098 ut
2864 2043 3072 2098 Tullius
3093 2044 3250 2109 dixit,
3273 2044 3404 2100 artis
3423 2059 3614 2114 exper-
3653 2086 3656 2088 .

2031 2147 2131 2196 tes.
2164 2140 2297 2207 Quae
2335 2139 2482 2194 enim
2529 2153 2636 2193 non
2678 2137 2898 2207 proprio
2947 2137 3176 2192 oratoris
3203 2136 3430 2192 artiﬁcio
3459 2151 3611 2192 com-

2030 2244 2310 2303 parantur,
2330 2232 2425 2288 sed
2445 2246 2504 2287 se
2530 2230 2868 2287 extrinsecus
2887 2229 3153 2285 venientia
3172 2229 3609 2298 subministrant,

2031 2323 2147 2379 haec
2173 2324 2292 2393 jure
2319 2322 2452 2378 artis
2481 2321 2723 2392 expertia
2752 2330 2879 2377 sunt
2905 2320 3194 2392 appellata.
3227 2319 3397 2389 llujus
3426 2333 3612 2376 exun-

2030 2420 2174 2486 plum
2205 2424 2287 2471 est
2315 2433 2326 2468 :

2030 2509 2088 2575 ε
2106 2507 2174 2562 Ut
2195 2509 2240 2560 si
2265 2508 2337 2561 ita
2363 2507 2672 2574 respondeas
2701 2520 2721 2560 :
2749 2505 3005 2571 Quoniam
3030 2502 3100 2557 P.
3124 2503 3356 2559 Sctevola
3375 2502 3432 2556 id
3451 2501 3614 2558 soluat

2030 2613 2136 2652 esse
2165 2597 2386 2651 ambitus
2415 2597 2602 2650 wdium
2629 2596 2840 2664 dixerit,
2874 2602 3121 2666 quantum
3151 2594 3360 2663 parietis
3387 2609 3614 2648 commu-

2031 2690 2113 2744 nis
2150 2689 2348 2760 tegendi
2403 2704 2559 2743 causa
2605 2694 2791 2742 tectum
2827 2687 3187 2758 proﬁceretur,
3217 2701 3283 2739 ea:
3309 2701 3408 2755 quo
3443 2684 3497 2737 in
3539 2692 3618 2737 te-

2031 2783 2304 2852 ctum‘ejus
2331 2781 2468 2835 aedes
2495 2781 2582 2850 qui
2614 2782 2918 2850 protexisset
2954 2796 3089 2850 aqua
3118 2781 3398 2851 deﬂueret,
3442 2776 3497 2831 id
3524 2775 3618 2830 tibi

2022 2877 2118 2948 jus
2147 2875 2328 2929 uideri.
3587 2877 3590 2880 ’

2105 2964 2290 3020 Solum
2337 2964 2572 3020 ambitus
2604 2963 2800 3018 aedium
2845 2968 2963 3027 est,
3004 2966 3260 3030 quantum
3289 2958 3391 3014 soli
3419 2955 3614 3012 aedium

2034 3056 2270 3113 ambitus
2311 3056 2532 3113 claudit.
2565 3054 2811 3112 Scaevola
2853 3053 3016 3122 igitur
3042 3051 3181 3107 dixit
3211 3051 3265 3105 id
3294 3063 3416 3106 esse
3446 3049 3616 3104 ambi-

2035 3155 2125 3204 tus
2150 3149 2346 3204 tedium
2377 3149 2587 3215 solum,
2633 3146 2779 3216 quod
2824 3129 2952 3202 tecti
2997 3142 3284 3198 diil‘usione
3327 3139 3615 3210 tegeretur.

353 3227 562 3292 lantur,
595 3236 652 3282 et
680 3236 805 3281 sunt
833 3239 1149 3285 creterarum
1193 3230 1430 3284 omnium
1465 3245 1690 3298 quarum
1721 3244 1917 3288 annuus

2039 3239 2380 3297 Manifestum
2409 3248 2492 3294 est
2518 3240 2661 3294 enim
2693 3245 2833 3292 tecta
2865 3235 3028 3290 latius
3064 3233 3241 3299 fundi,
3271 3248 3373 3289 nec
3400 3231 3619 3303 parieti-

351 3324 436 3372 est
465 3330 606 3371 usus.
636 3317 735 3372 Hic
763 3333 947 3373 rursus
976 3320 1120 3374 aedes
1152 3320 1204 3374 in
1233 3320 1316 3374 his
1339 3320 1547 3375 videtur
1584 3335 1786 3391 ponere
1815 3337 1935 3390 quae

349 3421 530 3464 annuo
575 3410 994 3480 usucapiuntur,
1045 3419 1100 3466 et
1149 3410 1420 3465 concludit
1467 3409 1601 3465 nihil
1644 3410 1931 3480 deﬁniens,

350 3501 453 3557 nisi
485 3501 656 3556 valeat
679 3504 922 3572 mquitas,
955 3517 1074 3572 quae
1101 3501 1322 3572 paribus
1352 3501 1405 3556 in
1437 3500 1613 3556 causis
1642 3501 1789 3570 paria
1812 3501 1933 3571 jura

353 3591 646 3648 desiderat.
679 3593 784 3648 Sed
829 3593 1041 3650 videtur
1081 3595 1153 3649 ita
1202 3593 1425 3659 dictum,
1454 3594 1706 3664 quoniam
1744 3595 1934 3649 immo-

350 3687 487 3742 biles
517 3697 642 3744 sunt
669 3690 811 3743 aedes
838 3696 894 3743 ut
925 3686 1139 3750 fundus,
1170 3685 1387 3741 biennio
1417 3699 1547 3740 vero
1578 3683 1780 3739 fundus
1805 3700 1935 3740 usu-

341 3779 748 3850 -capitur,a:des
779 3794 988 3849 quoque
1029 3777 1248 3833 biennio
1293 3775 1701 3844 usueapiantur,
1733 3782 1788 3830 et
1830 3775 1933 3831 sibi

354 3868 471 3940 ipse
499 3883 689 3925 rursus
737 3869 960 3938 opponit
985 3910 1000 3935 ,
1049 3867 1144 3922 sed
1175 3868 1228 3921 in
1259 3867 1376 3937 lege
1405 3865 1688 3921 duodecim
1729 3864 1935 3920 tabula-

356 3976 506 4025 rum,
544 3962 613 4015 de
651 3959 858 4013 :edibus
891 3959 1026 4013 nihil
1067 3959 1358 4029 ascriptum
1407 3965 1526 4024 est,
1570 3965 1624 4012 et
1661 3956 1800 4012 inter
1843 3970 1933 4011 eas

357 4051 563 4108 relicta:
608 4057 734 4105 sunt
761 4065 867 4114 res,
895 4049 1249 4104 taciturnitate
1271 4049 1424 4118 legis,
1447 4063 1676 4118 quarum
1697 4055 1780 4102 est
1807 4060 1933 4101 usus

355 4161 584 4202 annuus.
614 4145 747 4202 Nam
778 4161 899 4202 eum
926 4147 992 4202 de
1014 4145 1177 4201 fundo
1206 4145 1583 4216 praescriberet
1605 4143 1691 4198 lex
1727 4139 1929 4197 biennii

357 4240 737 4310 usucapionem
758 4280 775 4307 ,
807 4240 971 4294 tacuit
1017 4238 1180 4302 aedes,
1207 4248 1259 4292 et
1286 4239 1352 4294 iis
1375 4237 1556 4308 potius
1585 4237 1686 4291 hac
1715 4235 1936 4290 tacitur-

359 4334 524 4389 nitate
579 4347 671 4386 eas
696 4332 874 4400 junxit
909 4346 1133 4403 quarum
1163 4346 1370 4386 annuus
1401 4338 1485 4385 est
1515 4344 1662 4385 usus.
1696 4327 1800 4384 Sed
1830 4327 1936 4382 sol-

359 4423 438 4478 vit
481 4423 836 4492 objectionem
883 4423 976 4489 ita,
1032 4421 1126 4478 sed
1157 4423 1384 4492 aequitas
1422 4420 1641 4490 paribus
1693 4418 1749 4474 iu
1776 4417 1935 4473 rebus

360 4514 510 4586 paria
544 4516 663 4584 jura
713 4513 1001 4570 desiderat.
1040 4513 1222 4584 itaque
1253 4512 1504 4583 quoniam
1555 4525 1707 4580 aeque
1739 4508 1935 4563 fundus

2034 3332 2136 3388 bus
2157 3331 2447 3402 adaequari,
2469 3339 2529 3386 ut
2553 3328 2882 3385 stillicidium
2909 3327 3118 3396 longius
3142 3323 3318 3380 cadat.
3341 3325 3470 3392 Quze
3494 3336 3618 3379 cum

2037 3423 2114 3480 ita
2141 3424 2271 3491 sint,
2303 3422 2520 3494 quidam
2544 3420 2804 3492 parietem
2830 3431 3171 3474 communem
3203 3424 3386 3485 tegere
3410 3412 3620 3468 niteba-

2037 3526 2146 3584 tur,
2173 3517 2432 3588 quaeritur
2458 3531 2525 3571 an
2551 3516 2622 3570 sit
2649 3511 2865 3584 aliquod
2891 3514 2979 3581 jus
3007 3507 3244 3581 tegendi.
3276 3505 3622 3577 Respondeas

2036 3620 2114 3678 tu,
2167 3611 2358 3682 inquit,
2411 3609 2660 3674 Trebati,
2714 3607 2768 3662 id
2809 3605 2897 3676 jus
2950 3617 3070 3659 esse
3124 3599 3353 3671 augendi
3401 3597 3621 3670 parietis

2036 3703 2360 3769 communis,
2392 3711 2453 3758 ut
2482 3703 2537 3757 in
2564 3701 2684 3771 ejus
2719 3699 2810 3769 qui
2850 3696 2976 3768 tegit
3025 3708 3131 3751 non
3164 3691 3308 3748 aliud
3348 3688 3622 3760 quodlibet

2037 3803 2240 3852 tectum
2270 3791 2532 3849 stillicidii
2557 3806 2693 3862 aqua
2720 3788 2993 3855 fundatur,
3025 3785 3160 3840 alias
3188 3798 3294 3839 non
3320 3795 3443 3837 esse
3483 3779 3620 3850 juris

2036 3896 2098 3942 ut
2127 3897 2269 3957 tegat
2296 3886 2416 3956 quis
2446 3884 2705 3954 parietem
2725 3925 2742 3950 ,
2779 3876 3052 3934 stillicidia
3082 3877 3136 3930 in
3163 3873 3326 3928 vicini
3353 3881 3490 3929 tecta
3520 3871 3616 3926 de-

2036 3977 2257 4034 ﬂuente.
2289 3977 2414 4030 llaec
2443 3973 2583 4029 enim
2616 3969 2873 4028 stillicidii
2911 3967 3140 4022 servitus
3169 3978 3327 4028 nova,
3363 3962 3464 4017 nisi
3490 3976 3620 4018 eon—

2032 4067 2307 4132 sentiente
2347 4064 2548 4130 vieino,
2581 4060 2713 4116 nihil
2738 4058 2875 4127 juris
2905 4055 3085 4110 habet.
3125 4052 3232 4108 Sed
3273 4051 3320 4106 si
3368 4051 3491 4106 huic
3530 4067 3617 4107 re-

2037 4171 2240 4227 sponso
2268 4162 2590 4226 opponatur,
2623 4165 2690 4206 ne
2712 4149 2791 4204 sic
2820 4146 3035 4216 quidem
3065 4150 3125 4197 ut
3146 4149 3291 4211 tegat
3311 4154 3430 4198 esse
3453 4140 3615 4210 juris,

2038 4246 2472 4320 quandoquidem
2519 4243 2712 4300 aedium
2760 4241 2932 4298 solum
2979 4245 3186 4292 tantum
3214 4243 3327 4302 est,
3357 4239 3615 4304 quantum

2039 4339 2294 4408 cujusque
2327 4337 2556 4408 parietes
2595 4332 2882 4399 claudunt,
2909 4329 3001 4400 qui
3045 4341 3173 4383 vero
3220 4324 3369 4396 tegit,
3414 4330 3615 4378 tectum

2041 4429 2253 4498 longius
2281 4426 2463 4493 mittit,
2495 4434 2575 4491 tu,
2609 4425 2806 4495 inquit,
2845 4434 3162 4492 responsum
3195 4427 3343 4473 tuum
3363 4413 3620 4472 Scaevolas

2043 4521 2364 4576 auctoritate
2411 4517 2676 4584 ﬁrmabis,
2719 4515 2904 4570 dicens
2941 4510 3238 4568 Semvolam
3280 4504 3619 4577 respondisse

359 4618 519 4678 atque
546 4607 689 4663 :edes
714 4608 1015 4664 immobiles
1039 4617 1184 4676 sunt,
1211 4622 1360 4678 aeque
1382 4605 1598 4661 biennio
1620 4603 1917 4675 usucapieu‘

2048 4613 2152 4669 hoc
2171 4627 2292 4669 esse
2316 4611 2490 4668 solum
2513 4608 2743 4664 ambitus
2766 4606 2984 4669 aedium,
3003 4611 3258 4673 quantum
3277 4608 3475 4656 tectum
3498 4611 3621 4667 pro-

361 4709 466 4755 tur.
500 4699 718 4756 Factum
745 4710 826 4756 est
853 4701 1012 4771 igitur
1037 4700 1122 4756 hie
1151 4713 1366 4770 quoque
1392 4705 1764 4768 argumentum
1784 4696 1852 4750 ab
1873 4709 1938 4751 eo
1962 4688 2003 4695 ⁷
2041 4704 2320 4776 jiceremr,
2381 4717 2487 4755 non
2531 4707 2786 4770 quantum
2814 4696 3047 4767 parietes
3084 4691 3367 4747 ambirent.
3396 4688 3492 4744 Jus
3538 4695 3620 4742 est

362 4791 505 4863 quod
531 4793 582 4846 in
615 4793 733 4863 ipso
761 4803 844 4847 est
870 4792 938 4848 de
985 4806 1090 4861 quo
1119 4793 1398 4862 quaaritur,
1431 4789 1483 4843 id
1528 4796 1611 4844 est
1637 4788 1703 4842 ab
1728 4788 1937 4854 allecto,

362 4882 415 4940 id
445 4891 528 4939 est
547 4885 683 4954 pari.
713 4883 846 4938 Nam
882 4899 1004 4938 cum
1022 4893 1210 4954 agatur
1237 4882 1303 4938 de
1334 4882 1526 4937 aedium
1572 4880 1937 4950 possessione,

360 4984 731 5046 argumentum
764 4986 1036 5046 sumptum
1065 4987 1147 5032 est
1173 4978 1242 5034 ab
1280 4974 1605 5045 usucapione
1632 4971 1939 5028 fundorum.

364 5067 641 5136 Expeditis
676 5069 837 5139 igitur
870 5069 954 5125 his
998 5069 1133 5126 locis
1175 5069 1264 5141 qui
1297 5070 1348 5124 in
1386 5069 1502 5139 ipso
1529 5067 1596 5123 de
1636 5081 1743 5138 quo
1770 5065 1945 5135 agitur

364 5161 726 5231 inhaerebant,
767 5178 908 5218 nunc
933 5163 1046 5233 jam
1087 5163 1190 5219 loci
1220 5164 1336 5234 ejus
1357 5177 1515 5234 quem
1540 5161 1672 5216 dixit
1701 5173 1823 5217 esse
1853 5173 1946 5214 ex-

365 5257 631 5311 trinsecus
653 5294 669 5321 ,
703 5256 855 5324 ponit
887 5256 1216 5325 exemplum.
1248 5256 1344 5312 Hie
1389 5269 1517 5310 vero
1546 5263 1630 5310 est
1655 5253 1748 5324 qui
1775 5251 1947 5307 sumi-

364 5353 453 5397 tur
505 5347 573 5399 ab
626 5344 945 5400 auctoritate
995 5345 1181 5414 judicii
1225 5346 1374 5400 locus
1401 5343 1557 5399 valde
1610 5341 1945 5412 probabilis,

365 5432 576 5487 etiamsi
623 5449 731 5490 non
762 5434 1010 5490 maximae
1041 5436 1393 5491 necessitatis.
1427 5436 1558 5504 Quae
1587 5434 1731 5489 enim
1760 5447 1949 5488 neces-

367 5522 509 5577 saria
559 5533 727 5592 sunt,
778 5526 894 5580 haec
920 5540 986 5580 ex
1037 5525 1253 5596 propria
1283 5525 1691 5580 considerantur
1739 5530 1947 5578 natura.

365 5615 498 5682 Quae
527 5630 656 5671 vero
696 5617 998 5687 probabilia
1025 5627 1169 5684 sunt,
1198 5618 1550 5687 plurimorum
1575 5614 1832 5686 judicium
1861 5630 1952 5670 ex-

364 5714 631 5778 spectant.
665 5707 741 5764 Ea
769 5723 1002 5779 namque
1038 5719 1164 5763 sunt
1207 5708 1520 5779 probabilia,
1554 5721 1674 5778 quae
1704 5706 1951 5768 videntur

366 5799 453 5855 vel
483 5798 735 5856 omnibus
758 5841 775 5869 ,
807 5801 892 5857 vel
931 5800 1204 5874 pluribus,
1236 5801 1319 5858 vel
1363 5799 1594 5856 maxime
1626 5798 1846 5856 famosis
1874 5807 1953 5854 at-

371 5907 477 5963 que
517 5898 838 5969 praecipuis,
866 5899 950 5957 vel
979 5898 1270 5959 secundum
1304 5911 1732 5969 unamquamque
1779 5905 1948 5955 artem

1964 5987 2040 6009 η...

2043 4794 2208 4866 igitur
2253 4792 2518 4863 projicere
2567 4799 2790 4856 tectum,
2821 4787 2911 4858 qui
2939 4787 3088 4856 intra
3135 4783 3392 4838 ambitum
3445 4779 3620 4834 adhuc

2047 4899 2262 4941 suarum
2285 4881 2479 4938 aedium
2511 4880 2660 4951 tegit,
2690 4880 2784 4936 sed
2822 4879 2895 4934 ita
2923 4886 2982 4932 ut
3005 4877 3058 4931 in
3077 4891 3231 4930 suum
3263 4883 3460 4928 tectum
3485 4885 3621 4942 aqua

2048 4977 2273 5041 defluat,
2320 4960 2632 5030 nec'viciuo
2685 4987 2820 5027 nova
2861 4976 3050 5025 noceat
3096 4966 3381 5022 servitute.
3430 4961 3489 5017 lu
3516 4975 3621 5030 qua

2051 5069 2354 5141 quaestione
2394 5082 2567 5138 neque
2593 5081 2623 5119 a
2652 5065 2895 5136 subjecto
2924 5077 3098 5134 neque
3126 5077 3157 5115 a
3185 5058 3478 5140 praedicata
3516 5063 3624 5110 ter-

2051 5161 2200 5216 tnino
2239 5159 2455 5214 ductum
2508 5166 2592 5214 est
2636 5163 3040 5227 argumentum,
3098 5149 3324 5222 quodin
3379 5145 3626 5201 hislocis

2051 5250 2379 5308 considerari
2403 5249 2569 5304 moris
2589 5258 2692 5316 est,
2725 5247 2818 5317 qui
2861 5247 2916 5301 in
2945 5243 3074 5315 ipsis
3103 5243 3310 5296 haerent
3336 5238 3404 5295 de
3429 5236 3626 5307 quibus

2051 5344 2226 5412 agitur
2253 5340 2517 5408 terminis,
2548 5348 2607 5394 ut
2635 5340 2688 5394 in
2718 5337 2965 5395 omnibus
2994 5334 3254 5404 exemplis
3286 5338 3369 5387 est
3395 5329 3626 5398 diligen-

2053 5431 2256 5488 tissime
2282 5431 2633 5485 declaratum.
2669 5427 2776 5483 Sed
2807 5427 2932 5497 quia
2975 5423 3202 5480 sumitur
3249 5424 3625 5490 argumentum

2057 5521 2390 5579 extrinsecus
2409 5561 2424 5588 ,
2455 5518 2777 5575 dubitationi
2801 5516 3064 5590 judicium
3092 5512 3375 5583 cujuslibet
3402 5507 3626 5580 opponi.

2059 5628 2162 5682 tur,
2197 5626 2254 5671 ut
2278 5629 2416 5670 nunc
2443 5613 2728 5681 Scaevolae,
2761 5612 2914 5681 cujus
2963 5607 3280 5664 auctoritate
3309 5613 3626 5674 responsum

2059 5718 2161 5778 est,
2196 5715 2353 5777 atque
2381 5706 2499 5760 ideo
2524 5720 2590 5760 ex
2621 5704 2739 5758 loco
2761 5703 2852 5774 qui
2872 5708 3092 5756 vocatur
3119 5695 3454 5753 extrinsecus
3475 5704 3625 5747 sum-

2060 5812 2204 5872 ptum
2233 5799 2420 5852 dicitur
2445 5802 2838 5866 argumentum.

2135 5892 2228 5950 His
2253 5892 2409 5962 igitur
2433 5889 2560 5946 locis
2582 5889 2668 5960 qui
2697 5897 2814 5947 sunt
2840 5894 3076 5962 expositi,
3105 5899 3174 5942 aa
3199 5895 3345 5965 ornus
3363 5887 3624 5951 aryurnen'
