4248 6272
659 399 795 457 1085

1877 388 1988 443 ΑΝ.
2030 386 2238 443 MANL.
2282 384 2434 442 SEV.
2479 382 2698 437 ΒΟΕΤΙΙ

3788 392 3936 450 1088

660 525 765 572 tum
805 509 1149 584 reperiendum
1178 513 1423 578 tanquam
1465 503 1726 559 elementis
1764 502 2064 575 quibusdam
2087 501 2240 574 sigui-
2267 503 2324 562 Α
2349 497 2489 570 quod
2517 512 2579 552 ex
2612 499 2892 553 elementis
2924 498 3179 566 efﬁcitur,
3212 509 3393 571 partes
3443 503 3670 560 invicem
3700 508 3934 576 conjun-

660 608 830 677 ﬁratio
876 613 923 656 et
962 598 1322 655 demonstratio
1365 598 1538 652 datur.
1578 596 1761 650 Utrum
1800 595 1955 664 igitur
1997 593 2242 646 hactenus

657 698 779 750 satis
808 705 900 758 est,
930 693 1018 746 tibi
1046 691 1248 761 quidem
1274 698 1377 743 tam
1404 695 1551 741 acuto
1574 695 1620 739 et
1649 696 1753 739 tam
1779 684 2058 754 occupato?
2083 693 2240 752 puto;

656 786 742 838 sed
772 783 1010 852 quoniam
1053 782 1259 834 avidum
1301 777 1647 833 Itominenrad
1675 777 1763 830 has
1795 776 2023 830 discendi
2059 775 2239 845 epulas

656 876 842 948 recepi,
875 875 948 928 sic
978 873 1252 941 accipiam,
1282 878 1338 924 ut
1362 867 1698 935 reliquiarum
1725 868 1791 921 sit
1821 866 1992 938 potius
2021 864 2235 933 aliquid,

657 984 809 1039 quam
838 975 884 1021 te
911 966 1028 1019 hinc
1050 963 1218 1036 patiar
1238 979 1341 1016 non
1371 962 1609 1015 satiatum
1631 959 1904 1013 discedere.
1944 992 1950 1016 ι

729 1058 899 1112 Omne
925 1057 1253 1111 elementum
1309 1051 1634 1122 principium
1681 1058 1765 1104 est
1804 1048 1920 1117 eius
1965 1048 2041 1103 rei
2091 1047 2240 1118 cujus

659 1149 986 1203 elementum
1020 1159 1141 1201 esse
1171 1139 1538 1215 perpenditur.
1567 1140 1698 1194 Nam
1729 1140 1845 1208 ejus
1876 1138 2017 1208 quod
2041 1153 2104 1192 ex
2133 1139 2242 1192 ele-

660 1240 856 1295 mentis
881 1239 957 1303 ﬁt,
987 1237 1103 1306 ipsa
1130 1236 1396 1290 elementa
1422 1246 1644 1288 necesse
1673 1240 1757 1285 est
1793 1230 1912 1284 loco
1943 1245 2063 1284 csse
2096 1229 2243 1298 prin-

661 1329 814 1398 cipii;
840 1341 969 1397 ergo
996 1324 1249 1396 quoniam
1279 1323 1332 1377 bi
1365 1322 1467 1377 loci
1495 1321 1744 1390 superius
1786 1320 2049 1390 designati
2086 1335 2244 1388 argu-

661 1429 962 1477 mentorum
991 1417 1144 1488 quasi
1194 1415 1439 1485 qumdam
1475 1413 1732 1484 principia
1764 1421 1888 1466 sunt
1942 1411 2069 1481 (ipsi
2100 1412 2240 1464 enim

661 1510 904 1581 suntqui
941 1508 1222 1563 continent
1278 1516 1624 1576 argumenta;
1658 1518 1819 1558 omne
1871 1511 2048 1556 autem
2101 1500 2239 1570 quod

658 1602 918 1666 continet,
966 1601 1084 1670 ejus
1117 1600 1258 1669 quod
1307 1599 1613 1653 continetur
1643 1595 1963 1665 principium
2001 1593 2130 1661 est),
2161 1594 2241 1646 id-

659 1691 806 1748 circo
846 1692 922 1745 ait
953 1691 1139 1746 Cicero
1182 1690 1345 1744 veluti
1377 1688 1621 1758 quaedam
1663 1687 1930 1742 elementa
1960 1700 2242 1755 argumen-

660 1788 836 1839 torum
861 1781 1032 1836 videri
1064 1781 1211 1836 locos
1235 1779 1334 1834 hos
1363 1794 1496 1849 quos
1520 1777 1770 1848 superius
1801 1777 1995 1845 posuit.
2030 1775 2241 1828 (lautis-

2345 597 2440 667 git,
2471 605 2527 649 ut
2557 596 2751 650 litterae
2787 596 3121 650 orationem.
3170 597 3240 652 At
3286 613 3415 653 vero
3464 602 3633 666 locus,
3670 615 3774 655 non
3808 617 3936 670 pars

2344 686 2661 753 argumenti,
2695 686 2788 740 sed
2819 694 2989 740 totum
3015 699 3113 743 est.
3149 687 3249 742 Est
3277 690 3419 744 enim
3446 691 3765 761 signiﬁcatio
3787 709 3938 765 qua:-

2344 777 2489 842 dam,
2525 787 2579 831 et
2611 777 3008 832 demonstratio
3042 779 3109 833 ad
3153 781 3530 850 reperiendum
3554 796 3937 854 argumentum

2354 866 2477 920 data
2498 907 2513 932 ,
2545 875 2604 921 ut
2631 867 2674 920 si
2702 867 2876 921 locum
2907 871 3212 938 respexeris
3234 915 3250 939 ,
3287 872 3504 932 noveris
3531 873 3619 927 ubi
3652 875 3931 941 conditur,

2345 959 2488 1013 unde
2519 958 2639 1012 duci
2673 958 2869 1013 debeat
2893 971 3280 1030 argumentum.
3320 964 3421 1018 Sed
3454 966 3658 1036 reliqua
3696 967 3764 1022 ad
3797 969 3941 1024 Tre—

2344 1049 2549 1106 batium
2602 1051 3002 1120 expeditissime
3043 1053 3183 1108 dicta
3233 1064 3389 1120 sunt,
3441 1056 3825 1130 blanditurque
3885 1061 3939 1116 ei

2346 1143 2504 1198 etiam
2547 1142 2728 1196 brevia
2772 1157 2931 1212 posse
2968 1145 3213 1200 sufﬁcere
3251 1146 3509 1201 acuminis
3549 1137 3940 1218 prterogativa,

2347 1233 2647 1301 praesertim
2691 1247 2813 1287 cum
2860 1235 2930 1288 sit
2975 1235 3114 1304 juris
3145 1237 3506 1306 occupatione
3536 1237 3809 1298 districtus
3830 1284 3847 1308 ,
3879 1252 3945 1300 et

2347 1331 2559 1392 tempus
2593 1325 2806 1395 legendi
2837 1326 2990 1394 plura
3023 1342 3131 1382 non
3163 1328 3375 1384 habeat.
3409 1331 3514 1386 Sed
3545 1333 3834 1404 quoniam,
3879 1342 3946 1392 ut

2345 1417 2535 1490 inquit,
2573 1418 2940 1473 avidissimum
2971 1421 3133 1475 studii
3164 1421 3231 1477 ad
3265 1424 3364 1478 has
3402 1425 3766 1484 doctrinarum
3798 1444 3940 1500 epu-

2344 1509 2425 1563 las
2459 1511 2685 1579 recepit,
2726 1526 2832 1564 non
2865 1513 2977 1567 vult
3007 1513 3386 1587 degustatum,
3426 1517 3520 1570 sed
3560 1519 3811 1579 satiatum
3853 1537 3942 1576 re-

2347 1600 2593 1671 linquere
2615 1642 2630 1668 ,
2665 1611 2720 1657 ut
2749 1619 2852 1658 non
2898 1605 3037 1659 desit
3081 1606 3282 1674 aliquid
3305 1650 3320 1673 ,
3365 1608 3458 1663 sed
3488 1609 3555 1665 de
3585 1612 3746 1680 pleno
3773 1615 3942 1682 etiam

2345 1692 2698 1761 relinquatur,
2725 1695 2972 1766 factaque
3002 1707 3084 1752 est
3110 1714 3141 1752 a
3170 1701 3515 1756 convivando
3547 1705 3824 1762 translatio
3847 1707 3942 1776 ju-

2346 1785 2700 1840 cundissima.
2749 1788 3044 1842 Declaratis
3072 1791 3233 1860 igitur
3260 1791 3393 1848 locis
3427 1795 3696 1874 omnibus,
3723 1813 3942 1864 eorum-

659 1870 902 1946 simeque
929 1870 1144 1940 adjecit,
1178 1869 1332 1940 quasi
1371 1867 1612 1937 quaedam
1644 1867 1939 1931 elementa;
1961 1881 2068 1920 non
2097 1866 2237 1920 enim
2270 1872 2319 1934 Β
2346 1889 2449 1942 que
2491 1877 2751 1946 exemplis
2790 1877 3076 1950 diligenter
3097 1883 3377 1951 expositis,
3408 1900 3573 1954 pauca
3603 1869 3842 1956 quaedam
3866 1889 3944 1949 de

659 1963 866 2032 integre
895 1963 1185 2027 elementa,
1230 1960 1324 2015 sed
1354 1960 1506 2030 quasi
1537 1960 1589 2013 in
1621 1957 1970 2012 similitudine
2000 1958 2240 2012 elemen-

659 2061 834 2108 torum
865 2061 988 2108 sunt
1021 2053 1074 2106 Ιιὶ
1117 2052 1219 2107 loci
1251 2051 1341 2122 qui
1374 2053 1426 2104 in
1459 2050 1783 2119 argumentis
1827 2047 2123 2103 efﬁciendis
2153 2064 2246 2103 su-

659 2153 892 2200 muntur.
947 2144 1155 2198 Idcirco
1198 2144 1449 2214 quoniam
1502 2148 1937 2212 argumentorum
1993 2139 2239 2208 qutedam

658 2237 910 2293 videntur
938 2251 1059 2293 esse
1089 2235 1374 2308 principia,
1429 2235 1628 2304 alioqui
1682 2233 2008 2287 elementum
2057 2245 2235 2295 omne,

659 2327 882 2385 minima
936 2344 1059 2400 pars
1089 2330 1206 2400 ejus
1259 2338 1343 2385 est
1390 2329 1543 2398 cujus
1572 2329 1894 2383 elementum
1946 2334 2051 2389 est,
2100 2335 2155 2379 et
2187 2325 2237 2378 id

2360 1966 2602 2023 locorum
2636 1968 2684 2020 vi
2717 1977 2876 2038 atque
2922 1969 3108 2024 ordine
3155 1971 3464 2044 diSputabo,
3515 1977 3702 2048 quibus
3737 1979 3944 2049 plenis-

2349 2058 2483 2111 sima
2515 2059 2876 2128 disputatione
2907 2063 3194 2131 expeditis,
3233 2065 3298 2119 ad
3343 2083 3403 2122 ea
3443 2083 3561 2138 quae
3609 2079 3817 2130 restant
3843 2087 3942 2129 ex-

2348 2149 2612 2226 plananda
2661 2152 3051 2222 transgredior.
3096 2153 3200 2209 Sed
3239 2155 3290 2208 id
3342 2159 3498 2212 tertio
3524 2159 3636 2232 jam
3666 2162 3942 2234 volumine

2348 2239 2652 2294 faciendum
2685 2253 2792 2318 est,
2824 2246 3074 2314 quoniam
3120 2247 3389 2303 secundus
3435 2249 3572 2308 liber
3619 2253 3779 2326 habet
3807 2273 3937 2332 pro?

2347 2327 2516 2395 prium
2549 2331 2787 2386 modum.
3809 2327 3814 2338 ἲ

663 2470 3926 2626 ψ

2159 2675 2429 2691 ψ*

638 2731 646 2807 ι
738 2734 1042 2806 Antequam
1090 2734 1440 2804 latioremlM.
1471 2733 1633 2804 Tullii
1664 2735 1980 2806 divisionem,
2014 2737 2082 2798 de
2110 2751 2240 2808 enu-

656 2828 885 2884 meratis
910 2824 1158 2895 superius
1187 2822 1320 2878 locis
1344 2824 1644 2894 aggrediar,
1667 2840 1857 2895 pauca,
1884 2836 1939 2880 ut
1966 2842 2083 2882 sum
2117 2829 2236 2898 pol-
2276 2881 2291 2890 ,

655 2919 852 2988 iicitus,
899 2917 971 2978 de
1001 2917 1053 2974 vi
1101 2925 1262 2990 atque
1313 2916 1504 2990 ordine
1545 2917 1785 2984 locorum
1829 2918 1958 2974 mihi
1992 2920 2240 2977 videntur

658 3025 783 3074 esse
811 3008 1110 3080 tractanda,
1133 3017 1194 3080 ut
1219 3022 1409 3080 eorum
1437 3016 1625 3080 natura
1656 3009 1968 3080 diligentius
1998 3012 2236 3087 cognita,

654 3103 865 3174 facilior
900 3117 961 3160 se
1003 3111 1439 3172 argumentorum
1487 3101 1637 3172 copia
1691 3101 2078 3166 subministret.
2114 3103 2234 3174 Pri.

651 3209 797 3254 mum
830 3195 992 3270 igitur.
1021 3193 1277 3266 quoniam
1308 3192 1414 3250 loci
1463 3207 1652 3262 omnes
1699 3193 1856 3264 divisi
1904 3203 2028 3257 sunt
2060 3194 2112 3248 in
2142 3208 2236 3250 eos

651 3289 742 3359 qui
788 3289 840 3344 in
867 3287 985 3359 ipso
1021 3287 1233 3358 harent
1259 3286 1328 3343 de
1373 3302 1480 3358 quo
1524 3287 1800 3356 quaeritur,
1834 3296 1889 3344 et
1933 3289 1987 3342 in
2018 3303 2112 3344 eos
2145 3291 2237 3362 qui

652 3379 988 3444 extrinsecus
1009 3387 1434 3453 assumerentur,
1458 3378 1749 3434 videndum
1781 3386 1862 3434 est
1885 3381 2101 3450 quinam
2130 3383 2240 3436 sint

652 3465 707 3534 tri
738 3466 841 3522 loci
869 3467 963 3537 qui
999 3468 1053 3521 in
1081 3469 1198 3540 ipso
1240 3469 1447 3538 haerent
1489 3468 1558 3534 de
1585 3484 1692 3540 quo
1722 3472 1998 3540 quaeritur,
2029 3482 2082 3528 et
2112 3473 2236 3540 quid

652 3558 724 3612 ab
753 3557 882 3627 ipsis
908 3557 1070 3624 rebus
1108 3557 1364 3626 diﬂ'erunt
1406 3558 1458 3612 in
1489 3559 1684 3628 quibus
1728 3560 1935 3614 haerere
1962 3561 2234 3628 dicuntur,

651 3656 811 3718 etque
842 3647 972 3714 illud
999 3647 1217 3719 quidem
1245 3648 1554 3721 planissime
1584 3649 1892 3718 expeditum
1935 3660 2042 3727 est,
2092 3650 2235 3720 ipsos

651 3739 758 3796 dici
815 3739 1075 3796 terminos
1137 3739 1259 3802 illos
1308 3740 1399 3813 qui
1453 3739 1505 3793 in
1569 3743 1867 3810 qumstione
1932 3729 2233 3814 versantur,

651 3831 844 3898 borum
895 3845 1017 3890 esse
1069 3830 1297 3888 alterum
1364 3830 1746 3902 prmdicatum,
1809 3833 2039 3895 alterum
2108 3851 2236 3891 vero

650 3920 980 3992 subjectum,
1051 3922 1299 3994 superior
1357 3921 1631 3994 expeditio
1690 3923 1963 3994 patefecit.
2024 3927 2106 3982 Ab
2173 3944 2237 3996 eo

650 4011 812 4083 igitur
865 4011 1094 4082 termino.
1147 4014 1216 4067 de
1269 4028 1375 4084 quo
1424 4014 1641 4083 agitur,
1683 4015 1809 4084 quid
1860 4016 2037 4073 differt
2090 4017 2237 4075 locus

649 4119 680 4174 ᾳ
707 4105 864 4172 toto?
893 4104 1327 4174 quandoquidem
1352 4104 1496 4176 idem
1526 4114 1607 4160 est
1634 4106 1806 4176 ipsum
1835 4123 1956 4178 esse
1997 4111 2137 4180 quod
2162 4120 2239 4178 to-

650 4203 794 4263 tum,
821 4208 995 4266 neque
1025 4196 1167 4254 enim
1209 4204 1291 4265 est
1317 4194 1459 4269 aliud
1489 4210 1610 4252 esse
1635 4198 1928 4267 quemlibet
1952 4202 2236 4256 terminum

649 4285 704 4352 in
727 4287 1025 4357 quaestione
1055 4285 1405 4356 prepositum,
1425 4302 1583 4362 quam
1607 4295 1775 4358 totum
1807 4305 1927 4347 esse
1951 4294 2236 4348 terminum

649 4383 896 4446 eumdem
925 4381 1017 4450 qui
1045 4381 1095 4435 in
1114 4382 1410 4450 qumstione
1433 4389 1514 4435 est
1535 4382 1885 4447 constitutus;
1907 4383 1975 4437 de
2004 4385 2238 4451 partibus

2345 2738 2680 2809 intelligitur,
2715 2750 2773 2796 ut
2793 2741 2984 2810 homo,
3019 2747 3074 2801 in
3103 2761 3169 2804 eo
3194 2747 3335 2806 inest
3366 2757 3536 2810 totum
3564 2768 3719 2812 suum
3741 2798 3755 2822 ,
3786 2761 3933 2830 quod

2345 2841 2430 2886 est
2456 2831 2694 2888 deﬁnitio
2725 2835 2922 2904 ipsius;
2951 2837 3111 2908 igitur
3143 2849 3344 2908 totum,
3377 2845 3445 2899 ab
3490 2860 3555 2902 eo
3585 2850 3727 2916 quod
3758 2851 3932 2922 ipsum

2343 2931 2446 2986 est,
2473 2923 2821 2993 intelligentia
2848 2939 3147 2998 separatur,
3181 2933 3322 3002 quod
3346 2934 3478 2990 illud
3502 2938 3718 3007 quidem
3750 2943 3929 3014 singu-

2322 3014 2532 3072 ‘lariter
2563 3018 2898 3088 intelligitur,
2930 3021 3032 3076 hoc
3059 3037 3187 3078 vero
3212 3025 3313 3079 sub
3341 3030 3557 3096 generis
3587 3045 3650 3086 ac
3677 3033 3932 3090 differeno

2347 3105 2541 3164 tiarum
2580 3111 2988 3168 enumeratione
3024 3122 3371 3172 monstratur.
3405 3118 3596 3175 Dividit
3628 3123 3772 3179 enim
3801 3125 3932 3181 deﬂ-

2347 3198 2485 3262 uitio
2513 3207 2676 3270 atque
2718 3202 2985 3272 dispertit,
3013 3214 3287 3276 totumque
3318 3210 3568 3278 patefacit
3607 3213 3751 3282 quod
3790 3215 3845 3271 in
3872 3232 3931 3275 re

2343 3290 2456 3359 ipsa
2486 3291 2827 3361 singulariter
2855 3296 3288 3368 intelligebatur;
3326 3301 3395 3357 de
3433 3305 3678 3372 partibus
3719 3322 3929 3378 quoque

2339 3381 2529 3448 eadem
2563 3384 2699 3438 ratio
2728 3393 2830 3442 est.
2867 3386 2923 3443 Si
2950 3388 3092 3444 enim
3123 3390 3190 3444 ad
3219 3392 3586 3460 membrorum
3628 3397 3927 3454 multitudi-

2338 3490 2485 3540 nem,
2513 3476 2594 3532 vel
2623 3481 2926 3544 specierum
2959 3482 3195 3538 omnium
3225 3490 3704 3557 enumerationem,
3735 3491 3926 3562 singu-

2339 3566 2465 3622 laris
2506 3569 2729 3624 termini
2775 3570 2980 3629 referas
3030 3575 3392 3646 intellectum,
3424 3583 3608 3637 statim
3655 3582 3826 3653 ipsius
3865 3599 3930 3642 ae

2340 3657 2569 3724 partium
2599 3659 2927 3718 differentias
2956 3669 3404 3737 comprehendas.
3432 3671 3568 3729 Nota
3585 3675 3747 3730 etiam
3767 3677 3836 3732 ab
3864 3689 3932 3734 eo

2338 3747 2492 3816 cujus
2521 3760 2648 3818 nota
2675 3762 2754 3808 est
2779 3753 2934 3810 facile
2961 3756 3156 3824 distat,
3179 3762 3474 3830 quia'illud
3509 3780 3607 3820 vox
3634 3775 3689 3822 et
3716 3768 3932 3838 signiﬁ-

2338 3841 2479 3894 catio
2526 3851 2637 3910 est,
2670 3844 2801 3900 illud
2846 3863 2933 3904 res
2980 3850 3355 3921 signiﬁcationi
3397 3859 3706 3928 supposita,
3736 3875 3929 3922 eorum

2340 3945 2469 3986 vero
2498 3947 2618 4001 quae
2646 3934 2836 3992 affecta
2865 3949 2990 3995 sunt
3018 3956 3126 3998 non
3154 3953 3279 4000 sunt
3313 3945 3493 4003 dubiae
3517 3949 3836 4008 differentiae
3863 3954 3930 4010 ab

2338 4022 2425 4080 his
2446 4039 2674 4093 quorum
2701 4028 2889 4086 aifccta
2912 4047 3032 4088 esse
3056 4046 3444 4098 monstrantur.
3471 4042 3602 4109 Quis
3621 4043 3766 4100 enim
3789 4045 3928 4102 idem

2340 4117 2484 4174 dicat
2513 4133 2634 4176 esse
2662 4123 3025 4194 conjugatum,
3059 4130 3200 4198 quod
3230 4141 3316 4186 est
3363 4133 3416 4187 id
3456 4134 3543 4190 cui
3589 4135 3926 4206 conjugatum

2341 4210 2464 4264 est!
2491 4212 2622 4278 Quis
2655 4213 2794 4270 idem
2827 4217 2970 4272 dicat
2999 4234 3121 4276 esse
3145 4222 3318 4290 juste,
3360 4226 3503 4294 quod
3532 4226 3773 4296 justitia!
3795 4229 3926 4296 Quis

2339 4315 2511 4388 genus
2538 4302 2678 4357 idem
2709 4306 2850 4372 quod
2883 4307 3087 4364 forma?
3128 4314 3252 4380 quis
3280 4317 3588 4372 contraria?
3614 4319 3729 4388 quis
3773 4319 3927 4375 sitni-

2340 4387 2444 4442 lia?
2468 4390 2909 4462 Quandoquidem
2939 4413 3113 4470 neque
3145 4407 3499 4474 contrarium,
3530 4387 3640 4465 sibi
3665 4410 3767 4480 ipsi
3793 4425 3927 4467 con-

647 4489 862 4545 quoque
891 4474 1030 4531 idem
1053 4474 1302 4539 dicimus.
1337 4472 1468 4541 Nam
1497 4473 1544 4532 si
1574 4488 1763 4530 omnes
1795 4483 1973 4544 partes
2003 4476 2240 4532 efﬁciunt
2343 4482 2564 4537 trarium
2595 4501 2714 4541 esse
2738 4497 2937 4556 potest;
2970 4506 3072 4546 nec
3102 4495 3299 4563 simile,
3326 4499 3430 4554 sibi
3457 4472 3558 4570 ipsi
3590 4472 3796 4571 sim-ile;
3831 4520 3928 4562 nec

647 4566 701 4622 id
730 4566 884 4635 cujus
914 4577 1092 4634 partes
1115 4574 1260 4635 sunt,
1296 4565 1687 4638 terminntnque
1717 4569 1768 4636 in
1790 4569 2087 4638 quaestione
2114 4585 2237 4639 pro-
2260 4634 2317 4662 h
2341 4589 2531 4646 genus,
2560 4577 2880 4645 sibimetipsi
2910 4598 3104 4654 genus;
3137 4598 3190 4644 et
3221 4589 3290 4645 de
3315 4565 3528 4648 caeteris
3571 4595 3760 4652 eadem
3781 4565 3925 4662 ratio

648 4634 879 4725 Positum
909 4671 1022 4714 suae
1050 4668 1228 4727 partes
1249 4634 1493 4728 deficiunt
1518 4698 1533 4726 .
1557 4634 1688 4714 non
1731 4634 1820 4759 est
1849 4659 2065 4715 dubium
2106 4634 2233 4759 quin
2260 4634 2441 4726 θέει.
2467 4634 2619 4726 nunc
2647 4634 2776 4730 ututi
2801 4634 3760 4759 aitait};'e;2,';.3;i;§u33i;§

648 4756 828 4815 partes
858 4761 1072 4816 quoque
1107 4761 1295 4803 omnes
1335 4748 1714 4808 convenientes
1747 4747 1889 4806 idem
1930 4764 2050 4808 esse
2091 4751 2232 4822 quod

646 4837 820 4906 ipsum
844 4847 945 4904 est,
973 4839 1026 4892 in
1044 4840 1338 4906 quaestione
1359 4841 1689 4908 propositum
1713 4840 2012 4897 rectissime
2035 4842 2232 4898 intelli-

645 4937 858 4998 gantur.
891 4929 1104 4986 Notatio
1137 4944 1302 4996 vero,
1330 4927 1518 4986 eodem
1551 4930 1711 4986 modo
1756 4931 1886 4987 illud
1935 4932 2107 5001 ipsum
2152 4942 2235 4989 est

646 5019 788 5091 quod
815 5020 868 5074 in
893 5024 1188 5090 quaestione
1209 5021 1540 5091 proponitur.
1567 5022 1700 5078 Rem
1722 5023 1864 5078 enim
1887 5039 2233 5094 unamquam-

645 5128 752 5183 que
797 5129 955 5168 omne
993 5114 1308 5184 vocabulum
1351 5115 1596 5186 designat
1624 5117 1680 5180 in
1709 5119 2008 5188 quaestione
2046 5135 2107 5175 ac
2135 5121 2232 5177 de-

644 5214 813 5266 notat.
850 5203 935 5261 Fit
961 5205 1122 5275 igitur
1143 5215 1200 5262 ut
1231 5214 1423 5274 totum,
1453 5218 1629 5277 partes
1652 5224 1715 5265 ac
1744 5219 1888 5275 nota,
1923 5211 2061 5267 idem
2087 5214 2230 5283 quod

644 5306 728 5350 est
755 5298 929 5365 ipsum
973 5297 1044 5354 de
1071 5313 1176 5370 quo
1202 5298 1458 5370 quaeritur
1488 5313 1609 5356 esse
1640 5301 1940 5357 videantur.
1982 5303 2036 5358 ln
2085 5313 2229 5363 tanta

645 5386 804 5454 igitur
831 5387 1176 5452 similitudine
1206 5403 1384 5452 rerum
1418 5388 1588 5446 danda
1645 5401 1729 5449 est
1774 5393 2095 5456 differentia.
2123 5397 2229 5454 Ne-

643 5492 749 5545 que
772 5478 935 5544 enim,
971 5489 1026 5535 ut
1052 5479 1253 5548 dictum
1282 5489 1384 5548 est,
1415 5483 1458 5538 si
1501 5483 1652 5538 locus
1686 5484 1852 5542 haeret
1902 5488 1953 5542 in
1994 5503 2060 5546 eo
2112 5493 2227 5559 ipso

643 5569 713 5627 de
734 5585 842 5641 quo
871 5573 1149 5643 quaeritur,
1181 5583 1339 5646 atque
1361 5575 1428 5630 ab
1449 5576 1568 5646 ipso
1593 5576 1660 5632 de
1689 5593 1797 5648 quo
1823 5580 2083 5651 quaeritur
2108 5583 2224 5650 capi

645 5678 752 5718 non
780 5674 976 5732 potest.
1003 5677 1373 5736 argumentum
1402 5670 1518 5726 ﬁeri
1549 5680 1759 5740 potest,
1795 5683 1852 5728 ut
1891 5673 2037 5729 locus
2085 5675 2223 5730 idem

648 5765 767 5805 esse
795 5755 960 5819 possit
982 5757 1121 5825 quod
1148 5759 1320 5828 ipsum
1347 5761 1516 5816 estde
1535 5779 1640 5831 quo
1669 5765 1944 5832 quatritur.
1977 5765 2080 5821 Sed
2115 5767 2225 5823 haec

646 5842 944 5915 ditierentia
991 5849 1163 5914 ipsum
1208 5861 1293 5916 est
1337 5853 1480 5924 quod
1523 5854 1750 5912 confuse
1793 5872 1858 5914 ac
1887 5858 2225 5929 singulariter

2337 4756 2614 4853 misimus;
2643 4753 3242 4838 quandocunqueenim
3260 4773 3327 4828 ab
3349 4776 3457 4830 illis
3482 4753 3654 4842 tribus
3675 4753 3808 4836 locis
3835 4783 3926 4853 qui

2337 4848 2496 4918 primi
2540 4854 2795 4921 propositi
2827 4866 2984 4923 sunt,
3015 4872 3328 4930 argumenta
3359 4879 3678 4935 sumuntur,
3705 4871 3762 4926 id
3786 4848 3870 4928 est
3895 4889 3926 4929 a

2340 4949 2478 5007 toto,
2509 4957 2538 4998 a
2569 4948 2831 5017 partibus,
2863 4965 2894 5005 a
2921 4960 3066 5018 nota,
3103 4953 3161 5010 ﬁt
3189 4965 3247 5012 ut
3275 4957 3390 5026 ipse
3417 4962 3637 5030 quidem
3665 4965 3928 5023 terminus

2338 5034 2406 5088 ad
2435 5037 2589 5104 cujus
2617 5040 2775 5097 ﬁdem
2806 5045 3064 5112 quaeritur
3107 5061 3474 5118 argumentum
3501 5095 3518 5121 ,
3563 5056 3703 5112 intra
3738 5074 3925 5129 quam-

2337 5125 2469 5180 libet
2500 5142 2684 5186 earum
2716 5149 2897 5193 rerum
2927 5138 3284 5207 contineatur,
3313 5159 3437 5213 quae
3486 5161 3610 5203 cum
3653 5149 3721 5205 ad
3754 5125 3924 5222 argu-

2335 5226 2571 5273 mentum
2613 5221 2786 5280 ductae
2814 5225 3035 5294 fuerint,
3067 5230 3166 5287 loci
3195 5248 3317 5290 esse
3347 5247 3734 5306 monstrantur.
3772 5221 3924 5298 Velut

2334 5321 2452 5362 cum
2485 5309 2544 5364 ﬁt
2587 5326 2959 5381 argumentum
3000 5336 3032 5375 a
3079 5329 3214 5390 toto,
3258 5326 3374 5395 ipse
3417 5330 3633 5398 quidem
3663 5336 3921 5391 terminus

2333 5402 2420 5456 cui
2454 5402 2585 5468 ﬁdes
2607 5406 2844 5473 affertur,
2872 5411 3007 5468 intra
3025 5423 3193 5472 totum
3221 5421 3720 5491 comprehenditur;
3753 5435 3918 5483 totum

2334 5508 2463 5550 vero
2490 5495 2666 5566 ipsum
2695 5500 2837 5569 quod
2863 5512 2946 5559 est
2972 5504 3236 5577 deﬁnitio,
3267 5527 3357 5568 res
3372 5523 3480 5584 est,
3501 5516 3769 5586 siquidem
3792 5534 3916 5575 ora-

2335 5586 2559 5655 tionem,
2592 5605 2705 5647 rem
2736 5595 2917 5650 vocari
2945 5597 3139 5665 placet.
3167 5605 3236 5656 At
3265 5604 3310 5658 si
3330 5619 3394 5661 ex
3423 5622 3486 5662 ea
3512 5611 3741 5674 sumitur
3762 5627 3917 5683 argu-

2331 5690 2572 5737 mentum
2591 5724 2606 5748 ,
2642 5683 2699 5737 ﬁt
2727 5684 2891 5744 locus.
2927 5687 3112 5759 Itaque
3141 5693 3313 5762 ipsum
3339 5699 3557 5767 quidem
3585 5703 3652 5758 de
3672 5720 3781 5772 quo
3805 5706 3916 5775 agi-

2335 5783 2440 5839 tur,
2470 5777 2605 5831 intra
2639 5788 2804 5835 totum
2835 5784 3120 5851 clauditur,
3147 5804 3177 5842 a
3206 5805 3312 5859 quo
3355 5801 3462 5848 toto
3504 5811 3624 5851 cum
3671 5799 3729 5853 ﬁt
3758 5814 3915 5867 argu-

2334 5877 2595 5936 mentum,
2631 5871 2690 5926 ftt
2720 5872 2890 5941 ipsum
2935 5885 3127 5948 totum,
3159 5879 3338 5949 locus:
3371 5887 3513 5955 quod
3542 5897 3710 5946 totum
3732 5930 3747 5959 ,
3780 5906 3914 5963 quo-
