4248 6272
1737 268 1756 272 ν
1825 255 1856 272 ⁸
1909 261 1973 270 «-
2011 262 2092 275 -_.

363 356 498 413 1085

1178 354 1243 410 ΙΝ
1284 352 1531 411 TOPICA
1569 345 1935 408 CICERONIS
1965 345 2488 415 COMMENTARIA.
2530 351 2659 408 LIB.
2700 354 2790 412 III.

3497 363 3635 424 1086

364 472 509 532 niam
539 467 738 526 claudit
775 468 1060 528 terminum
1107 469 1196 539 qui
1241 469 1296 525 in
1336 465 1630 538 quaestione
1676 470 1943 527 versatur,
1972 460 2030 530 Δ
2053 461 2149 520 sed
2167 462 2508 530 quzerebatur
2524 479 2591 518 an
2605 465 2692 532 jus
2706 475 2847 522 esset
2863 480 3229 538 compascere,
3256 479 3480 531 tractu
3506 491 3635 538 vero

262 571 274 586 '
357 562 534 626 eidem
566 561 792 620 termino
829 561 1042 618 videtur
1082 561 1361 616 inhaerere.
1408 558 1526 625 Quo
1567 556 1648 622 fit,
1694 565 1750 610 ut
1795 555 1944 611 locus

358 668 570 725 quoque
598 654 689 724 qui
727 668 756 707 a
785 662 894 710 toto
921 664 1020 718 est,
1053 640 1230 710 eidem
1272 651 1529 706 inltmreat
1574 645 1836 713 termino,
1875 647 1944 702 de

356 763 463 822 quo
493 749 546 804 in
577 750 870 817 quaestione
917 745 1207 806 dubitatur.
1256 743 1495 798 Partium
1542 755 1755 811 quoque
1803 756 1936 795 enu-

355 839 583 898 meratio
631 837 878 898 eumdem
919 836 1203 888 terminum
1235 832 1469 895 claudit,
1518 847 1676 901 quem
1709 831 1938 900 partium

353 927 674 986 collectione
711 927 1002 994 conjungit.
1056 923 1280 993 Ipsaque
1323 923 1550 993 partium
1603 924 1939 978 enumeratio

350 1037 441 1076 res
481 1019 725 1090 quaedam
755 1026 865 1085 est,
903 1018 949 1072 si
979 1017 1154 1080 oratio
1196 1016 1358 1075 rebus
1403 1015 1804 1076 annumeranda
1833 1024 1935 1070 est.

347 1110 453 1167 Sed
486 1111 531 1164 si
579 1109 675 1168 ah‘
699 1125 760 1170 ea
790 1108 1004 1168 ducitur
1053 1120 1428 1178 argumentum
1451 1148 1467 1173 ,
1516 1108 1577 1164 fit
1611 1107 1783 1162 locus.
1827 1105 1936 1166 Sed

345 1204 601 1276 quoniam
645 1203 873 1272 partium
912 1201 1199 1270 multitudo.
1235 1204 1288 1257 in
1331 1201 1520 1268 eodem
1569 1201 1800 1257 termino
1827 1209 1934 1264 est,

343 1308 505 1368 quem
554 1301 853 1350 conventus
899 1292 1132 1372 partium
1171 1293 1375 1362 jungit,
1415 1306 1642 1356 necesse
1686 1300 1770 1348 est
1811 1307 1933 1348 eum

345 1400 560 1458 quoque
585 1385 762 1440 locum
790 1385 880 1455 qui
929 1393 1013 1442 est
1059 1401 1089 1439 a
1133 1383 1513 1454 conjunctione
1554 1382 1784 1453 partium
1833 1382 1933 1451 ipsi

344 1479 422 1536 illi
461 1479 692 1535 termino
721 1478 790 1540 de
824 1493 931 1546 quo
970 1478 1228 1547 quaeritur
1265 1477 1552 1538 inhaerere.
1583 1476 1718 1534 Nota
1771 1477 1934 1532 etiam

341 1584 460 1634 rem
481 1568 755 1640 designat,
780 1577 834 1632 ει
857 1568 1251 1638 signiﬁcatione
1284 1568 1462 1637 aliquo
1492 1565 1654 1628 modo
1688 1580 1935 1635 compre-

342 1661 555 1733 hendit,
585 1676 618 1718 a
642 1675 744 1731 qua
782 1660 829 1718 si
858 1659 1071 1732 ducitur
1114 1668 1524 1729 argumentum,
1555 1658 1614 1714 fit
1638 1659 1789 1714 locus
1811 1698 1828 1724 ,
1877 1667 1934 1714 ει

343 1754 597 1824 quoniam
624 1767 819 1810 nomen
846 1767 1006 1809 omne
1033 1750 1084 1808 ei
1113 1751 1324 1814 videtur
1349 1749 1560 1818 adesse,
1587 1750 1740 1818 cujus
1767 1748 1929 1819 intel-

2049 564 2516 624 estargumentum
2535 572 2563 610 a
2583 571 2901 626 compascuo
2919 576 2933 623 ;
2949 561 3398 632 itaqueterminus
3416 569 3630 635 quidem

2048 646 2117 706 de
2143 662 2252 715 quo
2277 645 2377 701 fuit
2406 649 2669 717 qumstio,
2695 649 2746 703 in
2782 651 2952 706 altero
2989 655 3271 725 eonjugato
3300 659 3507 726 positus
3533 662 3631 717 de.

2045 736 2420 806 prehenditur,
2451 736 2501 792 id
2525 748 2607 790 est
2633 740 2683 792 in
2715 744 3138 809 compescenda;
3166 746 3315 802 locus
3343 764 3470 804 vero
3493 753 3634 810 unde

2044 837 2415 896 argumentum
2450 837 2674 888 tractum
2699 838 2801 893 εει,
2826 832 2877 884 in
2897 835 3067 888 altero
3091 847 3192 906 est,
3219 840 3268 899 id
3299 850 3383 896 est
3411 858 3462 898 in
3487 858 3633 900 com-

2045 932 2266 987 pascuo.
2294 918 2423 973 Item
2457 919 2668 988 quoties
2697 935 2726 972 a
2757 935 2952 989 genere
2989 923 3199 980 ducitur
3226 944 3592 1000 argumentum
3613 978 3629 1006 ,

2043 1009 2096 1070 id
2124 1009 2191 1064 de
2217 1025 2323 1078 quo
2345 1013 2603 1080 quaeritur
2633 1013 2683 1067 in
2719 1012 2918 1080 forma,
2951 1015 3152 1072 haerere
3182 1035 3405 1080 necesse
3426 1040 3506 1083 est
3527 1070 3541 1096 ,
3575 1041 3632 1087 ut

2042 1117 2164 1158 cum
2196 1103 2497 1158 ostenditur
2537 1104 2708 1174 legata
2739 1120 2860 1164 esse
2907 1119 3180 1164 numerata
3224 1117 3465 1181 pecunia,
3495 1137 3626 1188 quo.

2040 1200 2185 1254 niam
2252 1199 2411 1255 fuerit
2473 1213 2754 1272 argentum
2827 1219 2984 1261 onme
3045 1208 3298 1281 legatum.
3365 1215 3631 1282 Quaeritur

2039 1292 2184 1349 enim
2211 1294 2276 1348 de
2299 1304 2573 1352 numerata
2606 1296 2862 1364 pecunia,
2893 1315 3012 1369 qua:
3042 1312 3124 1356 est
3153 1305 3364 1372 species
3395 1313 3627 1380 argenti,

2039 1396 2095 1443 et
2120 1398 2491 1479 argumentum
2539 1400 2762 1446 tractum
2810 1401 2892 1446 est
2922 1394 2989 1449 ab
3014 1407 3268 1466 argento,
3297 1401 3350 1457 id
3372 1415 3452 1460 est
3478 1422 3508 1458 a
3538 1423 3631 1479 ge-

2039 1493 2192 1533 nere.
2237 1478 2424 1548 Itaque
2465 1480 2638 1548 ipsum
2693 1482 2759 1536 de
2799 1498 2904 1552 quo
2951 1489 3311 1559 quaerebatur,
3359 1496 3411 1550 in
3454 1478 3625 1555 forma

2037 1568 2157 1630 fuit.
2188 1569 2241 1622 id
2269 1578 2352 1630 est
2383 1570 2433 1623 in
2467 1570 2666 1638 specie.
2703 1576 3093 1643 Argumentum
3124 1595 3253 1636 vero
3291 1593 3514 1642 tractum
3545 1598 3627 1646 est

2037 1661 2103 1718 ab
2125 1661 2344 1725 affecto,
2380 1661 2430 1714 id
2458 1672 2538 1716 est
2568 1679 2597 1717 ε
2624 1679 2843 1732 genere.
2874 1669 3024 1733 Quod
3054 1673 3098 1726 si
3135 1688 3163 1725 a
3213 1676 3384 1731 forma
3411 1684 3626 1746 generis

2036 1762 2403 1821 argumentum
2457 1752 2576 1817 ﬁat,
2627 1767 2892 1810 converso
2932 1760 3091 1814 modo
3140 1773 3260 1830 est,
3302 1767 3357 1820 id
3403 1759 3643 1838 quidem.

340 1847 616 1919 Iigentiam
645 1845 843 1916 signat,
875 1845 1026 1902 locus
1055 1859 1266 1913 quoque
1312 1841 1404 1914 qui
1435 1851 1519 1900 est
1555 1855 1588 1900 a
1622 1840 1923 1905 notatione,
1959 1826 2011 1911 ᾗ
2033 1842 2174 1911 quod
2200 1842 2458 1910 quaeritur
2483 1843 2534 1898 in
2557 1859 2756 1913 genere
2781 1860 2902 1902 esse
2924 1826 3273 1921 monstratur,
3298 1826 3469 1925 ipsum
3496 1826 3624 1919 vero

339 1941 398 1997 in
425 1941 544 2010 ipso
572 1939 740 1996 haeret
768 1939 834 1994 de
857 1953 964 2008 quo
989 1946 1230 1994 versatur
1252 1937 1498 1996 intentio.
1528 1935 1678 1992 Atio
1719 1935 1928 1992 aﬂ‘eetis

338 2046 461 2106 quae
489 2031 544 2088 in
575 2030 828 2090 tredecim
869 2038 1047 2099 partes
1077 2029 1250 2086 divisa
1291 2037 1442 2094 sunt,
1482 2042 1589 2092 non
1633 2028 1774 2084 idem
1819 2038 1925 2083 est.

338 2124 478 2182 Nam
505 2126 760 2194 quoniam
807 2126 1149 2195 respicientis
1187 2126 1588 2196 quodammodo
1641 2127 1925 2182 terminum

338 2227 498 2286 sunt,
528 2229 584 2275 et
610 2220 762 2289 quasi
792 2222 1128 2276 extrinsecus
1159 2221 1445 2278 constituta
1475 2261 1491 2286 ,
1523 2236 1628 2276 non
1678 2220 1928 2276 videntur

336 2308 527 2366 eodem
552 2310 712 2368 modo
731 2311 1015 2381 conjuncta
1044 2327 1164 2368 esse
1206 2327 1326 2368 eum
1374 2315 1605 2368 termino
1644 2328 1750 2382 quo
1796 2329 1926 2368 con-

335 2402 516 2474 juncti
545 2411 672 2460 sunt
707 2403 762 2458 hi
789 2404 916 2471 loci,
955 2407 1043 2475 qui
1085 2420 1117 2460 a
1146 2415 1290 2471 toto,
1319 2420 1350 2459 a
1375 2407 1601 2475 partium
1641 2421 1926 2461 enumera-

341 2493 510 2558 tione,
538 2508 570 2548 a
591 2501 716 2551 nota
740 2508 859 2550 esse
888 2494 1127 2563 praedicti
1155 2505 1312 2560 sunt;
1341 2495 1434 2550 sed
1477 2505 1654 2551 tamen
1681 2497 1733 2551 id
1778 2496 1922 2566 quod

342 2583 596 2646 allectum
642 2593 764 2652 est,
811 2584 880 2642 ad
929 2584 1130 2654 aliquid
1173 2585 1388 2640 dicitur.
1442 2585 1496 2640 ld
1541 2601 1669 2641 vero
1724 2587 1922 2657 aliquid

335 2676 580 2747 junctum
604 2685 688 2734 est
713 2677 788 2732 illi
813 2692 1028 2747 semper
1056 2677 1196 2746 quod
1229 2677 1294 2732 ad
1323 2677 1441 2746 ejus
1468 2678 1677 2733 ducitur
1702 2679 1922 2734 relatio-

337 2767 542 2826 tionetn
563 2807 578 2834 ,
610 2782 674 2823 ac
713 2769 830 2824 sine
857 2783 921 2822 eo
960 2782 1082 2823 esse
1108 2783 1379 2838 nunquam
1412 2776 1619 2836 potest,
1648 2769 1770 2838 quia
1801 2784 1923 2824 cum

338 2861 460 2932 ipso
490 2860 749 2931 nascitur,
772 2868 827 2916 et
849 2861 1240 2931 quodammodo
1282 2861 1456 2916 altero
1503 2861 1646 2916 dicto
1676 2862 1924 2931 intelligi-

338 2964 429 3009 tur
476 2954 722 3009 alterum.
763 2953 896 3008 Nam
939 2952 984 3008 si
1026 2953 1078 3008 id
1125 2953 1192 3008 de
1238 2968 1342 3020 quo
1381 2954 1668 3022 quaeritur,
1700 2953 1922 3022 ejuSqne

341 3049 532 3106 aﬂ'ecta
558 3048 873 3118 perpendas,
900 3061 962 3102 ea
989 3063 1106 3117 quae
1138 3046 1485 3116 perhibentur
1513 3046 1699 3100 affecta
1724 3087 1738 3110 ,
1770 3057 1921 3102 extra

339 3141 397 3197 id
436 3142 505 3198 tle
543 3155 648 3211 quo
677 3140 980 3208 ambigitur,
1027 3138 1193 3208 posita
1238 3152 1358 3192 esse
1397 3136 1738 3203 consideres,
1789 3139 1920 3193 nihil

2032 1934 2176 1989 unde
2205 1944 2474 2003 sumptum
2503 1945 2585 1990 est
2611 1947 3012 2005 argumentum,
3055 1942 3110 1997 in
3154 1944 3323 2000 forma
3345 1963 3466 2006 esse
3493 1967 3620 2021 per-

2032 2023 2300 2095 penditur.
2342 2023 2471 2079 Nam
2508 2040 2629 2078 eum
2661 2037 2933 2094 quaeratur
2959 2045 3027 2086 an
3075 2032 3306 2102 legatum
3353 2040 3424 2094 sit
3464 2044 3620 2100 uxori

2031 2125 2334 2186 argentum,
2379 2117 2678 2170 ostenditur
2712 2132 2818 2172 non
2867 2134 2984 2176 esse
3033 2123 3296 2193 legatum,
3341 2129 3463 2197 quia
3509 2147 3617 2189 non
3715 2116 3726 2126 ’

2033 2210 2194 2264 fuerit
2217 2210 2368 2264 uxori
2397 2218 2600 2272 tantum
2625 2208 2878 2280 legatum,
2905 2213 2996 2269 sed
3023 2216 3414 2278 matrifamilias
3436 2224 3615 2279 uxori.

2033 2301 2183 2356 Uxor
2212 2315 2341 2355 vero
2379 2314 2548 2368 genus
2579 2309 2662 2356 est
2691 2301 3078 2359 matril‘amilias
3107 2309 3314 2363 uxoris.
3347 2312 3618 2378 Quazritur

2032 2394 2193 2464 igitur
2223 2395 2290 2449 de
2317 2410 2504 2457 uxore,
2546 2393 2597 2452 id
2642 2405 2725 2450 est
2769 2395 2835 2450 de
2862 2412 3080 2466 genere.
3111 2402 3500 2471 Argumentum
3540 2407 3618 2470 fag

2031 2495 2174 2540 etum
2203 2495 2286 2539 est
2324 2501 2352 2538 a
2397 2484 2834 2551 matrefamilias,
2883 2487 2937 2542 id
2975 2499 3058 2544 est
3085 2505 3118 2544 a
3157 2490 3348 2548 forma.
3396 2494 3619 2563 Quoties

2031 2592 2163 2633 vero
2209 2593 2238 2632 a
2281 2578 2626 2634 similitudine
2672 2581 2902 2636 trahitur
2941 2595 3330 2654 argumentum,
3364 2591 3616 2659 quoniam

2033 2670 2087 2726 id
2122 2670 2261 2739 quod
2299 2670 2472 2725 simile
2515 2680 2597 2726 est
2619 2715 2631 2738 ,
2669 2688 2776 2728 non
2821 2675 2952 2744 sibi,
2981 2678 3077 2733 sed
3108 2679 3258 2735 alteri
3292 2681 3468 2739 simile
3493 2698 3618 2743 esse

2032 2762 2412 2832 perpenditur,
2451 2777 2537 2818 res
2580 2765 2846 2834 siquidem
2890 2767 2956 2822 de
2979 2784 3084 2838 quo
3105 2773 3390 2840 quaeritur,
3424 2775 3478 2828 in
3511 2790 3618 2832 uno

2031 2868 2219 2908 eorum
2242 2871 2361 2925 qum
2384 2864 2509 2909 sunt
2535 2857 2752 2921 similia,
2782 2860 2950 2928 posita
2979 2871 3089 2927 est;
3122 2871 3175 2916 at
3199 2880 3329 2919 vero
3359 2865 3527 2934 locus,
3560 2869 3612 2924 in

2031 2947 2202 3001 altero
2230 2957 2334 3012 est,
2364 2949 2510 3001 velut
2539 2963 2660 3002 cum
2709 2951 2969 3019 quaeritur
3009 2968 3076 3008 an
3111 2954 3283 3010 haeres
3329 2959 3615 3015 restituere

2031 3042 2217 3094 vitium
2249 3041 2524 3095 ruinamve
2551 3050 2773 3110 cogatur
2802 3044 2992 3097 aedium
3030 3045 3083 3099 in
3113 3047 3497 3103 usumfruetum
3530 3065 3616 3106 re-

2030 3131 2297 3186 lictarum.
2330 3132 2384 3185 In
2418 3134 2518 3185 IIOC
2545 3131 2704 3202 igitur
2733 3135 2927 3202 quanio
2945 3145 3048 3202 est,
3079 3137 3228 3192 locus
3254 3154 3382 3194 vero
3408 3156 3438 3195 a
3464 3141 3616 3198 simi-

341 3231 485 3290 enim
512 3246 696 3286 eorum
719 3244 838 3300 quae
864 3239 986 3284 sunt
1012 3229 1077 3284 ad
1099 3229 1296 3298 aliquid
1315 3269 1330 3293 ,
1366 3245 1429 3283 ex
1457 3244 1515 3284 se
1541 3230 1657 3299 ipso
1682 3243 1800 3284 esse
1828 3245 1923 3298 po-
1949 3218 1996 3280 C
2027 3224 2256 3279 litndine
2274 3266 2287 3290 ,
2311 3225 2433 3294 quia
2467 3239 2571 3278 non
2596 3234 2809 3294 oportet
2830 3227 3096 3283 hteredem
3127 3232 3269 3285 aedes
3299 3233 3612 3302 restituere,

338 3331 464 3389 test,
487 3323 582 3378 sed
611 3332 694 3379 est
719 3337 933 3392 semper
958 3337 1022 3378 ex
1052 3323 1224 3377 altero
1249 3339 1265 3396 ί
1296 3332 1352 3376 ut
1396 3323 1538 3377 enim
1578 3322 1630 3376 in
1664 3324 1922 3392 praedica-

339 3415 534 3473 mentis
555 3416 878 3479 ostenditur,
908 3416 1085 3469 omnia
1131 3430 1249 3483 qua:
1288 3414 1354 3467 ad
1404 3413 1604 3483 aliquid
1647 3415 1918 3484 dicuntur,

337 3507 582 3576 opposita
606 3515 751 3574 sunt,
787 3521 892 3560 non
948 3515 1123 3560 tamen
1164 3508 1232 3559 ita
1261 3505 1524 3575 disiuncta
1556 3516 1678 3561 sunt
1719 3517 1775 3561 ut
1814 3523 1923 3562 om-

337 3599 467 3654 nino
491 3598 597 3654 sint
624 3596 929 3662 distributa,
961 3595 1054 3650 sed
1085 3597 1338 3665 quoniam
1388 3596 1612 3650 relativa
1633 3589 1638 3593 ’
1661 3597 1924 3666 praedica-

300 3690 484 3746 ~tione
517 3692 839 3762 junguntur,
885 3702 1107 3744 necesse
1151 3697 1233 3742 est
1280 3688 1458 3756 aliquo
1505 3690 1665 3743 modo
1706 3690 1758 3743 in
1805 3691 1920 3759 ipso

336 3780 446 3835 sint
469 3779 536 3833 ad
565 3779 703 3846 quod
733 3777 978 3832 videntur
998 3776 1207 3830 aﬂ‘ecta.
1232 3775 1403 3829 Omne
1429 3778 1622 3845 quippe
1647 3778 1917 3845 allectum,

334 3882 407 3926 ex
450 3883 515 3922 co
543 3868 607 3921 ad
638 3866 780 3935 quod
807 3865 1050 3920 affectum
1078 3873 1161 3919 cst
1187 3866 1409 3934 suscipit
1441 3867 1688 3933 formam,
1719 3880 1771 3922 ct
1802 3870 1921 3923 sine

334 3973 404 4016 eo
425 3971 544 4013 esse
569 3972 673 4012 non
703 3966 897 4028 potest,
930 3964 984 4011 et
1004 3956 1145 4010 dicto
1167 3957 1336 4010 altero
1355 4002 1369 4025 ,
1402 3959 1708 4015 alterius‘se
1737 3963 1917 4015 statim

335 4046 553 4115 subjicit
574 4045 896 4111 intellectus,
924 4054 978 4100 ut
1003 4060 1121 4100 cum
1154 4046 1337 4100 dixero
1359 4048 1663 4115 dimidium,
1698 4050 1916 4119 duplum

335 4133 670 4204 inielligitur,
695 4147 750 4190 et
778 4150 898 4190 cum
928 4147 1135 4206 patrem
1161 4138 1539 4206 nominavero,
1569 4141 1707 4198 filius
1732 4143 1797 4195 ad
1841 4143 1918 4196 in-

333 4227 680 4296 telligentiam
724 4227 891 4284 venit.
936 4229 1003 4283 Et
1032 4229 1209 4284 omnia
1240 4247 1574 4302 quaecunque
1605 4234 1670 4287 ad
1717 4235 1916 4303 aliquid

335 4329 482 4385 sunt,
510 4335 572 4374 ex
601 4333 721 4376 sese
749 4321 1014 4394 pendent,
1047 4338 1145 4378 nec
1165 4337 1194 4378 a
1224 4338 1281 4379 se
1315 4325 1545 4381 invicem
1574 4326 1914 4382 deseruntur.

330 4411 498 4482 Igitur
526 4426 684 4468 omne
720 4413 968 4471 allectum
990 4455 1004 4480 ,
1030 4423 1085 4471 et
1122 4416 1190 4471 ad
1224 4420 1396 4487 ipsum
1430 4422 1649 4488 respicit
1677 4423 1741 4475 ad
1775 4423 1912 4486 quod

333 4501 586 4567 refertur,
635 4510 689 4562 et
732 4501 785 4560 in
828 4502 942 4572 ipso
968 4514 1069 4560 est.
1101 4506 1182 4560 Ad
1217 4507 1388 4574 ipsum
1417 4508 1630 4578 quidem
1663 4511 1910 4579 respicit,

2027 3315 2164 3370 sicut
2193 3328 2291 3368 nec
2319 3315 2664 3383 mancipium,
2697 3316 2741 3368 si
2785 3316 2834 3368 id
2874 3316 3050 3386 aliqua
3100 3320 3308 3374 ratione
3337 3322 3610 3392 depereat.

2025 3406 2156 3460 Cum
2189 3405 2348 3476 igitur
2376 3406 2564 3460 similis
2586 3406 2657 3460 sit
2686 3407 2881 3461 aedium
2913 3408 3248 3466 ususfruetus
3275 3421 3436 3483 atque
3464 3429 3615 3472 man-

2023 3498 2183 3566 cipii,
2215 3497 2356 3566 quod
2401 3499 2660 3568 quatritur
2683 3540 2698 3562 ,
2744 3500 2797 3553 in
2829 3499 3022 3554 aedium
3073 3501 3348 3558 usufruetu
3383 3508 3612 3574 positum

2023 3597 2126 3652 est,
2160 3589 2311 3643 locus
2341 3603 2492 3656 vero,
2521 3589 2572 3643 in
2620 3590 2894 3644 usul'ruetu
2927 3593 3195 3663 mancipii.
3230 3594 3285 3649 In
3315 3596 3613 3656 differentia

2023 3695 2243 3752 quoque
2279 3681 2419 3736 idem
2460 3692 2584 3736 cst:
2621 3697 2804 3736 eorum
2847 3698 3077 3754 namque
3115 3700 3234 3754 qua:
3273 3685 3522 3742 diﬂ‘erunt
3559 3689 3613 3744 in

2024 3774 2196 3828 altero
2228 3775 2458 3842 positum
2502 3781 2585 3828 est
2616 3774 2665 3829 id
2693 3775 2834 3842 quod
2878 3779 3165 3844 quaeritur,
3199 3779 3248 3832 in
3283 3780 3451 3835 altero
3486 3796 3615 3836 vero

2024 3866 2154 3920 illud
2186 3881 2215 3919 a
2253 3881 2358 3935 quo
2397 3867 2449 3920 id
2473 3855 2613 3935 quod
2657 3875 2742 3920 est
2782 3868 3087 3936 ambiguum
3116 3873 3512 3942 comprobatur,
3557 3885 3613 3930 ut

2022 3970 2143 4012 cum
2175 3959 2435 4025 quaeritur
2459 3972 2526 4010 an
2563 3956 2611 4009 id
2640 3972 2852 4025 quoque
2880 3969 3160 4027 argentum
3189 3963 3328 4029 quod
3357 3965 3409 4018 in
3441 3969 3612 4020 nomi-

2023 4046 2181 4099 nibus
2205 4047 2465 4100 debeatur
2496 4047 2725 4113 legatum
2757 4048 2845 4100 sit.
2872 4048 2969 4101 Ilie
3001 4049 3161 4117 igitur
3191 4051 3318 4105 illud
3361 4062 3443 4107 est
3469 4060 3609 4124 quod

2023 4136 2317 4192 dubitatur.
2346 4137 2400 4190 ln
2428 4152 2494 4192 eo
2522 4151 2649 4190 vero
2681 4138 2822 4205 quod
2854 4138 2922 4191 ab
2953 4139 3053 4192 hoc
3075 4139 3274 4204 differt,
3306 4143 3453 4198 locus
3477 4156 3558 4201 est
3578 4161 3608 4203 ι

2022 4241 2128 4298 quo
2158 4228 2460 4282 ostenditur
2492 4226 2712 4282 minime
2744 4228 2973 4296 legatum
3005 4242 3126 4284 esse
3155 4243 3435 4300 argentum
3464 4238 3608 4305 quod

2021 4319 2074 4373 in
2103 4318 2406 4376 nominibus
2429 4318 2716 4383 debeatur,
2741 4319 2864 4389 quia
2914 4321 3137 4376 multum
3179 4322 3359 4380 dilI'ert
3388 4326 3440 4379 in
3483 4342 3608 4386 area

2021 4427 2089 4468 ne
2113 4415 2181 4466 sit
2204 4413 2453 4482 positum,
2479 4428 2546 4466 an
2571 4413 2623 4466 in
2647 4412 2954 4468 nominibus
2973 4415 3250 4484 scriptum.
3271 4416 3317 4471 A
3337 4420 3609 4476 contrario

2019 4521 2230 4577 quoque
2275 4507 2416 4561 idem
2460 4515 2563 4572 εει,
2587 4517 2646 4560 ut
2685 4507 2736 4559 in
2779 4521 2845 4561 co
2875 4507 3016 4575 quod
3059 4509 3317 4576 quaeritur
3355 4524 3420 4563 an
3453 4525 3609 4567 usus-

329 4595 582 4663 qnoniam
613 4593 677 4648 ad
709 4592 954 4650 affectum
985 4610 1142 4650 suum
1175 4597 1322 4654 velut
1349 4598 1418 4652 ad
1447 4599 1644 4667 aliquid
1692 4602 1912 4657 relative
2018 4599 2223 4654 fructus
2251 4613 2422 4668 penus
2453 4600 2655 4668 legatus
2686 4601 2773 4651 sit.
2808 4597 2864 4651 In
2893 4598 3170 4653 usufructu
3200 4598 3362 4669 igitur
3382 4603 3607 4671 quaestio

325 4698 478 4740 more
500 4683 892 4752 praedicationis
914 4687 1172 4752 refertur;
1199 4689 1250 4742 in
1296 4690 1414 4756 ipso
1449 4705 1580 4744 vero
1624 4702 1738 4758 est,
1769 4696 1910 4760 quod

325 4791 387 4834 ea
413 4785 492 4834 est
511 4776 820 4844 aﬂ‘cctorum
850 4789 1036 4834 natura
1065 4790 1123 4835 ut
1153 4780 1380 4836 alterum
1405 4782 1603 4838 existat
1629 4784 1698 4838 ab
1717 4785 1906 4852 altero,

321 4881 485 4936 seque
516 4867 631 4936 ipsa
661 4868 1004 4938 possideant,
1041 4871 1472 4942 quandoquidem
1505 4883 1559 4927 et
1581 4875 1635 4929 id
1664 4875 1804 4945 quod
1834 4879 1912 4929 af-

321 4958 515 5022 fectum
544 4969 782 5028 vocatur,
804 4961 922 5030 ejus
948 4970 1030 5016 est
1059 4963 1272 5017 termini
1317 4964 1384 5018 ad
1417 4980 1575 5034 quem
1602 4967 1909 5020 considera-

320 5061 405 5110 tur
427 5053 696 5119 allectum,
713 5064 767 5110 et
788 5056 1050 5110 terminus
1068 5057 1120 5111 in
1138 5060 1434 5126 quastione
1456 5060 1757 5128 propositus
1777 5060 1907 5116 affe-

275 5174 280 5177 ~
315 5155 404 5200 cto
428 5161 525 5200 suo
554 5147 870 5217 intelligitur
896 5164 1018 5205 esse
1045 5165 1340 5206 connexus.
1370 5154 1500 5218 Quae
1524 5167 1646 5219 eum
1674 5156 1742 5207 ita
1774 5154 1901 5220 sint,

312 5252 438 5293 cum
470 5252 842 5309 argumentum
873 5245 1100 5298 sumitur
1149 5261 1179 5298 a
1224 5245 1544 5315 conjugatis,
1576 5247 1824 5314 quoniam
1854 5247 1906 5301 id

315 5329 457 5396 quod
479 5332 817 5399 coniugatum
845 5343 950 5399 est,
972 5332 1218 5390 allectum
1243 5347 1322 5390 est
1343 5337 1408 5388 ad
1434 5336 1484 5389 id
1507 5339 1648 5404 quod
1671 5337 1722 5389 ei
1741 5351 1803 5391 es
1829 5338 1907 5406 al-

317 5425 432 5474 tera
461 5428 610 5485 parte
630 5430 714 5475 est
733 5423 1100 5492 coniugatum,
1121 5425 1172 5479 id
1191 5427 1404 5494 quidem
1427 5426 1610 5494 dequo
1627 5429 1902 5495 quaeritur,

314 5509 371 5566 in
401 5508 723 5565 altrinsecus
763 5513 938 5580 posito
979 5513 1266 5584 conjugato
1303 5518 1491 5570 bmret.
1527 5519 1573 5570 ls
1614 5532 1740 5572 vero
1765 5519 1912 5575 locus

313 5600 458 5658 unde
482 5613 854 5670 argumentum
880 5602 1126 5669 trahitur,
1147 5607 1214 5657 ab
1236 5605 1406 5660 altero
1428 5606 1639 5660 ducitur
1654 5607 1908 5678 coniuga-

313 5703 391 5760 to,
413 5694 574 5750 veluti
599 5696 642 5749 si
676 5710 1031 5766 compascuus
1053 5712 1181 5766 ager
1199 5709 1302 5765 est,
1321 5698 1410 5768 jus
1431 5710 1512 5754 est
1541 5716 1904 5769 compascere.

315 5787 476 5860 Igitur
496 5803 842 5864 compascere
867 5800 1029 5861 atque
1048 5805 1425 5863 compascuum
1449 5796 1727 5868 coniugata
1753 5809 1904 5864 sunt,

2017 4701 2123 4757 εει,
2149 4691 2243 4745 εεά
2271 4690 2529 4758 probatur
2557 4690 2780 4742 minime
2811 4704 2929 4742 esse
2961 4691 3196 4759 legatus,
3223 4693 3346 4761 quia
3377 4708 3480 4747 non
3515 4708 3608 4762 βοά

2017 4791 2120 4838 ιεει
2172 4795 2292 4835 esse
2337 4795 2463 4834 usus
2491 4795 2674 4834 carum
2722 4794 2900 4834 rerum
2946 4796 3064 4850 qua:
3111 4785 3308 4838 utendo
3359 4795 3602 4854 pereunt,

2013 4875 2108 4929 sed
2145 4874 2320 4942 potius
2346 4873 2577 4932 abusus;
2613 4873 2663 4926 in
2699 4872 2868 4926 abusu
2900 4873 3063 4943 igitur
3085 4875 3232 4930 locus
3264 4886 3368 4945 est,
3401 4878 3608 4933 scilicet

2014 4970 2066 5024 in
2108 4971 2278 5023 altero
2323 4967 2713 5022 contrariorum
2737 5008 2751 5030 ,
2787 4982 2908 5020 eum
2937 4969 3096 5022 fuerit
3125 4971 3174 5022 in
3215 4985 3314 5024 usu
3356 4971 3603 5040 qua-stic.

2017 5063 2098 5118 Ab
2123 5061 2388 5130 adiunctis
2417 5062 2575 5115 etiam
2611 5061 2761 5114 locus
2789 5061 2840 5114 in
2869 5061 3056 5116 eodem
3082 5062 3241 5116 modo
3263 5065 3329 5117 ab
3357 5079 3425 5118 eo
3461 5066 3601 5133 quod

2020 5157 2276 5225 quaeritur
2305 5166 2615 5224 segregatus
2639 5165 2750 5219 est,
2785 5165 2842 5208 ut
2871 5156 2920 5208 in
2955 5171 3058 5209 uno
3082 5156 3331 5225 adjuncto
3356 5158 3604 5228 quzestio,

2017 5249 2070 5300 in
2099 5247 2268 5299 altero
2308 5261 2436 5298 vero
2463 5245 2532 5298 sit
2585 5245 2754 5298 locus.
2787 5245 2914 5298 Nam
2950 5259 3069 5300 cum
3109 5256 3381 5314 quaeratur
3420 5261 3486 5301 an
3518 5261 3605 5302 se-

2014 5339 2245 5393 cundum
2288 5337 2530 5391 mulieris
2560 5335 2764 5389 tabulas
2811 5351 3076 5403 nunquam
3121 5338 3296 5405 capite
3325 5337 3599 5393 diminuta)

2018 5430 2285 5498 possessio
2328 5429 2504 5494 detur,
2549 5430 2603 5482 in
2638 5430 2738 5482 hoc
2774 5430 2999 5496 qumstio
3042 5439 3123 5483 est
3152 5445 3217 5484 an
3249 5431 3422 5496 detur,
3464 5441 3516 5486 at
3547 5430 3599 5486 in

2018 5524 2135 5594 ejus
2163 5523 2415 5592 adjuncto
2439 5562 2452 5584 ,
2489 5523 2657 5575 locus.
2703 5522 3013 5576 Ostenditur
3051 5524 3192 5576 enim
3237 5526 3460 5581 minime
3487 5525 3600 5581 dari

2019 5616 2213 5671 debere
2255 5614 2672 5683 possessionem,
2712 5613 2836 5681 quia
2868 5614 2935 5666 sit
2975 5615 3279 5680 proximum
3324 5627 3380 5670 ut
3410 5632 3603 5672 secuno

2019 5711 2140 5765 dum
2173 5723 2458 5778 puerorum
2489 5719 2704 5776 quoque
2751 5714 2908 5774 atque
2947 5721 3222 5761 Servorunt
3270 5709 3476 5764 tabulas
3505 5709 3600 5765 bo-

2015 5817 2202 5856 norum
2259 5799 2530 5860 possessio
2583 5798 2932 5854 concedatur.
3010 5798 3093 5854 Ab
3164 5799 3602 5862 antecedentibus
