4248 6272
665 383 797 440 1087

1874 375 1985 431 ΑΝ.
2029 374 2236 430 MANL.
2275 371 2429 428 SEV.
2473 371 2696 428 BOETII

3785 395 3924 451 1088

589 502 600 525 ⁷
663 513 791 554 vero
815 498 885 552 ita
916 499 997 549 est
1037 492 1202 552 locus,
1233 496 1291 541 ut
1325 488 1549 557 quaestio
1574 489 1644 542 sit
1685 490 1737 542 in
1757 489 2233 559 consequentibus.
2271 485 2317 549 Δ
2343 503 2470 542 num
2498 489 2595 546 viri
2637 477 2973 550 convenerit.
3026 487 3417 567 Argumentum
3473 514 3599 556 vero
3626 503 3694 558 ab
3730 507 3930 566 effectu

663 592 794 649 Nam
819 601 940 643 cum
969 583 1222 654 quaeritur
1250 596 1315 634 an
1342 581 1542 648 aliquid
1570 581 1711 635 dotis
1745 583 1961 636 nomine
1993 597 2086 651 pro
2109 581 2240 638 libe-

664 683 737 737 ris
757 691 972 733 manere
987 683 1246 742 Oporteat,
1270 673 1493 727 sumitur
1514 681 1882 743 argumentum
1903 675 2051 729 nullo
2077 676 2236 730 modo

665 776 1152 836 manereoportere
1179 780 1244 820 ex
1274 764 1732 828 antecedentibus,
1766 764 1909 832 quod
1939 765 2040 818 viri
2075 766 2238 834 culpa

664 862 860 916 factum
892 867 974 915 est
1019 858 1335 920 divortium;
1389 856 1536 911 locus
1565 856 1742 924 itaque
1783 856 1837 909 in
1877 856 2238 923 antecedenti,

663 951 886 1022 quaestio
914 964 1042 1004 vero
1084 950 1138 1003 in
1182 947 1552 1016 consequenti.
1600 943 1956 1000 Consecutum
2009 954 2092 999 est
2132 946 2238 1001 viri

661 1045 815 1113 culpa
849 1043 1041 1096 factum
1073 1055 1192 1096 esse
1217 1039 1525 1104 divortium,
1570 1037 1701 1091 nihil
1730 1037 1869 1105 apud
1901 1045 2108 1107 patrem
2139 1051 2238 1106 pro

665 1137 845 1193 liberis
897 1148 1229 1206 permanere,
1282 1147 1401 1187 cum
1456 1131 1555 1184 viri
1605 1131 1758 1200 culpa
1803 1130 2158 1200 praecesserit.
2190 1132 2238 1188 Α

663 1227 1110 1296 consequentibus
1131 1237 1257 1280 vero
1285 1224 1328 1277 si
1359 1224 1426 1276 sit
1451 1231 1845 1292 argumentum,
1873 1235 1960 1276 res
1984 1237 2102 1290 qua:
2139 1220 2241 1274 du-

665 1320 750 1375 bia
777 1326 860 1374 est
894 1318 951 1372 in
999 1313 1437 1370 antecedentibus
1475 1328 1597 1368 esse
1625 1311 2061 1381 deprehenditur,
2093 1311 2240 1367 velut

663 1429 784 1468 cum
815 1411 1070 1480 quaeritur
1100 1423 1167 1461 an
1197 1406 1426 1461 divortio
1455 1405 1627 1472 facto,
1657 1421 1778 1459 cum
1806 1420 1873 1460 eo
1899 1413 2062 1475 nupta
2093 1414 2240 1460 esset

665 1516 853 1556 numer
881 1501 1096 1570 quicum
1117 1498 1367 1553 connubii
1390 1497 1480 1566 jus
1507 1512 1611 1551 non
1661 1505 1826 1561 esset,
1853 1496 1993 1550 dotis
2021 1497 2243 1552 nomine

660 1592 856 1663 aliquid
884 1607 981 1662 pro
1008 1591 1187 1646 liberis
1207 1603 1424 1644 manere
1449 1595 1711 1657 oporteat.
1749 1586 1834 1640 Fit
1858 1595 2235 1657 argumentum

660 1687 738 1742 sic
766 1703 780 1740 :
813 1685 869 1741 Si
898 1683 1023 1754 quid
1049 1698 1116 1738 ex
1146 1682 1272 1736 dote
1320 1696 1414 1750 pro
1444 1679 1629 1735 liberis
1679 1693 1899 1734 manere
1941 1686 2235 1746 oporteret,

661 1780 781 1849 quia
807 1785 1008 1846 patrem
1037 1775 1189 1829 liberi
1213 1783 1587 1843 sequerentur,
1629 1786 1749 1826 cum
1774 1786 1839 1826 eo
1884 1781 2046 1841 nupta
2088 1779 2234 1825 esset

2345 593 2541 648 causae,
2569 582 2619 637 id
2661 593 2744 638 est
2771 587 2826 640 in
2857 601 3074 642 manum
3105 593 3497 660 conventionis.
3527 594 3638 650 Hoc
3678 613 3805 656 vero
3843 611 3935 659 est

2343 673 2486 742 quod
2508 688 2569 729 ea
2596 691 2717 745 qua:
2749 677 2896 734 fuere
2920 681 3184 748 mulieris,
3231 683 3313 738 vir
3343 687 3556 743 nomine
3573 688 3716 746 dotis
3746 697 3935 762 acquio

2343 763 2435 829 rit,
2459 781 2565 834 quo
2591 766 2650 821 ﬁt
2679 776 2734 822 ut
2762 769 2907 838 quod
2935 772 3215 842 quaeritur,
3247 775 3298 830 in
3319 791 3503 845 causa,
3527 779 3676 834 locus
3699 797 3824 837 vero
3854 786 3934 842 sit

2344 856 2400 910 in
2431 856 2656 913 effectis.
2688 859 2735 915 Α
2773 865 3171 932 comparatione
3220 883 3349 922 vero
3379 871 3638 940 majorum
3685 873 3732 929 si
3768 875 3937 932 fuerit

2345 957 2737 1016 argumentum,
2772 955 3000 1022 quaestio
3027 957 3128 1011 erit
3169 957 3226 1012 in
3257 959 3573 1028 minoribus,
3618 973 3676 1020 ut
3709 947 3754 1021 Si
3786 984 3939 1037 qure-

2344 1048 2494 1094 ratur
2512 1055 2580 1095 an
2609 1041 2663 1096 in
2695 1042 2832 1099 urbe
2858 1058 2994 1114 aqua
3030 1047 3224 1104 debeat
3261 1052 3466 1120 arceri,
3499 1053 3940 1128 defendaturque

2345 1131 2566 1188 minimc
2593 1133 2812 1201 debere,
2845 1152 3015 1207 neque
3055 1141 3197 1196 enim
3248 1142 3380 1198 ﬁnes
3419 1154 3706 1213 reguntur;
3743 1149 3817 1203 ita
3869 1150 3938 1206 in

2343 1238 2480 1293 aqua
2528 1227 2779 1296 arcenda,
2814 1229 2955 1299 quod
3003 1233 3178 1287 minus
3224 1243 3325 1299 est,
3355 1237 3577 1306 quaestio
3618 1247 3722 1308 est,
3771 1243 3944 1298 locus

2344 1327 2475 1368 vero
2502 1315 2556 1369 in
2587 1316 2784 1372 finibus
2815 1321 3080 1391 regendis,
3113 1323 3256 1393 quod
3278 1325 3450 1394 majus
3497 1337 3599 1383 est.
3629 1329 3940 1390 Contraria

2344 1421 2494 1474 vero,
2524 1409 2570 1463 si
2598 1424 2627 1462 a
2656 1412 2865 1468 minore
2891 1424 3262 1484 argumentum
3306 1416 3550 1486 ducatur,
3582 1423 3687 1476 erit
3713 1422 3764 1476 id
3784 1426 3936 1493 quod

2344 1498 2615 1554 dubitatur
2645 1501 2697 1556 in
2751 1518 2810 1558 re
2838 1505 3054 1574 majori,
3103 1507 3238 1562 utsi
3283 1508 3557 1565 dubitatur
3584 1525 3652 1566 an
3691 1514 3823 1570 ﬁnes
3868 1517 3933 1573 in

2343 1591 2558 1647 civitate
2601 1604 2876 1664 regantur,
2922 1599 3344 1666 respondeamus
3393 1601 3649 1671 minime,
3677 1607 3930 1674 quoniam

2345 1698 2414 1738 ne
2437 1699 2575 1753 aqua
2596 1686 2811 1756 quidem
2843 1700 3076 1745 arcetur.
3101 1690 3177 1745 Ita
3205 1692 3257 1746 id
3287 1694 3431 1762 quod
3459 1694 3752 1763 dubitatur,
3784 1700 3836 1754 in
3863 1715 3929 1757 ro

2346 1776 2548 1844 majore
2593 1780 2860 1846 consistit,
2913 1781 3044 1836 illud
3072 1796 3202 1838 vero
3229 1783 3372 1840 unde
3417 1798 3786 1856 argumentum
3839 1808 3929 1846 su-

661 1871 870 1936 mulier,
912 1869 1122 1939 quicum
1160 1866 1410 1921 connubii
1450 1865 1540 1934 jus
1590 1873 1754 1928 esset,
1799 1862 1884 1918 hic
1915 1862 2234 1919 antecedens
2265 1877 2317 1938 Β
2345 1868 2524 1935 mitur,
2556 1868 2607 1922 in
2653 1871 2868 1926 minori.
2902 1872 2969 1926 Et
2993 1873 3046 1928 in
3072 1877 3481 1944 comparatione
3510 1879 3715 1948 parium
3739 1882 3930 1939 simili;

662 1971 772 2028 est,
801 1962 848 2016 si
876 1960 1001 2030 quid
1027 1959 1094 2013 de
1114 1959 1238 2013 dote
1269 1973 1364 2027 pro
1392 1956 1575 2010 liberis
1603 1969 1822 2009 manere
1848 1961 2141 2021 oporteret,
2171 1962 2229 2008 et

575 2107 580 2110 _
661 2052 714 2107 in
764 2065 828 2106 eo
867 2049 1090 2120 quaestio
1141 2063 1207 2102 an
1238 2046 1434 2117 aliquid
1467 2060 1683 2100 manere
1733 2053 1997 2114 oporteat.
2028 2045 2234 2098 Conse-

661 2157 831 2211 quens
857 2156 1005 2204 vero,
1047 2154 1168 2194 cum
1201 2153 1266 2192 eo
1303 2137 1496 2193 mulier
1523 2143 1709 2205 nupta,
1741 2135 1953 2205 quicum
1984 2135 2234 2191 connubii

658 2235 742 2303 jus
771 2243 937 2298 esset,
980 2247 1010 2286 a
1039 2246 1143 2301 quo
1184 2230 1413 2285 sumitur
1437 2237 1826 2298 argumentum,
1862 2229 1913 2282 id
1938 2237 2020 2284 est
2046 2243 2075 2282 a
2104 2243 2236 2300 con:

659 2323 922 2393 sequenti.
953 2321 1084 2375 Nam
1106 2336 1225 2375 cum
1249 2321 1583 2374 manifestum
1625 2319 1715 2383 sit,
1743 2332 1849 2372 non
1890 2334 2010 2373 cum
2037 2335 2104 2374 eo
2131 2336 2234 2374 nu-

659 2422 748 2484 pta
773 2427 893 2469 esse
919 2427 1039 2466 cum
1065 2426 1169 2481 quo
1196 2410 1448 2465 connubii
1489 2410 1572 2479 jus
1600 2419 1737 2476 erat,
1770 2409 2073 2464 ostenditur
2094 2411 2236 2479 quod

659 2503 880 2557 minime
909 2510 1116 2569 patrem
1147 2501 1302 2554 liberi
1333 2507 1644 2568 sequantur,
1676 2508 1837 2568 atque
1877 2499 2076 2554 idcirco
2103 2500 2237 2555 nihil

661 2606 758 2661 pro
801 2589 980 2645 liberis
1009 2603 1224 2645 manere
1251 2597 1518 2657 oportere.
1562 2589 1657 2643 Hic
1703 2589 1861 2659 igitur
1904 2604 1990 2645 res
2019 2591 2237 2660 quidem

659 2696 780 2750 quae
808 2680 1075 2735 dubitatur
1107 2681 1157 2734 in
1202 2680 1537 2735 antecedenti
1582 2692 1696 2745 est,
1747 2683 1799 2736 in
1849 2697 1914 2736 eo
1942 2683 2145 2739 scilicet
2171 2701 2238 2751 an

659 2786 726 2826 ex
751 2770 876 2826 dote
901 2770 1187 2840 proliberis
1207 2786 1426 2825 manere
1447 2771 1644 2840 aliquid
1666 2781 1933 2840 oporteat,
1952 2789 2242 2843 argumen-

660 2869 770 2915 tum
797 2873 924 2914 vero
978 2860 1031 2913 in
1060 2874 1124 2914 eo
1154 2859 1272 2915 loco
1323 2860 1414 2928 qui
1454 2871 1536 2914 est
1581 2860 1634 2914 in
1680 2864 2151 2933 consequentibus,
2187 2865 2242 2920 id

658 2959 742 3008 est
786 2951 840 3007 in
871 2952 1094 3008 muliere
1123 2967 1242 3023 quae
1285 2961 1448 3022 nupta
1477 2961 1558 3007 est
1580 2967 1700 3007 cum
1725 2968 1791 3007 eo
1819 2969 1941 3008 cum
1971 2970 2076 3024 quo
2097 2956 2242 3011 nulla

656 3054 810 3101 erant
845 3045 962 3115 jura
1014 3046 1288 3102 connubii.
1320 3047 1360 3100 A
1393 3044 1813 3114 repugnantibus
1837 3046 1999 3100 etiam
2031 3048 2241 3116 quoties

657 3148 965 3210 argumenta
996 3149 1300 3205 sumuntur,
1327 3153 1412 3193 res
1429 3138 1644 3208 quidem
1675 3139 1834 3194 dubia
1867 3139 1921 3193 in
1951 3139 2120 3194 altero
2156 3155 2242 3194 re-

659 3231 933 3301 pugnanti,
965 3231 1019 3285 in
1070 3230 1294 3286 adverso
1323 3243 1450 3284 vero
1487 3230 1637 3284 locus
1687 3237 1769 3283 est
1816 3231 2137 3299 argumenti,
2183 3238 2242 3285 ut
2269 3263 2316 3326 ο

657 3335 777 3378 cum
803 3321 1056 3390 qumritur
1085 3336 1152 3374 an
1185 3321 1353 3388 possit
1383 3319 1546 3373 invita
1582 3319 1776 3374 mulier
1822 3319 2046 3375 reddere
2089 3321 2235 3390 lega-

659 3418 794 3474 tum,
838 3411 978 3479 quod
1011 3418 1154 3464 recte
1195 3412 1511 3465 testamento
1539 3410 1707 3464 semel
1742 3413 1967 3480 accepit.
2003 3411 2177 3467 Locus
2209 3429 2242 3468 a

659 3501 998 3570 repugnanti,
1024 3500 1247 3554 minime
1277 3514 1434 3569 posse
1463 3500 1683 3555 invitam
1715 3501 1940 3556 reddere
1966 3503 2107 3568 quod
2136 3517 2241 3555 re—

659 3601 744 3647 cte
772 3592 1000 3658 accepit.
1033 3591 1266 3655 Quaestio
1297 3591 1457 3656 igitur
1477 3599 1566 3644 est
1587 3590 1639 3643 in
1663 3605 1727 3644 eo
1751 3589 1893 3658 quod
1924 3590 2240 3660 intelligitur

657 3681 878 3738 invitam
917 3681 1163 3743 reddere,
1190 3687 1557 3748 argumentum
1607 3694 1734 3733 vero
1786 3681 1839 3733 in
1867 3680 2036 3736 altero
2077 3695 2239 3749 repu-

659 3773 860 3843 gnanti,
890 3771 940 3825 id
970 3779 1051 3826 est
1083 3772 1132 3823 in
1163 3784 1227 3826 eo
1257 3770 1395 3839 quod
1437 3770 1750 3840 intelligitur
1778 3780 1925 3827 recte
1969 3773 2236 3842 accipere.

659 3866 865 3935 Pugnat
891 3865 1031 3920 enim
1074 3864 1297 3918 invitam
1329 3863 1555 3952 rqddere
1585 3873 1639 3918 et
1681 3874 1826 3920 recte
1849 3867 2110 3936 accipere,
2142 3868 2238 3923 sed

657 3957 880 4026 quaestio
912 3956 965 4010 in
998 3971 1102 4011 uno
1131 3967 1440 4035 eorumest,
1490 3956 1636 4012 locus
1669 3957 1722 4013 in
1774 3958 1966 4013 altero.
2014 3961 2238 4025 Quoties

661 4064 789 4104 vero
809 4064 839 4104 a
861 4050 1036 4104 causis
1064 4049 1415 4105 efficientibus
1436 4049 1643 4104 ducitur
1671 4062 2066 4119 argumentum,
2092 4066 2240 4120 qua:-

657 4141 885 4198 stionem
916 4143 968 4197 in
1009 4141 1212 4198 effectis
1237 4158 1357 4198 esse
1383 4157 1605 4198 necesse
1631 4153 1733 4208 est,
1767 4153 1822 4198 ut
1861 4147 2108 4215 exemplo
2133 4160 2239 4214 quo

659 4236 913 4305 qurcritur
957 4250 1024 4289 an
1063 4235 1150 4304 qui
1177 4235 1308 4290 satis
1338 4236 1544 4291 dederit
1573 4236 1754 4291 damni
1802 4236 2006 4304 infecti,
2039 4238 2230 4294 vitium

659 4329 875 4398 parietis
905 4335 1163 4398 prtestare
1192 4339 1432 4399 cogatur.
1461 4331 1516 4384 In
1569 4330 1672 4387 hoc
1702 4332 1880 4401 igitur,
1917 4333 1968 4386 id
1995 4341 2077 4387 est
2107 4335 2238 4388 vitio

657 4422 896 4491 parietis,
919 4421 1142 4490 qutcstio
1172 4430 1273 4489 est,
1302 4421 1396 4476 sed
1422 4422 1489 4476 de
1518 4437 1676 4476 causa
1707 4424 1933 4478 trahitur
1953 4439 2238 4494 argumen-

657 4521 790 4568 tum.
831 4512 1034 4566 Dicitur
1063 4513 1206 4567 enim
1249 4528 1358 4568 non
1395 4521 1645 4583 oportere
1675 4525 1951 4583 prmstare,
1981 4517 2233 4587 quoniam

657 4614 846 4658 natura
880 4603 1096 4671 parietis
1121 4618 1282 4659 causa
1309 4605 1466 4659 fuerit
1498 4605 1633 4672 vitii,
1669 4621 1771 4661 non
1805 4608 1848 4660 is
1875 4609 1965 4676 qui
1995 4609 2235 4678 dejprae-

655 4692 845 4748 stando
876 4692 1002 4747 vitio
1028 4694 1159 4749 satis
1180 4694 1437 4750 dedisset.
1475 4695 1730 4754 Effectum
1758 4714 1886 4767 ergo
1930 4714 2127 4767 causas,
2153 4702 2230 4755 vi-

652 4785 783 4840 tium
814 4785 1032 4854 parietis
1062 4785 1174 4840 fuit.
1205 4786 1385 4857 Itaque
1414 4789 1642 4857 quaestio
1683 4791 1896 4859 quidem
1930 4793 1983 4847 in
2013 4793 2225 4860 effecto,

651 4876 799 4931 locus
822 4892 947 4932 vero
977 4893 1095 4932 esse
1118 4879 1490 4934 consideratur
1519 4895 1583 4936 ex
1617 4895 1796 4937 causa.
1822 4884 1891 4938 At
1932 4883 1977 4937 si
2001 4885 2070 4938 ab
2094 4885 2228 4942 effe-

649 4967 749 5022 ctis
774 4968 972 5037 aliquid
1001 4969 1344 5038 approbetur,
1389 4972 1536 5027 locus
1566 4972 1618 5027 in
1647 4973 1854 5042 elI'ecto,
1898 4978 2123 5044 quaestio
2168 4977 2226 5033 in

647 5075 807 5116 causa
833 5070 914 5116 est
959 5062 1265 5128 constituta,
1305 5063 1466 5118 veluti
1502 5079 1620 5118 cum
1651 5067 1908 5134 quteritur
1937 5081 2003 5121 an
2033 5068 2227 5124 mulier

647 5154 890 5224 quaedam
931 5153 1080 5222 cujus
1109 5153 1245 5208 bona
1283 5155 1380 5210 viri
1423 5157 1555 5208 facta
1586 5156 1716 5222 sint,
1742 5157 1882 5212 dotis
1909 5159 2124 5214 nomine
2165 5162 2222 5217 in

647 5249 746 5300 viri
775 5261 985 5301 manum
1015 5248 1347 5303 convenerit.
1377 5247 1639 5316 Quoniam
1665 5264 1794 5320 ergo
1824 5253 1875 5306 in
1913 5268 2130 5309 manum
2156 5270 2224 5311 ex

645 5338 1001 5394 conventione
1027 5337 1327 5406 perﬁcitur,
1381 5347 1436 5392 ut
1480 5338 1617 5393 bona
1670 5341 1910 5397 mulieris
1953 5354 2073 5413 post
2101 5345 2220 5416 ejus

646 5435 870 5482 mortem
901 5428 978 5481 vir
1017 5428 1362 5498 adipiscatur,
1397 5440 1766 5500 argumentum
1797 5432 2012 5488 ducitur
2042 5436 2109 5491 ab
2139 5435 2219 5491 ef-

645 5519 818 5574 lectis.
866 5519 1107 5575 Efﬁcitur
1154 5521 1294 5577 enim
1338 5537 1431 5591 per
1459 5521 1512 5578 in
1541 5539 1754 5579 manum
1789 5528 2216 5596 conventionem,

644 5621 700 5664 ut
730 5626 1056 5683 quaecunque
1082 5615 1479 5681 suntmulieris,
1512 5617 1607 5671 viri
1642 5617 1770 5672 ﬁant
1796 5618 1936 5673 dotis
1966 5619 2215 5685 nomine;

642 5715 769 5770 ergo
800 5717 919 5759 cum
957 5720 1016 5760 ca
1048 5720 1165 5773 qua:
1215 5707 1453 5762 mulieris
1502 5707 1671 5775 fuere,
1724 5713 1804 5763 vir
1831 5711 2048 5766 nomine
2077 5711 2215 5766 dotis

643 5793 984 5861 adipiscatur,
1039 5795 1314 5851 mulierem
1362 5799 1413 5852 in
1462 5815 1674 5855 manum
1719 5801 1817 5853 viri
1869 5817 2090 5859 necesse
2131 5811 2216 5859 est

648 5883 950 5937 convenire.
985 5887 1217 5950 Quaestio
1245 5888 1422 5958 itaque
1455 5899 1536 5947 est
1563 5893 1629 5947 de
1654 5891 1896 5960 muliere,
1925 5909 1990 5950 an
2023 5895 2075 5951 in
2101 5910 2212 5951 ma-

2340 1963 2476 2018 ratio
2500 1973 2583 2017 est
2609 1981 2622 2015 :
2657 1963 2708 2018 in
2740 1980 2850 2020 uno
2880 1967 3023 2021 enim
3053 1982 3238 2022 eorum
3266 1983 3387 2038 quas
3417 1980 3544 2025 sunt
3579 1973 3745 2040 paria,
3774 1989 3929 2044 quae.

2341 2051 2446 2107 stio
2473 2055 2748 2120 consistit;
2784 2057 2838 2112 in
2863 2057 3031 2113 altero
3060 2058 3208 2114 locus
3237 2061 3556 2130 intelligitur
3597 2067 3927 2134 argumenti,

2341 2144 2504 2199 veluti
2534 2160 2654 2201 cum
2678 2148 2937 2216 quaeritur
2951 2163 3019 2203 an
3049 2150 3243 2205 :edium
3273 2167 3403 2208 usus
3429 2154 3647 2209 biennio
3665 2157 3928 2224 capiatur,

2342 2235 2396 2289 id
2450 2237 2826 2306 approbamus,
2884 2242 3137 2309 quoniam
3195 2243 3476 2300 fundorum
3530 2261 3760 2318 quoque.
3793 2248 3929 2306 Cum

2342 2341 2470 2396 ergo
2513 2329 2661 2398 paria
2709 2332 2815 2385 sint
2843 2333 3034 2387 fundus
3065 2343 3225 2405 atque
3249 2336 3409 2404 ades,
3455 2341 3677 2408 quaestio
3705 2340 3927 2409 quidem

2342 2417 2408 2472 de
2436 2419 2638 2475 uadibus
2665 2431 2766 2488 est,
2793 2433 3161 2492 argumentum
3186 2441 3318 2483 vero
3340 2426 3545 2484 ducitur
3567 2444 3601 2484 a
3631 2430 3815 2486 fundo.
3844 2433 3932 2490 Ac

2346 2510 2413 2566 de
2435 2511 2484 2566 vi
2515 2513 2728 2582 quidem
2777 2515 3042 2583 locorum,
3071 2507 3285 2588 quoque
3312 2535 3342 2574 a
3370 2536 3428 2577 se
3465 2536 3573 2576 non
3601 2525 3930 2591 quaestiones

2343 2611 2400 2658 et
2447 2603 2552 2657 loci
2593 2613 3030 2674 argumentorum
3079 2620 3417 2678 separentur,
3469 2611 3582 2667 hrcc
3609 2611 3748 2668 dicta
3793 2616 3930 2672 sint.

2343 2695 2496 2752 Nunc
2525 2712 2708 2752 eorum
2731 2699 2973 2755 ordinem
2996 2701 3317 2759 brevissime
3359 2707 3815 2761 commemorabo.
3847 2707 3931 2764 Ex

2345 2786 2449 2842 hoc
2478 2788 2653 2858 itaque
2683 2790 2851 2844 oritur
2893 2806 3051 2847 omne
3087 2793 3376 2862 judicium,
3423 2797 3516 2865 qui
3565 2797 3714 2852 locus
3760 2798 3928 2868 prior,

2344 2878 2434 2946 qui
2469 2880 2538 2932 sit
2564 2881 2852 2948 posterior,
2876 2882 3279 2947 existimandus,
3308 2885 3355 2938 si
3401 2899 3496 2939 eos
3522 2888 3778 2943 terminos
3803 2903 3928 2944 con-

2346 2967 2642 3024 sideremus
2680 2971 2769 3039 qui
2814 2973 3085 3041 proposita
3113 2974 3409 3040 quaestione
3445 2987 3746 3032 versantur.
3775 2978 3928 3046 Que-

2346 3073 2556 3129 cunque
2605 3062 2748 3116 enim
2791 3064 2871 3117 his
2921 3065 3160 3119 terminis
3212 3068 3595 3137 propinquiora
3623 3080 3762 3136 sunt,
3812 3073 3928 3128 hac

2345 3152 2639 3208 rectissime
2672 3154 2847 3223 priora
2873 3166 3242 3211 numerantur.
3273 3159 3575 3214 Posteriora
3598 3176 3728 3217 vero
3757 3178 3929 3234 quan-

2347 3250 2457 3296 tam
2490 3259 2519 3296 a
2548 3245 2832 3313 propositis
2873 3246 3183 3316 longissime
3210 3266 3433 3322 quaeque
3479 3238 3818 3316 recesserint.
3867 3258 3924 3317 Id

2346 3340 2523 3387 autem
2559 3334 2649 3386 tali
2678 3336 2887 3392 ratione
2913 3338 3193 3412 clarescet.
3224 3342 3460 3399 Primum
3490 3363 3739 3420 namque,
3777 3353 3923 3408 Ioco-

2347 3438 2464 3476 rum
2495 3432 2576 3477 est
2601 3424 2772 3477 divisa
2804 3428 3077 3493 pluralitas
3105 3429 3158 3483 in
3203 3446 3295 3487 eos
3329 3435 3419 3502 qui
3448 3437 3505 3491 in
3549 3439 3664 3508 ipso
3697 3450 3821 3496 sunt
3852 3442 3923 3500 de

2346 3528 2450 3580 quo
2481 3514 2678 3581 agitur,
2708 3523 2762 3568 et
2792 3517 2843 3569 in
2874 3532 2966 3572 eos
2993 3520 3084 3589 qui
3115 3534 3459 3581 assumuntur
3488 3530 3843 3598 extrinsecus,
3865 3535 3922 3592 in

2345 3618 2451 3672 quo
2475 3607 2784 3673 prazpositos
2811 3622 2931 3663 esse
2961 3611 3304 3683 intelligimus
3333 3632 3427 3673 eos
3447 3619 3693 3692 locosqui
3724 3627 3778 3679 in
3809 3627 3924 3696 ipso

2344 3704 2490 3761 sunt,
2518 3695 2599 3749 his
2639 3696 2771 3752 locis
2801 3699 2894 3767 qui
2948 3703 3234 3758 trahuntur
3277 3709 3624 3768 extrinsecus.
3669 3714 3767 3768 Hic
3792 3695 3924 3772 vero

2347 3784 2495 3838 locus
2523 3787 2619 3855 qui
2649 3787 2701 3840 in
2730 3786 2848 3856 ipso
2877 3798 2976 3857 est,
3013 3791 3064 3846 in
3097 3794 3297 3862 primas
3336 3809 3557 3867 quntuor
3583 3802 3922 3862 distribuitur

2347 3885 2524 3944 partes
2545 3917 2558 3940 ,
2591 3891 2816 3946 quarum
2849 3881 3018 3948 prima
3048 3891 3131 3938 est
3158 3886 3419 3954 definitio,
3453 3892 3542 3960 qui
3571 3891 3717 3960 locus
3749 3909 3780 3948 a
3807 3904 3922 3954 toto

2344 3977 2427 4024 est
2453 3981 2806 4040 nuncupatus.
2841 3973 3046 4029 Idcirco
3070 3985 3249 4032 autem
3281 3980 3483 4046 primus
3527 3999 3557 4037 a
3605 3993 3723 4041 toto
3772 3987 3922 4046 locus

2345 4060 2591 4128 ponitur,
2639 4064 2890 4130 quoniam
2921 4065 3051 4120 nihil
3092 4077 3177 4122 est
3222 4070 3542 4139 alicuijitam
3599 4077 3921 4148 proximum,

2344 4165 2504 4219 quam
2566 4153 2780 4222 propria
2835 4155 3096 4212 deﬁnitio.
3175 4159 3535 4232 Consequitur
3587 4173 3920 4227 enumeratio

2345 4242 2613 4309 partium,
2643 4244 2764 4312 quia
2812 4254 2934 4314 post
2973 4247 3337 4307 definitionem
3392 4258 3689 4324 proximum
3743 4261 3916 4320 locum

2344 4341 2520 4401 partes
2551 4340 2732 4390 tenere
2754 4336 2969 4401 debent,
2995 4355 3114 4410 quae
3138 4351 3306 4398 totum
3348 4346 3404 4401 id
3431 4348 3588 4419 cujus
3632 4359 3807 4421 partes
3832 4353 3919 4410 di-

2342 4433 2533 4480 cuntur
2583 4439 2723 4494 esse,
2784 4430 3134 4502 conjungunt.
3188 4435 3283 4493 His
3311 4441 3597 4510 apponitur
3623 4453 3770 4511 nota,
3799 4462 3920 4517 qua

2341 4515 2494 4584 quasi
2519 4531 2781 4575 converso
2803 4520 2965 4576 modo
2993 4523 3237 4581 deﬁnitio
3261 4537 3366 4584 est.
3397 4530 3533 4587 Nam
3563 4535 3706 4590 sicut
3726 4515 3921 4592 deﬁni-

2347 4606 2421 4661 tio
2449 4610 2676 4677 explicat
2713 4593 2856 4680 quud
2907 4615 3168 4686 implicite
3213 4629 3342 4677 nota
3371 4622 3635 4696 designat,
3674 4629 3748 4683 ita
3793 4639 3921 4687 nota

2339 4696 2558 4752 involvit
2582 4710 2636 4756 et
2664 4702 2886 4762 confuse
2898 4705 3096 4765 indicat
3119 4712 3262 4781 quod
3288 4713 3540 4781 patefacit
3563 4728 3724 4790 atque
3758 4738 3920 4792 expe-

2333 4794 2414 4848 dit
2441 4794 2696 4852 deﬁnitio.
2723 4797 2856 4855 Nota
2884 4817 3015 4859 vero
3045 4807 3202 4861 tertia
3239 4807 3363 4864 ideo
3391 4820 3494 4879 est,
3526 4814 3648 4883 quia
3672 4817 3912 4873 definitio

2332 4887 2685 4944 substantiam
2723 4900 2902 4959 tenet;
2933 4895 3167 4963 partium
3217 4905 3550 4959 enumeratio
3581 4921 3642 4961 ea
3672 4908 3917 4964 dinume-

2334 4985 2418 5032 rat
2456 4994 2574 5048 quae
2602 4989 2773 5037 totum
2799 4987 3152 5055 compositum
3186 4989 3437 5061 jungunt,
3469 5003 3595 5051 nota
3633 5013 3761 5055 vero
3781 4999 3916 5055 nihil

2331 5067 2515 5135 efﬁcit,
2567 5072 2661 5126 sed
2696 5081 2898 5130 tantum
2940 5076 3205 5149 designat.
3240 5082 3370 5138 Post
3407 5083 3522 5141 haec
3546 5103 3666 5157 quae
3703 5091 3758 5143 in
3786 5091 3916 5158 ipsis

2336 5163 2580 5218 terminis
2612 5165 2976 5234 principaliter
3017 5172 3219 5229 haerent
3246 5217 3262 5241 ,
3294 5175 3383 5230 illa
3422 5192 3541 5248 quas
3571 5189 3695 5234 sunt
3723 5181 3913 5238 affecta

2334 5269 2702 5327 numerantur,
2733 5277 2850 5332 quae
2868 5263 2978 5332 jam
3008 5280 3113 5321 non
3142 5267 3271 5337 ipsis
3313 5269 3496 5325 insunt
3523 5273 3788 5342 terminis,
3817 5276 3910 5330 sed
3975 5343 3977 5346 ,

2333 5352 2548 5423 eosdem
2579 5353 2722 5407 velut
2781 5355 3016 5410 exterius
3074 5357 3242 5426 posita
3289 5373 3711 5432 consequuntur,
3755 5375 3914 5436 atque

2330 5443 2530 5500 idcirco
2553 5446 2726 5500 solum
2773 5446 2828 5500 in
2877 5447 3007 5516 ipsis
3034 5462 3153 5505 esse
3203 5449 3472 5517 dicuntur,
3515 5455 3767 5523 quoniam
3795 5459 3914 5512 sine

2329 5532 2412 5589 his
2450 5548 2569 5588 esse
2595 5549 2702 5588 non
2736 5547 2959 5604 possunt
2995 5553 3217 5608 quorum
3253 5541 3425 5610 prima
3451 5553 3577 5599 sunt
3605 5545 3908 5616 conjugata.

2323 5622 2465 5678 Nihil
2509 5625 2652 5679 enim
2684 5625 2822 5680 inter
2855 5626 3045 5683 affecta
3085 5629 3163 5685 sic
3193 5632 3495 5701 proximum
3528 5643 3630 5700 est,
3672 5653 3831 5707 quam
3860 5635 3914 5695 id

2322 5717 2464 5792 quod
2485 5727 2539 5773 et
2570 5733 2628 5773 re
2649 5727 2704 5774 et
2733 5722 2950 5777 nomine
2977 5724 3280 5793 participat,
3323 5727 3425 5783 nisi
3449 5730 3591 5798 quod
3625 5746 3784 5800 parva
3813 5745 3909 5784 no-

2322 5811 2484 5865 minis
2512 5811 2796 5868 inﬁexione
2824 5813 3144 5886 sejungitur.
3180 5817 3311 5874 Nam
3344 5821 3396 5875 id
3421 5823 3561 5893 quod
3573 5824 3772 5892 justum
3803 5831 3906 5881 est.

2321 5907 2375 5957 et
2401 5901 2604 5970 justitia
2639 5906 2937 5976 participat,
2973 5917 3026 5966 et
3055 5909 3254 5967 inﬂexo
3277 5911 3495 5982 justititn
3529 5915 3743 5972 nomine
3774 5931 3909 5971 num
