4248 6272
330 344 487 429 tosti

1182 359 1248 419 IN
1278 358 1529 418 TOPICA
1564 348 1924 417 CICERONIS
1960 346 2489 414 COMMENTARIA.
2529 356 2661 414 LIB.
2702 355 2795 415 Ill.

3472 354 3648 427 109οχ

343 494 595 556 eupatur,
642 491 697 540 et
750 481 805 537 in
847 479 1057 538 ueteris
1084 469 1298 553 quidem
1328 477 1626 550 coniugatis
1653 479 1794 535 idem
1824 486 1926 534 est.
1954 478 2009 543 Α
2033 489 2154 531 εεεε
2182 475 2434 531 dicuntur
2459 473 2672 542 aﬂeeta,
2698 476 2821 546 quia
2849 481 2976 532 sunt
2995 473 3061 532 ad
3090 476 3312 550 aliquid,
3338 486 3391 535 et
3418 494 3617 551 propo-

343 580 474 635 Post
518 578 635 631 haec
686 582 1093 630 annumeratum
1129 580 1212 628 est
1239 586 1427 642 genus.
1479 569 1659 626 Genus
1686 585 1816 626 vero
1845 580 1930 626 est

344 669 489 742 quod
528 667 816 739 cujuslibet
861 664 1233 721 universaliter
1262 662 1611 719 substantiam
1641 671 1928 732 monstrat,

343 774 396 818 ct
425 763 565 833 quod
608 761 897 816 multorum
938 757 1118 827 Specie
1157 757 1519 823 diversorum,
1550 754 1932 811 substantialis

344 866 427 910 est
457 854 767 910 similitudo.
799 850 946 920 Quod
996 867 1028 906 a
1075 849 1368 920 propositis
1420 848 1663 904 terminis
1715 848 1928 920 longius

343 964 502 1015 quam
529 948 806 1016 conjttgata
835 944 1149 1013 seiungitur,
1179 938 1298 1012 quia
1328 941 1543 997 tametsi
1573 940 1931 997 substantiam

336 1046 626 1104 monstrat,
655 1048 829 1091 tamen
875 1050 942 1089 ne
994 1034 1192 1089 inflexo
1242 1033 1457 1104 quidem
1505 1034 1765 1089 vocabulo
1809 1049 1931 1090 cum

344 1132 554 1188 termini
598 1116 811 1186 nomine
838 1127 1139 1199 copulatur,
1174 1126 1268 1182 sed
1309 1128 1464 1197 longe
1491 1128 1704 1198 lateque
1746 1126 1929 1182 diver-

343 1238 426 1278 so.
482 1222 616 1276 lluic
661 1220 910 1290 adjuncta
959 1228 1042 1274 est
1090 1217 1321 1288 species,
1353 1233 1514 1288 quam
1547 1218 1775 1274 fortnam
1806 1217 1935 1272 Tul-

343 1311 446 1365 lius
467 1310 770 1380 appellavit,
820 1310 944 1382 quia
989 1308 1122 1364 nihil
1152 1318 1236 1364 est
1280 1316 1385 1362 tam
1418 1310 1721 1377 proximum
1750 1307 1934 1378 generi

264 1400 269 1404 ’
345 1416 502 1468 quam
533 1400 762 1470 species.
812 1398 1033 1469 Species
1060 1414 1190 1454 vero
1219 1408 1303 1454 est
1331 1399 1702 1454 substantialis
1743 1399 1935 1453 indivi-

346 1492 572 1546 duorum
619 1491 929 1555 similitudo,
989 1490 1210 1560 etquod
1265 1490 1364 1544 sub
1415 1506 1614 1560 genere
1688 1489 1929 1560 ponitur.

345 1583 476 1639 Post
521 1586 679 1650 hanc,
725 1583 1017 1639 similitudo
1072 1594 1156 1639 est
1204 1585 1515 1640 constituta.
1574 1586 1783 1641 Etenim
1816 1596 1939 1655 post

252 1750 257 1757 _
344 1672 477 1728 illud
499 1672 638 1728 'dem
665 1673 805 1743 quod
837 1674 890 1727 in
917 1673 1228 1728 substantiis
1259 1674 1592 1745 intelligitur,
1628 1674 1760 1729 illud
1791 1676 1933 1731 idem

350 1775 495 1821 recte
532 1766 747 1837 ponitur
791 1764 933 1835 quod
980 1765 1032 1819 in
1088 1765 1344 1834 qualitate
1388 1780 1511 1821 esse
1564 1765 1934 1836 perpenditur.

2035 571 2126 625 siti
2154 570 2366 625 termini
2395 570 2656 627 relatione
2671 580 2977 627 nectuntur.
3005 572 3136 627 Nam
3158 582 3211 628 et
3238 574 3477 629 definitio
3512 575 3616 632 ali-

2032 662 2189 732 cujus
2216 660 2577 729 estdefinitio,
2608 671 2663 718 et
2716 671 2887 719 totum
2917 666 3148 733 partium
3203 674 3370 721 totum
3404 678 3507 735 est,
3558 679 3613 725 et

2033 761 2160 807 nota
2186 751 2468 821 significati
2495 761 2621 806 nota
2649 761 2751 807 est.
2801 753 2909 808 Sed
2949 754 3273 823 inspiciemla
3323 768 3511 812 natura
3531 767 3619 815 est

2035 845 2390 917 singulorum,
2421 853 2475 900 et
2528 844 2815 900 videndum
2838 861 2963 899 num
3009 846 3255 902 similiter
3281 848 3395 903 haec
3413 850 3481 904 ad
3518 851 3621 906 ali-

2035 938 2164 1007 quid
2194 935 2496 992 referantur
2522 944 2585 989 ut
2612 945 2830 990 cratera.
2858 935 2988 989 Nam
3038 936 3277 993 definitio
3308 955 3419 995 rem
3458 956 3617 1012 quam

2036 1028 2224 1084 definit
2253 1027 2649 1100 quodammodo
2672 1028 2902 1100 explicat
2929 1036 3088 1099 atque
3116 1032 3434 1087 conformat.
3484 1034 3617 1091 ltem

2028 1130 2219 1199 partes
2240 1135 2354 1175 rem
2373 1119 2535 1189 'cujus
2582 1127 2762 1189 partes
2811 1127 2938 1175 sunt
2993 1122 3205 1189 pr0pria
3246 1123 3623 1191 conjunctione

2038 1212 2345 1282 perficiunt.
2377 1212 2513 1268 Nota
2545 1227 2696 1278 vero,
2728 1210 2846 1281 ejus
2900 1211 3227 1267 intellectum
3270 1216 3625 1273 communiter

2038 1312 2208 1371 tenet,
2240 1316 2294 1361 et
2322 1320 2443 1360 cum
2480 1305 2596 1361 lucc
2625 1315 2819 1359 cmtera
2850 1320 2968 1375 quae.
3009 1314 3270 1361 vocantur
3297 1306 3487 1364 all’ecta
3518 1324 3625 1365 non

2039 1396 2263 1461 faciant,
2290 1396 2414 1465 jure
2442 1396 2557 1451 haec
2588 1411 2693 1451 non
2725 1397 2867 1451 inter
2896 1394 3083 1453 ali‘ecta
3102 1408 3394 1469 ponuntur,
3421 1399 3515 1455 sed
3572 1398 3629 1456 in

2042 1504 2108 1543 eo
2132 1490 2247 1557 ipso
2276 1487 2416 1557 quod
2441 1487 2606 1543 veluti
2635 1488 2925 1544 conficiunt
2951 1499 3112 1559 atque
3154 1491 3512 1558 conformant,
3547 1493 3631 1548 iu-

2043 1597 2166 1638 esse
2189 1584 2459 1638 dicuntur.
2485 1583 2593 1638 Sed
2625 1584 2875 1653 quoniam
2897 1584 2963 1639 de
2987 1584 3040 1638 vi
3079 1594 3239 1656 atque
3261 1588 3450 1644 ordine
3475 1590 3630 1647 loco-

2043 1689 2163 1729 rum
2192 1674 2522 1730 sufficienter
2537 1674 2737 1730 dictum
2769 1686 2873 1742 est,
2892 1691 3032 1731 nunc
3063 1677 3132 1732 ad
3160 1676 3432 1749 sequentia
3454 1691 3632 1740 trans-

2045 1780 2253 1819 eamus.
2288 1764 2490 1820 Prmter
2507 1766 2683 1819 omnia
2711 1767 2852 1821 enim
2873 1781 2991 1836 qua:
3019 1771 3266 1838 superius
3308 1770 3450 1825 dicta
3480 1782 3630 1839 sunt,

349 1854 609 1913 Paulatim
658 1871 785 1911 vero
834 1871 919 1911 res
950 1855 1136 1925 incipit
1180 1872 1208 1909 a
1251 1856 1602 1913 similitudine
1655 1858 1936 1924 recedere,
1970 1855 2020 1916 B
2047 1859 2174 1914 illud
2204 1858 2744 1913 animadvertendum
2773 1859 3003 1916 maxime
3025 1869 3129 1929 est,
3150 1862 3271 1932 quia
3293 1877 3400 1917 non
3429 1863 3475 1918 si
3503 1862 3634 1935 quid

349 1962 450 2004 nec
476 1949 654 2004 statim
685 1948 753 2003 ad
781 1948 1108 2002 contrarium
1126 1949 1296 2015 venit,
1321 1949 1413 2004 sed
1445 1951 1595 2020 prius
1619 1965 1649 2004 a
1675 1950 1935 2005 differen-

350 2040 423 2096 tia
454 2041 625 2097 loeum
657 2039 862 2096 statuit.
887 2039 1018 2095 Nam
1045 2053 1249 2096 remota
1266 2042 1616 2097 similitudine
1642 2042 1942 2099 nihilaliud

350 2133 585 2188 occurrit
620 2132 786 2202 prius,
812 2131 911 2187 nisi
945 2132 1266 2189 differentia.
1327 2134 1453 2189 Post
1481 2134 1639 2200 hanc,
1671 2150 1701 2189 a
1729 2145 1947 2191 contra-

351 2223 434 2279 rio
463 2224 635 2278 locum
665 2224 829 2295 ducit,
854 2224 907 2279 id
934 2234 1019 2280 est
1058 2241 1087 2279 a
1118 2210 1348 2281 maxima
1383 2226 1706 2283 differentia.
1735 2228 1944 2283 Rursus

354 2314 419 2369 ad
439 2315 607 2369 amica
639 2314 738 2370 sibi
768 2315 957 2370 all'eeta
991 2318 1341 2373 convertitur.
1374 2318 1482 2374 Sed
1534 2335 1639 2375 non
1668 2335 1736 2375 eo
1778 2320 1941 2376 modo

353 2408 523 2463 amica
564 2422 672 2479 quo
718 2418 842 2464 sunt
883 2408 1109 2475 similia,
1166 2410 1416 2479 adjuncta
1460 2411 1603 2466 enim
1658 2415 1944 2483 proponit,

353 2513 472 2569 qua:
494 2513 602 2554 non
632 2508 756 2555 sunt
791 2500 1012 2570 integra:
1042 2492 1428 2567 similitudinis,
1471 2503 1566 2557 sed
1599 2504 1739 2558 inter
1766 2518 1827 2559 se
1860 2504 1951 2573 ju-

353 2589 502 2659 dicii,
547 2600 602 2646 et
656 2591 821 2647 veluti
862 2590 1137 2662 cujusdam
1201 2608 1379 2647 rerum
1430 2592 1531 2647 sibi
1562 2594 1949 2650 cohaerentium

348 2682 793 2752 propinquitatis.
824 2680 955 2736 Post
972 2681 1223 2750 adjuncta
1251 2698 1379 2737 vero
1406 2684 1781 2739 antecedentia
1810 2684 1948 2739 Tul-

362 2772 464 2828 lius
493 2774 688 2843 posuit.
718 2773 851 2828 Post
885 2773 935 2827 id
958 2773 1101 2829 enim
1142 2773 1283 2845 quod
1315 2774 1494 2845 aliquo
1524 2777 1686 2831 modo
1707 2777 1951 2847 junctum

354 2873 463 2930 est,
496 2862 695 2934 aliquid
728 2878 953 2920 necesse
1002 2874 1083 2920 est
1123 2873 1215 2919 aut
1262 2866 1587 2923 antecedens
1638 2874 1731 2923 aut
1758 2882 1951 2924 conse-

362 2968 533 3025 quens
580 2955 924 3027 intelligatur.
975 2956 1127 3012 Prius
1182 2958 1362 3028 itaque
1411 2960 1776 3030 antecedens,
1830 2972 1953 3031 post

362 3061 699 3119 consequens
745 3050 1064 3105 collocatum
1119 3060 1226 3105 est.
1271 3051 1398 3106 Post
1441 3053 1554 3111 haec
1596 3054 1951 3124 repugnantia

363 3135 517 3202 dixit,
541 3146 599 3192 ut
625 3136 1016 3207 quodammodo
1046 3138 1241 3208 duplex
1263 3139 1396 3195 ordo
1423 3142 1863 3197 contrarietatum
1887 3157 1952 3198 ac

2046 1952 2100 2007 in
2130 1953 2460 2021 argumentis
2505 1951 2662 2007 fuerit
2703 1962 2993 2023 sumptum,
3042 1953 3174 2009 illud
3231 1969 3417 2011 eorum
3471 1965 3635 2026 argu-

2040 2042 2351 2095 mentorum
2406 2039 2555 2095 locus
2580 2039 2852 2107 jdicendus
2891 2050 2994 2108 est,
3030 2042 3128 2098 nisi
3159 2058 3266 2098 non
3295 2044 3466 2100 solum
3508 2041 3636 2101 insit

2049 2131 2384 2202 argumentis
2411 2171 2426 2197 ,
2454 2146 2638 2186 verum
2669 2131 2831 2188 etiam
2859 2133 2927 2188 ab
2964 2148 3029 2188 eo
3059 2144 3370 2204 argumenta
3400 2149 3631 2193 nascan-

2052 2231 2160 2277 tur.
2192 2221 2247 2276 Id
2270 2222 2409 2293 quod
2422 2222 2564 2288 dico,
2596 2224 2836 2293 planiore
2862 2225 3083 2294 liquebit
3112 2228 3379 2298 exemplo.
3414 2228 3630 2300 Siquod

2050 2315 2195 2369 enim
2226 2313 2387 2370 fuerit
2415 2324 2786 2382 argumentum
2828 2317 2882 2369 in
2914 2332 3020 2386 quo
3047 2328 3288 2375 sumatur
3335 2334 3505 2389 genus
3543 2320 3635 2378 vel

2050 2406 2295 2474 species,
2328 2419 2434 2460 non
2457 2405 2635 2459 statim
2668 2405 2798 2460 illud
2828 2418 3193 2477 argumentum
3215 2424 3284 2464 ex
3325 2424 3521 2479 genere
3545 2411 3636 2468 vel

2053 2499 2234 2567 Specie
2260 2504 2491 2553 tractum
2515 2510 2635 2552 esse
2663 2496 2889 2567 dicitur,
2919 2500 3021 2554 nisi
3069 2501 3117 2555 ei
3154 2511 3466 2571 argumento
3494 2502 3638 2559 vires

2052 2590 2269 2659 generis
2296 2588 2382 2644 vel
2404 2589 2602 2659 speciei
2632 2590 2860 2657 qualitas
2904 2591 3295 2649 subministret.
3317 2591 3431 2664 Age
3459 2593 3635 2662 enim,

2055 2684 2127 2738 sit
2149 2690 2375 2753 quaestio
2400 2699 2467 2738 an
2490 2682 2630 2738 idem
2663 2684 2733 2740 sit
2760 2687 2973 2765 animali
3000 2701 3121 2743 esse
3167 2689 3307 2760 quod
3356 2690 3556 2755 vivere,
3582 2699 3640 2746 et

2057 2774 2153 2830 ﬁat
2172 2776 2558 2845 argumentatio
2581 2776 2661 2832 sic
2690 2794 2705 2832 :
2731 2794 2838 2834 non
2861 2780 2998 2835 idem
3016 2781 3325 2837 estanimali
3345 2797 3466 2839 esse
3490 2783 3638 2854 quod

2060 2866 2262 2935 vivere,
2294 2866 2417 2936 quia
2447 2882 2515 2923 ne
2536 2866 2827 2924 inanimato
2850 2871 3062 2941 quidem
3086 2873 3224 2929 idem
3249 2882 3329 2928 est
3350 2889 3469 2929 esse
3494 2875 3638 2944 quod

2058 2957 2219 3021 mori,
2249 2958 2473 3028 plurima
2496 2958 2691 3029 quippe
2714 2971 2839 3016 sunt
2867 2961 3181 3031 inanimata,
3203 2981 3375 3036 neque
3401 2968 3642 3023 moriun-

2061 3056 2167 3103 tur.
2201 3047 2334 3103 Nam
2379 3064 2498 3119 quae
2540 3066 2810 3121 nunquam
2855 3054 3058 3121 vixere,
3113 3070 3182 3110 ne
3236 3058 3372 3112 mori
3423 3058 3638 3128 quidem

2058 3153 2219 3207 posse
2246 3138 2585 3196 manifestum
2611 3152 2710 3197 est.
2741 3142 2850 3198 lloc
2904 3144 3062 3213 igitur
3090 3144 3437 3204 inanimatam
3468 3164 3640 3220 genus

365 3226 772 3282 similitudinum
812 3236 1140 3283 nasceretur.
1198 3228 1350 3285 Prius
1398 3231 1540 3286 enim
1591 3236 1870 3304 proposuit
1914 3247 1949 3290 a
1982 3240 2031 3307 ς,
2062 3239 2145 3287 εει
2176 3230 2512 3301 lapidum,ac
2538 3233 2775 3301 fusilium
2795 3237 3153 3307 metallorum,
3182 3248 3238 3295 et
3257 3254 3526 3321 sumptum
3555 3253 3641 3300 est

365 3325 549 3392 simili,
577 3341 606 3381 a
644 3325 964 3395 differentia,
994 3344 1024 3382 a
1045 3329 1331 3394 contrario,
1365 3338 1525 3399 atque
1544 3330 1629 3385 hic
1657 3331 1940 3390 universus

369 3416 502 3474 ordo
548 3427 632 3474 est
661 3419 916 3475 similium
956 3429 1010 3475 et
1051 3422 1463 3479 contrariorum.
1507 3422 1714 3479 Rursus
1756 3426 1823 3480 ab
1862 3425 1950 3481 ad-

366 3509 583 3580 junctis,
626 3512 694 3566 ab
735 3512 1189 3577 antecedentibus,
1236 3527 1266 3567 a
1293 3515 1765 3584 consequentibus,
1806 3531 1834 3570 a
1864 3532 1952 3575 re-

370 3602 743 3674 pugnantibus.
805 3588 898 3660 llic
941 3620 1126 3661 rursus
1155 3605 1421 3660 secundus
1441 3606 1577 3663 ordo
1608 3608 1861 3664 similium
1895 3618 1952 3664 et

369 3696 760 3751 contrariorum
802 3710 924 3752 esse
949 3696 1392 3766 deprehenditur.
1422 3698 1527 3754 Sed
1562 3701 1766 3768 primus
1796 3700 1952 3756 valde

372 3786 666 3842 evidentior
695 3802 852 3857 quam
885 3787 1183 3853 secundus;
1208 3788 1328 3859 plus
1356 3797 1438 3844 est
1467 3789 1609 3844 enim
1630 3789 1808 3845 simile
1833 3806 1953 3848 esse

372 3894 529 3948 quam
542 3879 849 3950 adjunctum
860 3924 874 3948 ,
889 3880 1007 3949 plus
1028 3890 1110 3936 est
1123 3880 1338 3937 dill'erre
1353 3894 1511 3952 quam
1526 3884 1849 3939 antecedere
1867 3884 1953 3943 vel

374 3969 651 4039 consequi,
683 3969 800 4040 plus
827 3970 984 4024 etiam
996 3981 1079 4026 est
1102 3972 1430 4028 contrarium
1449 3988 1607 4043 quam
1622 3990 1948 4045 repugnans.

372 4058 444 4115 Et
490 4060 542 4114 in
601 4074 699 4115 suo
747 4074 972 4131 quaeque
1023 4061 1211 4119 ordine
1278 4064 1491 4134 plenam
1561 4065 1794 4120 retinent
1847 4064 1955 4120 lor-

373 4165 536 4218 mam,
564 4151 708 4207 velut
735 4150 856 4222 quia
884 4153 1173 4209 similitudo
1194 4156 1645 4226 prepinquitatem
1668 4157 1955 4226 quamdam

372 4256 562 4302 tenere
589 4245 785 4302 debet:
824 4246 1174 4319 propinquius
1212 4257 1293 4304 est
1319 4251 1463 4305 enim
1496 4250 1549 4306 id
1604 4251 1745 4320 quod
1773 4260 1855 4306 est
1883 4251 1956 4306 si-

373 4337 500 4392 mile
526 4337 575 4393 ei
595 4339 680 4393 cui
708 4339 882 4395 simile
913 4324 1044 4395 esse.
1078 4342 1472 4409 consideratur,
1528 4359 1686 4415 quam
1714 4344 1769 4400 id
1813 4346 1958 4416 quod

374 4428 683 4497 adjunctum
702 4439 786 4485 est
813 4434 859 4486 ei
886 4433 970 4487 cui
1018 4435 1248 4490 naturali
1299 4436 1575 4493 vicinitate
1594 4437 1954 4509 conjungitur.

376 4519 583 4574 Rursus
610 4520 859 4591 quoniam
886 4522 1189 4581 differentia
1220 4526 1588 4583 similitudinis
1617 4538 1806 4585 auctor
1852 4540 1957 4599 est,

2056 3321 2114 3378 in
2138 3333 2535 3393 argumentum,
2566 3325 2661 3380 sed
2692 3342 2799 3381 non
2828 3342 2896 3384 ex
2919 3343 3115 3405 genere
3143 3330 3340 3387 factum
3370 3342 3455 3389 est
3482 3349 3641 3405 argu-

2056 3424 2320 3482 mentum,
2350 3415 2475 3472 lioet
2505 3415 2558 3471 itt
2588 3416 2779 3473 eodem
2825 3433 2993 3489 genus
3049 3421 3292 3478 videatur
3346 3422 3635 3494 inclusum”,

2057 3506 2154 3562 sed
2184 3507 2359 3577 potius
2378 3523 2409 3564 a
2438 3508 2729 3565 contrario.
2754 3508 2886 3565 Nam
2909 3511 3235 3567 contrarium
3262 3523 3345 3569 est
3372 3515 3495 3571 vitae
3520 3518 3641 3587 qui-

2056 3600 2183 3655 dem
2213 3602 2726 3669 mors,animalium
2758 3603 3142 3671 inanimatum;
3200 3606 3296 3663 sed
3351 3610 3484 3665 mori
3530 3625 3640 3669 non

2058 3693 2302 3763 sequitur
2328 3694 2704 3763 inanimatum,
2725 3696 2884 3766 igitur
2896 3714 2963 3753 ne
2982 3699 3181 3755 animal
3208 3700 3421 3770 quldem
3438 3703 3641 3762 vivere.

2057 3782 2177 3839 Non
2200 3800 2327 3857 ergo
2346 3802 2410 3842 ex
2434 3802 2633 3857 genere
2668 3789 2820 3844 locus
2845 3788 2948 3844 iste
2970 3790 3241 3846 ducendus
3271 3802 3353 3848 est
3372 3834 3387 3859 ,
3410 3792 3504 3850 sed
3548 3809 3647 3865 po:-

2058 3878 2170 3934 tius
2196 3893 2264 3934 ex
2291 3880 2581 3948 contrario,
2607 3880 2875 3951 quamvis
2897 3896 3065 3950 genus
3116 3882 3417 3951 bujusmodi
3474 3888 3645 3943 conti-

2059 3980 2190 4027 neat
2230 3978 2636 4038 argumentum;
2659 3981 2788 4025 tunc
2811 3974 2954 4025 enim
3005 3973 3153 4027 locus
3192 3983 3336 4029 esset
3359 3990 3390 4029 a
3418 3991 3641 4048 genere,

2062 4061 2112 4120 si
2133 4060 2202 4113 ab
2227 4061 2475 4116 animalis
2498 4064 2634 4116 vela
2662 4062 2877 4117 vivendi
2919 4078 3117 4132 genere
3165 4070 3458 4135 argumenti
3508 4074 3646 4127 ratio

2062 4152 2389 4219 traheretur,
2420 4153 2566 4209 velut
2585 4154 2631 4209 si
2661 4154 2736 4209 ita
2762 4154 2918 4210 lieret
2966 4166 3338 4226 argumentum
3377 4177 3389 4212 :
3426 4162 3646 4220 animali

2063 4259 2208 4311 esse,
2231 4244 2545 4301 substantiae
2564 4255 2817 4313 estesse;
2850 4247 3023 4317 ipsum
3053 4261 3182 4303 vero
3202 4248 3381 4307 vivere
3395 4238 3647 4315 substan-

2062 4336 2140 4393 tia
2170 4353 2275 4393 non
2306 4348 2411 4406 est,
2440 4338 2536 4394 sed
2568 4339 2620 4393 in
2650 4338 3001 4395 subetantiam
3052 4340 3217 4396 venit.
3256 4342 3372 4399 Non
3414 4354 3495 4400 est
3547 4346 3648 4416 igi-

2066 4438 2153 4484 tur
2181 4428 2321 4485 idem
2349 4430 2531 4486 vivere
2561 4431 2704 4501 quod
2734 4430 2951 4485 animali
2980 4445 3123 4487 esse.
3148 4435 3190 4486 A
3227 4434 3518 4490 substantia
3550 4437 3648 4507 igi-

2069 4533 2156 4578 tur
2180 4533 2403 4579 tractum
2424 4532 2510 4580 est
2537 4531 2935 4594 argumentum,
2956 4538 2986 4577 a
3012 4537 3210 4592 genere
3256 4525 3507 4582 videlicet
3530 4528 3648 4584 ani-

376 4612 688 4668 dissimilius
714 4614 866 4671 estid
890 4616 1029 4687 quod
1042 4618 1111 4671 ab
1126 4617 1514 4688 aliquodilfert,
1541 4635 1700 4691 quam
1730 4620 1784 4676 id
1816 4623 1961 4692 quod
1988 4608 2045 4673 D
2070 4614 2249 4670 malis.
2283 4615 2395 4669 Hoc
2420 4615 2579 4685 igitur
2609 4621 3004 4684 argumentum,
3055 4620 3111 4667 et
3162 4628 3329 4685 genus
3384 4622 3646 4687 continet,

375 4706 716 4774 consequitur
731 4708 1110 4765 velantecedit.
1132 4709 1334 4765 Rursus
1346 4714 1597 4781 quoniam
1625 4715 1958 4771 contrarium

375 4796 683 4866 longissime
703 4798 770 4854 ab
797 4815 862 4855 eo
882 4800 973 4870 qui
1008 4801 1337 4857 contrarium
1383 4812 1467 4859 est
1503 4813 1715 4874 oportet
1767 4805 1960 4863 absce-

375 4890 524 4957 dere,
558 4889 766 4961 longius
792 4893 1377 4951 absceditcontrarium
1424 4911 1581 4967 quam
1634 4912 1956 4969 repugnans.

378 4979 506 5037 Post
538 4983 655 5037 haec
684 4983 811 5055 quid
841 4986 984 5040 aliud
1036 4994 1241 5042 restare
1281 4996 1489 5058 poterat
1536 5004 1693 5061 quam
1744 4990 1963 5046 eﬂecto-

374 5084 493 5127 rum
516 5087 705 5129 causas
750 5076 1042 5145 querere?
1092 5087 1184 5133 attt
1234 5087 1356 5149 post
1418 5078 1728 5138 eli‘ectorum
1773 5096 1963 5140 causas

377 5165 501 5236 quid
531 5166 673 5223 aliud
699 5184 859 5239 quam
890 5171 1127 5241 ipsarum
1158 5186 1439 5230 causarum
1492 5179 1802 5248 perquirere
1835 5178 1964 5236 clie-

374 5266 530 5320 ctus‘l
558 5266 823 5325 Praeterea
844 5285 872 5323 a
906 5273 1308 5341 comparatione
1334 5274 1460 5343 loci,
1512 5288 1837 5348 postremum
1873 5296 1965 5336 or-

375 5355 556 5409 dinem
582 5364 786 5424 tenent,
819 5360 945 5429 quia
974 5363 1089 5417 sive
1119 5362 1667 5431 similitudinem,sive
1688 5368 1965 5426 dissimili-

376 5444 617 5513 tudinem
648 5448 703 5503 in
732 5449 844 5505 sola
865 5451 1111 5509 obtinent
1133 5456 1448 5523 quantitate.
1477 5459 1557 5513 Ac
1597 5458 1667 5514 de
1720 5459 1961 5518 locorum

378 5540 567 5597 ordine
588 5543 718 5598 satis
745 5544 945 5602 dictum
976 5556 1079 5603 est.
1106 5547 1241 5604 lllud
1296 5560 1560 5619 praeterea
1613 5554 1963 5611 consideran-

379 5633 505 5687 dum
538 5642 686 5703 puto,
717 5650 843 5691 num
874 5636 930 5693 bi
959 5652 1173 5709 quoque
1195 5649 1627 5711 argumentorum
1658 5644 1760 5700 loci
1789 5648 1877 5717 qui
1905 5648 1960 5704 in

378 5722 496 5798 ipso
529 5727 734 5783 harent
761 5726 828 5782 de
848 5744 953 5799 quo
982 5732 1262 5801 quaeritur,
1294 5732 1432 5789 inter
1461 5733 1647 5791 auecta
1686 5735 1805 5807 jure
1861 5755 1963 5797 nu-

378 5828 674 5877 merentur.
723 5818 1166 5893 Quandoquidem
1207 5838 1326 5896 quae
1365 5825 1553 5885 affecta
1579 5837 1726 5899 sunt,
1754 5828 1960 5892 idcirco

2068 4717 2129 4765 et
2156 4723 2222 4763 ex
2251 4722 2446 4778 genere
2474 4707 2691 4763 ductum
2719 4716 2831 4773 est;
2866 4707 2917 4760 in
2940 4706 3119 4776 priore
3148 4723 3308 4779 vero,
3354 4711 3451 4767 etsi
3482 4727 3651 4783 genus

2077 4799 2337 4865 continet,
2372 4816 2401 4855 a
2432 4798 2700 4855 contrario
2727 4807 2908 4854 tamen
2936 4798 3152 4855 ductum
3202 4816 3322 4858 esse
3375 4805 3652 4875 perpendi-

2077 4903 2183 4948 tur.
2210 4892 2343 4948 lllud
2370 4892 2513 4949 enim
2531 4907 2742 4962 semper
2771 4891 3154 4962 speculandum
3185 4904 3287 4961 est,
3319 4911 3422 4951 non
3446 4895 3573 4967 quid
3596 4896 3649 4953 in

2077 4995 2392 5058 argumento
2418 4987 2507 5055 sit,
2533 4986 2628 5043 sed
2649 5001 2714 5043 ex
2745 5002 2852 5058 quo
2872 4987 3085 5044 ducitur
3100 5000 3493 5060 argumentum,
3522 5001 3577 5047 et
3598 4992 3650 5048 in

2077 5080 2293 5136 caneris
2317 5080 2530 5151 quidem
2556 5079 2742 5135 eadem
2766 5080 2899 5136 ratio
2940 5081 3167 5137 tenenda
3211 5093 3314 5148 est,
3370 5100 3542 5155 neque
3571 5095 3653 5142 est

2075 5170 2221 5228 enim
2234 5172 2288 5228 in
2316 5172 2541 5244 singulis
2569 5173 2984 5228 immorandum.
3030 5173 3087 5228 Si
3116 5174 3234 5245 quis
3259 5176 3401 5230 enim
3429 5176 3654 5247 diligen-

2067 5264 2201 5320 tiam
2229 5265 2473 5322 decursaa
2500 5265 2744 5336 superius
2780 5265 3132 5334 expositionis
3177 5268 3455 5334 exercuit,
3498 5269 3654 5327 facile

2067 5356 2130 5412 in
2154 5357 2375 5427 reliquis
2422 5357 2659 5429 colliget,
2703 5357 2843 5427 quod
2883 5372 2990 5413 uno
3026 5356 3329 5414 declaratur
3381 5362 3649 5431 exemplo.

2125 5456 2345 5523 Quando
2356 5472 2477 5528 ergo
2491 5458 2833 5526 unusquisque
2841 5473 3014 5512 eorum
3037 5458 3261 5513 locorum
3270 5477 3397 5531 quos
3417 5464 3649 5535 exposui,

2067 5565 2166 5603 sua
2191 5550 2422 5618 quwdant
2444 5552 2665 5604 membra
2685 5551 2853 5621 habet,
2884 5567 2945 5605 ea
2960 5567 3111 5619 quam
3135 5552 3460 5609 subtilissime
3483 5572 3656 5626 perse-

2068 5658 2304 5713 quamur,
2322 5651 2369 5696 et
2396 5644 2617 5714 primunt
2638 5642 2702 5697 de
2718 5643 2832 5713 ipsa
2856 5642 3146 5711 deﬁnitione
3169 5644 3389 5701 dicatur.
3410 5636 3654 5717 Deﬁnitio

2067 5743 2144 5791 est
2171 5735 2333 5788 oratio
2362 5751 2475 5806 quae
2495 5736 2548 5790 id
2573 5736 2709 5805 quod
2734 5736 2979 5805 deﬁnitur
2998 5737 3218 5807 explicat
3240 5740 3363 5810 quid
3381 5741 3468 5797 sit.
3554 5734 3557 5739 ί

2062 5908 2112 5919 ρ,
2140 5834 2439 5906 Propositis
2467 5837 2627 5909 igitur
2640 5839 2876 5897 breviter
2896 5848 3330 5909 argumentorum
3354 5839 3509 5910 locis,
3531 5818 3651 5899 eos?

2076 5935 2095 5990 l
