4248 6272
660 320 794 377 1091

1898 315 2007 372 AN.
2051 310 2254 370 MANL.
2287 314 2437 405 ξεν.
2470 314 2692 372 ΒΟΕΤΙΙ

3792 314 3936 373 1001

660 432 783 487 dem
806 430 1050 487 subtilius
1080 437 1237 497 atque
1257 425 1539 481 enodatius
1571 423 1758 480 statuit
1786 438 1884 495 per
1906 439 2030 505 suas
2062 434 2239 494 partes
2266 430 2323 493 Α
2349 426 2545 481 tionem
2560 429 2903 497 determinat,
2922 429 3137 483 dicens:
3158 423 3410 484 Deﬁnitio
3421 440 3505 486 est
3521 428 3693 486 oratio
3707 430 3827 502 quid
3843 440 3937 487 est

660 534 707 576 et
736 520 1085 579 convenentia
1114 518 1349 573 membra
1408 516 1613 589 partiri.
1676 516 1750 570 Ita
1802 517 1952 571 enim
2001 516 2242 571 locorum

661 615 897 670 omnium
952 611 1256 678 diligentius
1308 618 1496 664 natura
1547 607 1999 675 considerabitur,
2056 606 2102 663 si
2134 624 2242 663 non

659 703 880 759 confuse
900 703 1095 768 solum,
1125 717 1313 756 verum
1348 701 1512 757 etiam
1548 699 1900 767 distributitn,
1931 710 1985 756 et
2035 700 2089 756 in
2118 716 2243 757 sua-

658 809 774 848 rum
807 794 1034 865 partiutn
1090 794 1413 865 proprietate
1477 801 1787 847 noscantur.
1826 790 1929 846 Dat
1972 804 2101 847 vero
2140 790 2242 847 hoc

661 888 877 941 multam
908 883 1347 963 inveniendorum
1400 866 1612 954 copiam
1656 892 2098 953 argumentorum
2133 902 2147 939 :
2185 894 2241 938 nt

658 976 799 1031 enim
831 976 898 1031 de
924 975 1231 1031 deﬁnitione
1274 973 1547 1039 dicamus,
1581 973 1628 1029 si
1653 983 1869 1029 cunctas
1897 974 2088 1044 aliquis
2141 974 2237 1029 de-

656 1068 957 1125 ﬁnitionum
988 1077 1165 1138 partes
1195 1067 1491 1137 agnoverit,
1519 1082 1580 1119 ex
1600 1065 1860 1143 omnibus
1888 1048 1989 1119 sibi
2042 1063 2240 1134 poterit

658 1160 967 1230 argumenta
994 1156 1332 1227 conquirere,
1356 1152 1564 1223 eritque
1596 1152 1647 1210 in
1691 1154 2024 1209 inveniendis
2052 1158 2238 1224 cepio-

658 1252 767 1310 sio'r
796 1251 1124 1323 argumentis
1144 1266 1209 1305 eo
1231 1249 1319 1320 qui
1341 1256 1470 1319 quot
1490 1249 1594 1301 sint
1645 1246 1973 1301 deﬁnitiOnis
2031 1249 2237 1316 Species

654 1329 880 1416 ignorat.
917 1342 994 1398 Ex
1048 1340 1122 1396 tot
1159 1340 1300 1396 enim
1364 1339 1733 1413 deﬁnitionum
1777 1340 2017 1405 partibus
2072 1354 2236 1409 argu-

656 1444 833 1492 menta
881 1432 1158 1505 producet,
1197 1430 1421 1501 quantas
1472 1431 1591 1501 quis
1630 1429 2001 1485 definitionum
2059 1440 2237 1497 partes

657 1522 776 1583 esse
798 1522 1124 1594 cogitOVerit.
1166 1508 1214 1578 is
1262 1537 1390 1578 vero
1438 1521 1658 1576 habebit
1704 1520 1989 1589 plurimam
2049 1520 2237 1574 talium

653 1620 893 1675 locorum
922 1612 1247 1680 facultatem,
1304 1610 1463 1685 quem
1531 1612 1905 1668 deﬁnitionum
1952 1610 2237 1665 diversitas

655 1726 760 1766 non
784 1707 987 1765 latebit.
1015 1704 1096 1763 Ob
1126 1708 1227 1762 hoc
1257 1707 1417 1778 igitur
1463 1706 1535 1761 Μ.
1587 1704 1813 1773 Tullius,
1843 1716 1977 1773 quos
2012 1702 2237 1758 confuse

650 1800 812 1873 a'tdue
837 1801 1099 1871 indigeste
1121 1800 1296 1869 posuit
1324 1784 1489 1863 locos,
1535 1812 1675 1851 nunc
1731 1795 1949 1850 eosdem
2005 1794 2235 1864 diligen-

652 1894 787 1952 tiore
812 1892 1021 1949 ratione
1051 1890 1296 1962 partitur.
1333 1896 1405 1945 Ac
1428 1890 1657 1960 primum
1687 1886 1820 1943 illud
1878 1887 2233 1958 prepensiore

648 1987 1073 2044 consideratione
1094 1980 1426 2041 tractandum
1454 1991 1559 2048 est,
1603 1979 1763 2053 quod,
1800 1989 1858 2035 ut
1912 1980 2108 2034 dictum
2127 1990 2231 2047 est,

649 2080 813 2135 etiam
836 2078 935 2133 loci
968 2076 1068 2149 ipsi
1094 2090 1179 2131 res
1209 2077 1451 2143 quaedam
1480 2082 1625 2141 sunt,
1680 2075 1773 2127 sed
1806 2081 1931 2126 tunc
1968 2087 2090 2126 esse
2149 2072 2235 2125 in-

651 2172 959 2242 telliguntur
988 2167 1111 2232 loci,
1158 2183 1278 2222 cum
1306 2166 1375 2220 ab
1426 2166 1506 2220 his
1554 2162 1783 2219 trahitur
1829 2171 2227 2234 argumentum.

651 2258 791 2335 Ergo
819 2278 958 2318 nunc
1001 2261 1193 2317 Cicero
1245 2276 1349 2315 non
1379 2258 1743 2329 principaliter
1789 2256 1936 2311 locos
1959 2298 1972 2322 ,
2013 2256 2105 2310 sed
2142 2256 2232 2310 res

647 2355 791 2427 ipsas
818 2352 1020 2419 dividit,
1066 2354 1183 2423 quae
1213 2351 1279 2405 ad
1336 2358 1705 2420 argumentum
1744 2347 1938 2414 ductae,
1996 2348 2230 2415 speciem

648 2446 1140 2504 sumuntiocorum.
1164 2443 1410 2498 Deﬁnitio
1441 2457 1691 2512 namque,
1732 2449 1786 2495 et
1824 2454 1967 2510 pars,
2001 2448 2055 2494 ct
2081 2448 2227 2509 nota,

649 2553 737 2595 res
763 2537 1004 2609 quindam
1027 2546 1172 2600 sunt,
1202 2533 1294 2589 sed
1325 2538 1445 2589 etim
1474 2534 1542 2587 ab
1568 2530 1650 2587 bis
1692 2534 2065 2601 argumentum
2088 2530 2232 2585 duci-

645 2637 754 2693 tur,
784 2608 889 2681 loci
916 2618 1069 2679 ﬁunt.
1102 2625 1233 2678 Cum
1265 2623 1423 2692 igitur
1472 2608 1539 2677 bi.
1571 2621 1777 2677 Tullius
1826 2636 1913 2676 res
1959 2620 2102 2690 ipsas
2158 2620 2230 2677 ita

646 2716 704 2775 tit
727 2714 851 2773 sunt
874 2717 1193 2773 naturaliter
1215 2717 1493 2786 partiatur,
1522 2716 1679 2770 simul
1702 2732 1825 2769 cum
1860 2714 2018 2769 rebus
2041 2708 2232 2769 dividit

644 2796 816 2869 iocos.
847 2800 901 2868 Si
932 2811 1074 2866 enim
1104 2818 1189 2866 res
1216 2825 1317 2865 una
1345 2817 1424 2864 est
1452 2823 1481 2861 a
1507 2823 1611 2878 qua
1664 2807 1784 2862 duci
1831 2807 2029 2876 poterit
2070 2818 2233 2876 argu-

642 2902 904 2963 mentum.
939 2904 1074 2957 unus
1097 2904 1179 2957 est
1205 2901 1365 2956 etiam
1415 2901 1587 2965 locus;
1631 2909 1686 2954 at
1741 2897 1786 2954 si
1817 2898 1906 2953 illa
1951 2898 2227 2965 dividitur,

641 2995 768 3069 quot
800 3006 975 3067 partes
997 2993 1111 3065 ejus
1134 2994 1211 3049 rei
1243 2992 1460 3060 fuerint,
1498 3002 1575 3047 tot
1620 3001 1779 3047 erttnt
1800 2991 1962 3047 etiam
2005 2989 2107 3046 loci
2133 2994 2228 3059 ge‘»

639 3088 785 3144 neris
822 3086 1061 3159 ejusdem
1109 3078 1176 3141 de
1201 3096 1308 3156 Quo
1359 3084 1670 3155 argumenta
1720 3082 2035 3138 nascuntur.
2096 3080 2229 3147 Qum

2346 535 2466 576 esse
2498 521 2822 591 signiﬁcans.
2853 523 3003 575 Hanc
3026 521 3095 575 M.
3122 522 3328 577 Tullius
3353 523 3582 592 partitur
3612 525 3711 578 hoc
3734 522 3929 577 modo:

2420 612 2790 683 Deﬁnitionum
2816 606 2987 668 autem
3022 615 3125 668 duo
3155 626 3271 669 sunt
3300 632 3484 688 genera
3534 618 3721 686 prima,
3770 632 3936 670 unum

2344 721 2519 759 earum
2541 723 2710 759 rerum
2738 723 2852 775 qua:
2881 715 3016 772 sunt,
3046 707 3265 760 alterum
3291 724 3471 761 earum
3492 723 3605 777 qua”.
3632 706 3931 777 intelligun-

2345 792 2448 848 tur.
2482 793 2609 850 Esse
2638 813 2696 849 ea
2726 797 2842 849 dico
2870 813 2985 866 quae
3005 799 3147 851 cerni
3174 801 3372 869 tangive
3423 810 3659 872 possunt,
3708 812 3760 851 ut
3810 802 3936 866 [urs-

2344 872 2487 952 dum,
2519 887 2703 951 (edem,
2756 890 3021 958 parietem,
3074 889 3416 958 stillicidium,
3475 891 3809 960 mancipium,
3840 904 3933 959 pe-

2346 980 2546 1045 cudem,
2592 980 2976 1049 supellectilem,
3025 1000 3205 1054 penus,
3238 996 3283 1039 et
3333 998 3541 1040 cetera.
3573 978 3685 1051 Quo
3739 1002 3802 1040 ea:
3839 1001 3931 1055 ge-

2346 1085 2464 1123 nere
2491 1064 2727 1141 q'uaadam
2780 1072 3037 1149 interdum
3082 1074 3221 1128 nobis
3274 1064 3565 1145 deﬁnienda
3613 1085 3753 1130 sunt.
3802 1075 3935 1130 Non

2344 1176 2450 1212 esse
2471 1160 2647 1215 rursus
2672 1179 2730 1216 ea
2757 1163 2872 1216 dico
2898 1180 3009 1233 quae
3044 1166 3179 1237 tangi
3216 1166 3603 1222 dentonstratioe
3648 1184 3749 1222 non
3797 1183 3933 1237 pos-

2344 1260 2481 1313 sunt,
2514 1252 2652 1305 cerni
2671 1240 2835 1307 tamen
2864 1256 3033 1307 animo
3070 1266 3221 1326 atque
3248 1254 3463 1328 intelligi
3489 1265 3716 1325 possunt,
3770 1267 3831 1310 ut
3881 1258 3938 1310 si

2344 1341 2732 1412 usttcapionem,
2755 1344 2801 1396 si
2831 1340 3062 1413 tutelam,
3096 1348 3141 1400 si
3166 1348 3441 1419 gentem,si
3483 1349 3810 1417 agnationem
3837 1345 3939 1402 de-

2345 1430 2520 1499 ﬁnias,
2552 1449 2767 1501 quarum
2791 1452 2965 1489 rerum
2996 1432 3194 1492 nullum
3218 1438 3384 1493 subest
3424 1439 3569 1507 quasi
3589 1453 3775 1505 corpus
3805 1452 3824 1491 :
3851 1445 3939 1492 est

2346 1522 2511 1576 tamen
2542 1527 2779 1594 qua’dant
2805 1526 3142 1598 conformatio
3174 1532 3439 1602 insignita,
3478 1543 3525 1585 et
3572 1532 3819 1603 impressa
3846 1532 3937 1586 in—

2345 1602 2643 1701 telligentia,
2674 1638 2823 1688 quam
2852 1623 3111 1678 notionem
3141 1641 3284 1692 voco,
3317 1640 3526 1697 ωηερε
3544 1622 3601 1680 in
3648 1602 3934 1697 argumen-

2345 1704 2503 1760 tando
2534 1708 2826 1778 de/initione
2851 1714 3157 1782 explicanda
3193 1726 3286 1772 est.

2264 1809 2314 1870 Β
2414 1816 2638 1872 Omnem
2686 1819 3051 1877 deﬁnitionem
3097 1822 3441 1880 manifestum
3481 1832 3567 1880 est
3612 1825 3679 1878 ad
3720 1825 3924 1897 aliquid

2341 1908 2470 1989 dici,
2498 1909 2724 1978 alicujus
2743 1918 2827 1966 est
2844 1912 2986 1967 enim
3008 1927 3219 1981 semper
3246 1913 3509 1971 deﬁnitio.
3541 1915 3670 1982 Quae
3694 1930 3825 1972 vero
3851 1919 3927 1973 ad

2340 2000 2543 2067 aliquid
2576 2001 2846 2068 dicuntur,
2877 2006 3161 2076 quamdam
3204 2008 3587 2076 proprietatem
3616 2023 3681 2064 ex
3710 2008 3794 2065 bis
3822 2025 3927 2065 su-

2342 2102 2492 2146 ruant
2517 2108 2744 2149 necesse
2771 2103 2875 2160 est,
2911 2096 2979 2150 ad
3022 2111 3142 2166 qua:
3181 2097 3506 2153 referuntur.
3539 2098 3656 2167 Quo
3685 2099 3744 2154 ﬁt
3772 2109 3833 2157 ut
3858 2117 3928 2156 ex

2343 2185 2426 2239 his
2457 2186 2620 2243 rebus
2645 2204 2777 2257 quas
2803 2188 3125 2245 determinat
3168 2190 3430 2259 deﬁnitio,
3473 2192 3528 2247 in
3553 2194 3699 2263 ipsas
3724 2192 3922 2250 deﬁni-

2341 2279 2808 2367 tionesquazdam
2857 2283 3153 2353 proprietas
3203 2284 3595 2353 transferatur;
3652 2286 3748 2342 sed
3788 2289 3918 2357 quia

2340 2372 2482 2441 quod
2510 2372 2576 2453 ad
2607 2373 2808 2442 aliquid
2840 2374 3089 2445 refertur,
3118 2375 3171 2430 id
3203 2390 3311 2431 non
3344 2386 3520 2446 potest
3544 2392 3663 2432 esse
3690 2376 3831 2434 idem
3863 2378 3922 2434 ei

2338 2464 2405 2518 ad
2431 2462 2570 2532 quod
2599 2463 2812 2531 dicitur,
2848 2464 3113 2535 propriam
3138 2483 3353 2537 quoque
3383 2467 3551 2538 ipsum
3572 2467 3713 2538 quod
3740 2468 3921 2524 refer-

2341 2565 2428 2609 tur
2452 2555 2517 2610 ad
2541 2555 2684 2611 aliud
2716 2556 2944 2612 formam
2967 2573 3190 2614 necesse
3206 2570 3291 2615 est
3313 2559 3603 2629 possidere.
3630 2560 3811 2631 quue
3832 2559 3921 2626 ﬁt,

2340 2652 2399 2699 ut
2421 2645 2473 2699 in
2506 2646 2930 2716 deﬁnitionibus,
2958 2658 3015 2704 et
3042 2665 3138 2705 sua
3168 2650 3299 2706 insit
3332 2652 3527 2720 forma,
3568 2660 3623 2707 et
3663 2666 3726 2707 ea
3756 2667 3921 2724 quam

2339 2736 2409 2792 ab
2439 2736 2521 2792 Itis
2545 2738 2831 2808 accipiunt,
2879 2754 2999 2808 quae
3027 2739 3310 2809 deﬁniunt,
3340 2741 3735 2797 consideretur.
3764 2741 3923 2810 Quod

2339 2828 2413 2883 Μ.
2437 2816 2642 2885 Tullius
2670 2830 2870 2899 ridens,
2901 2831 3126 2901 primum
3151 2831 3340 2888 dividit
3363 2832 3703 2890 deﬁnitiones
3728 2848 3923 2890 secun-

2336 2921 2465 2977 dum
2510 2938 2574 2977 ea
2611 2938 2730 2994 qua:
2769 2923 3117 2991 deﬁniuntur,
3146 2939 3371 2995 quarum
3408 2940 3608 3005 genera
3647 2924 3757 2981 duo
3798 2939 3921 2983 esse

2339 3016 2611 3093 preponit,
2654 3031 2819 3070 unum
2861 3030 3045 3071 earum
3098 3031 3276 3072 rerum
3326 3031 3446 3086 quae
3492 3025 3641 3083 sunt,
3690 3016 3920 3072 alterum

2334 3124 2520 3166 earum
2544 3125 2665 3179 qua:
2687 3110 3074 3180 intelliguntur.
3099 3108 3206 3165 Bas
3234 3109 3397 3179 igitur
3425 3108 3798 3165 deﬁnitionum
3819 3109 3923 3165 dif-

638 3192 759 3272 cnm
787 3179 856 3235 ita
879 3181 1263 3272 sinAt,_cttmqne
1291 3177 1440 3272 prius
1464 3177 1701 3272 omnium
1718 3176 1885 3272 iocus
1968 3181 2104 3272 ἕσις).
2128 3166 2223 3267 εἶέν
2255 3176 2304 3242 C
2334 3166 2591 3258 ferentias
2619 3217 2683 3258 ex
2717 3201 2800 3257 his
2832 3166 3042 3257 videtur
3067 3166 3363 3271 sumpsisse
3382 3216 3502 3272 qua:
3525 3201 3579 3255 in
3608 3200 3922 3257 deﬁnitione

639 3270 691 3324 id
716 3270 796 3325 est
818 3285 846 3323 a
873 3266 1201 3332 deﬁnitione,
1228 3266 1375 3334 prius
1400 3266 1529 3336 quid
1547 3266 1622 3321 sit
1642 3264 1884 3320 deﬁnitio
1900 3262 2216 3319 definitione

637 3361 917 3425 declarat.
960 3370 1017 3415 ut
1075 3359 1337 3429 patefacta
1392 3358 1471 3414 rei
1538 3367 1769 3425 natura,
1843 3356 2052 3427 Species
2104 3355 2221 3426 ejus

633 3452 719 3504 vel
795 3451 1030 3504 membra
1082 3450 1422 3505 convenienti
1477 3449 1668 3504 ordine
1720 3434 1999 3518 partiatur.
2081 3440 2219 3502 Deﬁ-

636 3538 806 3606 ititio,
858 3539 1066 3607 inquit,
1124 3547 1207 3592 est
1261 3538 1432 3593 oratio
1482 3554 1600 3608 qua:
1655 3537 1707 3591 id
1758 3540 1900 3607 quod
1967 3526 2219 3605 deﬁnitur

632 3630 863 3699 explicat
911 3624 1038 3696 quid
1090 3616 1188 3691 sit,
1238 3629 1376 3682 sicut
1433 3626 1673 3681 definitio
1700 3634 1783 3681 est
1825 3615 2219 3691 itominis,anil

634 3720 739 3775 mal
772 3717 1050 3784 rationale,
1079 3715 1324 3771 mortale.
1353 3708 1561 3772 Dictum
1588 3731 1714 3771 vero
1728 3716 2218 3787 catttissimeexpli-

633 3816 738 3868 cat.
762 3800 892 3865 Nam
923 3806 1062 3878 quod
1092 3820 1284 3863 nomen
1310 3808 1533 3863 confuse
1555 3807 1861 3872 denuntiat,
1892 3806 1943 3861 id
1974 3802 2217 3862 deﬁnitio

634 3900 988 3975 perquze‘dam
1043 3902 1414 3957 Substantialia
1470 3901 1708 3954 membra
1762 3898 2029 3955 diﬁundit.
2063 3900 2215 3967 Quod

628 3996 772 4050 enim
799 3995 1019 4049 confuse
1046 3994 1260 4049 nomine
1285 3993 1517 4047 hominis
1571 3992 1895 4059 declaratur,
1953 3991 2008 4048 id
2036 3995 2215 4060 aperit

628 4094 787 4155 atque
810 4085 1041 4153 explicat
1096 4080 1357 4150 definitio,
1404 4082 1593 4138 dicens
1646 4080 1917 4139 hominem
1947 4098 2066 4141 esse
2098 4086 2215 4140 ani-

639 4177 742 4231 mal
768 4178 1026 4231 rationale
1055 4185 1108 4230 et
1131 4177 1374 4230 mortale.
1407 4174 1537 4230 Nam
1579 4176 1681 4229 nisi
1716 4175 1787 4229 ita
1843 4176 2087 4241 dixisset,
2120 4191 2218 4246 po-

630 4274 805 4322 luerat
829 4282 949 4322 esse
971 4267 1271 4321 communis
1297 4264 1538 4321 deﬁnitio
1567 4266 1748 4335 generi
1798 4282 2034 4337 quoque,
2069 4270 2213 4323 velut

628 4357 729 4414 hoc
758 4357 1208 4412 modo:Detinitio
1228 4367 1311 4412 eSt
1333 4372 1452 4425 quae
1476 4357 1720 4424 designat
1743 4358 1870 4426 quid
1887 4359 2041 4412 estid
2068 4360 2211 4428 quod

624 4449 828 4506 deﬁnit.
854 4450 959 4507 Sed
989 4464 1158 4521 genus
1210 4463 1423 4519 quoque
1463 4447 1705 4515 designat
1741 4447 1866 4517 quid
1914 4457 1996 4502 est
2038 4448 2089 4502 id
2140 4446 2209 4504 de

625 4554 729 4612 quo
755 4542 1090 4612 praedicatur,
1122 4541 1216 4596 sed
1238 4552 1344 4595 nan
1368 4539 1596 4609 explicat
1628 4538 1755 4608 quid
1785 4539 1873 4593 Sit.
1897 4538 2019 4595 Sola
2062 4540 2207 4595 enim
2232 4565 2295 4631 ν

623 4634 862 4689 deﬁnitio
883 4634 1111 4703 explicat
1138 4634 1264 4704 quid
1282 4630 1502 4703 SitquOd
1516 4632 1758 4687 oratione
1789 4632 2062 4701 perﬁcitur
2085 4648 2099 4698 ;
2123 4648 2209 4703 ge-

624 4734 724 4781 nus
750 4740 873 4781 vero
896 4740 948 4782 et
976 4725 1170 4781 caat'era
1193 4734 1313 4796 quae
1333 4725 1557 4796 singulis
1607 4725 1923 4796 plerumque
1976 4725 2207 4780 nomini-

622 4817 719 4872 bus
752 4817 1108 4887 proferuntur,
1142 4816 1383 4872 minime.
1426 4818 1670 4887 Explicat
1725 4830 1905 4874 autem
1960 4817 2204 4875 deﬁnitio

622 4910 674 4965 id
698 4911 836 4980 quod
865 4908 1133 4976 deﬁnitur,
1176 4914 1284 4964 non
1311 4916 1523 4980 quoquo
1551 4909 1731 4980 modo,
1789 4910 1841 4965 id
1867 4918 1949 4965 est
1978 4924 2088 4965 non
2146 4910 2202 4966 in

623 5018 689 5058 eo
717 5002 855 5073 quod
887 5002 1043 5072 quale
1064 5002 1147 5056 vel
1176 5006 1433 5071 quantum
1450 5008 1551 5066 est,
1587 5004 1692 5055 non
1730 5003 1783 5055 in
1811 4999 2049 5070 quolibet
2068 5000 2202 5055 alio-

621 5106 739 5147 rum
764 5091 1337 5164 przedica‘metitorum,
1390 5092 1484 5149 sed
1546 5091 1674 5161 quid
1718 5092 1808 5157 sit,
1859 5089 1912 5145 id
1969 5096 2052 5146 est
2083 5093 2206 5160 ejus

620 5184 759 5253 quod
789 5182 1006 5250 deﬁnit,
1037 5184 1393 5239 substantiam
1430 5184 1711 5237 inenstrat.
1744 5181 1819 5236 Ea
1852 5194 1975 5235 vero
2011 5181 2206 5237 deﬁni-

619 5276 699 5331 tio
730 5278 1080 5332 substantiam
1102 5276 1316 5346 digerit,
1334 5289 1453 5345 qnte
1469 5284 1536 5331 ex
1554 5287 1752 5345 genere
1772 5273 2196 5347 dificrentiisque

616 5377 888 5445 consistit;
924 5378 1041 5433 haec
1087 5384 1316 5447 namque
1346 5374 1790 5448 uniuscujusiib'et
1841 5376 2199 5432 substantiam

561 5450 568 5471 ³
615 5481 1099 5552 signiﬁcant,sicut
1126 5484 1179 5537 in‘
1224 5482 1306 5537 his
1336 5480 1535 5537 dictum
1561 5478 1665 5548 est,
1723 5478 1815 5536 ubi
1862 5480 1929 5535 de
1971 5495 2199 5552 genere,

615 5585 816 5652 specie,
859 5584 1179 5652 diﬁerentia,
1228 5586 1465 5656 proprio,
1497 5582 1871 5655 accidentique
1909 5586 2196 5639 tractatum

612 5690 717 5739 est.
752 5684 893 5757 Ergo
919 5684 1092 5742 omnis
1112 5680 1348 5742 deﬁnitio
1374 5684 1609 5758 explicat
1652 5683 1780 5757 quid
1832 5683 1903 5741 sit
1954 5682 2009 5741 id
2049 5679 2198 5752 quod

613 5776 886 5841 deﬁnitur.
911 5784 1231 5843 Aristoteles
1261 5800 1388 5843 vero
1413 5784 1602 5845 eodem
1627 5798 1763 5858 petis
1807 5784 1973 5845 nudo
1997 5785 2195 5846 deﬁni-

2334 3304 2723 3350 monstrantur.
2764 3293 2952 3347 Omnia
2983 3293 3126 3348 enim
3155 3308 3274 3363 quae
3310 3292 3642 3349 deﬁniuntur
3676 3303 3767 3349 aut
3792 3308 3915 3350 cor-

2335 3384 2536 3454 poralia
2587 3394 2730 3450 sunt,
2764 3393 2855 3438 aut
2899 3383 3276 3453 incorporalia.
3312 3383 3419 3439 Res
3459 3384 3605 3440 enim
3634 3399 3817 3439 omnes
3853 3383 3907 3439 in

2334 3460 2451 3531 inec
2489 3477 2732 3545 primitus
2779 3476 3107 3530 dividuntur.
3164 3474 3247 3553 Ea
3284 3489 3415 3531 vero
3455 3491 3576 3546 quae
3616 3473 3912 3546 corporalia

2330 3579 2477 3636 sunt,
2504 3584 2626 3625 esse
2652 3569 2817 3635 dicit;
2846 3585 2906 3624 ea
2939 3585 3058 3640 qua:
3089 3578 3216 3625 sunt
3242 3569 3618 3638 incorporalia,
3641 3583 3747 3624 non
3767 3583 3909 3637 esse,

2330 3678 2439 3717 non
2470 3661 2610 3732 quod
2636 3661 2857 3716 omnino
2879 3676 2943 3716 ea
2969 3678 3088 3731 quae
3112 3660 3465 3731 incorporalia
3495 3668 3618 3715 sunt
3642 3673 3747 3715 non
3779 3658 3908 3727 sint,

2328 3755 2527 3826 alioqui
2574 3769 2672 3809 nec
2701 3753 3062 3809 deﬁnitionem
3094 3753 3445 3823 susciperent.
3476 3751 3605 3806 Nam
3635 3751 3680 3806 si
3711 3750 3910 3807 deﬁni-

2326 3849 2407 3904 tio
2433 3856 2516 3903 est
2535 3862 2639 3916 qua
2670 3846 2971 3916 explicatur
2993 3846 3043 3900 id
3066 3846 3208 3914 quod
3239 3845 3486 3900 deﬁnitur
3510 3843 3638 3914 quid
3666 3844 3756 3909 sit,
3784 3843 3902 3914 ejus

2325 3939 2429 4005 rei,
2482 3954 2602 4010 quae
2637 3938 2858 3993 omnino
2894 3952 3002 3992 non
3040 3946 3142 4006 est,
3188 3952 3286 3992 nec
3319 3936 3450 4007 quid
3498 3938 3585 4004 sit,
3616 3935 3904 4005 explicatio

2326 4041 2437 4095 ulla
2466 4053 2587 4096 esse
2617 4048 2814 4108 potest.
2848 4038 2954 4094 Sed
2984 4037 3106 4106 quia
3140 4036 3428 4091 humanum
3456 4050 3627 4105 genus
3658 4036 3907 4093 sensibus

2322 4133 2494 4202 degit,
2519 4133 2569 4187 id
2593 4132 2823 4187 maxime
2844 4145 2961 4185 esse
2986 4129 3296 4195 arbitratur,
3321 4127 3462 4198 quod
3486 4143 3740 4183 sensuum
3763 4142 3907 4182 com-

2326 4224 2672 4293 preltensioni
2718 4223 3014 4291 subjicitur.
3056 4221 3187 4288 Quis
3233 4222 3380 4277 enim
3431 4220 3535 4276 sibi
3582 4234 3685 4275 non
3735 4218 3906 4288 magis

2324 4317 2559 4385 lapidem
2591 4317 2731 4371 scire
2773 4315 3041 4380 videatur,
3084 4323 3176 4368 aut
3215 4313 3512 4378 hominem,
3558 4326 3713 4381 quam
3738 4310 3901 4380 justi-

2324 4412 2487 4477 tiam,
2518 4411 2602 4465 vel
2635 4408 2997 4463 hmreditatem
3019 4449 3034 4475 ,
3069 4408 3151 4462 vel
3179 4406 3436 4478 quidquid
3464 4406 3609 4461 aliud
3641 4420 3748 4461 non
3778 4420 3903 4459 sen-

2321 4504 2501 4569 sibus,
2535 4500 2629 4557 sed
2673 4499 3028 4568 intelligentia
3075 4498 3523 4567 comprehendit?
3571 4496 3721 4553 Unde
3752 4495 3810 4550 ﬁt
3850 4506 3905 4550 ut

2319 4604 2547 4667 propter
2567 4592 2886 4647 evidentiam
2914 4590 3231 4660 cognitionis
3253 4605 3314 4645 ea
3346 4589 3516 4657 magis
3538 4602 3662 4644 esse
3688 4586 3909 4642 videan—

2324 4697 2416 4743 tur
2441 4698 2563 4754 qua:
2587 4682 2827 4752 subjecta
2855 4690 2983 4736 sunt
3010 4682 3277 4745 sensibus,
3304 4695 3367 4735 ea
3405 4679 3628 4734 minime
3673 4692 3793 4748 qua:
3823 4677 3908 4730 iu-

2325 4777 2636 4849 telligentite
2662 4775 2869 4829 ratione
2894 4772 3197 4841 capiuntur.
3236 4771 3344 4827 Sed
3376 4769 3430 4826 id
3471 4769 3753 4825 sciendum
3782 4778 3901 4835 est,

2324 4871 2399 4927 Μ.
2438 4869 2666 4923 Tullium
2694 4865 2763 4921 ad
2794 4865 3068 4920 hominum
3098 4864 3380 4933 protulisse
3414 4863 3747 4934 opinionem,
3793 4875 3899 4917 non

2322 4960 2394 5015 ad
2432 4959 2735 5015 veritatem.
2778 4954 2907 5011 Nam
2951 4964 3007 5009 ut
3045 4953 3185 5008 inter
3218 4953 3420 5022 optime
3463 4951 3903 5022 philosophantes

2318 5052 2583 5113 constitit,
2607 5050 2696 5104 illa
2727 5048 2960 5102 maxime
2988 5056 3115 5101 sunt
3147 5060 3265 5116 qua:
3296 5045 3452 5115 longe
3481 5057 3512 5098 a
3542 5042 3789 5098 sensibus
3815 5056 3904 5097 se-

2316 5151 2535 5215 gregata
2577 5149 2737 5205 sunt,
2789 5140 2878 5195 illa
2927 5139 3123 5203 minus,
3158 5152 3277 5208 qua:
3324 5135 3606 5207 opiniones
3653 5131 3904 5188 sensibus

2317 5234 2752 5293 subministrant.
2800 5232 2950 5287 Unde
2990 5232 3149 5286 etiam
3185 5229 3322 5284 idem
3366 5227 3556 5283 Cicero
3601 5226 3655 5281 in
3701 5225 3905 5281 Timeo

2320 5327 2561 5383 Platonis
2598 5327 2673 5381 ait
2713 5342 2729 5379 :
2774 5324 2913 5393 Quid
2942 5332 3025 5377 est
3052 5322 3194 5392 quod
3228 5335 3438 5389 semper
3476 5320 3565 5384 sit,
3608 5330 3709 5373 nec
3736 5316 3903 5372 ullum

2318 5398 2517 5473 habeat
2560 5425 2758 5483 ortum,
2799 5424 2855 5469 et
2889 5413 3030 5484 quod
3068 5414 3331 5485 gignatur,
3375 5426 3471 5468 nec
3507 5424 3746 5479 unquam
3787 5404 3901 5463 sit?

2312 5496 2556 5576 Quorum
2587 5508 2832 5569 alterum,
2884 5504 3250 5574 intelligentiae
3287 5504 3491 5557 ratione
3535 5498 3898 5569 comprehen-

2313 5602 2482 5672 ditur,
2525 5601 2749 5656 alterum
2781 5595 2936 5654 aﬁert
2972 5596 3282 5667 opinionem
3329 5593 3513 5651 sensui
3556 5592 3778 5648 rationis
3807 5606 3900 5646 ex-

2316 5708 2463 5771 pers.
2511 5691 2611 5750 Hic
2636 5684 2795 5764 igitur
2824 5688 2876 5747 id
2906 5688 3047 5762 quod
3077 5702 3290 5760 semper
3316 5686 3406 5759 sit,
3448 5683 3641 5743 rationi
3672 5680 3892 5771 adjecit,

2262 5820 2267 5825 ~
2313 5766 2375 5847 id
2405 5800 2532 5843 vero
2560 5774 2703 5856 quod
2732 5795 3000 5855 nunquam
3032 5782 3121 5851 sit,
3152 5778 3397 5839 sensibus
3426 5774 3729 5851 coniunxit.
3761 5766 3889 5840 Sed.
