4248 6272
353 311 374 362 i
384 306 489 366 093

1173 296 1239 352 IN
1268 291 1514 352 'I'OPICA
1549 283 1904 346 CICERONIS
1939 285 2454 347 COMMENTARIA:
2489 287 2614 344 LIB.
2659 287 2743 343 Ill.

3470 291 3608 350 ιοει

351 439 406 483 ιιι
432 427 633 482 dictum
659 430 760 484 est,
784 403 1043 486 corporea
1061 427 1203 476 esse,
1227 423 1281 467 et
1302 413 1614 478 incorporea
1645 421 1750 460 non
1773 417 1916 469 esse,
1948 404 1998 465 Α
2026 401 2201 468 potius
2246 401 2359 468 ipsa
2389 401 2710 457 substantia.
2750 403 2830 458 Ac
2873 403 2944 459 de
2983 404 3083 460 hac
3123 405 3340 474 quidem
3371 423 3433 466 re
3471 415 3607 471 satis

349 528 455 573 non
486 515 551 569 ad
580 513 858 569 veritatem
879 547 894 572 ,
925 505 1018 563 sed
1065 504 1132 559 ad
1179 507 1515 558 communem
1559 491 1920 567 quorumlibet
1953 487 1955 489 ’

338 612 624 666 hominum
654 605 960 674 Opinionem
991 600 1198 654 locutus
1223 599 1325 650 est.
1362 592 1516 648 Ponit
1547 589 1704 660 igitur
1731 601 1923 643 exem-

349 705 434 772 pla
463 715 645 756 earnm
673 696 886 766 quidem
911 703 1088 747 rerum
1118 699 1234 755 quas
1262 692 1406 748 sunt,
1431 682 1632 736 formas
1660 677 1920 772 quasdam

347 763 707 859 corporalium
739 798 938 846 rerum,
970 788 1022 834 ut
1058 777 1300 840 fundum,
1331 775 1495 839 aedes,
1524 770 1777 840 parietes,
1808 763 1924 822 ειη.

356 881 616 943 licidium,
664 886 821 945 atque
853 875 901 927 ld
929 875 1116 941 genus,
1161 881 1278 937 quae
1317 864 1615 933 corporalia
1668 873 1790 916 esse
1822 860 1923 913 hac

349 975 556 1029 ratione
597 968 846 1030 ostendit,
877 962 1126 1033 quoniam
1172 959 1321 1012 cerni
1369 955 1619 1025 tangique
1662 961 1917 1020 possunt;

350 1077 531 1117 earum
573 1073 699 1113 vero
727 1069 907 1110 rerum
949 1061 1066 1121 quae
1106 1065 1211 1104 non
1257 1055 1400 1110 sunt,
1430 1043 1674 1112 exempla
1719 1042 1919 1110 posuit,

351 1150 748 1219 usucapinnem,
778 1145 1019 1208 tutelam,
1051 1148 1287 1209 gentem,
1321 1137 1620 1202 casteraque
1648 1142 1768 1201 qua:
1798 1134 1922 1184 sunt

351 1244 696 1308 incorporea;
727 1251 845 1305 quc
865 1247 929 1290 ex
957 1235 1058 1286 ltoc
1087 1232 1400 1296 incorporea
1432 1237 1554 1279 esse
1581 1223 1920 1288 monstravit,

347 1332 486 1400 quod
521 1329 615 1397 ait,
653 1343 713 1383 ea
740 1326 884 1396 tangi
921 1321 1343 1378 demonstrativo
1375 1321 1480 1371 non
1507 1327 1686 1383 posse,
1716 1312 1810 1367 sed
1841 1313 1923 1365 in-

350 1421 635 1491 telligentia
671 1429 831 1488 atque
880 1415 1057 1471 animo
1103 1409 1506 1480 comprehendi.
1539 1407 1648 1460 Cur
1690 1413 1820 1458 Vero
1860 1413 1924 1457 ea

350 1531 453 1571 non
481 1529 602 1568 esse
629 1511 842 1572 dixerit,
875 1507 1150 1578 supposuit
1176 1503 1438 1559 rationein
1475 1501 1694 1564 dicens,
1721 1497 1922 1550 nullum

351 1605 500 1676 quasi
528 1615 722 1672 corpus
748 1607 931 1654 earum
961 1607 1140 1653 rerum
1169 1609 1308 1658 esse,
1341 1605 1441 1646 nec
1467 1590 1660 1644 molem
1690 1587 1925 1655 aliquam

352 1712 470 1766 quae
510 1694 664 1748 feriat
705 1695 942 1746 sensum.
973 1687 1122 1756 Quod
1169 1685 1312 1741 enim
1353 1695 1548 1750 corpus
1587 1691 1709 1734 esse
1749 1679 1928 1746 potest

2027 492 2226 546 dictum
2265 501 2366 546 εει.
2420 492 2564 546 Idem
2595 507 2722 548 vero
2750 494 2819 548 de
2847 496 3086 561 partibus
3109 497 3214 552 dici
3248 509 3444 567 potest.
3472 501 3604 558 Nam

2025 583 2324 651 conjunctae
2357 593 2534 652 partes
2557 593 2725 638 totum
2755 584 2807 639 id
2831 585 3070 642 efﬁciunt
3088 588 3242 658 cujus
3259 600 3436 660 partes
3459 602 3607 650 sunt.

2025 674 2160 730 Nota
2191 691 2403 746 quoque
2427 685 2594 730 totum
2622 677 2886 746 signilicat
2913 678 2964 731 id
2993 682 3132 749 quod
3161 682 3422 753 designat,
3447 698 3608 755 atque

2026 768 2201 821 omnia
2226 779 2595 837 coaequantur,
2622 779 2673 822 et
2703 770 2982 824 deﬁnitum
3007 772 3327 842 deﬁnitioni,
3351 785 3406 831 et
3432 789 3610 845 partes

2028 852 2146 928 toti,
2169 870 2222 916 et
2240 871 2362 916 nota
2384 863 2462 916 rei
2479 877 2636 930 quam
2654 852 3043 931 significatione
3064 865 3323 933 declarat,
3348 871 3389 922 si
3412 886 3516 924 non
3539 874 3610 927 sit

2027 954 2324 1021 mquivoca,
2349 952 2430 1006 vel
2451 953 2495 1005 si
2519 967 2604 1006 res
2622 967 2740 1021 quae
2756 952 3063 1020 designatur
3084 970 3191 1010 non
3209 959 3279 1012 sit
3301 960 3610 1017 multivoca.

2028 1042 2173 1098 Sane
2197 1042 2322 1095 illud
2348 1041 2575 1096 dubitari
2603 1050 2748 1097 recte
2773 1051 2967 1111 potest,
2997 1058 3093 1098 cur
3114 1059 3234 1099 eum
3263 1046 3485 1102 dixisset
3507 1051 3610 1104 duo

2028 1147 2226 1201 genera
2249 1146 2368 1186 esse
2394 1131 2798 1195 deﬁnitionum,
2829 1147 2938 1188 non
2966 1134 3112 1201 ipsas
3134 1134 3471 1191 delinitiones
3494 1153 3612 1206 par-

2031 1225 2160 1277 titus
2178 1231 2282 1287 est,
2313 1223 2407 1277 sed
2438 1239 2552 1292 qua:
2576 1225 2924 1288 deﬁniuntur,
2959 1226 3013 1280 id
3042 1237 3124 1283 est
3150 1229 3429 1297 corporale
3456 1239 3614 1299 atque

2030 1316 2389 1382 incorporale.
2412 1315 2566 1397 Quod
2586 1316 2788 1371 idcirco
2809 1318 3008 1372 dictum
3032 1320 3268 1386 videtur,
3292 1322 3414 1390 quia
3437 1323 3617 1386 delini-

2030 1408 2103 1460 tio
2130 1422 2250 1461 cum
2275 1407 2344 1460 sit
2373 1407 2441 1461 ad
2473 1409 2693 1477 aliquid,
2725 1418 2780 1464 ut
2798 1410 3001 1466 dictum
3032 1423 3132 1478 est,
3163 1414 3446 1484 quamdam
3473 1419 3614 1482 capit

2029 1511 2092 1552 ex
2127 1498 2231 1564 his,
2261 1513 2486 1568 quorum
2524 1499 2875 1555 subsmntiam
2902 1505 3245 1568 determinat,
3278 1507 3610 1576 qualitatem.

2102 1587 2264 1657 Atque
2292 1588 2442 1639 etiam
2464 1587 2806 1656 deﬁnitiones,
2836 1593 2954 1646 alite
2980 1604 3098 1648 sunt
3124 1597 3475 1664 partitionum,
3497 1600 3616 1652 alite

2030 1680 2355 1734 divisionum.
2398 1681 2774 1749 Partitionum,
2814 1702 2928 1740 cum
2975 1703 3054 1742 res
3092 1705 3152 1742 ea
3193 1704 3306 1758 qua
3354 1692 3616 1760 proposita

352 1786 725 1857 usucapionis?
763 1783 892 1838 Nam
926 1784 1038 1850 ipsa
1068 1784 1187 1848 quae
1216 1775 1627 1841 usucapiuntur,
1659 1781 1918 1837 corporea
1952 1768 2003 1832 Β
2029 1783 2123 1840 est,
2157 1775 2304 1842 quasi
2335 1773 2386 1827 in
2414 1776 2635 1830 membra
2679 1779 3009 1848 discerpitur.
3056 1779 3124 1834 Ut
3158 1782 3203 1833 si
3223 1782 3333 1848 quis
3356 1785 3446 1852 jus
3473 1783 3618 1836 civile

351 1889 493 1944 sunt,
521 1879 632 1949 ipsa
659 1879 786 1934 vero
813 1873 1069 1943 usunapio
1089 1883 1346 1936 corporea
1371 1881 1476 1922 non
1503 1875 1605 1920 est.
1637 1862 1751 1932 ipsa
1775 1860 1917 1916 enim

350 1985 442 2041 per
465 1969 641 2024 utendi
665 1965 1101 2022 consuetudinem
1122 1958 1425 2030 possidendi
1449 1953 1738 2018 ﬁrmitudo,
1757 1950 1926 2021 quod-

350 2075 469 2115 nam
514 2065 707 2127 corpus
744 2057 943 2111 habere
978 2052 1189 2123 potest?
1231 2051 1384 2114 item,
1421 2049 1562 2118 quod
1605 2044 1724 2115 quis
1756 2044 1925 2098 tutela

351 2155 504 2223 regit,
529 2151 805 2220 corporale
825 2157 929 2215 est,
955 2149 1113 2201 homo
1135 2153 1364 2213 namque
1385 2150 1486 2196 εει.
1507 2139 1619 2209 Ipsa
1646 2152 1775 2192 vero
1798 2147 1926 2190 cura

352 2249 553 2310 tutelae,
595 2243 756 2313 atque
785 2243 955 2310 ipsum
983 2240 1070 2308 jus
1098 2238 1261 2292 alium
1294 2233 1501 2298 tuendi,
1534 2230 1664 2284 nihil
1706 2226 1928 2282 omnino

313 2386 318 2390 .
351 2337 591 2405 corporis
631 2333 826 2388 habere
865 2333 1059 2401 potest.
1100 2326 1354 2382 Homines
1383 2327 1594 2393 quoque
1631 2322 1719 2390 qui
1752 2321 1804 2373 in
1835 2333 1928 2373 ea-

352 2430 470 2485 dem
503 2425 800 2498 gentllitate
828 2432 974 2488 sunt,
995 2419 1241 2489 corporei
1270 2424 1415 2472 sunt.
1447 2412 1564 2482 ipsa
1592 2425 1723 2465 vero
1751 2409 1929 2480 genti-

353 2521 501 2585 litas,
533 2519 584 2573 id
620 2527 701 2573 est
735 2514 1034 2572 communis
1068 2509 1302 2566 nominis
1332 2509 1621 2562 liberorum
1661 2501 1926 2568 societas,

354 2623 410 2667 ut
441 2611 772 2680 Scipionum,
806 2606 1136 2661 Valeriorum
1156 2611 1214 2657 et
1243 2601 1548 2663 Brutorum,
1576 2605 1721 2651 certe
1747 2596 1927 2649 incor-

357 2718 515 2773 porea
556 2711 673 2765 est;
719 2699 814 2754 sed
854 2696 1096 2767 quaedam
1135 2702 1320 2747 earum
1367 2697 1547 2743 rerum
1575 2683 1931 2754 incorporalis

356 2792 516 2848 animi
545 2789 828 2858 conceptio
847 2797 946 2851 εει,
974 2791 1136 2852 atque
1165 2778 1539 2848 intelligentia,
1567 2783 1726 2845 quam
1754 2773 1932 2827 notio-

356 2899 478 2939 nem
520 2884 746 2937 vocavit.
780 2878 897 2947 Ipsa
943 2876 1084 2930 enim
1124 2870 1432 2941 imaginatio
1473 2865 1810 2935 usucapionis
1841 2863 1929 2919 νει

356 2974 534 3030 tutelas
569 2981 729 3040 atque
756 2968 1058 3023 intellectus
1097 2960 1445 3032 incorporalis
1483 2959 1564 3013 rei
1606 2959 1754 3011 notio
1791 2956 1928 3010 dici-

358 3077 466 3132 tur,
501 3077 658 3135 quam
697 3061 869 3116 (ἔτωεί
895 3059 1089 3114 ἔννοιαν
1129 3061 1341 3110 vocant.
1375 3051 1565 3107 Divisit
1607 3049 1766 3120 igitur
1793 3047 1930 3103 deﬁ-

2030 1864 2166 1917 dicat
2194 1867 2246 1917 id
2276 1883 2381 1919 esse
2413 1866 2547 1936 quod
2591 1867 2642 1918 in
2689 1868 2902 1937 legibus,
2948 1872 3425 1936 senatusconsultis,
3466 1872 3616 1926 rebus

2022 1957 2289 2027 judicatis,
2310 1957 2734 2028 jurisperitorum
2763 1961 3087 2025 auctoritate,
3130 1961 3312 2015 edictis
3340 1963 3616 2032 magistra-

2031 2057 2197 2109 tuum,
2223 2064 2384 2108 more,
2413 2051 2652 2118 (equitate
2678 2052 2943 2104 consistat.
2970 2051 3290 2107 Divisionum
3318 2063 3488 2108 autem
3516 2057 3619 2109 de—

2031 2140 2197 2206 ﬁnitio
2237 2141 2425 2208 formas
2452 2143 2643 2202 fomites
2682 2144 3033 2212 complectitur
3074 2160 3188 2214 qua!
3223 2147 3315 2200 sub
3341 2159 3402 2200 eo
3435 2151 3616 2217 genere

2031 2241 2152 2285 sunt
2179 2234 2314 2303 quod
2344 2235 2606 2303 deﬁnitur,
2635 2235 2731 2288 hoc
2758 2237 2909 2290 modo
2928 2254 2946 2291 :
2968 2237 3288 2294 Abalienatio
3311 2250 3384 2294 est
3409 2242 3519 2312 ejus
3541 2243 3615 2296 rei

2033 2340 2149 2396 quae
2190 2326 2411 2396 mancipi
2441 2336 2533 2388 est,
2564 2338 2654 2379 aut
2685 2329 2894 2382 traditio
2924 2329 3074 2384 alteri
3103 2347 3253 2397 nexu,
3282 2341 3371 2386 aut
3407 2333 3460 2386 in
3494 2333 3616 2405 jure

2034 2418 2214 2483 cessio,
2242 2417 2374 2470 inter
2399 2435 2521 2488 quos
2549 2435 2606 2472 ea
2622 2421 2744 2490 jure
2768 2421 2905 2473 civili
2935 2424 3046 2488 ﬁeri
3075 2432 3304 2493 possunt.

2105 2507 2366 2573 Quoniam
2394 2508 2636 2564 deﬁnitio
2668 2510 2739 2564 ita
2770 2527 2835 2566 ex
2857 2512 3098 2582 subjecta
3128 2529 3186 2568 re
3215 2529 3374 2583 quam
3405 2515 3614 2582 deﬁnit,-

2035 2598 2415 2667 prOprietatem
2457 2601 2618 2670 capit,
2652 2611 2709 2657 ut
2735 2611 2911 2658 tamen
2943 2603 3167 2659 formam
3214 2607 3483 2675 propriam
3512 2613 3618 2665 noti

2034 2689 2324 2761 relinquat,
2352 2690 2553 2747 idcirco
2597 2703 2717 2762 post
2742 2710 2832 2750 eas
2871 2694 3200 2752 diﬁ‘erentias
3226 2697 3616 2767 deﬁnitionum;

2035 2797 2154 2850 qua:
2197 2781 2264 2836 ab
2302 2783 2386 2838 his
2432 2783 2592 2840 rebus
2631 2795 2817 2840 tractae
2864 2798 2988 2841 sunt
3040 2803 3158 2858 quae
3203 2789 3615 2856 deﬁniebantur,

2036 2890 2180 2930 nunc
2206 2891 2234 2930 a
2260 2883 2469 2946 propria
2502 2879 2670 2932 forma
2692 2879 3062 2934 deﬁnitionum
3082 2881 3414 2936 diﬁ'erentias
3436 2882 3614 2936 tradit.

2037 2963 2260 3036 Propria
2284 2984 2416 3023 vero
2451 2969 2618 3023 forma
2652 2971 3070 3039 uniuscujusque
3093 2972 3374 3040 compositi
3405 2972 3458 3026 iu
3504 2976 3616 3028 suis

2037 3057 2283 3128 partibus
2302 3069 2533 3123 constat,
2552 3061 2730 3130 itaque
2751 3075 2818 3116 ex
2837 3061 3074 3131 partibus
3096 3062 3462 3118 deﬁnitionum
3482 3063 3618 3120 tales

361 3132 616 3216 nitionem
661 3161 713 3212 in
745 3159 841 3210 has
865 3155 997 3209 duas
1028 3159 1226 3221 partes,
1255 3147 1458 3204 scilicet
1477 3145 1770 3202 secundum
1799 3145 1928 3198 sub-

2038 3149 2375 3204 diﬁ‘erentias
2405 3150 2582 3216 docet,
2608 3152 2747 3220 quod
2775 3151 2895 3205 alia:
2920 3151 3259 3207 deﬁnitiones
3281 3167 3377 3222 per
3399 3153 3618 3210 divisio-

359 3252 486 3323 jecti
515 3248 860 3312 diﬁerentias,
912 3251 972 3298 ut
997 3244 1128 3297 alias
1151 3240 1364 3310 quidem
1408 3249 1531 3293 esse
1561 3237 1764 3291 diceret
1791 3235 1930 3290 deﬁ-

360 3347 597 3402 nitiones
617 3353 799 3398 earum
830 3349 1013 3394 rerum
1034 3349 1154 3405 quae
1176 3341 1319 3401 sunt,
1352 3333 1403 3387 id
1430 3339 1513 3386 est
1551 3328 1928 3398 corporalium,

359 3436 489 3490 alias
516 3448 646 3490 vero
665 3443 848 3487 earum
875 3442 994 3499 qua:
1015 3436 1122 3482 non
1149 3435 1293 3491 sunt,
1315 3425 1364 3478 id
1388 3433 1469 3478 est
1489 3420 1926 3490 incorporalium.

361 3528 494 3582 Hinc
508 3525 673 3596 queri
692 3532 888 3592 potest,
914 3519 1057 3589 quod
1078 3519 1241 3573 etiam
1264 3515 1510 3584 superius
1528 3513 1761 3568 breviter
1785 3525 1933 3564 com-

359 3618 684 3682 memoravi,
708 3625 936 3687 quonam
965 3610 1123 3665 modo
1154 3607 1396 3663 deﬁnitio
1437 3619 1544 3660 non
1574 3604 1715 3658 inter
1743 3602 1934 3657 aﬁecta

359 3717 685 3768 numeretur,
729 3719 851 3760 cum
879 3704 1056 3759 omnis
1097 3701 1340 3755 deﬁnitio
1379 3698 1444 3752 ad
1474 3696 1672 3764 aliquid
1707 3709 1830 3750 esse
1854 3696 1935 3749 vi-

360 3799 582 3853 deatur?
619 3797 823 3850 idcirco
864 3793 1007 3848 enim
1038 3791 1224 3846 all’ecta
1253 3801 1378 3844 esse
1417 3787 1558 3841 di‘eta
1588 3795 1713 3841 sunt
1742 3784 1933 3840 Simili-

362 3893 508 3953 tudo,
537 3888 888 3953 contrarium,
906 3895 959 3940 et
984 3893 1198 3952 extera,
1219 3882 1468 3953 quoniam
1498 3893 1713 3949 semper
1734 3880 1800 3934 ad
1831 3879 1935 3933 ali-

361 3982 490 4051 quid
518 3979 843 4035 releruntur.
884 3976 1036 4042 Quod
1076 3977 1119 4030 si
1147 3978 1307 4030 etiam
1335 3974 1575 4029 deiinitio
1605 3971 1839 4026 refertur
1867 3971 1934 4024 ad

361 4074 582 4143 aliquid,
610 4087 708 4127 nec
736 4079 817 4125 est
842 4070 1097 4123 absolutae
1118 4077 1181 4122 ac
1203 4068 1430 4137 propria:
1459 4062 1932 4126 considerationis,

360 4182 422 4222 ea
453 4179 668 4234 quoque
690 4164 829 4218 inter
856 4161 1042 4216 aﬁ‘ecta
1070 4159 1312 4228 ponenda
1348 4167 1453 4214 est.
1479 4157 1584 4213 Sed
1615 4158 1936 4220 occurritur,

361 4259 611 4328 quoniam
639 4270 701 4310 ea
733 4269 851 4325 quae
878 4252 1063 4306 allecto
1108 4257 1229 4306 sunt
1259 4259 1512 4321 tanquam
1553 4249 1759 4302 umbra
1788 4261 1936 4317 quae-

361 4348 484 4402 dam
525 4360 738 4415 corpus,
781 4345 850 4399 its
887 4352 1040 4400 extra
1068 4343 1238 4412 posita
1282 4357 1386 4396 non
1425 4348 1648 4411 possunt
1688 4339 1740 4394 id
1774 4340 1938 4395 relin-

360 4453 527 4509 quere
568 4438 635 4492 ad
681 4437 822 4506 quod
865 4436 1155 4507 probantur
1203 4433 1390 4489 affecta
1417 4474 1432 4498 ,
1477 4442 1533 4486 et
1576 4440 1668 4486 aut
1715 4433 1938 4486 omnino

2038 3255 2185 3305 nem,
2221 3241 2338 3295 alia:
2369 3257 2460 3305 per
2495 3242 2839 3310 partitionem
2880 3243 3031 3298 ﬁunt.
3063 3245 3323 3300 Deﬁnitur
3358 3248 3500 3301 enim
3532 3260 3620 3302 res

2036 3333 2291 3400 quaslibet
2340 3333 2466 3388 dum
2505 3344 2594 3390 aut
2621 3336 2738 3404 ejus
2765 3337 2972 3405 species
3000 3353 3186 3394 omnes
3212 3324 3618 3409 enumerantur,

2038 3434 2132 3478 aut
2162 3437 2360 3491 partes.
2392 3427 2573 3481 Partes
2614 3443 2743 3482 vero
2770 3442 2800 3482 a
2832 3429 3012 3496 specie
3031 3445 3138 3498 quo
3159 3431 3427 3500 diﬁerant,
3463 3434 3622 3502 paulo

2040 3515 2307 3583 posterius
2338 3511 2534 3570 dicam.
2567 3509 2716 3571 Nunc
2741 3518 3056 3586 exponenda
3085 3521 3320 3575 arbitror
3347 3521 3622 3578 Ciceronis

2041 3605 2326 3672 exempla;
2376 3605 2465 3660 dat
2494 3606 2634 3690 enim
2671 3608 2971 3675 partitionis
3004 3611 3307 3679 exemplum
3348 3611 3449 3669 hoe
3489 3631 3504 3668 :
3543 3615 3624 3669 Sit

2042 3697 2184 3751 enim
2213 3700 2540 3767 propositum
2563 3698 2794 3756 deﬁnire
2819 3702 2945 3771 quid
2974 3703 3042 3756 sit
3066 3702 3150 3771 jus
3174 3691 3352 3770 civile,
3384 3705 3624 3760 dicemus

2044 3787 2116 3842 ita
2150 3804 2164 3841 :
2197 3785 2290 3842 Jus
2321 3789 2477 3844 civile
2507 3800 2589 3844 est
2614 3791 2754 3860 quod
2785 3793 2838 3846 in
2868 3793 3094 3863 legibus,
3120 3800 3622 3867 senatusconsultis,

2043 3880 2205 3933 rebus
2240 3879 2524 3948 judicatis,
2569 3881 3003 3952 jurisperitorum
3045 3889 3386 3953 auctoritate,
3435 3891 3626 3948 edictis

2045 3970 2474 4039 magistratuum,
2525 3987 2696 4035 more,
2734 3975 2985 4042 aequitate
3013 3975 3278 4030 consistil.
3321 3977 3431 4032 Lex
3468 3982 3625 4048 igitur

2044 4068 2126 4115 est
2155 4076 2310 4128 quam
2345 4062 2571 4131 populus
2604 4064 2917 4117 centuriatis
2945 4065 3172 4119 comitiis
3219 4067 3428 4121 civerit.
3457 4070 3621 4125 Sena-

2047 4156 2383 4210 tusconsulta
2412 4164 2536 4210 sunt
2560 4173 2680 4226 qua:
2710 4156 2911 4212 fuerint
2931 4167 3148 4213 senatus
3169 4161 3484 4216 auctoritate
3526 4165 3623 4218 de-

2045 4257 2210 4302 creta.
2257 4250 2358 4303 lies
2395 4249 2649 4319 judicatae
2688 4239 2816 4305 sunt
2843 4266 2969 4322 quae
3012 4252 3150 4328 inter
3187 4268 3284 4310 eos
3325 4255 3414 4324 qui
3463 4269 3623 4326 super

2045 4342 2220 4411 aliqua
2253 4356 2311 4397 re
2338 4341 2650 4411 ambigunt,
2697 4345 2962 4398 sententia
3002 4343 3236 4412 judicum
3261 4344 3459 4401 iuerint
3487 4362 3620 4404 con-

2043 4433 2268 4500 stitutaa,
2293 4450 2517 4504 quarum
2545 4435 2794 4504 exemplo
2825 4445 3034 4491 canorae
3060 4451 3272 4505 quoque
3295 4437 3619 4507 judicantur.

360 4505 712 4585 substantiam
737 4505 921 4582 eorum
961 4527 1027 4582 ad
1060 4541 1177 4597 qua
1217 4527 1405 4580 uirecta
1437 4532 1583 4589 sunt,
1619 4537 1723 4578 non
1767 4524 1934 4592 signi-
1969 4505 2025 4567 Ῑ)
2046 4523 2486 4594 lurisperitorum
2513 4525 2802 4579 auctoritas
2824 4537 2907 4580 est
2932 4539 3116 4579 eorum
3139 4527 3229 4594 qui
3251 4505 3315 4580 es
3344 4529 3624 4585 duodecim

360 4622 522 4676 ﬁcant
565 4629 621 4674 ut
642 4620 987 4684 contrarium,
1011 4619 1186 4673 simile
1207 4626 1260 4672 et
1281 4625 1498 4671 cwtera.
1522 4617 1627 4670 Aut
1652 4617 1695 4669 si
1725 4617 1939 4682 quando

359 4713 657 4783 designant,
691 4727 794 4767 una
837 4711 1079 4782 quaedam
1124 4724 1247 4780 pars
1291 4709 1607 4778 intelligitur
1637 4723 1756 4763 esse
1803 4709 1934 4762 sub-

359 4803 591 4868 stantias,
618 4803 761 4858 velut
791 4817 981 4872 genus,
1011 4802 1239 4869 species,
1274 4798 1596 4853 diﬁ‘ercntia.
1629 4797 1742 4851 Non
1792 4799 1934 4853 enim

357 4910 524 4964 genus
552 4904 658 4949 tota
687 4895 982 4950 substantia
1007 4903 1090 4949 est
1118 4893 1340 4964 speciei,
1371 4891 1804 4961 quandoquidem
1827 4906 1935 4944 non

360 4989 531 5041 solum
553 5002 720 5056 genus
743 4989 976 5057 speciem
1001 4986 1214 5054 format,
1238 4986 1331 5042 sed
1354 4986 1670 5042 diﬁerentim
1697 4997 1937 5055 quoque;

359 5093 457 5132 nec
494 5078 807 5133 diﬁ’erentise
837 5087 1000 5133 totam
1031 5080 1345 5133 substantias
1371 5081 1649 5134 continent
1682 5078 1936 5145 formam,

357 5169 783 5238 quandoquidem
818 5183 925 5223 non
960 5169 1073 5222 sola
1103 5169 1402 5225 diﬁ'erentia
1429 5172 1663 5240 speciem
1705 5170 1937 5239 perﬁcit,

355 5259 451 5312 sed
480 5259 640 5312 etiam
667 5272 854 5326 genus.
898 5259 1016 5327 ipsa
1058 5273 1188 5315 vero
1217 5261 1424 5331 species
1450 5261 1692 5331 quaedam
1721 5261 1942 5331 generis

354 5362 480 5414 pars
509 5362 610 5414 est,
634 5360 688 5403 at
714 5361 842 5404 vero
873 5351 1136 5416 deﬁnitio,-
1164 5355 1264 5408 etsi
1294 5353 1361 5407 ad
1389 5353 1590 5424 aliquid
1622 5362 1724 5419 est,
1755 5351 1936 5408 tamen

357 5448 520 5492 totam
545 5439 895 5495 substantiam
924 5453 1216 5508 monstrat,
1239 5452 1402 5512 atque
1429 5455 1744 5515 exrequatm
1777 5446 1826 5500 ei
1859 5449 1935 5500 rei

355 5545 514 5600 quam
540 5529 746 5596 deﬁnit,
768 5541 823 5586 et
843 5537 1192 5591 substantiam
1221 5537 1453 5607 perﬁcit,
1480 5549 1536 5592 ut
1562 5553 1734 5608 neque
1757 5551 1942 5594 extra-

354 5622 524 5692 posita
551 5623 641 5691 sit,
683 5624 820 5677 sicut
846 5624 1137 5680 similitudo
1176 5637 1228 5682 et
1273 5629 1562 5694 contraria,
1605 5643 1776 5697 neque
1812 5633 1941 5699 pars

353 5712 470 5783 ejus
497 5712 810 5773 substantia
834 5713 905 5770 alt
929 5725 1088 5785 quam
1117 5717 1426 5773 deﬁnitione
1452 5716 1795 5783 determinat,
1827 5717 1927 5775 sed

2045 4615 2262 4681 tabulis,
2291 4617 2376 4671 vel
2405 4632 2466 4670 ex
2501 4618 2692 4671 edictis
2723 4618 3148 4685 magistratuum,
3169 4617 3256 4686 jus
3281 4620 3436 4676 civile
3463 4623 3626 4676 inter-

2045 4709 2236 4777 prelali
2280 4717 2423 4772 sunt,
2468 4707 2701 4776 probatas
2746 4709 2942 4764 civium
2987 4709 3240 4778 judiciis,
3296 4715 3627 4786 creditaeque

2044 4799 2351 4856 sententiae.
2405 4799 2586 4855 Edicta
2627 4802 3031 4869 magistratuum
3062 4813 3187 4858 sunt
3223 4820 3341 4875 quae
3370 4820 3626 4874 praetores

2047 4891 2236 4945 urbani
2269 4890 2352 4945 vel
2381 4890 2666 4960 peregrini,
2701 4891 2782 4946 vel
2826 4895 3006 4948 {utiles
3031 4895 3242 4952 curules
3266 4899 3388 4965 jura
3421 4898 3624 4956 dixere.

2055 4981 2172 5039 Mos
2202 4992 2283 5038 est
2312 4981 2452 5052 quod
2484 4982 2534 5038 in
2562 4979 2827 5039 civitate'm
2857 4985 3074 5041 solitum
3109 4995 3190 5041 est
3216 4987 3351 5042 ﬁeri.
3380 4988 3626 5059 Equitas

2053 5085 2137 5129 est
2176 5073 2316 5145 quod
2357 5073 2611 5128 naturalis
2653 5075 2786 5128 ratio
2825 5077 3106 5144 persuasit.
3148 5077 3274 5132 Haec
3313 5079 3470 5147 igitur
3507 5095 3624 5135 om-

2055 5167 2145 5222 nia
2186 5184 2341 5222 unam
2382 5168 2608 5222 formam
2645 5168 2782 5238 juris
2818 5168 3078 5238 efﬁciunt,
3121 5178 3373 5241 tanquam
3407 5182 3625 5242 partes,

2054 5259 2201 5314 velut
2241 5259 2509 5314 hominem
2535 5301 2550 5325 ,
2592 5269 2791 5330 caput,
2833 5260 3082 5327 brachia,
3137 5263 3328 5318 thorax
3355 5306 3368 5330 ,
3405 5277 3626 5336 venter,

2053 5365 2211 5406 crura
2259 5359 2416 5418 atque
2466 5351 2646 5418 pedes.
2698 5351 2918 5420 Partitio
2964 5360 3046 5406 est
3083 5353 3225 5406 enim
3261 5364 3329 5408 .ut
3369 5356 3482 5423 ipse
3515 5358 3626 5423 ait,-

2053 5459 2172 5514 quse
2213 5457 2639 5512 unamquamque
2678 5458 2788 5497 rem
2830 5445 3177 5512 propositam.
3200 5446 3357 5514 quasi.
3380 5449 3433 5501 in
3463 5463 3629 5503 mem-c

2054 5534 2148 5587 bra
2205 5531 2482 5602 discerpit.
2534 5533 2770 5587 Alteram
2824 5549 2953 5590 vero
3007 5546 3210 5605 partem
3259 5538 3626 5607 deﬁnitionis,

2054 5641 2174 5694 quae
2227 5641 2319 5694 per
2367 5624 2683 5678 divisionem
2733 5626 2805 5680 sit
2857 5627 3178 5697 specierum,
3223 5630 3311 5684 tali
3367 5640 3630 5688 monstrat

2053 5715 2318 5787 exemplo.
2356 5711 2551 5772 Deﬁnit
2578 5713 2719 5771 enim
2750 5715 2878 5787 quid
2925 5718 2997 5775 sit
3040 5716 3366 5778 abalienatio
3394 5721 3513 5794 ejus
3548 5723 3624 5780 rel
