  <div class='ocr_page' id='page_1' title='image "/cluster/home/n/w/nwhite01/storage/ocr_20150623/64/hvd.32044073505265/553.png"; bbox 0 0 4248 6272; ppageno 0'>
   <div class='ocr_carea' id='block_1_1' title="bbox 655 344 792 404">
    <p class='ocr_par' dir='ltr' id='par_1_1' title="bbox 655 344 792 404">
     <span class='ocr_line' id='line_1_1' title="bbox 655 344 792 404; baseline 0.015 -6"><span class='ocrx_word' id='word_1_1' title='bbox 655 344 792 404; x_wconf 69' lang='lat' dir='ltr'><strong>M195</strong></span> 
     </span>
    </p>
   </div>
   <div class='ocr_carea' id='block_1_2' title="bbox 651 549 2225 624">
    <p class='ocr_par' dir='ltr' id='par_1_2' title="bbox 651 549 2225 624">
     <span class='ocr_line' id='line_1_2' title="bbox 651 549 2225 624; baseline 0.008 -21"><span class='ocrx_word' id='word_1_2' title='bbox 651 564 771 619; x_wconf 74' lang='lat' dir='ltr'><strong>quae</strong></span> <span class='ocrx_word' id='word_1_3' title='bbox 823 549 1054 619; x_wconf 83' lang='lat' dir='ltr'><strong>mancipi</strong></span> <span class='ocrx_word' id='word_1_4' title='bbox 1109 558 1224 617; x_wconf 88' lang='lat' dir='ltr'><strong>est,</strong></span> <span class='ocrx_word' id='word_1_5' title='bbox 1286 563 1377 606; x_wconf 90' lang='lat' dir='ltr'><strong>aut</strong></span> <span class='ocrx_word' id='word_1_6' title='bbox 1427 555 1641 610; x_wconf 90' lang='lat' dir='ltr'><strong>traditio</strong></span> <span class='ocrx_word' id='word_1_7' title='bbox 1689 559 1844 614; x_wconf 81' lang='lat' dir='ltr'><strong>alteri</strong></span> <span class='ocrx_word' id='word_1_8' title='bbox 1900 573 2080 624; x_wconf 86' lang='lat' dir='ltr'><strong>nexu,</strong></span> <span class='ocrx_word' id='word_1_9' title='bbox 2132 569 2225 617; x_wconf 91' lang='lat' dir='ltr'><strong>aut</strong></span> 
     </span>
    </p>
   </div>
   <div class='ocr_carea' id='block_1_3' title="bbox 653 640 2228 720">
    <p class='ocr_par' dir='ltr' id='par_1_3' title="bbox 653 640 2228 720">
     <span class='ocr_line' id='line_1_3' title="bbox 653 640 2228 720; baseline 0.008 -26"><span class='ocrx_word' id='word_1_10' title='bbox 653 640 822 694; x_wconf 80' lang='lat' dir='ltr'><strong>cessio</strong></span> <span class='ocrx_word' id='word_1_11' title='bbox 853 640 904 693; x_wconf 93' lang='lat' dir='ltr'><strong>in</strong></span> <span class='ocrx_word' id='word_1_12' title='bbox 929 640 1080 708; x_wconf 84' lang='lat' dir='ltr'><strong>jure,</strong></span> <span class='ocrx_word' id='word_1_13' title='bbox 1129 641 1268 698; x_wconf 86' lang='lat' dir='ltr'><strong>inter</strong></span> <span class='ocrx_word' id='word_1_14' title='bbox 1305 659 1441 714; x_wconf 87' lang='lat' dir='ltr'><strong>quos</strong></span> <span class='ocrx_word' id='word_1_15' title='bbox 1480 660 1542 700; x_wconf 86' lang='lat' dir='ltr'><strong>ea</strong></span> <span class='ocrx_word' id='word_1_16' title='bbox 1578 647 1700 715; x_wconf 87' lang='lat' dir='ltr'><strong>jure</strong></span> <span class='ocrx_word' id='word_1_17' title='bbox 1746 649 1890 703; x_wconf 87' lang='lat' dir='ltr'><strong>civili</strong></span> <span class='ocrx_word' id='word_1_18' title='bbox 1941 650 2054 704; x_wconf 90' lang='lat' dir='ltr'><strong>ﬁeri</strong></span> <span class='ocrx_word' id='word_1_19' title='bbox 2102 666 2228 720; x_wconf 90' lang='lat' dir='ltr'><strong>pos-</strong></span> 
     </span>
    </p>
   </div>
   <div class='ocr_carea' id='block_1_4' title="bbox 651 732 2223 813">
    <p class='ocr_par' dir='ltr' id='par_1_4' title="bbox 651 732 2223 813">
     <span class='ocr_line' id='line_1_4' title="bbox 651 732 2223 813; baseline 0.01 -27"><span class='ocrx_word' id='word_1_20' title='bbox 651 741 791 786; x_wconf 89' lang='lat' dir='ltr'><strong>sunt.</strong></span> <span class='ocrx_word' id='word_1_21' title='bbox 838 732 967 788; x_wconf 86' lang='lat' dir='ltr'><strong>Nam</strong></span> <span class='ocrx_word' id='word_1_22' title='bbox 1005 735 1127 803; x_wconf 90' lang='lat' dir='ltr'><strong>jure</strong></span> <span class='ocrx_word' id='word_1_23' title='bbox 1163 737 1304 792; x_wconf 81' lang='lat' dir='ltr'><strong>civili</strong></span> <span class='ocrx_word' id='word_1_24' title='bbox 1352 738 1468 794; x_wconf 92' lang='lat' dir='ltr'><strong>ﬁeri</strong></span> <span class='ocrx_word' id='word_1_25' title='bbox 1509 741 1707 811; x_wconf 90' lang='lat' dir='ltr'><strong>aliquid</strong></span> <span class='ocrx_word' id='word_1_26' title='bbox 1746 759 1851 798; x_wconf 90' lang='lat' dir='ltr'><strong>non</strong></span> <span class='ocrx_word' id='word_1_27' title='bbox 1885 744 2024 800; x_wconf 90' lang='lat' dir='ltr'><strong>inter</strong></span> <span class='ocrx_word' id='word_1_28' title='bbox 2067 746 2223 813; x_wconf 89' lang='lat' dir='ltr'><strong>alios,</strong></span> 
     </span>
    </p>
   </div>
   <div class='ocr_carea' id='block_1_5' title="bbox 651 823 2227 908">
    <p class='ocr_par' dir='ltr' id='par_1_5' title="bbox 651 823 2227 908">
     <span class='ocr_line' id='line_1_5' title="bbox 651 823 2227 908; baseline 0.012 -33"><span class='ocrx_word' id='word_1_29' title='bbox 651 823 751 877; x_wconf 83' lang='lat' dir='ltr'><strong>nisi</strong></span> <span class='ocrx_word' id='word_1_30' title='bbox 797 825 937 880; x_wconf 84' lang='lat' dir='ltr'><strong>inter</strong></span> <span class='ocrx_word' id='word_1_31' title='bbox 975 828 1119 883; x_wconf 81' lang='lat' dir='ltr'><strong>cives</strong></span> <span class='ocrx_word' id='word_1_32' title='bbox 1162 831 1434 906; x_wconf 76' lang='lat' dir='ltr'><strong>Romanos</strong></span> <span class='ocrx_word' id='word_1_33' title='bbox 1473 834 1590 889; x_wconf 91' lang='lat' dir='ltr'><strong>ﬁeri</strong></span> <span class='ocrx_word' id='word_1_34' title='bbox 1637 845 1830 905; x_wconf 79' lang='lat' dir='ltr'><strong>potest,</strong></span> <span class='ocrx_word' id='word_1_35' title='bbox 1868 854 2092 908; x_wconf 88' lang='lat' dir='ltr'><strong>quorum</strong></span> <span class='ocrx_word' id='word_1_36' title='bbox 2142 847 2227 894; x_wconf 92' lang='lat' dir='ltr'><strong>est</strong></span> 
     </span>
    </p>
   </div>
   <div class='ocr_carea' id='block_1_6' title="bbox 648 915 2224 991">
    <p class='ocr_par' dir='ltr' id='par_1_6' title="bbox 648 915 2224 991">
     <span class='ocr_line' id='line_1_6' title="bbox 648 915 2224 991; baseline 0.011 -23"><span class='ocrx_word' id='word_1_37' title='bbox 648 915 807 969; x_wconf 88' lang='lat' dir='ltr'><strong>etiam</strong></span> <span class='ocrx_word' id='word_1_38' title='bbox 835 915 920 984; x_wconf 90' lang='lat' dir='ltr'><strong>jus</strong></span> <span class='ocrx_word' id='word_1_39' title='bbox 966 919 1145 988; x_wconf 84' lang='lat' dir='ltr'><strong>civile,</strong></span> <span class='ocrx_word' id='word_1_40' title='bbox 1179 923 1321 991; x_wconf 89' lang='lat' dir='ltr'><strong>quod</strong></span> <span class='ocrx_word' id='word_1_41' title='bbox 1353 923 1634 981; x_wconf 88' lang='lat' dir='ltr'><strong>duodecim</strong></span> <span class='ocrx_word' id='word_1_42' title='bbox 1667 927 1866 983; x_wconf 90' lang='lat' dir='ltr'><strong>tabulis</strong></span> <span class='ocrx_word' id='word_1_43' title='bbox 1896 930 2224 986; x_wconf 80' lang='lat' dir='ltr'><strong>continetur.</strong></span> 
     </span>
    </p>
   </div>
   <div class='ocr_carea' id='block_1_7' title="bbox 577 992 2225 1091">
    <p class='ocr_par' dir='ltr' id='par_1_7' title="bbox 577 992 2225 1091">
     <span class='ocr_line' id='line_1_7' title="bbox 577 992 2225 1091; baseline 0.013 -35"><span class='ocrx_word' id='word_1_44' title='bbox 577 992 584 1008; x_wconf 72' lang='grc'><strong><em>“</em></strong></span> <span class='ocrx_word' id='word_1_45' title='bbox 649 1003 846 1060; x_wconf 86' lang='lat' dir='ltr'><strong>Omnes</strong></span> <span class='ocrx_word' id='word_1_46' title='bbox 875 1022 1001 1063; x_wconf 89' lang='lat' dir='ltr'><strong>vero</strong></span> <span class='ocrx_word' id='word_1_47' title='bbox 1040 1025 1130 1066; x_wconf 91' lang='lat' dir='ltr'><strong>res</strong></span> <span class='ocrx_word' id='word_1_48' title='bbox 1157 1027 1276 1081; x_wconf 61' lang='lat' dir='ltr'><strong>quae</strong></span> <span class='ocrx_word' id='word_1_49' title='bbox 1314 1015 1607 1071; x_wconf 89' lang='lat' dir='ltr'><strong>abalienari</strong></span> <span class='ocrx_word' id='word_1_50' title='bbox 1640 1027 1885 1086; x_wconf 90' lang='lat' dir='ltr'><strong>possunt,</strong></span> <span class='ocrx_word' id='word_1_51' title='bbox 1913 1018 1965 1074; x_wconf 91' lang='lat' dir='ltr'><strong>id</strong></span> <span class='ocrx_word' id='word_1_52' title='bbox 2004 1031 2084 1075; x_wconf 89' lang='lat' dir='ltr'><strong>est</strong></span> <span class='ocrx_word' id='word_1_53' title='bbox 2105 1035 2225 1091; x_wconf 64' lang='lat' dir='ltr'><strong>qua</strong></span> 
     </span>
    </p>
   </div>
   <div class='ocr_carea' id='block_1_8' title="bbox 579 1098 2225 1177">
    <p class='ocr_par' dir='ltr' id='par_1_8' title="bbox 579 1098 2225 1177">
     <span class='ocr_line' id='line_1_8' title="bbox 579 1098 2225 1177; baseline 0.013 -33"><span class='ocrx_word' id='word_1_54' title='bbox 579 1128 582 1143; x_wconf 86' lang='lat'><strong>.</strong></span> <span class='ocrx_word' id='word_1_55' title='bbox 647 1109 676 1146; x_wconf 83' lang='lat' dir='ltr'><strong>a</strong></span> <span class='ocrx_word' id='word_1_56' title='bbox 700 1104 884 1150; x_wconf 90' lang='lat' dir='ltr'><strong>nostro</strong></span> <span class='ocrx_word' id='word_1_57' title='bbox 911 1098 977 1152; x_wconf 92' lang='lat' dir='ltr'><strong>ad</strong></span> <span class='ocrx_word' id='word_1_58' title='bbox 1000 1100 1221 1156; x_wconf 88' lang='lat' dir='ltr'><strong>alterius</strong></span> <span class='ocrx_word' id='word_1_59' title='bbox 1261 1105 1490 1159; x_wconf 88' lang='lat' dir='ltr'><strong>transire</strong></span> <span class='ocrx_word' id='word_1_60' title='bbox 1519 1105 1815 1161; x_wconf 88' lang='lat' dir='ltr'><strong>dominium</strong></span> <span class='ocrx_word' id='word_1_61' title='bbox 1847 1120 2091 1177; x_wconf 91' lang='lat' dir='ltr'><strong>possunt,</strong></span> <span class='ocrx_word' id='word_1_62' title='bbox 2133 1118 2225 1166; x_wconf 92' lang='lat' dir='ltr'><strong>aut</strong></span> 
     </span>
    </p>
   </div>
   <div class='ocr_carea' id='block_1_9' title="bbox 649 1185 2223 1267">
    <p class='ocr_par' dir='ltr' id='par_1_9' title="bbox 649 1185 2223 1267">
     <span class='ocr_line' id='line_1_9' title="bbox 649 1185 2223 1267; baseline 0.011 -29"><span class='ocrx_word' id='word_1_63' title='bbox 649 1185 877 1254; x_wconf 85' lang='lat' dir='ltr'><strong>mancipi</strong></span> <span class='ocrx_word' id='word_1_64' title='bbox 909 1197 1051 1256; x_wconf 91' lang='lat' dir='ltr'><strong>sunt,</strong></span> <span class='ocrx_word' id='word_1_65' title='bbox 1083 1201 1175 1246; x_wconf 90' lang='lat' dir='ltr'><strong>aut</strong></span> <span class='ocrx_word' id='word_1_66' title='bbox 1202 1207 1306 1248; x_wconf 91' lang='lat' dir='ltr'><strong>non</strong></span> <span class='ocrx_word' id='word_1_67' title='bbox 1340 1195 1592 1265; x_wconf 88' lang='lat' dir='ltr'><strong>mancipi.</strong></span> <span class='ocrx_word' id='word_1_68' title='bbox 1625 1196 1852 1267; x_wconf 86' lang='lat' dir='ltr'><strong>Mancipi</strong></span> <span class='ocrx_word' id='word_1_69' title='bbox 1899 1214 1984 1254; x_wconf 92' lang='lat' dir='ltr'><strong>res</strong></span> <span class='ocrx_word' id='word_1_70' title='bbox 2017 1208 2223 1257; x_wconf 85' lang='lat' dir='ltr'><strong>veteres</strong></span> 
     </span>
    </p>
   </div>
   <div class='ocr_carea' id='block_1_10' title="bbox 649 1277 2225 1356">
    <p class='ocr_par' dir='ltr' id='par_1_10' title="bbox 649 1277 2225 1356">
     <span class='ocr_line' id='line_1_10' title="bbox 649 1277 2225 1356; baseline 0.013 -28"><span class='ocrx_word' id='word_1_71' title='bbox 649 1277 1005 1346; x_wconf 85' lang='lat' dir='ltr'><strong>appellabant,</strong></span> <span class='ocrx_word' id='word_1_72' title='bbox 1037 1297 1156 1351; x_wconf 71' lang='lat' dir='ltr'><strong>qua:</strong></span> <span class='ocrx_word' id='word_1_73' title='bbox 1186 1283 1256 1337; x_wconf 89' lang='lat' dir='ltr'><strong>ita</strong></span> <span class='ocrx_word' id='word_1_74' title='bbox 1287 1285 1747 1356; x_wconf 84' lang='lat' dir='ltr'><strong>abalienabantur,</strong></span> <span class='ocrx_word' id='word_1_75' title='bbox 1780 1299 1836 1344; x_wconf 92' lang='lat' dir='ltr'><strong>ut</strong></span> <span class='ocrx_word' id='word_1_76' title='bbox 1863 1305 1924 1346; x_wconf 89' lang='lat' dir='ltr'><strong>ea</strong></span> <span class='ocrx_word' id='word_1_77' title='bbox 1955 1291 2225 1347; x_wconf 82' lang='lat' dir='ltr'><strong>abaliena-</strong></span> 
     </span>
    </p>
   </div>
   <div class='ocr_carea' id='block_1_11' title="bbox 651 1369 2225 1441">
    <p class='ocr_par' dir='ltr' id='par_1_11' title="bbox 651 1369 2225 1441">
     <span class='ocr_line' id='line_1_11' title="bbox 651 1369 2225 1441; baseline 0.013 -20"><span class='ocrx_word' id='word_1_78' title='bbox 651 1369 724 1422; x_wconf 93' lang='lat' dir='ltr'><strong>tio</strong></span> <span class='ocrx_word' id='word_1_79' title='bbox 756 1385 848 1439; x_wconf 79' lang='lat' dir='ltr'><strong>per</strong></span> <span class='ocrx_word' id='word_1_80' title='bbox 876 1375 1160 1441; x_wconf 84' lang='lat' dir='ltr'><strong>quamdam</strong></span> <span class='ocrx_word' id='word_1_81' title='bbox 1192 1392 1361 1435; x_wconf 88' lang='lat' dir='ltr'><strong>nexus</strong></span> <span class='ocrx_word' id='word_1_82' title='bbox 1407 1380 1560 1436; x_wconf 91' lang='lat' dir='ltr'><strong>ﬁeret</strong></span> <span class='ocrx_word' id='word_1_83' title='bbox 1598 1383 2017 1440; x_wconf 88' lang='lat' dir='ltr'><strong>solemnitatem.</strong></span> <span class='ocrx_word' id='word_1_84' title='bbox 2047 1385 2225 1441; x_wconf 86' lang='lat' dir='ltr'><strong>Nexus</strong></span> 
     </span>
    </p>
   </div>
   <div class='ocr_carea' id='block_1_12' title="bbox 648 1466 2224 1546">
    <p class='ocr_par' dir='ltr' id='par_1_12' title="bbox 648 1466 2224 1546">
     <span class='ocr_line' id='line_1_12' title="bbox 648 1466 2224 1546; baseline 0.014 -35"><span class='ocrx_word' id='word_1_85' title='bbox 648 1472 776 1513; x_wconf 91' lang='lat' dir='ltr'><strong>vero</strong></span> <span class='ocrx_word' id='word_1_86' title='bbox 818 1470 902 1515; x_wconf 92' lang='lat' dir='ltr'><strong>est</strong></span> <span class='ocrx_word' id='word_1_87' title='bbox 949 1466 1194 1534; x_wconf 61' lang='lat' dir='ltr'><strong>quaedam</strong></span> <span class='ocrx_word' id='word_1_88' title='bbox 1225 1469 1362 1536; x_wconf 87' lang='lat' dir='ltr'><strong>juris</strong></span> <span class='ocrx_word' id='word_1_89' title='bbox 1400 1473 1742 1542; x_wconf 90' lang='lat' dir='ltr'><strong>solemnitas,</strong></span> <span class='ocrx_word' id='word_1_90' title='bbox 1787 1491 1906 1546; x_wconf 76' lang='lat' dir='ltr'><strong>qua:</strong></span> <span class='ocrx_word' id='word_1_91' title='bbox 1954 1477 2112 1532; x_wconf 89' lang='lat' dir='ltr'><strong>ﬁebat</strong></span> <span class='ocrx_word' id='word_1_92' title='bbox 2159 1493 2224 1534; x_wconf 89' lang='lat' dir='ltr'><strong>eo</strong></span> 
     </span>
    </p>
   </div>
   <div class='ocr_carea' id='block_1_13' title="bbox 647 1551 2222 1639">
    <p class='ocr_par' dir='ltr' id='par_1_13' title="bbox 647 1551 2222 1639">
     <span class='ocr_line' id='line_1_13' title="bbox 647 1551 2222 1639; baseline 0.015 -36"><span class='ocrx_word' id='word_1_93' title='bbox 647 1551 806 1606; x_wconf 90' lang='lat' dir='ltr'><strong>modo</strong></span> <span class='ocrx_word' id='word_1_94' title='bbox 826 1569 930 1623; x_wconf 89' lang='lat' dir='ltr'><strong>quo</strong></span> <span class='ocrx_word' id='word_1_95' title='bbox 967 1556 1018 1609; x_wconf 92' lang='lat' dir='ltr'><strong>in</strong></span> <span class='ocrx_word' id='word_1_96' title='bbox 1043 1556 1468 1617; x_wconf 89' lang='lat' dir='ltr'><strong>lnstitutionibus</strong></span> <span class='ocrx_word' id='word_1_97' title='bbox 1495 1564 1656 1620; x_wconf 87' lang='lat' dir='ltr'><strong>Caius</strong></span> <span class='ocrx_word' id='word_1_98' title='bbox 1685 1571 1932 1637; x_wconf 78' lang='lat' dir='ltr'><strong>exponit.</strong></span> <span class='ocrx_word' id='word_1_99' title='bbox 1967 1569 2222 1639; x_wconf 85' lang='lat' dir='ltr'><strong>Ejusdem</strong></span> 
     </span>
    </p>
   </div>
   <div class='ocr_carea' id='block_1_14' title="bbox 646 1644 2224 1720">
    <p class='ocr_par' dir='ltr' id='par_1_14' title="bbox 646 1644 2224 1720">
     <span class='ocr_line' id='line_1_14' title="bbox 646 1644 2224 1720; baseline 0.013 -23"><span class='ocrx_word' id='word_1_100' title='bbox 646 1653 824 1698; x_wconf 76' lang='lat' dir='ltr'><strong>autem</strong></span> <span class='ocrx_word' id='word_1_101' title='bbox 865 1644 979 1701; x_wconf 89' lang='lat' dir='ltr'><strong>Caii</strong></span> <span class='ocrx_word' id='word_1_102' title='bbox 1022 1649 1160 1704; x_wconf 91' lang='lat' dir='ltr'><strong>libro</strong></span> <span class='ocrx_word' id='word_1_103' title='bbox 1194 1652 1367 1720; x_wconf 92' lang='lat' dir='ltr'><strong>primo</strong></span> <span class='ocrx_word' id='word_1_104' title='bbox 1405 1654 1802 1713; x_wconf 81' lang='lat' dir='ltr'><strong>Institutionum</strong></span> <span class='ocrx_word' id='word_1_105' title='bbox 1852 1659 1917 1714; x_wconf 90' lang='lat' dir='ltr'><strong>de</strong></span> <span class='ocrx_word' id='word_1_106' title='bbox 1967 1677 2106 1716; x_wconf 91' lang='lat' dir='ltr'><strong>nexu</strong></span> <span class='ocrx_word' id='word_1_107' title='bbox 2141 1663 2224 1716; x_wconf 85' lang='lat' dir='ltr'><strong>fa-</strong></span> 
     </span>
    </p>
   </div>
   <div class='ocr_carea' id='block_1_15' title="bbox 645 1733 2222 1820">
    <p class='ocr_par' dir='ltr' id='par_1_15' title="bbox 645 1733 2222 1820">
     <span class='ocr_line' id='line_1_15' title="bbox 645 1733 2222 1820; baseline 0.012 -32"><span class='ocrx_word' id='word_1_108' title='bbox 645 1733 857 1800; x_wconf 88' lang='lat' dir='ltr'><strong>ciendo,</strong></span> <span class='ocrx_word' id='word_1_109' title='bbox 906 1736 1022 1791; x_wconf 58' lang='lat' dir='ltr'><strong>haec</strong></span> <span class='ocrx_word' id='word_1_110' title='bbox 1051 1740 1210 1794; x_wconf 90' lang='lat' dir='ltr'><strong>verba</strong></span> <span class='ocrx_word' id='word_1_111' title='bbox 1244 1753 1410 1797; x_wconf 89' lang='lat' dir='ltr'><strong>sunt:</strong></span> <span class='ocrx_word' id='word_1_112' title='bbox 1440 1745 1533 1799; x_wconf 86' lang='lat' dir='ltr'><strong>Est</strong></span> <span class='ocrx_word' id='word_1_113' title='bbox 1568 1757 1743 1804; x_wconf 90' lang='lat' dir='ltr'><strong>autem</strong></span> <span class='ocrx_word' id='word_1_114' title='bbox 1785 1750 2130 1820; x_wconf 83' lang='lat' dir='ltr'><strong>mancipatio,</strong></span> <span class='ocrx_word' id='word_1_115' title='bbox 2166 1760 2222 1807; x_wconf 91' lang='lat' dir='ltr'><strong>ut</strong></span> 
     </span>
    </p>
   </div>
   <div class='ocr_carea' id='block_1_16' title="bbox 646 1831 2302 1912">
    <p class='ocr_par' dir='ltr' id='par_1_16' title="bbox 646 1831 2302 1912">
     <span class='ocr_line' id='line_1_16' title="bbox 646 1831 2302 1912; baseline 0.012 -33"><span class='ocrx_word' id='word_1_116' title='bbox 646 1839 804 1894; x_wconf 84' lang='lat' dir='ltr'><strong>supra</strong></span> <span class='ocrx_word' id='word_1_117' title='bbox 825 1841 1038 1897; x_wconf 87' lang='lat' dir='ltr'><strong>quoque</strong></span> <span class='ocrx_word' id='word_1_118' title='bbox 1067 1831 1445 1902; x_wconf 89' lang='lat' dir='ltr'><strong>indicavimus,</strong></span> <span class='ocrx_word' id='word_1_119' title='bbox 1476 1838 1791 1908; x_wconf 86' lang='lat' dir='ltr'><strong>imaginaria</strong></span> <span class='ocrx_word' id='word_1_120' title='bbox 1818 1842 2064 1912; x_wconf 60' lang='lat' dir='ltr'><strong>quadam</strong></span> <span class='ocrx_word' id='word_1_121' title='bbox 2087 1858 2220 1899; x_wconf 86' lang='lat' dir='ltr'><strong>ven-</strong></span> <span class='ocrx_word' id='word_1_122' title='bbox 2249 1834 2302 1898; x_wconf 80' lang='grc' dir='ltr'><strong>Β</strong></span> 
     </span>
    </p>
   </div>
   <div class='ocr_carea' id='block_1_17' title="bbox 646 1913 2222 1994">
    <p class='ocr_par' dir='ltr' id='par_1_17' title="bbox 646 1913 2222 1994">
     <span class='ocr_line' id='line_1_17' title="bbox 646 1913 2222 1994; baseline 0.015 -26"><span class='ocrx_word' id='word_1_123' title='bbox 646 1913 798 1982; x_wconf 88' lang='lat' dir='ltr'><strong>ditio,</strong></span> <span class='ocrx_word' id='word_1_124' title='bbox 821 1917 963 1986; x_wconf 86' lang='lat' dir='ltr'><strong>quod</strong></span> <span class='ocrx_word' id='word_1_125' title='bbox 993 1918 1166 1988; x_wconf 91' lang='lat' dir='ltr'><strong>ipsum</strong></span> <span class='ocrx_word' id='word_1_126' title='bbox 1204 1923 1294 1990; x_wconf 89' lang='lat' dir='ltr'><strong>jus</strong></span> <span class='ocrx_word' id='word_1_127' title='bbox 1327 1928 1600 1994; x_wconf 91' lang='lat' dir='ltr'><strong>proprium</strong></span> <span class='ocrx_word' id='word_1_128' title='bbox 1634 1930 1994 1988; x_wconf 81' lang='lat' dir='ltr'><strong>Romanorum</strong></span> <span class='ocrx_word' id='word_1_129' title='bbox 2025 1944 2107 1990; x_wconf 87' lang='lat' dir='ltr'><strong>est</strong></span> <span class='ocrx_word' id='word_1_130' title='bbox 2141 1936 2222 1991; x_wconf 86' lang='lat' dir='ltr'><strong>ci-</strong></span> 
     </span>
    </p>
   </div>
   <div class='ocr_carea' id='block_1_18' title="bbox 647 2007 2222 2099">
    <p class='ocr_par' dir='ltr' id='par_1_18' title="bbox 647 2007 2222 2099">
     <span class='ocr_line' id='line_1_18' title="bbox 647 2007 2222 2099; baseline 0.016 -39"><span class='ocrx_word' id='word_1_131' title='bbox 647 2007 814 2075; x_wconf 87' lang='lat' dir='ltr'><strong>vium,</strong></span> <span class='ocrx_word' id='word_1_132' title='bbox 839 2023 1009 2080; x_wconf 83' lang='lat' dir='ltr'><strong>eaque</strong></span> <span class='ocrx_word' id='word_1_133' title='bbox 1035 2028 1122 2069; x_wconf 91' lang='lat' dir='ltr'><strong>res</strong></span> <span class='ocrx_word' id='word_1_134' title='bbox 1147 2015 1216 2069; x_wconf 91' lang='lat' dir='ltr'><strong>ita</strong></span> <span class='ocrx_word' id='word_1_135' title='bbox 1239 2016 1434 2086; x_wconf 88' lang='lat' dir='ltr'><strong>agitur,</strong></span> <span class='ocrx_word' id='word_1_136' title='bbox 1454 2020 1709 2078; x_wconf 86' lang='lat' dir='ltr'><strong>adhibitis</strong></span> <span class='ocrx_word' id='word_1_137' title='bbox 1735 2040 1840 2081; x_wconf 91' lang='lat' dir='ltr'><strong>non</strong></span> <span class='ocrx_word' id='word_1_138' title='bbox 1863 2026 2039 2082; x_wconf 91' lang='lat' dir='ltr'><strong>minus</strong></span> <span class='ocrx_word' id='word_1_139' title='bbox 2060 2044 2222 2099; x_wconf 86' lang='lat' dir='ltr'><strong>quam</strong></span> 
     </span>
    </p>
   </div>
   <div class='ocr_carea' id='block_1_19' title="bbox 646 2099 2225 2189">
    <p class='ocr_par' dir='ltr' id='par_1_19' title="bbox 646 2099 2225 2189">
     <span class='ocr_line' id='line_1_19' title="bbox 646 2099 2225 2189; baseline 0.016 -37"><span class='ocrx_word' id='word_1_140' title='bbox 646 2099 879 2170; x_wconf 88' lang='lat' dir='ltr'><strong>quinque</strong></span> <span class='ocrx_word' id='word_1_141' title='bbox 910 2103 1133 2160; x_wconf 81' lang='lat' dir='ltr'><strong>testibus</strong></span> <span class='ocrx_word' id='word_1_142' title='bbox 1162 2105 1416 2165; x_wconf 82' lang='lat' dir='ltr'><strong>Romanis</strong></span> <span class='ocrx_word' id='word_1_143' title='bbox 1436 2111 1641 2167; x_wconf 84' lang='lat' dir='ltr'><strong>civibus</strong></span> <span class='ocrx_word' id='word_1_144' title='bbox 1669 2115 1977 2184; x_wconf 85' lang='lat' dir='ltr'><strong>puberibus,</strong></span> <span class='ocrx_word' id='word_1_145' title='bbox 2008 2130 2062 2175; x_wconf 89' lang='lat' dir='ltr'><strong>et</strong></span> <span class='ocrx_word' id='word_1_146' title='bbox 2086 2135 2225 2189; x_wconf 67' lang='lat' dir='ltr'><strong>pra:-</strong></span> 
     </span>
    </p>
   </div>
   <div class='ocr_carea' id='block_1_20' title="bbox 649 2193 2221 2274">
    <p class='ocr_par' dir='ltr' id='par_1_20' title="bbox 649 2193 2221 2274">
     <span class='ocr_line' id='line_1_20' title="bbox 649 2193 2221 2274; baseline 0.016 -30"><span class='ocrx_word' id='word_1_147' title='bbox 649 2198 793 2246; x_wconf 89' lang='lat' dir='ltr'><strong>terea</strong></span> <span class='ocrx_word' id='word_1_148' title='bbox 823 2193 926 2248; x_wconf 92' lang='lat' dir='ltr'><strong>alio</strong></span> <span class='ocrx_word' id='word_1_149' title='bbox 955 2195 1196 2266; x_wconf 85' lang='lat' dir='ltr'><strong>ejusdem</strong></span> <span class='ocrx_word' id='word_1_150' title='bbox 1228 2202 1547 2259; x_wconf 90' lang='lat' dir='ltr'><strong>conditionis</strong></span> <span class='ocrx_word' id='word_1_151' title='bbox 1570 2207 1660 2274; x_wconf 87' lang='lat' dir='ltr'><strong>qui</strong></span> <span class='ocrx_word' id='word_1_152' title='bbox 1691 2207 1883 2263; x_wconf 88' lang='lat' dir='ltr'><strong>libram</strong></span> <span class='ocrx_word' id='word_1_153' title='bbox 1908 2226 2112 2267; x_wconf 77' lang='lat' dir='ltr'><strong>teneam</strong></span> <span class='ocrx_word' id='word_1_154' title='bbox 2140 2224 2221 2270; x_wconf 81' lang='lat' dir='ltr'><strong>te-</strong></span> 
     </span>
    </p>
   </div>
   <div class='ocr_carea' id='block_1_21' title="bbox 652 2288 2221 2371">
    <p class='ocr_par' dir='ltr' id='par_1_21' title="bbox 652 2288 2221 2371">
     <span class='ocr_line' id='line_1_21' title="bbox 652 2288 2221 2371; baseline 0.013 -34"><span class='ocrx_word' id='word_1_155' title='bbox 652 2292 798 2350; x_wconf 85' lang='lat' dir='ltr'><strong>neat,</strong></span> <span class='ocrx_word' id='word_1_156' title='bbox 825 2288 914 2354; x_wconf 88' lang='lat' dir='ltr'><strong>qui</strong></span> <span class='ocrx_word' id='word_1_157' title='bbox 935 2288 1232 2357; x_wconf 78' lang='lat' dir='ltr'><strong>appellatur</strong></span> <span class='ocrx_word' id='word_1_158' title='bbox 1262 2291 1537 2364; x_wconf 90' lang='lat' dir='ltr'><strong>libripens.</strong></span> <span class='ocrx_word' id='word_1_159' title='bbox 1567 2294 1618 2350; x_wconf 86' lang='lat' dir='ltr'><strong>ls</strong></span> <span class='ocrx_word' id='word_1_160' title='bbox 1649 2298 1739 2366; x_wconf 91' lang='lat' dir='ltr'><strong>qui</strong></span> <span class='ocrx_word' id='word_1_161' title='bbox 1775 2301 2094 2371; x_wconf 85' lang='lat' dir='ltr'><strong>mancipium</strong></span> <span class='ocrx_word' id='word_1_162' title='bbox 2126 2319 2221 2358; x_wconf 89' lang='lat' dir='ltr'><strong>ac-</strong></span> 
     </span>
    </p>
   </div>
   <div class='ocr_carea' id='block_1_22' title="bbox 648 2374 2223 2459">
    <p class='ocr_par' dir='ltr' id='par_1_22' title="bbox 648 2374 2223 2459">
     <span class='ocr_line' id='line_1_22' title="bbox 648 2374 2223 2459; baseline 0.015 -29"><span class='ocrx_word' id='word_1_163' title='bbox 648 2374 798 2444; x_wconf 86' lang='lat' dir='ltr'><strong>cipit,</strong></span> <span class='ocrx_word' id='word_1_164' title='bbox 849 2393 922 2434; x_wconf 67' lang='lat' dir='ltr'><strong>aas</strong></span> <span class='ocrx_word' id='word_1_165' title='bbox 961 2389 1168 2449; x_wconf 92' lang='lat' dir='ltr'><strong>tenens,</strong></span> <span class='ocrx_word' id='word_1_166' title='bbox 1202 2385 1274 2438; x_wconf 87' lang='lat' dir='ltr'><strong>ita</strong></span> <span class='ocrx_word' id='word_1_167' title='bbox 1303 2386 1470 2444; x_wconf 88' lang='lat' dir='ltr'><strong>dicit:</strong></span> <span class='ocrx_word' id='word_1_168' title='bbox 1505 2388 1655 2445; x_wconf 86' lang='lat' dir='ltr'><strong>l-Innc</strong></span> <span class='ocrx_word' id='word_1_169' title='bbox 1697 2406 1798 2459; x_wconf 77' lang='lat' dir='ltr'><strong>ego</strong></span> <span class='ocrx_word' id='word_1_170' title='bbox 1843 2394 2113 2451; x_wconf 90' lang='lat' dir='ltr'><strong>hominem</strong></span> <span class='ocrx_word' id='word_1_171' title='bbox 2153 2412 2223 2452; x_wconf 80' lang='lat' dir='ltr'><strong>ex</strong></span> 
     </span>
    </p>
   </div>
   <div class='ocr_carea' id='block_1_23' title="bbox 555 2466 2223 2557">
    <p class='ocr_par' dir='ltr' id='par_1_23' title="bbox 555 2466 2223 2557">
     <span class='ocr_line' id='line_1_23' title="bbox 555 2466 2223 2557; baseline 0.016 -38"><span class='ocrx_word' id='word_1_172' title='bbox 555 2502 561 2507; x_wconf 83' lang='lat'><strong>-</strong></span> <span class='ocrx_word' id='word_1_173' title='bbox 646 2466 768 2535; x_wconf 86' lang='lat' dir='ltr'><strong>jure</strong></span> <span class='ocrx_word' id='word_1_174' title='bbox 789 2467 1074 2535; x_wconf 85' lang='lat' dir='ltr'><strong>Quiritium</strong></span> <span class='ocrx_word' id='word_1_175' title='bbox 1096 2488 1274 2530; x_wconf 90' lang='lat' dir='ltr'><strong>meum</strong></span> <span class='ocrx_word' id='word_1_176' title='bbox 1305 2491 1424 2533; x_wconf 87' lang='lat' dir='ltr'><strong>esse</strong></span> <span class='ocrx_word' id='word_1_177' title='bbox 1444 2479 1551 2544; x_wconf 87' lang='lat' dir='ltr'><strong>aio,</strong></span> <span class='ocrx_word' id='word_1_178' title='bbox 1573 2482 1723 2552; x_wconf 89' lang='lat' dir='ltr'><strong>isque</strong></span> <span class='ocrx_word' id='word_1_179' title='bbox 1747 2483 1876 2540; x_wconf 92' lang='lat' dir='ltr'><strong>mihi</strong></span> <span class='ocrx_word' id='word_1_180' title='bbox 1907 2498 2117 2557; x_wconf 90' lang='lat' dir='ltr'><strong>emptus</strong></span> <span class='ocrx_word' id='word_1_181' title='bbox 2139 2499 2223 2545; x_wconf 89' lang='lat' dir='ltr'><strong>est</strong></span> 
     </span>
    </p>
   </div>
   <div class='ocr_carea' id='block_1_24' title="bbox 579 2557 2217 2650">
    <p class='ocr_par' dir='ltr' id='par_1_24' title="bbox 579 2557 2217 2650">
     <span class='ocr_line' id='line_1_24' title="bbox 579 2557 2217 2650; baseline 0.014 -35"><span class='ocrx_word' id='word_1_182' title='bbox 579 2611 584 2615; x_wconf 89' lang='lat'><strong>.</strong></span> <span class='ocrx_word' id='word_1_183' title='bbox 648 2557 751 2612; x_wconf 92' lang='lat' dir='ltr'><strong>hoc</strong></span> <span class='ocrx_word' id='word_1_184' title='bbox 776 2574 884 2615; x_wconf 71' lang='lat' dir='ltr'><strong>aere</strong></span> <span class='ocrx_word' id='word_1_185' title='bbox 913 2577 1166 2633; x_wconf 77' lang='lat' dir='ltr'><strong>:eneaque</strong></span> <span class='ocrx_word' id='word_1_186' title='bbox 1191 2566 1348 2624; x_wconf 88' lang='lat' dir='ltr'><strong>libra.</strong></span> <span class='ocrx_word' id='word_1_187' title='bbox 1377 2568 1579 2626; x_wconf 88' lang='lat' dir='ltr'><strong>Deinde</strong></span> <span class='ocrx_word' id='word_1_188' title='bbox 1602 2589 1708 2629; x_wconf 66' lang='grc' dir='ltr'>εει-ε</span> <span class='ocrx_word' id='word_1_189' title='bbox 1741 2579 1971 2646; x_wconf 90' lang='lat' dir='ltr'><strong>percutit</strong></span> <span class='ocrx_word' id='word_1_190' title='bbox 1999 2580 2217 2650; x_wconf 87' lang='lat' dir='ltr'><strong>libram,</strong></span> 
     </span>
    </p>
   </div>
   <div class='ocr_carea' id='block_1_25' title="bbox 647 2648 2223 2745">
    <p class='ocr_par' dir='ltr' id='par_1_25' title="bbox 647 2648 2223 2745">
     <span class='ocr_line' id='line_1_25' title="bbox 647 2648 2223 2745; baseline 0.018 -42"><span class='ocrx_word' id='word_1_191' title='bbox 647 2648 876 2719; x_wconf 86' lang='lat' dir='ltr'><strong>indeque</strong></span> <span class='ocrx_word' id='word_1_192' title='bbox 913 2668 987 2709; x_wconf 61' lang='lat' dir='ltr'><strong>aes</strong></span> <span class='ocrx_word' id='word_1_193' title='bbox 1015 2654 1108 2709; x_wconf 88' lang='lat' dir='ltr'><strong>dat</strong></span> <span class='ocrx_word' id='word_1_194' title='bbox 1147 2658 1198 2712; x_wconf 93' lang='lat' dir='ltr'><strong>ei</strong></span> <span class='ocrx_word' id='word_1_195' title='bbox 1245 2673 1273 2713; x_wconf 91' lang='lat' dir='ltr'><strong>a</strong></span> <span class='ocrx_word' id='word_1_196' title='bbox 1303 2675 1411 2730; x_wconf 91' lang='lat' dir='ltr'><strong>quo</strong></span> <span class='ocrx_word' id='word_1_197' title='bbox 1451 2667 1774 2733; x_wconf 90' lang='lat' dir='ltr'><strong>mancipium</strong></span> <span class='ocrx_word' id='word_1_198' title='bbox 1817 2673 2028 2742; x_wconf 86' lang='lat' dir='ltr'><strong>accipit,</strong></span> <span class='ocrx_word' id='word_1_199' title='bbox 2069 2648 2223 2745; x_wconf 82' lang='lat' dir='ltr'><strong>quasi</strong></span> 
     </span>
    </p>
   </div>
   <div class='ocr_carea' id='block_1_26' title="bbox 649 2741 2220 2831">
    <p class='ocr_par' dir='ltr' id='par_1_26' title="bbox 649 2741 2220 2831">
     <span class='ocr_line' id='line_1_26' title="bbox 649 2741 2220 2831; baseline 0.018 -36"><span class='ocrx_word' id='word_1_200' title='bbox 649 2741 809 2810; x_wconf 84' lang='lat' dir='ltr'><strong>pretii</strong></span> <span class='ocrx_word' id='word_1_201' title='bbox 838 2742 976 2799; x_wconf 89' lang='lat' dir='ltr'><strong>loco.</strong></span> <span class='ocrx_word' id='word_1_202' title='bbox 1001 2746 1342 2821; x_wconf 75' lang='lat' dir='ltr'><strong>Quaecunque</strong></span> <span class='ocrx_word' id='word_1_203' title='bbox 1365 2753 1525 2824; x_wconf 87' lang='lat' dir='ltr'><strong>igitur</strong></span> <span class='ocrx_word' id='word_1_204' title='bbox 1555 2773 1661 2824; x_wconf 90' lang='lat' dir='ltr'><strong>res,</strong></span> <span class='ocrx_word' id='word_1_205' title='bbox 1692 2761 1808 2831; x_wconf 90' lang='lat' dir='ltr'><strong>lege</strong></span> <span class='ocrx_word' id='word_1_206' title='bbox 1831 2763 2106 2821; x_wconf 90' lang='lat' dir='ltr'><strong>duodecim</strong></span> <span class='ocrx_word' id='word_1_207' title='bbox 2139 2776 2220 2822; x_wconf 83' lang='lat' dir='ltr'><strong>ta-</strong></span> 
     </span>
    </p>
   </div>
   <div class='ocr_carea' id='block_1_27' title="bbox 645 2834 2220 2918">
    <p class='ocr_par' dir='ltr' id='par_1_27' title="bbox 645 2834 2220 2918">
     <span class='ocr_line' id='line_1_27' title="bbox 645 2834 2220 2918; baseline 0.02 -31"><span class='ocrx_word' id='word_1_208' title='bbox 645 2834 915 2904; x_wconf 83' lang='lat' dir='ltr'><strong>bularum,</strong></span> <span class='ocrx_word' id='word_1_209' title='bbox 943 2840 1100 2896; x_wconf 87' lang='lat' dir='ltr'><strong>aliter</strong></span> <span class='ocrx_word' id='word_1_210' title='bbox 1127 2845 1231 2899; x_wconf 91' lang='lat' dir='ltr'><strong>nisi</strong></span> <span class='ocrx_word' id='word_1_211' title='bbox 1264 2860 1359 2915; x_wconf 91' lang='lat' dir='ltr'><strong>per</strong></span> <span class='ocrx_word' id='word_1_212' title='bbox 1394 2847 1531 2905; x_wconf 88' lang='lat' dir='ltr'><strong>hanc</strong></span> <span class='ocrx_word' id='word_1_213' title='bbox 1567 2853 1962 2912; x_wconf 81' lang='lat' dir='ltr'><strong>solemnitatem</strong></span> <span class='ocrx_word' id='word_1_214' title='bbox 2018 2860 2220 2918; x_wconf 84' lang='lat' dir='ltr'><strong>abalie-</strong></span> 
     </span>
    </p>
   </div>
   <div class='ocr_carea' id='block_1_28' title="bbox 646 2928 2220 3010">
    <p class='ocr_par' dir='ltr' id='par_1_28' title="bbox 646 2928 2220 3010">
     <span class='ocr_line' id='line_1_28' title="bbox 646 2928 2220 3010; baseline 0.018 -30"><span class='ocrx_word' id='word_1_215' title='bbox 646 2928 761 2982; x_wconf 90' lang='lat' dir='ltr'><strong>nari</strong></span> <span class='ocrx_word' id='word_1_216' title='bbox 793 2944 900 2984; x_wconf 91' lang='lat' dir='ltr'><strong>non</strong></span> <span class='ocrx_word' id='word_1_217' title='bbox 938 2943 1165 3003; x_wconf 87' lang='lat' dir='ltr'><strong>poterat.</strong></span> <span class='ocrx_word' id='word_1_218' title='bbox 1212 2937 1306 2993; x_wconf 91' lang='lat' dir='ltr'><strong>Sui</strong></span> <span class='ocrx_word' id='word_1_219' title='bbox 1344 2938 1479 3008; x_wconf 90' lang='lat' dir='ltr'><strong>juris</strong></span> <span class='ocrx_word' id='word_1_220' title='bbox 1521 2952 1699 3000; x_wconf 91' lang='lat' dir='ltr'><strong>autem</strong></span> <span class='ocrx_word' id='word_1_221' title='bbox 1729 2956 1939 3002; x_wconf 65' lang='lat' dir='ltr'><strong>caetera:</strong></span> <span class='ocrx_word' id='word_1_222' title='bbox 1985 2966 2072 3005; x_wconf 88' lang='lat' dir='ltr'><strong>res</strong></span> <span class='ocrx_word' id='word_1_223' title='bbox 2118 2969 2220 3010; x_wconf 89' lang='lat' dir='ltr'><strong>nec</strong></span> 
     </span>
    </p>
   </div>
   <div class='ocr_carea' id='block_1_29' title="bbox 645 3023 2222 3113">
    <p class='ocr_par' dir='ltr' id='par_1_29' title="bbox 645 3023 2222 3113">
     <span class='ocr_line' id='line_1_29' title="bbox 645 3023 2222 3113; baseline 0.016 -37"><span class='ocrx_word' id='word_1_224' title='bbox 645 3023 876 3093; x_wconf 87' lang='lat' dir='ltr'><strong>mancipi</strong></span> <span class='ocrx_word' id='word_1_225' title='bbox 919 3027 1270 3097; x_wconf 79' lang='lat' dir='ltr'><strong>vocabantur,</strong></span> <span class='ocrx_word' id='word_1_226' title='bbox 1300 3032 1501 3090; x_wconf 68' lang='lat' dir='ltr'><strong>eaedem</strong></span> <span class='ocrx_word' id='word_1_227' title='bbox 1535 3052 1661 3094; x_wconf 88' lang='lat' dir='ltr'><strong>vero</strong></span> <span class='ocrx_word' id='word_1_228' title='bbox 1691 3040 1851 3094; x_wconf 92' lang='lat' dir='ltr'><strong>etiam</strong></span> <span class='ocrx_word' id='word_1_229' title='bbox 1902 3043 1954 3097; x_wconf 93' lang='lat' dir='ltr'><strong>in</strong></span> <span class='ocrx_word' id='word_1_230' title='bbox 1980 3042 2102 3113; x_wconf 87' lang='lat' dir='ltr'><strong>jure</strong></span> <span class='ocrx_word' id='word_1_231' title='bbox 2131 3060 2222 3102; x_wconf 86' lang='lat' dir='ltr'><strong>ce-</strong></span> 
     </span>
    </p>
   </div>
   <div class='ocr_carea' id='block_1_30' title="bbox 643 3113 2220 3194">
    <p class='ocr_par' dir='ltr' id='par_1_30' title="bbox 643 3113 2220 3194">
     <span class='ocr_line' id='line_1_30' title="bbox 643 3113 2220 3194; baseline 0.016 -25"><span class='ocrx_word' id='word_1_232' title='bbox 643 3113 927 3172; x_wconf 87' lang='lat' dir='ltr'><strong>debantur.</strong></span> <span class='ocrx_word' id='word_1_233' title='bbox 971 3119 1154 3177; x_wconf 85' lang='lat' dir='ltr'><strong>Cessio</strong></span> <span class='ocrx_word' id='word_1_234' title='bbox 1186 3138 1317 3180; x_wconf 91' lang='lat' dir='ltr'><strong>vero</strong></span> <span class='ocrx_word' id='word_1_235' title='bbox 1351 3126 1445 3181; x_wconf 90' lang='lat' dir='ltr'><strong>tali</strong></span> <span class='ocrx_word' id='word_1_236' title='bbox 1491 3128 1651 3186; x_wconf 88' lang='lat' dir='ltr'><strong>ﬁebat</strong></span> <span class='ocrx_word' id='word_1_237' title='bbox 1679 3133 1841 3188; x_wconf 92' lang='lat' dir='ltr'><strong>modo</strong></span> <span class='ocrx_word' id='word_1_238' title='bbox 1877 3145 1936 3189; x_wconf 90' lang='lat' dir='ltr'><strong>ut</strong></span> <span class='ocrx_word' id='word_1_239' title='bbox 1981 3139 2220 3194; x_wconf 90' lang='lat' dir='ltr'><strong>secundo</strong></span> 
     </span>
    </p>
   </div>
   <div class='ocr_carea' id='block_1_31' title="bbox 1861 353 2678 420">
    <p class='ocr_par' dir='ltr' id='par_1_31' title="bbox 1861 353 2678 420">
     <span class='ocr_line' id='line_1_31' title="bbox 1861 353 2678 420; baseline 0.012 -10"><span class='ocrx_word' id='word_1_240' title='bbox 1861 353 1972 412; x_wconf 81' lang='grc' dir='ltr'><strong>ΑΝ.</strong></span> <span class='ocrx_word' id='word_1_241' title='bbox 2013 354 2219 412; x_wconf 83' lang='lat' dir='ltr'><strong>MANL.</strong></span> <span class='ocrx_word' id='word_1_242' title='bbox 2259 354 2411 414; x_wconf 83' lang='lat' dir='ltr'><strong>SEV.</strong></span> <span class='ocrx_word' id='word_1_243' title='bbox 2455 359 2678 420; x_wconf 83' lang='lat' dir='ltr'><strong>BOETII</strong></span> 
     </span>
    </p>
   </div>
   <div class='ocr_carea' id='block_1_32' title="bbox 652 436 2369 548">
    <p class='ocr_par' dir='ltr' id='par_1_32' title="bbox 652 436 2369 548">
     <span class='ocr_line' id='line_1_32' title="bbox 652 436 2369 548; baseline 0.008 -34"><span class='ocrx_word' id='word_1_244' title='bbox 652 474 770 526; x_wconf 82' lang='lat' dir='ltr'><strong>quae</strong></span> <span class='ocrx_word' id='word_1_245' title='bbox 822 460 1051 529; x_wconf 88' lang='lat' dir='ltr'><strong>mancipi</strong></span> <span class='ocrx_word' id='word_1_246' title='bbox 1089 436 1430 525; x_wconf 32' lang='lat' dir='ltr'><strong>est,&#39;dicens</strong></span> <span class='ocrx_word' id='word_1_247' title='bbox 1464 480 1475 516; x_wconf 88' lang='lat'>:</span> <span class='ocrx_word' id='word_1_248' title='bbox 1505 463 1844 521; x_wconf 80' lang='lat' dir='ltr'><strong>Abalienatio</strong></span> <span class='ocrx_word' id='word_1_249' title='bbox 1881 476 1963 522; x_wconf 92' lang='lat' dir='ltr'><strong>est</strong></span> <span class='ocrx_word' id='word_1_250' title='bbox 1993 469 2110 538; x_wconf 91' lang='lat' dir='ltr'><strong>ejus</strong></span> <span class='ocrx_word' id='word_1_251' title='bbox 2141 469 2221 525; x_wconf 88' lang='lat' dir='ltr'><strong>rei</strong></span> <span class='ocrx_word' id='word_1_252' title='bbox 2248 467 2301 529; x_wconf 74' lang='grc' dir='ltr'><strong>Δ</strong></span> <span class='ocrx_word' id='word_1_253' title='bbox 2333 494 2369 548; x_wconf 71' lang='grc' dir='ltr'><strong>ιε</strong></span> 
     </span>
    </p>
   </div>
   <div class='ocr_carea' id='block_1_33' title="bbox 3775 372 3911 429">
    <p class='ocr_par' dir='ltr' id='par_1_33' title="bbox 3775 372 3911 429">
     <span class='ocr_line' id='line_1_33' title="bbox 3775 372 3911 429; baseline -0.007 -1"><span class='ocrx_word' id='word_1_254' title='bbox 3775 375 3796 428; x_wconf 76' lang='grc'><strong>1</strong></span> <span class='ocrx_word' id='word_1_255' title='bbox 3809 372 3911 429; x_wconf 79' lang='lat'><strong>096</strong></span> 
     </span>
    </p>
   </div>
   <div class='ocr_carea' id='block_1_34' title="bbox 2373 498 3900 576">
    <p class='ocr_par' dir='ltr' id='par_1_34' title="bbox 2373 498 3900 576">
     <span class='ocr_line' id='line_1_34' title="bbox 2373 498 3900 576; baseline 0.012 -26"><span class='ocrx_word' id='word_1_256' title='bbox 2373 510 2475 552; x_wconf 90' lang='lat' dir='ltr'><strong>one</strong></span> <span class='ocrx_word' id='word_1_257' title='bbox 2525 498 2697 565; x_wconf 90' lang='lat' dir='ltr'><strong>ﬁeret,</strong></span> <span class='ocrx_word' id='word_1_258' title='bbox 2745 499 2969 556; x_wconf 87' lang='lat' dir='ltr'><strong>alteram</strong></span> <span class='ocrx_word' id='word_1_259' title='bbox 2999 515 3122 571; x_wconf 62' lang='lat' dir='ltr'><strong>quae</strong></span> <span class='ocrx_word' id='word_1_260' title='bbox 3162 517 3259 574; x_wconf 91' lang='lat' dir='ltr'><strong>per</strong></span> <span class='ocrx_word' id='word_1_261' title='bbox 3301 505 3526 576; x_wconf 91' lang='lat' dir='ltr'><strong>partium</strong></span> <span class='ocrx_word' id='word_1_262' title='bbox 3561 506 3900 569; x_wconf 83' lang='lat' dir='ltr'><strong>divisionem.</strong></span> 
     </span>
    </p>
   </div>
   <div class='ocr_carea' id='block_1_35' title="bbox 2331 594 3908 666">
    <p class='ocr_par' dir='ltr' id='par_1_35' title="bbox 2331 594 3908 666">
     <span class='ocr_line' id='line_1_35' title="bbox 2331 594 3908 666; baseline 0.012 -23"><span class='ocrx_word' id='word_1_263' title='bbox 2331 598 2554 662; x_wconf 88' lang='lat' dir='ltr'><strong>utraque</strong></span> <span class='ocrx_word' id='word_1_264' title='bbox 2577 608 2706 649; x_wconf 89' lang='lat' dir='ltr'><strong>vero</strong></span> <span class='ocrx_word' id='word_1_265' title='bbox 2741 594 2986 650; x_wconf 88' lang='lat' dir='ltr'><strong>deﬁnitio</strong></span> <span class='ocrx_word' id='word_1_266' title='bbox 3011 606 3192 666; x_wconf 90' lang='lat' dir='ltr'><strong>partes</strong></span> <span class='ocrx_word' id='word_1_267' title='bbox 3224 612 3520 657; x_wconf 87' lang='lat' dir='ltr'><strong>enumerat.</strong></span> <span class='ocrx_word' id='word_1_268' title='bbox 3555 601 3661 659; x_wconf 84' lang='lat' dir='ltr'><strong>Sed</strong></span> <span class='ocrx_word' id='word_1_269' title='bbox 3689 603 3787 661; x_wconf 92' lang='lat' dir='ltr'><strong>hoc</strong></span> <span class='ocrx_word' id='word_1_270' title='bbox 3824 605 3908 662; x_wconf 87' lang='lat' dir='ltr'><strong>in-</strong></span> 
     </span>
    </p>
   </div>
   <div class='ocr_carea' id='block_1_36' title="bbox 2331 687 3905 761">
    <p class='ocr_par' dir='ltr' id='par_1_36' title="bbox 2331 687 3905 761">
     <span class='ocr_line' id='line_1_36' title="bbox 2331 687 3905 761; baseline 0.011 -23"><span class='ocrx_word' id='word_1_271' title='bbox 2331 690 2515 748; x_wconf 84' lang='lat' dir='ltr'><strong>terest,</strong></span> <span class='ocrx_word' id='word_1_272' title='bbox 2547 688 2668 756; x_wconf 88' lang='lat' dir='ltr'><strong>quia</strong></span> <span class='ocrx_word' id='word_1_273' title='bbox 2701 687 2816 742; x_wconf 88' lang='lat' dir='ltr'><strong>haec</strong></span> <span class='ocrx_word' id='word_1_274' title='bbox 2856 689 3072 757; x_wconf 89' lang='lat' dir='ltr'><strong>quidem</strong></span> <span class='ocrx_word' id='word_1_275' title='bbox 3110 694 3340 761; x_wconf 82' lang='lat' dir='ltr'><strong>species,</strong></span> <span class='ocrx_word' id='word_1_276' title='bbox 3372 694 3461 750; x_wconf 89' lang='lat' dir='ltr'><strong>illa</strong></span> <span class='ocrx_word' id='word_1_277' title='bbox 3509 710 3636 750; x_wconf 91' lang='lat' dir='ltr'><strong>vero</strong></span> <span class='ocrx_word' id='word_1_278' title='bbox 3667 699 3905 757; x_wconf 80' lang='lat' dir='ltr'><strong>membra</strong></span> 
     </span>
    </p>
   </div>
   <div class='ocr_carea' id='block_1_37' title="bbox 2328 776 3905 851">
    <p class='ocr_par' dir='ltr' id='par_1_37' title="bbox 2328 776 3905 851">
     <span class='ocr_line' id='line_1_37' title="bbox 2328 776 3905 851; baseline 0.012 -24"><span class='ocrx_word' id='word_1_279' title='bbox 2328 776 2575 842; x_wconf 86' lang='lat' dir='ltr'><strong>partitur.</strong></span> <span class='ocrx_word' id='word_1_280' title='bbox 2607 777 2703 832; x_wconf 85' lang='lat' dir='ltr'><strong>Hic</strong></span> <span class='ocrx_word' id='word_1_281' title='bbox 2729 779 3004 833; x_wconf 90' lang='lat' dir='ltr'><strong>suboritur</strong></span> <span class='ocrx_word' id='word_1_282' title='bbox 3039 785 3269 851; x_wconf 65' lang='lat' dir='ltr'><strong>quaestio</strong></span> <span class='ocrx_word' id='word_1_283' title='bbox 3299 784 3452 839; x_wconf 88' lang='lat' dir='ltr'><strong>valde</strong></span> <span class='ocrx_word' id='word_1_284' title='bbox 3491 785 3744 844; x_wconf 90' lang='lat' dir='ltr'><strong>difﬁcilis.</strong></span> <span class='ocrx_word' id='word_1_285' title='bbox 3775 788 3905 846; x_wconf 84' lang='lat' dir='ltr'><strong>Nam</strong></span> 
     </span>
    </p>
   </div>
   <div class='ocr_carea' id='block_1_38' title="bbox 2328 865 3907 948">
    <p class='ocr_par' dir='ltr' id='par_1_38' title="bbox 2328 865 3907 948">
     <span class='ocr_line' id='line_1_38' title="bbox 2328 865 3907 948; baseline 0.01 -30"><span class='ocrx_word' id='word_1_286' title='bbox 2328 865 2373 918; x_wconf 81' lang='lat' dir='ltr'><strong>si</strong></span> <span class='ocrx_word' id='word_1_287' title='bbox 2429 865 2672 922; x_wconf 89' lang='lat' dir='ltr'><strong>deﬁnitio</strong></span> <span class='ocrx_word' id='word_1_288' title='bbox 2710 877 2794 922; x_wconf 89' lang='lat' dir='ltr'><strong>est</strong></span> <span class='ocrx_word' id='word_1_289' title='bbox 2846 870 3008 925; x_wconf 85' lang='lat' dir='ltr'><strong>etiam</strong></span> <span class='ocrx_word' id='word_1_290' title='bbox 3055 873 3294 941; x_wconf 88' lang='lat' dir='ltr'><strong>partitio,</strong></span> <span class='ocrx_word' id='word_1_291' title='bbox 3343 875 3539 930; x_wconf 92' lang='lat' dir='ltr'><strong>mirum</strong></span> <span class='ocrx_word' id='word_1_292' title='bbox 3595 877 3764 933; x_wconf 87' lang='lat' dir='ltr'><strong>videri</strong></span> <span class='ocrx_word' id='word_1_293' title='bbox 3811 895 3907 948; x_wconf 85' lang='lat' dir='ltr'><strong>po-</strong></span> 
     </span>
    </p>
   </div>
   <div class='ocr_carea' id='block_1_39' title="bbox 2313 958 3906 1034">
    <p class='ocr_par' dir='ltr' id='par_1_39' title="bbox 2313 958 3906 1034">
     <span class='ocr_line' id='line_1_39' title="bbox 2313 958 3906 1034; baseline 0.008 -23"><span class='ocrx_word' id='word_1_294' title='bbox 2313 965 2436 1011; x_wconf 86' lang='lat' dir='ltr'><strong>.test</strong></span> <span class='ocrx_word' id='word_1_295' title='bbox 2464 958 2911 1026; x_wconf 88' lang='lat' dir='ltr'><strong>quemadmodum</strong></span> <span class='ocrx_word' id='word_1_296' title='bbox 2945 963 3082 1017; x_wconf 88' lang='lat' dir='ltr'><strong>alter</strong></span> <span class='ocrx_word' id='word_1_297' title='bbox 3108 964 3181 1018; x_wconf 93' lang='lat' dir='ltr'><strong>sit</strong></span> <span class='ocrx_word' id='word_1_298' title='bbox 3221 980 3251 1019; x_wconf 89' lang='lat' dir='ltr'><strong>a</strong></span> <span class='ocrx_word' id='word_1_299' title='bbox 3282 965 3590 1023; x_wconf 86' lang='lat' dir='ltr'><strong>deﬁnitione</strong></span> <span class='ocrx_word' id='word_1_300' title='bbox 3621 967 3792 1034; x_wconf 90' lang='lat' dir='ltr'><strong>locus,</strong></span> <span class='ocrx_word' id='word_1_301' title='bbox 3822 971 3906 1023; x_wconf 85' lang='lat' dir='ltr'><strong>al-</strong></span> 
     </span>
    </p>
   </div>
   <div class='ocr_carea' id='block_1_40' title="bbox 2329 1053 3905 1125">
    <p class='ocr_par' dir='ltr' id='par_1_40' title="bbox 2329 1053 3905 1125">
     <span class='ocr_line' id='line_1_40' title="bbox 2329 1053 3905 1125; baseline 0.009 -22"><span class='ocrx_word' id='word_1_302' title='bbox 2329 1055 2415 1104; x_wconf 88' lang='lat' dir='ltr'><strong>ter</strong></span> <span class='ocrx_word' id='word_1_303' title='bbox 2467 1065 2497 1104; x_wconf 90' lang='lat' dir='ltr'><strong>a</strong></span> <span class='ocrx_word' id='word_1_304' title='bbox 2551 1053 2777 1120; x_wconf 82' lang='lat' dir='ltr'><strong>partium</strong></span> <span class='ocrx_word' id='word_1_305' title='bbox 2838 1057 3265 1112; x_wconf 88' lang='lat' dir='ltr'><strong>enumeratione.</strong></span> <span class='ocrx_word' id='word_1_306' title='bbox 3315 1059 3444 1125; x_wconf 63' lang='lat' dir='ltr'><strong>Quae</strong></span> <span class='ocrx_word' id='word_1_307' title='bbox 3485 1076 3572 1114; x_wconf 87' lang='lat' dir='ltr'><strong>res</strong></span> <span class='ocrx_word' id='word_1_308' title='bbox 3616 1061 3905 1118; x_wconf 80' lang='lat' dir='ltr'><strong>maximam</strong></span> 
     </span>
    </p>
   </div>
   <div class='ocr_carea' id='block_1_41' title="bbox 2330 1142 3906 1221">
    <p class='ocr_par' dir='ltr' id='par_1_41' title="bbox 2330 1142 3906 1221">
     <span class='ocr_line' id='line_1_41' title="bbox 2330 1142 3906 1221; baseline 0.009 -25"><span class='ocrx_word' id='word_1_309' title='bbox 2330 1142 2699 1199; x_wconf 80' lang='lat' dir='ltr'><strong>confusionem</strong></span> <span class='ocrx_word' id='word_1_310' title='bbox 2728 1156 2965 1214; x_wconf 60' lang='lat' dir='ltr'><strong>praestat.</strong></span> <span class='ocrx_word' id='word_1_311' title='bbox 2994 1146 3126 1202; x_wconf 81' lang='lat' dir='ltr'><strong>Nam</strong></span> <span class='ocrx_word' id='word_1_312' title='bbox 3153 1164 3277 1204; x_wconf 92' lang='lat' dir='ltr'><strong>cum</strong></span> <span class='ocrx_word' id='word_1_313' title='bbox 3303 1152 3553 1221; x_wconf 84' lang='lat' dir='ltr'><strong>superius</strong></span> <span class='ocrx_word' id='word_1_314' title='bbox 3580 1153 3636 1207; x_wconf 91' lang='lat' dir='ltr'><strong>in</strong></span> <span class='ocrx_word' id='word_1_315' title='bbox 3661 1154 3906 1210; x_wconf 91' lang='lat' dir='ltr'><strong>locorum</strong></span> 
     </span>
    </p>
   </div>
   <div class='ocr_carea' id='block_1_42' title="bbox 2328 1236 3916 1310">
    <p class='ocr_par' dir='ltr' id='par_1_42' title="bbox 2328 1236 3916 1310">
     <span class='ocr_line' id='line_1_42' title="bbox 2328 1236 3916 1310; baseline 0.011 -25"><span class='ocrx_word' id='word_1_316' title='bbox 2328 1236 2731 1291; x_wconf 89' lang='lat' dir='ltr'><strong>enumeratione</strong></span> <span class='ocrx_word' id='word_1_317' title='bbox 2773 1237 2912 1292; x_wconf 90' lang='lat' dir='ltr'><strong>alter</strong></span> <span class='ocrx_word' id='word_1_318' title='bbox 2955 1254 2985 1292; x_wconf 91' lang='lat' dir='ltr'><strong>a</strong></span> <span class='ocrx_word' id='word_1_319' title='bbox 3028 1239 3342 1296; x_wconf 89' lang='lat' dir='ltr'><strong>deﬁnitione</strong></span> <span class='ocrx_word' id='word_1_320' title='bbox 3389 1244 3556 1310; x_wconf 87' lang='lat' dir='ltr'><strong>locus,</strong></span> <span class='ocrx_word' id='word_1_321' title='bbox 3586 1246 3721 1300; x_wconf 89' lang='lat' dir='ltr'><strong>alter</strong></span> <span class='ocrx_word' id='word_1_322' title='bbox 3758 1247 3831 1301; x_wconf 76' lang='lat' dir='ltr'><strong>sit</strong></span> <span class='ocrx_word' id='word_1_323' title='bbox 3870 1263 3916 1303; x_wconf 82' lang='lat' dir='ltr'><strong>a.</strong></span> 
     </span>
    </p>
   </div>
   <div class='ocr_carea' id='block_1_43' title="bbox 2330 1326 3910 1407">
    <p class='ocr_par' dir='ltr' id='par_1_43' title="bbox 2330 1326 3910 1407">
     <span class='ocr_line' id='line_1_43' title="bbox 2330 1326 3910 1407; baseline 0.011 -30"><span class='ocrx_word' id='word_1_324' title='bbox 2330 1326 2561 1394; x_wconf 89' lang='lat' dir='ltr'><strong>partium</strong></span> <span class='ocrx_word' id='word_1_325' title='bbox 2610 1330 3014 1386; x_wconf 88' lang='lat' dir='ltr'><strong>enumeratione</strong></span> <span class='ocrx_word' id='word_1_326' title='bbox 3072 1335 3416 1403; x_wconf 86' lang='lat' dir='ltr'><strong>propositus,</strong></span> <span class='ocrx_word' id='word_1_327' title='bbox 3477 1352 3704 1407; x_wconf 90' lang='lat' dir='ltr'><strong>cumque</strong></span> <span class='ocrx_word' id='word_1_328' title='bbox 3761 1355 3910 1396; x_wconf 90' lang='lat' dir='ltr'><strong>nunc</strong></span> 
     </span>
    </p>
   </div>
   <div class='ocr_carea' id='block_1_44' title="bbox 2328 1419 3906 1493">
    <p class='ocr_par' dir='ltr' id='par_1_44' title="bbox 2328 1419 3906 1493">
     <span class='ocr_line' id='line_1_44' title="bbox 2328 1419 3906 1493; baseline 0.01 -21"><span class='ocrx_word' id='word_1_329' title='bbox 2328 1419 2786 1476; x_wconf 88' lang='lat' dir='ltr'><strong>enumerationem</strong></span> <span class='ocrx_word' id='word_1_330' title='bbox 2820 1424 3073 1490; x_wconf 81' lang='lat' dir='ltr'><strong>partium,</strong></span> <span class='ocrx_word' id='word_1_331' title='bbox 3096 1425 3181 1480; x_wconf 86' lang='lat' dir='ltr'><strong>vel</strong></span> <span class='ocrx_word' id='word_1_332' title='bbox 3207 1426 3546 1493; x_wconf 88' lang='lat' dir='ltr'><strong>divisionem,</strong></span> <span class='ocrx_word' id='word_1_333' title='bbox 3577 1428 3906 1487; x_wconf 87' lang='lat' dir='ltr'><strong>deﬁnitionis</strong></span> 
     </span>
    </p>
   </div>
   <div class='ocr_carea' id='block_1_45' title="bbox 2330 1507 3904 1588">
    <p class='ocr_par' dir='ltr' id='par_1_45' title="bbox 2330 1507 3904 1588">
     <span class='ocr_line' id='line_1_45' title="bbox 2330 1507 3904 1588; baseline 0.011 -28"><span class='ocrx_word' id='word_1_334' title='bbox 2330 1507 2539 1575; x_wconf 82' lang='lat' dir='ltr'><strong>species</strong></span> <span class='ocrx_word' id='word_1_335' title='bbox 2576 1523 2697 1565; x_wconf 89' lang='lat' dir='ltr'><strong>esse</strong></span> <span class='ocrx_word' id='word_1_336' title='bbox 2745 1512 3049 1578; x_wconf 88' lang='lat' dir='ltr'><strong>conﬁrmet,</strong></span> <span class='ocrx_word' id='word_1_337' title='bbox 3082 1529 3189 1572; x_wconf 91' lang='lat' dir='ltr'><strong>non</strong></span> <span class='ocrx_word' id='word_1_338' title='bbox 3233 1526 3314 1571; x_wconf 90' lang='lat' dir='ltr'><strong>est</strong></span> <span class='ocrx_word' id='word_1_339' title='bbox 3360 1517 3577 1572; x_wconf 92' lang='lat' dir='ltr'><strong>dubium</strong></span> <span class='ocrx_word' id='word_1_340' title='bbox 3618 1521 3745 1588; x_wconf 92' lang='lat' dir='ltr'><strong>quin</strong></span> <span class='ocrx_word' id='word_1_341' title='bbox 3785 1539 3904 1578; x_wconf 91' lang='lat' dir='ltr'><strong>cum</strong></span> 
     </span>
    </p>
   </div>
   <div class='ocr_carea' id='block_1_46' title="bbox 2329 1595 3902 1684">
    <p class='ocr_par' dir='ltr' id='par_1_46' title="bbox 2329 1595 3902 1684">
     <span class='ocr_line' id='line_1_46' title="bbox 2329 1595 3902 1684; baseline 0.013 -36"><span class='ocrx_word' id='word_1_342' title='bbox 2329 1595 2470 1651; x_wconf 89' lang='lat' dir='ltr'><strong>idem</strong></span> <span class='ocrx_word' id='word_1_343' title='bbox 2518 1599 2588 1652; x_wconf 88' lang='lat' dir='ltr'><strong>sit</strong></span> <span class='ocrx_word' id='word_1_344' title='bbox 2625 1601 2857 1668; x_wconf 89' lang='lat' dir='ltr'><strong>partium</strong></span> <span class='ocrx_word' id='word_1_345' title='bbox 2901 1607 3238 1660; x_wconf 89' lang='lat' dir='ltr'><strong>enumeratio</strong></span> <span class='ocrx_word' id='word_1_346' title='bbox 3274 1608 3414 1675; x_wconf 93' lang='lat' dir='ltr'><strong>quod</strong></span> <span class='ocrx_word' id='word_1_347' title='bbox 3461 1608 3698 1664; x_wconf 90' lang='lat' dir='ltr'><strong>deﬁnitio</strong></span> <span class='ocrx_word' id='word_1_348' title='bbox 3737 1610 3902 1684; x_wconf 89' lang='lat' dir='ltr'><strong>(idem</strong></span> 
     </span>
    </p>
   </div>
   <div class='ocr_carea' id='block_1_47' title="bbox 2329 1693 3903 1768">
    <p class='ocr_par' dir='ltr' id='par_1_47' title="bbox 2329 1693 3903 1768">
     <span class='ocr_line' id='line_1_47' title="bbox 2329 1693 3903 1768; baseline 0.013 -30"><span class='ocrx_word' id='word_1_349' title='bbox 2329 1700 2559 1757; x_wconf 89' lang='lat' dir='ltr'><strong>namque</strong></span> <span class='ocrx_word' id='word_1_350' title='bbox 2600 1699 2682 1744; x_wconf 90' lang='lat' dir='ltr'><strong>est</strong></span> <span class='ocrx_word' id='word_1_351' title='bbox 2732 1693 2944 1761; x_wconf 88' lang='lat' dir='ltr'><strong>species</strong></span> <span class='ocrx_word' id='word_1_352' title='bbox 2973 1694 3113 1765; x_wconf 88' lang='lat' dir='ltr'><strong>quod</strong></span> <span class='ocrx_word' id='word_1_353' title='bbox 3143 1696 3360 1768; x_wconf 87' lang='lat' dir='ltr'><strong>genus),</strong></span> <span class='ocrx_word' id='word_1_354' title='bbox 3394 1697 3534 1754; x_wconf 91' lang='lat' dir='ltr'><strong>idem</strong></span> <span class='ocrx_word' id='word_1_355' title='bbox 3579 1702 3650 1754; x_wconf 88' lang='lat' dir='ltr'><strong>sit</strong></span> <span class='ocrx_word' id='word_1_356' title='bbox 3683 1700 3830 1758; x_wconf 87' lang='lat' dir='ltr'><strong>locns</strong></span> <span class='ocrx_word' id='word_1_357' title='bbox 3870 1719 3903 1758; x_wconf 89' lang='lat' dir='ltr'><strong>a</strong></span> 
     </span>
    </p>
   </div>
   <div class='ocr_carea' id='block_1_48' title="bbox 2330 1777 3904 1858">
    <p class='ocr_par' dir='ltr' id='par_1_48' title="bbox 2330 1777 3904 1858">
     <span class='ocr_line' id='line_1_48' title="bbox 2330 1777 3904 1858; baseline 0.011 -28"><span class='ocrx_word' id='word_1_358' title='bbox 2330 1777 2663 1845; x_wconf 89' lang='lat' dir='ltr'><strong>deﬁnitione,</strong></span> <span class='ocrx_word' id='word_1_359' title='bbox 2699 1783 2788 1850; x_wconf 88' lang='lat' dir='ltr'><strong>qui</strong></span> <span class='ocrx_word' id='word_1_360' title='bbox 2821 1791 2905 1837; x_wconf 91' lang='lat' dir='ltr'><strong>est</strong></span> <span class='ocrx_word' id='word_1_361' title='bbox 2944 1791 2974 1836; x_wconf 84' lang='lat' dir='ltr'><strong>a</strong></span> <span class='ocrx_word' id='word_1_362' title='bbox 3019 1787 3250 1854; x_wconf 88' lang='lat' dir='ltr'><strong>partium</strong></span> <span class='ocrx_word' id='word_1_363' title='bbox 3290 1791 3710 1846; x_wconf 90' lang='lat' dir='ltr'><strong>enumeratione.</strong></span> <span class='ocrx_word' id='word_1_364' title='bbox 3741 1792 3904 1858; x_wconf 87' lang='lat' dir='ltr'><strong>Cujus</strong></span> 
     </span>
    </p>
   </div>
   <div class='ocr_carea' id='block_1_49' title="bbox 2328 1869 3903 1950">
    <p class='ocr_par' dir='ltr' id='par_1_49' title="bbox 2328 1869 3903 1950">
     <span class='ocr_line' id='line_1_49' title="bbox 2328 1869 3903 1950; baseline 0.012 -30"><span class='ocrx_word' id='word_1_365' title='bbox 2328 1869 2646 1938; x_wconf 71' lang='lat' dir='ltr'><strong>quaestionis</strong></span> <span class='ocrx_word' id='word_1_366' title='bbox 2691 1871 2845 1927; x_wconf 89' lang='lat' dir='ltr'><strong>valde</strong></span> <span class='ocrx_word' id='word_1_367' title='bbox 2880 1873 3135 1941; x_wconf 88' lang='lat' dir='ltr'><strong>difﬁcilis,</strong></span> <span class='ocrx_word' id='word_1_368' title='bbox 3167 1877 3372 1932; x_wconf 79' lang='lat' dir='ltr'><strong>facilior</strong></span> <span class='ocrx_word' id='word_1_369' title='bbox 3417 1879 3677 1936; x_wconf 88' lang='lat' dir='ltr'><strong>absolutio</strong></span> <span class='ocrx_word' id='word_1_370' title='bbox 3710 1893 3810 1950; x_wconf 87' lang='lat' dir='ltr'><strong>est,</strong></span> <span class='ocrx_word' id='word_1_371' title='bbox 3857 1885 3903 1939; x_wconf 89' lang='lat' dir='ltr'><strong>si</strong></span> 
     </span>
    </p>
   </div>
   <div class='ocr_carea' id='block_1_50' title="bbox 2326 1957 3904 2045">
    <p class='ocr_par' dir='ltr' id='par_1_50' title="bbox 2326 1957 3904 2045">
     <span class='ocr_line' id='line_1_50' title="bbox 2326 1957 3904 2045; baseline 0.01 -31"><span class='ocrx_word' id='word_1_372' title='bbox 2326 1957 2698 2016; x_wconf 89' lang='lat' dir='ltr'><strong>deﬁnitionum</strong></span> <span class='ocrx_word' id='word_1_373' title='bbox 2751 1962 2985 2031; x_wconf 85' lang='lat' dir='ltr'><strong>ipsarum</strong></span> <span class='ocrx_word' id='word_1_374' title='bbox 3019 1965 3218 2021; x_wconf 79' lang='lat' dir='ltr'><strong>formas</strong></span> <span class='ocrx_word' id='word_1_375' title='bbox 3264 1982 3328 2023; x_wconf 91' lang='lat' dir='ltr'><strong>ac</strong></span> <span class='ocrx_word' id='word_1_376' title='bbox 3368 1970 3649 2026; x_wconf 87' lang='lat' dir='ltr'><strong>distantias</strong></span> <span class='ocrx_word' id='word_1_377' title='bbox 3687 1975 3904 2045; x_wconf 76' lang='lat' dir='ltr'><strong>colliga-</strong></span> 
     </span>
    </p>
   </div>
   <div class='ocr_carea' id='block_1_51' title="bbox 2329 2052 3903 2133">
    <p class='ocr_par' dir='ltr' id='par_1_51' title="bbox 2329 2052 3903 2133">
     <span class='ocr_line' id='line_1_51' title="bbox 2329 2052 3903 2133; baseline 0.01 -29"><span class='ocrx_word' id='word_1_378' title='bbox 2329 2065 2470 2105; x_wconf 89' lang='lat' dir='ltr'><strong>mus.</strong></span> <span class='ocrx_word' id='word_1_379' title='bbox 2511 2052 2688 2108; x_wconf 75' lang='lat' dir='ltr'><strong>Multis</strong></span> <span class='ocrx_word' id='word_1_380' title='bbox 2720 2068 2951 2125; x_wconf 86' lang='lat' dir='ltr'><strong>namque</strong></span> <span class='ocrx_word' id='word_1_381' title='bbox 2981 2057 3154 2112; x_wconf 92' lang='lat' dir='ltr'><strong>modis</strong></span> <span class='ocrx_word' id='word_1_382' title='bbox 3180 2059 3294 2113; x_wconf 87' lang='lat' dir='ltr'><strong>ﬁeri</strong></span> <span class='ocrx_word' id='word_1_383' title='bbox 3325 2059 3567 2116; x_wconf 89' lang='lat' dir='ltr'><strong>definitio</strong></span> <span class='ocrx_word' id='word_1_384' title='bbox 3598 2071 3788 2133; x_wconf 89' lang='lat' dir='ltr'><strong>potest.</strong></span> <span class='ocrx_word' id='word_1_385' title='bbox 3816 2065 3903 2120; x_wconf 87' lang='lat' dir='ltr'><strong>ln-</strong></span> 
     </span>
    </p>
   </div>
   <div class='ocr_carea' id='block_1_52' title="bbox 2329 2151 3903 2223">
    <p class='ocr_par' dir='ltr' id='par_1_52' title="bbox 2329 2151 3903 2223">
     <span class='ocr_line' id='line_1_52' title="bbox 2329 2151 3903 2223; baseline 0.011 -28"><span class='ocrx_word' id='word_1_386' title='bbox 2329 2151 2415 2196; x_wconf 89' lang='lat' dir='ltr'><strong>ter</strong></span> <span class='ocrx_word' id='word_1_387' title='bbox 2469 2159 2603 2212; x_wconf 88' lang='lat' dir='ltr'><strong>quos</strong></span> <span class='ocrx_word' id='word_1_388' title='bbox 2645 2160 2782 2199; x_wconf 87' lang='lat' dir='ltr'><strong>unus</strong></span> <span class='ocrx_word' id='word_1_389' title='bbox 2819 2158 2904 2201; x_wconf 90' lang='lat' dir='ltr'><strong>est</strong></span> <span class='ocrx_word' id='word_1_390' title='bbox 2938 2163 3100 2203; x_wconf 91' lang='lat' dir='ltr'><strong>verus</strong></span> <span class='ocrx_word' id='word_1_391' title='bbox 3137 2158 3297 2219; x_wconf 89' lang='lat' dir='ltr'><strong>atque</strong></span> <span class='ocrx_word' id='word_1_392' title='bbox 3333 2151 3539 2223; x_wconf 80' lang='lat' dir='ltr'><strong>integer</strong></span> <span class='ocrx_word' id='word_1_393' title='bbox 3577 2154 3903 2214; x_wconf 88' lang='lat' dir='ltr'><strong>deﬁnitionis</strong></span> 
     </span>
    </p>
   </div>
   <div class='ocr_carea' id='block_1_53' title="bbox 2326 2236 3905 2320">
    <p class='ocr_par' dir='ltr' id='par_1_53' title="bbox 2326 2236 3905 2320">
     <span class='ocr_line' id='line_1_53' title="bbox 2326 2236 3905 2320; baseline 0.013 -32"><span class='ocrx_word' id='word_1_394' title='bbox 2326 2236 2538 2301; x_wconf 91' lang='lat' dir='ltr'><strong>modus,</strong></span> <span class='ocrx_word' id='word_1_395' title='bbox 2572 2238 2661 2307; x_wconf 69' lang='lat' dir='ltr'><strong>qui</strong></span> <span class='ocrx_word' id='word_1_396' title='bbox 2705 2239 2870 2294; x_wconf 91' lang='lat' dir='ltr'><strong>etiam</strong></span> <span class='ocrx_word' id='word_1_397' title='bbox 2913 2241 3285 2299; x_wconf 83' lang='lat' dir='ltr'><strong>substantialis</strong></span> <span class='ocrx_word' id='word_1_398' title='bbox 3316 2245 3546 2312; x_wconf 88' lang='lat' dir='ltr'><strong>dicitur;</strong></span> <span class='ocrx_word' id='word_1_399' title='bbox 3587 2250 3776 2320; x_wconf 89' lang='lat' dir='ltr'><strong>reliqui</strong></span> <span class='ocrx_word' id='word_1_400' title='bbox 3811 2267 3905 2320; x_wconf 87' lang='lat' dir='ltr'><strong>per</strong></span> 
     </span>
    </p>
   </div>
   <div class='ocr_carea' id='block_1_54' title="bbox 2325 2330 3954 2411">
    <p class='ocr_par' dir='ltr' id='par_1_54' title="bbox 2325 2330 3954 2411">
     <span class='ocr_line' id='line_1_54' title="bbox 2325 2330 3954 2411; baseline 0.011 -29"><span class='ocrx_word' id='word_1_401' title='bbox 2325 2330 2636 2386; x_wconf 87' lang='lat' dir='ltr'><strong>abusionem</strong></span> <span class='ocrx_word' id='word_1_402' title='bbox 2679 2331 3022 2390; x_wconf 89' lang='lat' dir='ltr'><strong>deﬁnitiones</strong></span> <span class='ocrx_word' id='word_1_403' title='bbox 3062 2347 3337 2393; x_wconf 88' lang='lat' dir='ltr'><strong>vocantur.</strong></span> <span class='ocrx_word' id='word_1_404' title='bbox 3385 2339 3460 2395; x_wconf 90' lang='lat' dir='ltr'><strong>De</strong></span> <span class='ocrx_word' id='word_1_405' title='bbox 3503 2341 3687 2411; x_wconf 85' lang='lat' dir='ltr'><strong>quibus</strong></span> <span class='ocrx_word' id='word_1_406' title='bbox 3719 2345 3903 2399; x_wconf 82' lang='lat' dir='ltr'><strong>omni-</strong></span> <span class='ocrx_word' id='word_1_407' title='bbox 3949 2395 3954 2399; x_wconf 83' lang='lat'><strong>.</strong></span> 
     </span>
    </p>
   </div>
   <div class='ocr_carea' id='block_1_55' title="bbox 2329 2421 3898 2498">
    <p class='ocr_par' dir='ltr' id='par_1_55' title="bbox 2329 2421 3898 2498">
     <span class='ocr_line' id='line_1_55' title="bbox 2329 2421 3898 2498; baseline 0.01 -22"><span class='ocrx_word' id='word_1_408' title='bbox 2329 2421 2428 2476; x_wconf 90' lang='lat' dir='ltr'><strong>bus</strong></span> <span class='ocrx_word' id='word_1_409' title='bbox 2483 2423 2639 2492; x_wconf 89' lang='lat' dir='ltr'><strong>paulo</strong></span> <span class='ocrx_word' id='word_1_410' title='bbox 2695 2426 2961 2492; x_wconf 90' lang='lat' dir='ltr'><strong>posterius</strong></span> <span class='ocrx_word' id='word_1_411' title='bbox 3005 2428 3268 2498; x_wconf 81' lang='lat' dir='ltr'><strong>integram</strong></span> <span class='ocrx_word' id='word_1_412' title='bbox 3326 2428 3516 2485; x_wconf 90' lang='lat' dir='ltr'><strong>faciam</strong></span> <span class='ocrx_word' id='word_1_413' title='bbox 3554 2433 3898 2493; x_wconf 85' lang='lat' dir='ltr'><strong>divisionem.</strong></span> 
     </span>
    </p>
   </div>
   <div class='ocr_carea' id='block_1_56' title="bbox 2325 2511 3901 2594">
    <p class='ocr_par' dir='ltr' id='par_1_56' title="bbox 2325 2511 3901 2594">
     <span class='ocr_line' id='line_1_56' title="bbox 2325 2511 3901 2594; baseline 0.011 -28"><span class='ocrx_word' id='word_1_414' title='bbox 2325 2511 2476 2567; x_wconf 87' lang='lat' dir='ltr'><strong>Nunc</strong></span> <span class='ocrx_word' id='word_1_415' title='bbox 2501 2513 2553 2567; x_wconf 90' lang='lat' dir='ltr'><strong>in</strong></span> <span class='ocrx_word' id='word_1_416' title='bbox 2579 2529 2862 2572; x_wconf 87' lang='lat' dir='ltr'><strong>commune</strong></span> <span class='ocrx_word' id='word_1_417' title='bbox 2883 2519 2962 2573; x_wconf 85' lang='lat' dir='ltr'><strong>sic</strong></span> <span class='ocrx_word' id='word_1_418' title='bbox 2977 2519 3242 2576; x_wconf 88' lang='lat' dir='ltr'><strong>disseram</strong></span> <span class='ocrx_word' id='word_1_419' title='bbox 3261 2540 3273 2574; x_wconf 89' lang='lat'><strong>:</strong></span> <span class='ocrx_word' id='word_1_420' title='bbox 3296 2525 3314 2546; x_wconf 80' lang='grc'>⁶</span> <span class='ocrx_word' id='word_1_421' title='bbox 3330 2538 3453 2579; x_wconf 81' lang='lat' dir='ltr'><strong>nam</strong></span> <span class='ocrx_word' id='word_1_422' title='bbox 3474 2525 3590 2594; x_wconf 89' lang='lat' dir='ltr'><strong>quia</strong></span> <span class='ocrx_word' id='word_1_423' title='bbox 3604 2528 3777 2582; x_wconf 90' lang='lat' dir='ltr'><strong>omnis</strong></span> <span class='ocrx_word' id='word_1_424' title='bbox 3794 2528 3901 2583; x_wconf 82' lang='lat' dir='ltr'><strong>de-</strong></span> 
     </span>
    </p>
   </div>
   <div class='ocr_carea' id='block_1_57' title="bbox 2327 2602 3905 2688">
    <p class='ocr_par' dir='ltr' id='par_1_57' title="bbox 2327 2602 3905 2688">
     <span class='ocr_line' id='line_1_57' title="bbox 2327 2602 3905 2688; baseline 0.013 -31"><span class='ocrx_word' id='word_1_425' title='bbox 2327 2602 2500 2660; x_wconf 89' lang='lat' dir='ltr'><strong>ﬁnitio</strong></span> <span class='ocrx_word' id='word_1_426' title='bbox 2527 2607 2759 2676; x_wconf 82' lang='lat' dir='ltr'><strong>explicat</strong></span> <span class='ocrx_word' id='word_1_427' title='bbox 2787 2610 2916 2678; x_wconf 88' lang='lat' dir='ltr'><strong>quid</strong></span> <span class='ocrx_word' id='word_1_428' title='bbox 2948 2611 3020 2666; x_wconf 89' lang='lat' dir='ltr'><strong>sit</strong></span> <span class='ocrx_word' id='word_1_429' title='bbox 3046 2612 3102 2666; x_wconf 88' lang='lat' dir='ltr'><strong>id</strong></span> <span class='ocrx_word' id='word_1_430' title='bbox 3134 2615 3276 2683; x_wconf 90' lang='lat' dir='ltr'><strong>quod</strong></span> <span class='ocrx_word' id='word_1_431' title='bbox 3302 2615 3574 2672; x_wconf 90' lang='lat' dir='ltr'><strong>deﬁnitur.</strong></span> <span class='ocrx_word' id='word_1_432' title='bbox 3607 2619 3905 2688; x_wconf 83' lang='lat' dir='ltr'><strong>Explicatio</strong></span> 
     </span>
    </p>
   </div>
   <div class='ocr_carea' id='block_1_58' title="bbox 2327 2699 3905 2782">
    <p class='ocr_par' dir='ltr' id='par_1_58' title="bbox 2327 2699 3905 2782">
     <span class='ocr_line' id='line_1_58' title="bbox 2327 2699 3905 2782; baseline 0.013 -32"><span class='ocrx_word' id='word_1_433' title='bbox 2327 2707 2503 2752; x_wconf 92' lang='lat' dir='ltr'><strong>autem</strong></span> <span class='ocrx_word' id='word_1_434' title='bbox 2535 2699 2594 2753; x_wconf 88' lang='lat' dir='ltr'><strong>ﬁt</strong></span> <span class='ocrx_word' id='word_1_435' title='bbox 2635 2700 2841 2757; x_wconf 90' lang='lat' dir='ltr'><strong>duobus</strong></span> <span class='ocrx_word' id='word_1_436' title='bbox 2885 2704 3231 2762; x_wconf 89' lang='lat' dir='ltr'><strong>modis:uno</strong></span> <span class='ocrx_word' id='word_1_437' title='bbox 3269 2708 3486 2778; x_wconf 86' lang='lat' dir='ltr'><strong>quidem</strong></span> <span class='ocrx_word' id='word_1_438' title='bbox 3531 2726 3652 2766; x_wconf 91' lang='lat' dir='ltr'><strong>cum</strong></span> <span class='ocrx_word' id='word_1_439' title='bbox 3702 2728 3799 2782; x_wconf 87' lang='lat' dir='ltr'><strong>pro</strong></span> <span class='ocrx_word' id='word_1_440' title='bbox 3839 2729 3905 2771; x_wconf 82' lang='lat' dir='ltr'><strong>re</strong></span> 
     </span>
    </p>
   </div>
   <div class='ocr_carea' id='block_1_59' title="bbox 2327 2789 3903 2868">
    <p class='ocr_par' dir='ltr' id='par_1_59' title="bbox 2327 2789 3903 2868">
     <span class='ocr_line' id='line_1_59' title="bbox 2327 2789 3903 2868; baseline 0.013 -26"><span class='ocrx_word' id='word_1_441' title='bbox 2327 2789 2550 2846; x_wconf 87' lang='lat' dir='ltr'><strong>minime</strong></span> <span class='ocrx_word' id='word_1_442' title='bbox 2580 2792 2793 2862; x_wconf 89' lang='lat' dir='ltr'><strong>cognita</strong></span> <span class='ocrx_word' id='word_1_443' title='bbox 2827 2794 3039 2864; x_wconf 90' lang='lat' dir='ltr'><strong>planius</strong></span> <span class='ocrx_word' id='word_1_444' title='bbox 3081 2797 3288 2868; x_wconf 88' lang='lat' dir='ltr'><strong>aliquid</strong></span> <span class='ocrx_word' id='word_1_445' title='bbox 3332 2800 3586 2867; x_wconf 80' lang='lat' dir='ltr'><strong>affertur;</strong></span> <span class='ocrx_word' id='word_1_446' title='bbox 3634 2803 3743 2859; x_wconf 90' lang='lat' dir='ltr'><strong>alio</strong></span> <span class='ocrx_word' id='word_1_447' title='bbox 3773 2820 3903 2864; x_wconf 90' lang='lat' dir='ltr'><strong>vero</strong></span> 
     </span>
    </p>
   </div>
   <div class='ocr_carea' id='block_1_60' title="bbox 2327 2881 3904 2965">
    <p class='ocr_par' dir='ltr' id='par_1_60' title="bbox 2327 2881 3904 2965">
     <span class='ocr_line' id='line_1_60' title="bbox 2327 2881 3904 2965; baseline 0.011 -31"><span class='ocrx_word' id='word_1_448' title='bbox 2327 2896 2448 2934; x_wconf 89' lang='lat' dir='ltr'><strong>cum</strong></span> <span class='ocrx_word' id='word_1_449' title='bbox 2476 2881 2536 2934; x_wconf 89' lang='lat' dir='ltr'><strong>ﬁt</strong></span> <span class='ocrx_word' id='word_1_450' title='bbox 2574 2883 2816 2952; x_wconf 70' lang='lat' dir='ltr'><strong>quaedam</strong></span> <span class='ocrx_word' id='word_1_451' title='bbox 2845 2887 3073 2954; x_wconf 88' lang='lat' dir='ltr'><strong>partium</strong></span> <span class='ocrx_word' id='word_1_452' title='bbox 3117 2892 3474 2947; x_wconf 87' lang='lat' dir='ltr'><strong>enumeratio.</strong></span> <span class='ocrx_word' id='word_1_453' title='bbox 3519 2895 3599 2948; x_wconf 77' lang='lat' dir='ltr'><strong>Ac</strong></span> <span class='ocrx_word' id='word_1_454' title='bbox 3633 2894 3702 2950; x_wconf 89' lang='lat' dir='ltr'><strong>de</strong></span> <span class='ocrx_word' id='word_1_455' title='bbox 3723 2896 3904 2965; x_wconf 89' lang='lat' dir='ltr'><strong>priore</strong></span> 
     </span>
    </p>
   </div>
   <div class='ocr_carea' id='block_1_61' title="bbox 2326 2970 3902 3045">
    <p class='ocr_par' dir='ltr' id='par_1_61' title="bbox 2326 2970 3902 3045">
     <span class='ocr_line' id='line_1_61' title="bbox 2326 2970 3902 3045; baseline 0.012 -21"><span class='ocrx_word' id='word_1_456' title='bbox 2326 2970 2546 3040; x_wconf 90' lang='lat' dir='ltr'><strong>quidem</strong></span> <span class='ocrx_word' id='word_1_457' title='bbox 2592 2973 2774 3042; x_wconf 91' lang='lat' dir='ltr'><strong>modo,</strong></span> <span class='ocrx_word' id='word_1_458' title='bbox 2817 2978 3103 3045; x_wconf 90' lang='lat' dir='ltr'><strong>posterius.</strong></span> <span class='ocrx_word' id='word_1_459' title='bbox 3148 2978 3300 3036; x_wconf 84' lang='lat' dir='ltr'><strong>Nunc</strong></span> <span class='ocrx_word' id='word_1_460' title='bbox 3339 2996 3470 3039; x_wconf 88' lang='lat' dir='ltr'><strong>vero</strong></span> <span class='ocrx_word' id='word_1_461' title='bbox 3503 2982 3572 3038; x_wconf 89' lang='lat' dir='ltr'><strong>de</strong></span> <span class='ocrx_word' id='word_1_462' title='bbox 3620 3000 3902 3042; x_wconf 82' lang='lat' dir='ltr'><strong>enumera-</strong></span> 
     </span>
    </p>
   </div>
   <div class='ocr_carea' id='block_1_62' title="bbox 2326 3059 3901 3141">
    <p class='ocr_par' dir='ltr' id='par_1_62' title="bbox 2326 3059 3901 3141">
     <span class='ocr_line' id='line_1_62' title="bbox 2326 3059 3901 3141; baseline 0.013 -28"><span class='ocrx_word' id='word_1_463' title='bbox 2326 3059 2471 3115; x_wconf 90' lang='lat' dir='ltr'><strong>tione</strong></span> <span class='ocrx_word' id='word_1_464' title='bbox 2497 3063 2724 3130; x_wconf 91' lang='lat' dir='ltr'><strong>partium</strong></span> <span class='ocrx_word' id='word_1_465' title='bbox 2757 3064 2829 3120; x_wconf 85' lang='lat' dir='ltr'><strong>ita</strong></span> <span class='ocrx_word' id='word_1_466' title='bbox 2855 3067 3142 3123; x_wconf 90' lang='lat' dir='ltr'><strong>dicendum</strong></span> <span class='ocrx_word' id='word_1_467' title='bbox 3185 3079 3291 3138; x_wconf 90' lang='lat' dir='ltr'><strong>est,</strong></span> <span class='ocrx_word' id='word_1_468' title='bbox 3323 3073 3466 3141; x_wconf 89' lang='lat' dir='ltr'><strong>quod</strong></span> <span class='ocrx_word' id='word_1_469' title='bbox 3493 3077 3670 3132; x_wconf 88' lang='lat' dir='ltr'><strong>omnis</strong></span> <span class='ocrx_word' id='word_1_470' title='bbox 3711 3077 3901 3132; x_wconf 81' lang='lat' dir='ltr'><strong>deﬁni-</strong></span> 
     </span>
    </p>
   </div>
   <div class='ocr_carea' id='block_1_63' title="bbox 2327 3152 3903 3239">
    <p class='ocr_par' dir='ltr' id='par_1_63' title="bbox 2327 3152 3903 3239">
     <span class='ocr_line' id='line_1_63' title="bbox 2327 3152 3903 3239; baseline 0.014 -34"><span class='ocrx_word' id='word_1_471' title='bbox 2327 3152 2422 3216; x_wconf 85' lang='lat' dir='ltr'><strong>tio,</strong></span> <span class='ocrx_word' id='word_1_472' title='bbox 2444 3167 2564 3222; x_wconf 74' lang='lat' dir='ltr'><strong>quae</strong></span> <span class='ocrx_word' id='word_1_473' title='bbox 2595 3168 2690 3223; x_wconf 88' lang='lat' dir='ltr'><strong>per</strong></span> <span class='ocrx_word' id='word_1_474' title='bbox 2719 3157 2946 3224; x_wconf 89' lang='lat' dir='ltr'><strong>partium</strong></span> <span class='ocrx_word' id='word_1_475' title='bbox 2986 3164 3441 3218; x_wconf 87' lang='lat' dir='ltr'><strong>enumerationem</strong></span> <span class='ocrx_word' id='word_1_476' title='bbox 3475 3165 3552 3233; x_wconf 90' lang='lat' dir='ltr'><strong>ﬁt,</strong></span> <span class='ocrx_word' id='word_1_477' title='bbox 3573 3169 3726 3236; x_wconf 88' lang='lat' dir='ltr'><strong>quasi</strong></span> <span class='ocrx_word' id='word_1_478' title='bbox 3754 3185 3903 3239; x_wconf 65' lang='lat' dir='ltr'><strong>qna!-</strong></span> 
     </span>
    </p>
   </div>
   <div class='ocr_carea' id='block_1_64' title="bbox 642 3213 3896 3331">
    <p class='ocr_par' dir='ltr' id='par_1_64' title="bbox 642 3213 3896 3331">
     <span class='ocr_line' id='line_1_64' title="bbox 642 3213 3896 3331; baseline 0.015 -63"><span class='ocrx_word' id='word_1_479' title='bbox 642 3213 1025 3331; x_wconf 47' lang='lat' dir='ltr'><strong>comnte‘n‘tafo</strong></span> <span class='ocrx_word' id='word_1_480' title='bbox 1073 3215 1212 3331; x_wconf 65' lang='lat' dir='ltr'><strong>idem</strong></span> <span class='ocrx_word' id='word_1_481' title='bbox 1258 3219 1437 3331; x_wconf 33' lang='lat' dir='ltr'><strong>Caius)</strong></span> <span class='ocrx_word' id='word_1_482' title='bbox 1461 3227 1726 3327; x_wconf 67' lang='lat' dir='ltr'><strong>exposuit.</strong></span> <span class='ocrx_word' id='word_1_483' title='bbox 1773 3227 1831 3282; x_wconf 85' lang='lat' dir='ltr'><strong>In</strong></span> <span class='ocrx_word' id='word_1_484' title='bbox 1871 3228 1991 3303; x_wconf 75' lang='lat' dir='ltr'><strong>iure</strong></span> <span class='ocrx_word' id='word_1_485' title='bbox 2019 3242 2217 3331; x_wconf 53' lang='lat' dir='ltr'><strong>autem</strong></span> <span class='ocrx_word' id='word_1_486' title='bbox 2245 3218 2298 3287; x_wconf 73' lang='grc' dir='ltr'>ο</span> <span class='ocrx_word' id='word_1_487' title='bbox 2327 3213 2693 3315; x_wconf 47' lang='grc' dir='ltr'><strong>ἀεὶιιῷετιῖιῑο</strong></span> <span class='ocrx_word' id='word_1_488' title='bbox 2721 3213 2870 3304; x_wconf 68' lang='lat' dir='ltr'><strong>recte</strong></span> <span class='ocrx_word' id='word_1_489' title='bbox 2897 3251 3246 3323; x_wconf 62' lang='lat' dir='ltr'><strong>ﬁntelligitur.</strong></span> <span class='ocrx_word' id='word_1_490' title='bbox 3292 3254 3501 3312; x_wconf 85' lang='lat' dir='ltr'><strong>Dictum</strong></span> <span class='ocrx_word' id='word_1_491' title='bbox 3544 3213 3648 3325; x_wconf 58' lang='lat' dir='ltr'><strong>est,</strong></span> <span class='ocrx_word' id='word_1_492' title='bbox 3677 3259 3730 3315; x_wconf 88' lang='lat' dir='ltr'><strong>id</strong></span> <span class='ocrx_word' id='word_1_493' title='bbox 3755 3213 3896 3331; x_wconf 59' lang='lat' dir='ltr'><strong>quod</strong></span> 
     </span>
    </p>
   </div>
   <div class='ocr_carea' id='block_1_65' title="bbox 641 3301 2216 3389">
    <p class='ocr_par' dir='ltr' id='par_1_65' title="bbox 641 3301 2216 3389">
     <span class='ocr_line' id='line_1_65' title="bbox 641 3301 2216 3389; baseline 0.018 -37"><span class='ocrx_word' id='word_1_494' title='bbox 641 3301 815 3354; x_wconf 82' lang='lat' dir='ltr'><strong>cessio</strong></span> <span class='ocrx_word' id='word_1_495' title='bbox 843 3301 902 3356; x_wconf 90' lang='lat' dir='ltr'><strong>ﬁt</strong></span> <span class='ocrx_word' id='word_1_496' title='bbox 940 3303 1041 3359; x_wconf 92' lang='lat' dir='ltr'><strong>hoc</strong></span> <span class='ocrx_word' id='word_1_497' title='bbox 1074 3307 1274 3364; x_wconf 89' lang='lat' dir='ltr'><strong>modo:</strong></span> <span class='ocrx_word' id='word_1_498' title='bbox 1299 3311 1438 3380; x_wconf 89' lang='lat' dir='ltr'><strong>apud</strong></span> <span class='ocrx_word' id='word_1_499' title='bbox 1479 3317 1845 3385; x_wconf 74' lang='lat' dir='ltr'><strong>magistratum</strong></span> <span class='ocrx_word' id='word_1_500' title='bbox 1876 3301 2056 3389; x_wconf 87' lang='lat' dir='ltr'><strong>populi</strong></span> <span class='ocrx_word' id='word_1_501' title='bbox 2106 3323 2216 3380; x_wconf 80' lang='lat' dir='ltr'><strong>Ro-</strong></span> 
     </span>
    </p>
   </div>
   <div class='ocr_carea' id='block_1_66' title="bbox 641 3391 2216 3485">
    <p class='ocr_par' dir='ltr' id='par_1_66' title="bbox 641 3391 2216 3485">
     <span class='ocr_line' id='line_1_66' title="bbox 641 3391 2216 3485; baseline 0.018 -42"><span class='ocrx_word' id='word_1_502' title='bbox 641 3391 807 3456; x_wconf 90' lang='lat' dir='ltr'><strong>mani,</strong></span> <span class='ocrx_word' id='word_1_503' title='bbox 837 3395 921 3448; x_wconf 88' lang='lat' dir='ltr'><strong>vel</strong></span> <span class='ocrx_word' id='word_1_504' title='bbox 961 3397 1100 3464; x_wconf 89' lang='lat' dir='ltr'><strong>apud</strong></span> <span class='ocrx_word' id='word_1_505' title='bbox 1128 3409 1434 3469; x_wconf 69' lang='lat' dir='ltr'><strong>pratorem,</strong></span> <span class='ocrx_word' id='word_1_506' title='bbox 1482 3407 1568 3460; x_wconf 89' lang='lat' dir='ltr'><strong>vel</strong></span> <span class='ocrx_word' id='word_1_507' title='bbox 1599 3409 1739 3476; x_wconf 88' lang='lat' dir='ltr'><strong>apud</strong></span> <span class='ocrx_word' id='word_1_508' title='bbox 1772 3412 2054 3479; x_wconf 59' lang='lat' dir='ltr'><strong>praesidem</strong></span> <span class='ocrx_word' id='word_1_509' title='bbox 2078 3431 2216 3485; x_wconf 45' lang='lat' dir='ltr'><strong>.pro-</strong></span> 
     </span>
    </p>
   </div>
   <div class='ocr_carea' id='block_1_67' title="bbox 641 3479 2218 3562">
    <p class='ocr_par' dir='ltr' id='par_1_67' title="bbox 641 3479 2218 3562">
     <span class='ocr_line' id='line_1_67' title="bbox 641 3479 2218 3562; baseline 0.018 -29"><span class='ocrx_word' id='word_1_510' title='bbox 641 3479 850 3550; x_wconf 72' lang='lat' dir='ltr'><strong>vincite,</strong></span> <span class='ocrx_word' id='word_1_511' title='bbox 881 3483 927 3540; x_wconf 88' lang='lat' dir='ltr'><strong>is</strong></span> <span class='ocrx_word' id='word_1_512' title='bbox 955 3485 1040 3540; x_wconf 92' lang='lat' dir='ltr'><strong>cui</strong></span> <span class='ocrx_word' id='word_1_513' title='bbox 1068 3502 1155 3542; x_wconf 87' lang='lat' dir='ltr'><strong>res</strong></span> <span class='ocrx_word' id='word_1_514' title='bbox 1176 3490 1230 3544; x_wconf 92' lang='lat' dir='ltr'><strong>in</strong></span> <span class='ocrx_word' id='word_1_515' title='bbox 1253 3491 1374 3559; x_wconf 92' lang='lat' dir='ltr'><strong>jure</strong></span> <span class='ocrx_word' id='word_1_516' title='bbox 1393 3493 1613 3562; x_wconf 65' lang='lat' dir='ltr'><strong>:ceditur</strong></span> <span class='ocrx_word' id='word_1_517' title='bbox 1639 3514 1754 3555; x_wconf 91' lang='lat' dir='ltr'><strong>rem</strong></span> <span class='ocrx_word' id='word_1_518' title='bbox 1786 3511 1971 3559; x_wconf 90' lang='lat' dir='ltr'><strong>tenens</strong></span> <span class='ocrx_word' id='word_1_519' title='bbox 2001 3507 2074 3560; x_wconf 93' lang='lat' dir='ltr'><strong>ita</strong></span> <span class='ocrx_word' id='word_1_520' title='bbox 2096 3509 2218 3562; x_wconf 90' lang='lat' dir='ltr'><strong>vin-</strong></span> 
     </span>
    </p>
   </div>
   <div class='ocr_carea' id='block_1_68' title="bbox 638 3570 2215 3656">
    <p class='ocr_par' dir='ltr' id='par_1_68' title="bbox 638 3570 2215 3656">
     <span class='ocr_line' id='line_1_68' title="bbox 638 3570 2215 3656; baseline 0.018 -31"><span class='ocrx_word' id='word_1_521' title='bbox 638 3570 782 3628; x_wconf 81' lang='lat' dir='ltr'><strong>dicat</strong></span> <span class='ocrx_word' id='word_1_522' title='bbox 812 3589 826 3627; x_wconf 88' lang='lat'><strong>:</strong></span> <span class='ocrx_word' id='word_1_523' title='bbox 859 3573 1012 3631; x_wconf 82' lang='lat' dir='ltr'><strong>Hunc</strong></span> <span class='ocrx_word' id='word_1_524' title='bbox 1041 3593 1141 3648; x_wconf 89' lang='lat' dir='ltr'><strong>ego</strong></span> <span class='ocrx_word' id='word_1_525' title='bbox 1171 3580 1443 3638; x_wconf 85' lang='lat' dir='ltr'><strong>hominem</strong></span> <span class='ocrx_word' id='word_1_526' title='bbox 1475 3601 1537 3641; x_wconf 91' lang='lat' dir='ltr'><strong>ex</strong></span> <span class='ocrx_word' id='word_1_527' title='bbox 1559 3587 1683 3656; x_wconf 90' lang='lat' dir='ltr'><strong>jure</strong></span> <span class='ocrx_word' id='word_1_528' title='bbox 1715 3592 2002 3655; x_wconf 88' lang='lat' dir='ltr'><strong>Quiritium</strong></span> <span class='ocrx_word' id='word_1_529' title='bbox 2034 3612 2215 3655; x_wconf 90' lang='lat' dir='ltr'><strong>meum</strong></span> 
     </span>
    </p>
   </div>
   <div class='ocr_carea' id='block_1_69' title="bbox 637 3663 2215 3759">
    <p class='ocr_par' dir='ltr' id='par_1_69' title="bbox 637 3663 2215 3759">
     <span class='ocr_line' id='line_1_69' title="bbox 637 3663 2215 3759; baseline 0.018 -40"><span class='ocrx_word' id='word_1_530' title='bbox 637 3677 759 3720; x_wconf 82' lang='lat' dir='ltr'><strong>esse</strong></span> <span class='ocrx_word' id='word_1_531' title='bbox 785 3663 890 3720; x_wconf 87' lang='lat' dir='ltr'><strong>aio.</strong></span> <span class='ocrx_word' id='word_1_532' title='bbox 920 3666 1126 3724; x_wconf 89' lang='lat' dir='ltr'><strong>Deinde</strong></span> <span class='ocrx_word' id='word_1_533' title='bbox 1161 3680 1441 3742; x_wconf 89' lang='lat' dir='ltr'><strong>postquam</strong></span> <span class='ocrx_word' id='word_1_534' title='bbox 1475 3676 1563 3732; x_wconf 86' lang='lat' dir='ltr'><strong>hic</strong></span> <span class='ocrx_word' id='word_1_535' title='bbox 1602 3680 1981 3753; x_wconf 86' lang='lat' dir='ltr'><strong>vindicaverit,</strong></span> <span class='ocrx_word' id='word_1_536' title='bbox 2015 3699 2215 3759; x_wconf 71' lang='lat' dir='ltr'><strong>prattor</strong></span> 
     </span>
    </p>
   </div>
   <div class='ocr_carea' id='block_1_70' title="bbox 637 3754 2214 3850">
    <p class='ocr_par' dir='ltr' id='par_1_70' title="bbox 637 3754 2214 3850">
     <span class='ocr_line' id='line_1_70' title="bbox 637 3754 2214 3850; baseline 0.02 -41"><span class='ocrx_word' id='word_1_537' title='bbox 637 3754 930 3827; x_wconf 74' lang='lat' dir='ltr'><strong>interrogat</strong></span> <span class='ocrx_word' id='word_1_538' title='bbox 957 3772 1078 3813; x_wconf 91' lang='lat' dir='ltr'><strong>eum</strong></span> <span class='ocrx_word' id='word_1_539' title='bbox 1107 3763 1196 3831; x_wconf 91' lang='lat' dir='ltr'><strong>qui</strong></span> <span class='ocrx_word' id='word_1_540' title='bbox 1225 3763 1368 3819; x_wconf 90' lang='lat' dir='ltr'><strong>cedit</strong></span> <span class='ocrx_word' id='word_1_541' title='bbox 1391 3781 1455 3822; x_wconf 91' lang='lat' dir='ltr'><strong>an</strong></span> <span class='ocrx_word' id='word_1_542' title='bbox 1480 3777 1664 3827; x_wconf 89' lang='lat' dir='ltr'><strong>contra</strong></span> <span class='ocrx_word' id='word_1_543' title='bbox 1688 3773 1958 3843; x_wconf 91' lang='lat' dir='ltr'><strong>vindicet;</strong></span> <span class='ocrx_word' id='word_1_544' title='bbox 1991 3754 2096 3850; x_wconf 76' lang='lat' dir='ltr'><strong>quo</strong></span> <span class='ocrx_word' id='word_1_545' title='bbox 2118 3798 2214 3840; x_wconf 85' lang='lat' dir='ltr'><strong>ne-</strong></span> 
     </span>
    </p>
   </div>
   <div class='ocr_carea' id='block_1_71' title="bbox 635 3856 2210 3935">
    <p class='ocr_par' dir='ltr' id='par_1_71' title="bbox 635 3856 2210 3935">
     <span class='ocr_line' id='line_1_71' title="bbox 635 3856 2210 3935; baseline 0.019 -36"><span class='ocrx_word' id='word_1_546' title='bbox 635 3856 810 3916; x_wconf 88' lang='lat' dir='ltr'><strong>gante,</strong></span> <span class='ocrx_word' id='word_1_547' title='bbox 833 3857 924 3904; x_wconf 86' lang='lat' dir='ltr'><strong>aut</strong></span> <span class='ocrx_word' id='word_1_548' title='bbox 953 3858 1177 3918; x_wconf 87' lang='lat' dir='ltr'><strong>tacente,</strong></span> <span class='ocrx_word' id='word_1_549' title='bbox 1211 3863 1337 3910; x_wconf 91' lang='lat' dir='ltr'><strong>tunc</strong></span> <span class='ocrx_word' id='word_1_550' title='bbox 1363 3858 1410 3912; x_wconf 90' lang='lat' dir='ltr'><strong>ei</strong></span> <span class='ocrx_word' id='word_1_551' title='bbox 1439 3860 1528 3929; x_wconf 91' lang='lat' dir='ltr'><strong>qui</strong></span> <span class='ocrx_word' id='word_1_552' title='bbox 1557 3861 1925 3935; x_wconf 88' lang='lat' dir='ltr'><strong>vindicaverit,</strong></span> <span class='ocrx_word' id='word_1_553' title='bbox 1952 3884 2070 3926; x_wconf 91' lang='lat' dir='ltr'><strong>eam</strong></span> <span class='ocrx_word' id='word_1_554' title='bbox 2093 3887 2210 3930; x_wconf 86' lang='lat' dir='ltr'><strong>rem</strong></span> 
     </span>
    </p>
   </div>
   <div class='ocr_carea' id='block_1_72' title="bbox 635 3937 2210 4033">
    <p class='ocr_par' dir='ltr' id='par_1_72' title="bbox 635 3937 2210 4033">
     <span class='ocr_line' id='line_1_72' title="bbox 635 3937 2210 4033; baseline 0.017 -41"><span class='ocrx_word' id='word_1_555' title='bbox 635 3937 854 4010; x_wconf 86' lang='lat' dir='ltr'><strong>addicit,</strong></span> <span class='ocrx_word' id='word_1_556' title='bbox 885 3940 1042 4012; x_wconf 89' lang='lat' dir='ltr'><strong>idque</strong></span> <span class='ocrx_word' id='word_1_557' title='bbox 1073 3942 1204 4014; x_wconf 80' lang='lat' dir='ltr'><strong>legis</strong></span> <span class='ocrx_word' id='word_1_558' title='bbox 1232 3947 1371 4002; x_wconf 91' lang='lat' dir='ltr'><strong>actio</strong></span> <span class='ocrx_word' id='word_1_559' title='bbox 1411 3953 1721 4010; x_wconf 88' lang='lat' dir='ltr'><strong>vocabatur.</strong></span> <span class='ocrx_word' id='word_1_560' title='bbox 1761 3955 1870 4013; x_wconf 82' lang='lat' dir='ltr'><strong>Res</strong></span> <span class='ocrx_word' id='word_1_561' title='bbox 1902 3959 2063 4030; x_wconf 88' lang='lat' dir='ltr'><strong>igitur</strong></span> <span class='ocrx_word' id='word_1_562' title='bbox 2087 3979 2210 4033; x_wconf 72' lang='lat' dir='ltr'><strong>qua:</strong></span> 
     </span>
    </p>
   </div>
   <div class='ocr_carea' id='block_1_73' title="bbox 637 4033 2211 4115">
    <p class='ocr_par' dir='ltr' id='par_1_73' title="bbox 637 4033 2211 4115">
     <span class='ocr_line' id='line_1_73' title="bbox 637 4033 2211 4115; baseline 0.017 -29"><span class='ocrx_word' id='word_1_563' title='bbox 637 4033 868 4102; x_wconf 86' lang='lat' dir='ltr'><strong>mancipi</strong></span> <span class='ocrx_word' id='word_1_564' title='bbox 891 4037 1030 4100; x_wconf 85' lang='lat' dir='ltr'><strong>sunt,</strong></span> <span class='ocrx_word' id='word_1_565' title='bbox 1059 4044 1153 4091; x_wconf 88' lang='lat' dir='ltr'><strong>aut</strong></span> <span class='ocrx_word' id='word_1_566' title='bbox 1184 4051 1341 4105; x_wconf 90' lang='lat' dir='ltr'><strong>nexu,</strong></span> <span class='ocrx_word' id='word_1_567' title='bbox 1377 4049 1436 4096; x_wconf 88' lang='lat' dir='ltr'><strong>ut</strong></span> <span class='ocrx_word' id='word_1_568' title='bbox 1454 4040 1653 4100; x_wconf 87' lang='lat' dir='ltr'><strong>dictum</strong></span> <span class='ocrx_word' id='word_1_569' title='bbox 1681 4054 1788 4115; x_wconf 87' lang='lat' dir='ltr'><strong>est,</strong></span> <span class='ocrx_word' id='word_1_570' title='bbox 1833 4050 2211 4112; x_wconf 90' lang='lat' dir='ltr'><strong>abalienaban-</strong></span> 
     </span>
    </p>
   </div>
   <div class='ocr_carea' id='block_1_74' title="bbox 634 4128 2208 4206">
    <p class='ocr_par' dir='ltr' id='par_1_74' title="bbox 634 4128 2208 4206">
     <span class='ocr_line' id='line_1_74' title="bbox 634 4128 2208 4206; baseline 0.016 -26"><span class='ocrx_word' id='word_1_571' title='bbox 634 4134 745 4194; x_wconf 90' lang='lat' dir='ltr'><strong>tur,</strong></span> <span class='ocrx_word' id='word_1_572' title='bbox 776 4135 869 4181; x_wconf 90' lang='lat' dir='ltr'><strong>aut</strong></span> <span class='ocrx_word' id='word_1_573' title='bbox 917 4128 968 4183; x_wconf 93' lang='lat' dir='ltr'><strong>in</strong></span> <span class='ocrx_word' id='word_1_574' title='bbox 997 4128 1120 4198; x_wconf 88' lang='lat' dir='ltr'><strong>jure</strong></span> <span class='ocrx_word' id='word_1_575' title='bbox 1149 4133 1414 4191; x_wconf 86' lang='lat' dir='ltr'><strong>cessione.</strong></span> <span class='ocrx_word' id='word_1_576' title='bbox 1455 4136 1562 4193; x_wconf 87' lang='lat' dir='ltr'><strong>llas</strong></span> <span class='ocrx_word' id='word_1_577' title='bbox 1611 4152 1790 4196; x_wconf 92' lang='lat' dir='ltr'><strong>autem</strong></span> <span class='ocrx_word' id='word_1_578' title='bbox 1837 4145 2208 4206; x_wconf 89' lang='lat' dir='ltr'><strong>solemnitates</strong></span> 
     </span>
    </p>
   </div>
   <div class='ocr_carea' id='block_1_75' title="bbox 633 4219 2208 4302">
    <p class='ocr_par' dir='ltr' id='par_1_75' title="bbox 633 4219 2208 4302">
     <span class='ocr_line' id='line_1_75' title="bbox 633 4219 2208 4302; baseline 0.02 -31"><span class='ocrx_word' id='word_1_579' title='bbox 633 4219 888 4288; x_wconf 89' lang='lat' dir='ltr'><strong>quasdam</strong></span> <span class='ocrx_word' id='word_1_580' title='bbox 952 4223 1257 4292; x_wconf 87' lang='lat' dir='ltr'><strong>essejuris,</strong></span> <span class='ocrx_word' id='word_1_581' title='bbox 1310 4242 1374 4282; x_wconf 88' lang='lat' dir='ltr'><strong>ex</strong></span> <span class='ocrx_word' id='word_1_582' title='bbox 1439 4233 1812 4301; x_wconf 83' lang='lat' dir='ltr'><strong>superioribus</strong></span> <span class='ocrx_word' id='word_1_583' title='bbox 1867 4241 1984 4297; x_wconf 88' lang='lat' dir='ltr'><strong>Caii</strong></span> <span class='ocrx_word' id='word_1_584' title='bbox 2029 4245 2208 4302; x_wconf 83' lang='lat' dir='ltr'><strong>verbis</strong></span> 
     </span>
    </p>
   </div>
   <div class='ocr_carea' id='block_1_76' title="bbox 632 4310 2210 4393">
    <p class='ocr_par' dir='ltr' id='par_1_76' title="bbox 632 4310 2210 4393">
     <span class='ocr_line' id='line_1_76' title="bbox 632 4310 2210 4393; baseline 0.018 -31"><span class='ocrx_word' id='word_1_585' title='bbox 632 4310 951 4365; x_wconf 85' lang='lat' dir='ltr'><strong>ostenditur.</strong></span> <span class='ocrx_word' id='word_1_586' title='bbox 986 4314 1055 4366; x_wconf 87' lang='lat' dir='ltr'><strong>At</strong></span> <span class='ocrx_word' id='word_1_587' title='bbox 1092 4314 1139 4368; x_wconf 87' lang='lat' dir='ltr'><strong>si</strong></span> <span class='ocrx_word' id='word_1_588' title='bbox 1181 4329 1268 4370; x_wconf 86' lang='lat' dir='ltr'><strong>res</strong></span> <span class='ocrx_word' id='word_1_589' title='bbox 1297 4331 1358 4371; x_wconf 90' lang='lat' dir='ltr'><strong>ea</strong></span> <span class='ocrx_word' id='word_1_590' title='bbox 1387 4334 1503 4388; x_wconf 65' lang='lat' dir='ltr'><strong>quae</strong></span> <span class='ocrx_word' id='word_1_591' title='bbox 1535 4325 1767 4393; x_wconf 89' lang='lat' dir='ltr'><strong>mancipi</strong></span> <span class='ocrx_word' id='word_1_592' title='bbox 1819 4338 1902 4383; x_wconf 89' lang='lat' dir='ltr'><strong>est</strong></span> <span class='ocrx_word' id='word_1_593' title='bbox 1941 4332 2084 4387; x_wconf 91' lang='lat' dir='ltr'><strong>nulla</strong></span> <span class='ocrx_word' id='word_1_594' title='bbox 2121 4349 2210 4389; x_wconf 88' lang='lat' dir='ltr'><strong>so-</strong></span> 
     </span>
    </p>
   </div>
   <div class='ocr_carea' id='block_1_77' title="bbox 635 4400 2210 4492">
    <p class='ocr_par' dir='ltr' id='par_1_77' title="bbox 635 4400 2210 4492">
     <span class='ocr_line' id='line_1_77' title="bbox 635 4400 2210 4492; baseline 0.017 -39"><span class='ocrx_word' id='word_1_595' title='bbox 635 4400 910 4457; x_wconf 88' lang='lat' dir='ltr'><strong>lemnitate</strong></span> <span class='ocrx_word' id='word_1_596' title='bbox 949 4403 1264 4474; x_wconf 90' lang='lat' dir='ltr'><strong>interposita</strong></span> <span class='ocrx_word' id='word_1_597' title='bbox 1297 4408 1551 4476; x_wconf 88' lang='lat' dir='ltr'><strong>tradatur,</strong></span> <span class='ocrx_word' id='word_1_598' title='bbox 1600 4413 1888 4472; x_wconf 88' lang='lat' dir='ltr'><strong>abalienari</strong></span> <span class='ocrx_word' id='word_1_599' title='bbox 1920 4437 2024 4476; x_wconf 93' lang='lat' dir='ltr'><strong>non</strong></span> <span class='ocrx_word' id='word_1_600' title='bbox 2059 4434 2210 4492; x_wconf 92' lang='lat' dir='ltr'><strong>pote-</strong></span> 
     </span>
    </p>
   </div>
   <div class='ocr_carea' id='block_1_78' title="bbox 633 4492 2206 4581">
    <p class='ocr_par' dir='ltr' id='par_1_78' title="bbox 633 4492 2206 4581">
     <span class='ocr_line' id='line_1_78' title="bbox 633 4492 2206 4581; baseline 0.017 -33"><span class='ocrx_word' id='word_1_601' title='bbox 633 4492 726 4558; x_wconf 88' lang='lat' dir='ltr'><strong>rit,</strong></span> <span class='ocrx_word' id='word_1_602' title='bbox 772 4493 873 4548; x_wconf 89' lang='lat' dir='ltr'><strong>nisi</strong></span> <span class='ocrx_word' id='word_1_603' title='bbox 904 4493 971 4548; x_wconf 90' lang='lat' dir='ltr'><strong>ab</strong></span> <span class='ocrx_word' id='word_1_604' title='bbox 1001 4509 1066 4550; x_wconf 90' lang='lat' dir='ltr'><strong>eo</strong></span> <span class='ocrx_word' id='word_1_605' title='bbox 1106 4497 1191 4552; x_wconf 92' lang='lat' dir='ltr'><strong>cui</strong></span> <span class='ocrx_word' id='word_1_606' title='bbox 1243 4498 1488 4568; x_wconf 88' lang='lat' dir='ltr'><strong>traditur,</strong></span> <span class='ocrx_word' id='word_1_607' title='bbox 1535 4509 1897 4580; x_wconf 86' lang='lat' dir='ltr'><strong>usucapiatur.</strong></span> <span class='ocrx_word' id='word_1_608' title='bbox 1929 4514 2057 4581; x_wconf 65' lang='lat' dir='ltr'><strong>Quae</strong></span> <span class='ocrx_word' id='word_1_609' title='bbox 2085 4533 2206 4576; x_wconf 91' lang='lat' dir='ltr'><strong>cum</strong></span> 
     </span>
    </p>
   </div>
   <div class='ocr_carea' id='block_1_79' title="bbox 635 4581 2293 4664">
    <p class='ocr_par' dir='ltr' id='par_1_79' title="bbox 635 4581 2293 4664">
     <span class='ocr_line' id='line_1_79' title="bbox 635 4581 2293 4664; baseline 0.015 -29"><span class='ocrx_word' id='word_1_610' title='bbox 635 4581 707 4635; x_wconf 89' lang='lat' dir='ltr'><strong>ita</strong></span> <span class='ocrx_word' id='word_1_611' title='bbox 734 4581 863 4646; x_wconf 91' lang='lat' dir='ltr'><strong>sint,</strong></span> <span class='ocrx_word' id='word_1_612' title='bbox 893 4593 1041 4639; x_wconf 88' lang='lat' dir='ltr'><strong>recte</strong></span> <span class='ocrx_word' id='word_1_613' title='bbox 1067 4585 1285 4642; x_wconf 89' lang='lat' dir='ltr'><strong>deﬁnita</strong></span> <span class='ocrx_word' id='word_1_614' title='bbox 1321 4597 1407 4644; x_wconf 88' lang='lat' dir='ltr'><strong>est</strong></span> <span class='ocrx_word' id='word_1_615' title='bbox 1430 4594 1726 4654; x_wconf 90' lang='lat' dir='ltr'><strong>secundum</strong></span> <span class='ocrx_word' id='word_1_616' title='bbox 1756 4598 2074 4660; x_wconf 89' lang='lat' dir='ltr'><strong>divisionem</strong></span> <span class='ocrx_word' id='word_1_617' title='bbox 2117 4609 2214 4664; x_wconf 78' lang='lat' dir='ltr'><strong>ab—</strong></span> <span class='ocrx_word' id='word_1_618' title='bbox 2238 4597 2293 4660; x_wconf 86' lang='lat' dir='ltr'><strong>D</strong></span> 
     </span>
    </p>
   </div>
   <div class='ocr_carea' id='block_1_80' title="bbox 636 4674 2214 4758">
    <p class='ocr_par' dir='ltr' id='par_1_80' title="bbox 636 4674 2214 4758">
     <span class='ocr_line' id='line_1_80' title="bbox 636 4674 2214 4758; baseline 0.019 -31"><span class='ocrx_word' id='word_1_619' title='bbox 636 4674 887 4730; x_wconf 84' lang='lat' dir='ltr'><strong>alienatio</strong></span> <span class='ocrx_word' id='word_1_620' title='bbox 916 4677 995 4731; x_wconf 91' lang='lat' dir='ltr'><strong>rei</strong></span> <span class='ocrx_word' id='word_1_621' title='bbox 1031 4679 1286 4750; x_wconf 84' lang='lat' dir='ltr'><strong>mancipi,</strong></span> <span class='ocrx_word' id='word_1_622' title='bbox 1322 4682 1528 4740; x_wconf 83' lang='lat' dir='ltr'><strong>scilicet</strong></span> <span class='ocrx_word' id='word_1_623' title='bbox 1565 4703 1684 4757; x_wconf 75' lang='lat' dir='ltr'><strong>qua:</strong></span> <span class='ocrx_word' id='word_1_624' title='bbox 1717 4701 1806 4746; x_wconf 86' lang='lat' dir='ltr'><strong>aut</strong></span> <span class='ocrx_word' id='word_1_625' title='bbox 1847 4709 2015 4752; x_wconf 92' lang='lat' dir='ltr'><strong>nexus</strong></span> <span class='ocrx_word' id='word_1_626' title='bbox 2047 4701 2214 4758; x_wconf 87' lang='lat' dir='ltr'><strong>tradi-</strong></span> 
     </span>
    </p>
   </div>
   <div class='ocr_carea' id='block_1_81' title="bbox 634 4767 2212 4857">
    <p class='ocr_par' dir='ltr' id='par_1_81' title="bbox 634 4767 2212 4857">
     <span class='ocr_line' id='line_1_81' title="bbox 634 4767 2212 4857; baseline 0.018 -36"><span class='ocrx_word' id='word_1_627' title='bbox 634 4767 804 4834; x_wconf 87' lang='lat' dir='ltr'><strong>tione,</strong></span> <span class='ocrx_word' id='word_1_628' title='bbox 825 4771 931 4823; x_wconf 85' lang='lat' dir='ltr'><strong>‘aut</strong></span> <span class='ocrx_word' id='word_1_629' title='bbox 956 4771 1007 4824; x_wconf 93' lang='lat' dir='ltr'><strong>in</strong></span> <span class='ocrx_word' id='word_1_630' title='bbox 1029 4771 1152 4841; x_wconf 90' lang='lat' dir='ltr'><strong>jure</strong></span> <span class='ocrx_word' id='word_1_631' title='bbox 1179 4774 1423 4831; x_wconf 89' lang='lat' dir='ltr'><strong>cessione</strong></span> <span class='ocrx_word' id='word_1_632' title='bbox 1454 4780 1745 4842; x_wconf 87' lang='lat' dir='ltr'><strong>perﬁcitur.</strong></span> <span class='ocrx_word' id='word_1_633' title='bbox 1778 4784 1909 4841; x_wconf 84' lang='lat' dir='ltr'><strong>Nam</strong></span> <span class='ocrx_word' id='word_1_634' title='bbox 1951 4805 2076 4857; x_wconf 84' lang='lat' dir='ltr'><strong>pura</strong></span> <span class='ocrx_word' id='word_1_635' title='bbox 2106 4802 2212 4849; x_wconf 82' lang='lat' dir='ltr'><strong>tra-</strong></span> 
     </span>
    </p>
   </div>
   <div class='ocr_carea' id='block_1_82' title="bbox 634 4856 2212 4953">
    <p class='ocr_par' dir='ltr' id='par_1_82' title="bbox 634 4856 2212 4953">
     <span class='ocr_line' id='line_1_82' title="bbox 634 4856 2212 4953; baseline 0.018 -40"><span class='ocrx_word' id='word_1_636' title='bbox 634 4856 857 4926; x_wconf 89' lang='lat' dir='ltr'><strong>ditione,</strong></span> <span class='ocrx_word' id='word_1_637' title='bbox 887 4861 1207 4918; x_wconf 87' lang='lat' dir='ltr'><strong>abalienatio</strong></span> <span class='ocrx_word' id='word_1_638' title='bbox 1229 4865 1306 4922; x_wconf 88' lang='lat' dir='ltr'><strong>rei</strong></span> <span class='ocrx_word' id='word_1_639' title='bbox 1334 4869 1563 4939; x_wconf 85' lang='lat' dir='ltr'><strong>mancipi</strong></span> <span class='ocrx_word' id='word_1_640' title='bbox 1592 4887 1696 4928; x_wconf 93' lang='lat' dir='ltr'><strong>non</strong></span> <span class='ocrx_word' id='word_1_641' title='bbox 1725 4856 2041 4946; x_wconf 83' lang='lat' dir='ltr'><strong>explicatur.</strong></span> <span class='ocrx_word' id='word_1_642' title='bbox 2074 4883 2212 4953; x_wconf 91' lang='lat' dir='ltr'><strong>Spe-</strong></span> 
     </span>
    </p>
   </div>
   <div class='ocr_carea' id='block_1_83' title="bbox 635 4949 2209 5043">
    <p class='ocr_par' dir='ltr' id='par_1_83' title="bbox 635 4949 2209 5043">
     <span class='ocr_line' id='line_1_83' title="bbox 635 4949 2209 5043; baseline 0.017 -39"><span class='ocrx_word' id='word_1_643' title='bbox 635 4950 746 5005; x_wconf 89' lang='lat' dir='ltr'><strong>cies</strong></span> <span class='ocrx_word' id='word_1_644' title='bbox 771 4965 898 5006; x_wconf 88' lang='lat' dir='ltr'><strong>vero</strong></span> <span class='ocrx_word' id='word_1_645' title='bbox 919 4949 1015 5006; x_wconf 86' lang='lat' dir='ltr'><strong>has</strong></span> <span class='ocrx_word' id='word_1_646' title='bbox 1033 4967 1176 5020; x_wconf 86' lang='lat' dir='ltr'><strong>esse,</strong></span> <span class='ocrx_word' id='word_1_647' title='bbox 1209 4969 1313 5010; x_wconf 92' lang='lat' dir='ltr'><strong>non</strong></span> <span class='ocrx_word' id='word_1_648' title='bbox 1340 4968 1538 5028; x_wconf 88' lang='lat' dir='ltr'><strong>partes,</strong></span> <span class='ocrx_word' id='word_1_649' title='bbox 1573 4960 1696 5018; x_wconf 90' lang='lat' dir='ltr'><strong>hinc</strong></span> <span class='ocrx_word' id='word_1_650' title='bbox 1721 4966 2058 5041; x_wconf 83' lang='lat' dir='ltr'><strong>intelligitur,</strong></span> <span class='ocrx_word' id='word_1_651' title='bbox 2083 4949 2209 5043; x_wconf 79' lang='lat' dir='ltr'><strong>quia</strong></span> 
     </span>
    </p>
   </div>
   <div class='ocr_carea' id='block_1_84' title="bbox 632 5042 2204 5131">
    <p class='ocr_par' dir='ltr' id='par_1_84' title="bbox 632 5042 2204 5131">
     <span class='ocr_line' id='line_1_84' title="bbox 632 5042 2204 5131; baseline 0.017 -35"><span class='ocrx_word' id='word_1_652' title='bbox 632 5042 824 5113; x_wconf 82' lang='lat' dir='ltr'><strong>siquis</strong></span> <span class='ocrx_word' id='word_1_653' title='bbox 852 5059 994 5098; x_wconf 81' lang='lat' dir='ltr'><strong>nexu</strong></span> <span class='ocrx_word' id='word_1_654' title='bbox 1037 5043 1310 5102; x_wconf 85' lang='lat' dir='ltr'><strong>abalienet</strong></span> <span class='ocrx_word' id='word_1_655' title='bbox 1339 5063 1451 5104; x_wconf 87' lang='lat' dir='ltr'><strong>rem</strong></span> <span class='ocrx_word' id='word_1_656' title='bbox 1492 5055 1745 5126; x_wconf 84' lang='lat' dir='ltr'><strong>mancipi,</strong></span> <span class='ocrx_word' id='word_1_657' title='bbox 1778 5058 1830 5113; x_wconf 92' lang='lat' dir='ltr'><strong>id</strong></span> <span class='ocrx_word' id='word_1_658' title='bbox 1861 5062 2003 5131; x_wconf 88' lang='lat' dir='ltr'><strong>quod</strong></span> <span class='ocrx_word' id='word_1_659' title='bbox 2048 5042 2204 5123; x_wconf 88' lang='lat' dir='ltr'><strong>suum</strong></span> 
     </span>
    </p>
   </div>
   <div class='ocr_carea' id='block_1_85' title="bbox 626 5133 2202 5216">
    <p class='ocr_par' dir='ltr' id='par_1_85' title="bbox 626 5133 2202 5216">
     <span class='ocr_line' id='line_1_85' title="bbox 626 5133 2202 5216; baseline 0.016 -29"><span class='ocrx_word' id='word_1_660' title='bbox 626 5133 765 5214; x_wconf 50' lang='lat' dir='ltr'><strong>.fuit,</strong></span> <span class='ocrx_word' id='word_1_661' title='bbox 807 5134 860 5190; x_wconf 91' lang='lat' dir='ltr'><strong>in</strong></span> <span class='ocrx_word' id='word_1_662' title='bbox 905 5135 1126 5191; x_wconf 86' lang='lat' dir='ltr'><strong>alterius</strong></span> <span class='ocrx_word' id='word_1_663' title='bbox 1171 5146 1487 5207; x_wconf 89' lang='lat' dir='ltr'><strong>potestatem</strong></span> <span class='ocrx_word' id='word_1_664' title='bbox 1541 5145 1699 5214; x_wconf 91' lang='lat' dir='ltr'><strong>pleno</strong></span> <span class='ocrx_word' id='word_1_665' title='bbox 1735 5146 1857 5216; x_wconf 92' lang='lat' dir='ltr'><strong>jure</strong></span> <span class='ocrx_word' id='word_1_666' title='bbox 1909 5156 2202 5212; x_wconf 88' lang='lat' dir='ltr'><strong>transtulit.</strong></span> 
     </span>
    </p>
   </div>
   <div class='ocr_carea' id='block_1_86' title="bbox 634 5224 2206 5305">
    <p class='ocr_par' dir='ltr' id='par_1_86' title="bbox 634 5224 2206 5305">
     <span class='ocr_line' id='line_1_86' title="bbox 634 5224 2206 5305; baseline 0.017 -28"><span class='ocrx_word' id='word_1_667' title='bbox 634 5224 788 5292; x_wconf 86' lang='lat' dir='ltr'><strong>Quod</strong></span> <span class='ocrx_word' id='word_1_668' title='bbox 816 5225 863 5281; x_wconf 84' lang='lat' dir='ltr'><strong>si</strong></span> <span class='ocrx_word' id='word_1_669' title='bbox 891 5226 1051 5282; x_wconf 86' lang='lat' dir='ltr'><strong>etiam</strong></span> <span class='ocrx_word' id='word_1_670' title='bbox 1083 5227 1136 5282; x_wconf 90' lang='lat' dir='ltr'><strong>in</strong></span> <span class='ocrx_word' id='word_1_671' title='bbox 1163 5227 1285 5298; x_wconf 88' lang='lat' dir='ltr'><strong>jure</strong></span> <span class='ocrx_word' id='word_1_672' title='bbox 1330 5231 1507 5299; x_wconf 90' lang='lat' dir='ltr'><strong>cedat,</strong></span> <span class='ocrx_word' id='word_1_673' title='bbox 1542 5234 1754 5305; x_wconf 88' lang='lat' dir='ltr'><strong>plenum</strong></span> <span class='ocrx_word' id='word_1_674' title='bbox 1796 5239 2206 5305; x_wconf 87' lang='lat' dir='ltr'><strong>abalienationis</strong></span> 
     </span>
    </p>
   </div>
   <div class='ocr_carea' id='block_1_87' title="bbox 629 5313 2208 5406">
    <p class='ocr_par' dir='ltr' id='par_1_87' title="bbox 629 5313 2208 5406">
     <span class='ocr_line' id='line_1_87' title="bbox 629 5313 2208 5406; baseline 0.017 -35"><span class='ocrx_word' id='word_1_675' title='bbox 629 5316 718 5386; x_wconf 89' lang='lat' dir='ltr'><strong>jus</strong></span> <span class='ocrx_word' id='word_1_676' title='bbox 744 5325 880 5374; x_wconf 87' lang='lat' dir='ltr'><strong>erat.</strong></span> <span class='ocrx_word' id='word_1_677' title='bbox 908 5313 1012 5375; x_wconf 84' lang='lat' dir='ltr'><strong>Ubi</strong></span> <span class='ocrx_word' id='word_1_678' title='bbox 1039 5329 1215 5377; x_wconf 91' lang='lat' dir='ltr'><strong>autem</strong></span> <span class='ocrx_word' id='word_1_679' title='bbox 1251 5323 1463 5393; x_wconf 88' lang='lat' dir='ltr'><strong>plenum</strong></span> <span class='ocrx_word' id='word_1_680' title='bbox 1492 5343 1686 5386; x_wconf 88' lang='lat' dir='ltr'><strong>nomen</strong></span> <span class='ocrx_word' id='word_1_681' title='bbox 1729 5333 1866 5402; x_wconf 87' lang='lat' dir='ltr'><strong>ejus,</strong></span> <span class='ocrx_word' id='word_1_682' title='bbox 1905 5338 2044 5406; x_wconf 90' lang='lat' dir='ltr'><strong>quod</strong></span> <span class='ocrx_word' id='word_1_683' title='bbox 2074 5340 2208 5398; x_wconf 88' lang='lat' dir='ltr'><strong>divi-</strong></span> 
     </span>
    </p>
   </div>
   <div class='ocr_carea' id='block_1_88' title="bbox 631 5409 2206 5502">
    <p class='ocr_par' dir='ltr' id='par_1_88' title="bbox 631 5409 2206 5502">
     <span class='ocr_line' id='line_1_88' title="bbox 631 5409 2206 5502; baseline 0.017 -38"><span class='ocrx_word' id='word_1_684' title='bbox 631 5409 785 5477; x_wconf 88' lang='lat' dir='ltr'><strong>dunt,</strong></span> <span class='ocrx_word' id='word_1_685' title='bbox 817 5418 997 5481; x_wconf 87' lang='lat' dir='ltr'><strong>partes</strong></span> <span class='ocrx_word' id='word_1_686' title='bbox 1031 5412 1350 5484; x_wconf 86' lang='lat' dir='ltr'><strong>suscipiunt,</strong></span> <span class='ocrx_word' id='word_1_687' title='bbox 1385 5416 1510 5472; x_wconf 90' lang='lat' dir='ltr'><strong>illud</strong></span> <span class='ocrx_word' id='word_1_688' title='bbox 1553 5435 1742 5490; x_wconf 89' lang='lat' dir='ltr'><strong>genus,</strong></span> <span class='ocrx_word' id='word_1_689' title='bbox 1789 5433 1843 5480; x_wconf 91' lang='lat' dir='ltr'><strong>ct</strong></span> <span class='ocrx_word' id='word_1_690' title='bbox 1875 5426 1969 5482; x_wconf 89' lang='lat' dir='ltr'><strong>has</strong></span> <span class='ocrx_word' id='word_1_691' title='bbox 1999 5432 2206 5502; x_wconf 90' lang='lat' dir='ltr'><strong>species</strong></span> 
     </span>
    </p>
   </div>
   <div class='ocr_carea' id='block_1_89' title="bbox 631 5502 2206 5586">
    <p class='ocr_par' dir='ltr' id='par_1_89' title="bbox 631 5502 2206 5586">
     <span class='ocr_line' id='line_1_89' title="bbox 631 5502 2206 5586; baseline 0.016 -30"><span class='ocrx_word' id='word_1_692' title='bbox 631 5515 752 5558; x_wconf 81' lang='lat' dir='ltr'><strong>esse</strong></span> <span class='ocrx_word' id='word_1_693' title='bbox 782 5502 1052 5573; x_wconf 85' lang='lat' dir='ltr'><strong>paululum</strong></span> <span class='ocrx_word' id='word_1_694' title='bbox 1075 5519 1289 5576; x_wconf 88' lang='lat' dir='ltr'><strong>quoque</strong></span> <span class='ocrx_word' id='word_1_695' title='bbox 1318 5507 1598 5566; x_wconf 83' lang='lat' dir='ltr'><strong>dialectica</strong></span> <span class='ocrx_word' id='word_1_696' title='bbox 1630 5516 1935 5586; x_wconf 88' lang='lat' dir='ltr'><strong>cognitione</strong></span> <span class='ocrx_word' id='word_1_697' title='bbox 1970 5521 2206 5582; x_wconf 91' lang='lat' dir='ltr'><strong>imbutus</strong></span> 
     </span>
    </p>
   </div>
   <div class='ocr_carea' id='block_1_90' title="bbox 630 5591 2205 5671">
    <p class='ocr_par' dir='ltr' id='par_1_90' title="bbox 630 5591 2205 5671">
     <span class='ocr_line' id='line_1_90' title="bbox 630 5591 2205 5671; baseline 0.015 -23"><span class='ocrx_word' id='word_1_698' title='bbox 630 5591 897 5664; x_wconf 83' lang='lat' dir='ltr'><strong>intelligit.</strong></span> <span class='ocrx_word' id='word_1_699' title='bbox 937 5594 1068 5664; x_wconf 68' lang='lat' dir='ltr'><strong>Quae</strong></span> <span class='ocrx_word' id='word_1_700' title='bbox 1092 5611 1212 5653; x_wconf 88' lang='lat' dir='ltr'><strong>cum</strong></span> <span class='ocrx_word' id='word_1_701' title='bbox 1245 5599 1316 5653; x_wconf 87' lang='lat' dir='ltr'><strong>ita</strong></span> <span class='ocrx_word' id='word_1_702' title='bbox 1357 5600 1482 5666; x_wconf 90' lang='lat' dir='ltr'><strong>sint,</strong></span> <span class='ocrx_word' id='word_1_703' title='bbox 1511 5603 1693 5660; x_wconf 90' lang='lat' dir='ltr'><strong>divisit</strong></span> <span class='ocrx_word' id='word_1_704' title='bbox 1723 5607 1909 5665; x_wconf 89' lang='lat' dir='ltr'><strong>Cicero</strong></span> <span class='ocrx_word' id='word_1_705' title='bbox 1935 5612 2205 5671; x_wconf 86' lang='lat' dir='ltr'><strong>deﬁnitio-</strong></span> 
     </span>
    </p>
   </div>
   <div class='ocr_carea' id='block_1_91' title="bbox 633 5689 2207 5769">
    <p class='ocr_par' dir='ltr' id='par_1_91' title="bbox 633 5689 2207 5769">
     <span class='ocr_line' id='line_1_91' title="bbox 633 5689 2207 5769; baseline 0.014 -25"><span class='ocrx_word' id='word_1_706' title='bbox 633 5700 754 5744; x_wconf 71' lang='lat' dir='ltr'><strong>nem</strong></span> <span class='ocrx_word' id='word_1_707' title='bbox 785 5690 838 5744; x_wconf 92' lang='lat' dir='ltr'><strong>in</strong></span> <span class='ocrx_word' id='word_1_708' title='bbox 881 5689 1014 5745; x_wconf 84' lang='lat' dir='ltr'><strong>duas</strong></span> <span class='ocrx_word' id='word_1_709' title='bbox 1047 5701 1246 5760; x_wconf 85' lang='lat' dir='ltr'><strong>partes,</strong></span> <span class='ocrx_word' id='word_1_710' title='bbox 1297 5708 1456 5748; x_wconf 88' lang='lat' dir='ltr'><strong>unam</strong></span> <span class='ocrx_word' id='word_1_711' title='bbox 1500 5711 1618 5766; x_wconf 83' lang='lat' dir='ltr'><strong>quae</strong></span> <span class='ocrx_word' id='word_1_712' title='bbox 1652 5702 1882 5769; x_wconf 89' lang='lat' dir='ltr'><strong>partium</strong></span> <span class='ocrx_word' id='word_1_713' title='bbox 1926 5719 2207 5765; x_wconf 84' lang='lat' dir='ltr'><strong>enumera-</strong></span> 
     </span>
    </p>
   </div>
   <div class='ocr_carea' id='block_1_92' title="bbox 695 5804 1908 5878">
    <p class='ocr_par' dir='ltr' id='par_1_92' title="bbox 695 5804 1908 5878">
     <span class='ocr_line' id='line_1_92' title="bbox 695 5804 1908 5878; baseline 0.017 -25"><span class='ocrx_word' id='word_1_714' title='bbox 695 5806 713 5825; x_wconf 90' lang='lat'><strong><em>‘</em></strong></span> <span class='ocrx_word' id='word_1_715' title='bbox 739 5804 855 5856; x_wconf 67' lang='lat' dir='ltr'><strong>Haec</strong></span> <span class='ocrx_word' id='word_1_716' title='bbox 875 5810 1044 5869; x_wconf 84' lang='lat' dir='ltr'><strong>verba,</strong></span> <span class='ocrx_word' id='word_1_717' title='bbox 1071 5820 1182 5860; x_wconf 85' lang='lat' dir='ltr'><strong>nam</strong></span> <span class='ocrx_word' id='word_1_718' title='bbox 1205 5809 1340 5878; x_wconf 84' lang='lat' dir='ltr'><strong>quia,</strong></span> <span class='ocrx_word' id='word_1_719' title='bbox 1366 5813 1640 5868; x_wconf 85' lang='lat' dir='ltr'><strong>redundare</strong></span> <span class='ocrx_word' id='word_1_720' title='bbox 1668 5820 1908 5874; x_wconf 86' lang='lat' dir='ltr'><strong>videntur.</strong></span> 
     </span>
    </p>
   </div>
   <div class='ocr_carea' id='block_1_93' title="bbox 2323 3337 3888 3422">
    <p class='ocr_par' dir='ltr' id='par_1_93' title="bbox 2323 3337 3888 3422">
     <span class='ocr_line' id='line_1_93' title="bbox 2323 3337 3888 3422; baseline 0.011 -31"><span class='ocrx_word' id='word_1_721' title='bbox 2323 3337 2377 3392; x_wconf 90' lang='lat' dir='ltr'><strong>in</strong></span> <span class='ocrx_word' id='word_1_722' title='bbox 2399 3341 2618 3396; x_wconf 88' lang='lat' dir='ltr'><strong>nomine</strong></span> <span class='ocrx_word' id='word_1_723' title='bbox 2645 3341 2868 3398; x_wconf 86' lang='lat' dir='ltr'><strong>confuse</strong></span> <span class='ocrx_word' id='word_1_724' title='bbox 2893 3343 3307 3414; x_wconf 83' lang='lat' dir='ltr'><strong>signiﬁcaretur,</strong></span> <span class='ocrx_word' id='word_1_725' title='bbox 3340 3351 3394 3404; x_wconf 92' lang='lat' dir='ltr'><strong>in</strong></span> <span class='ocrx_word' id='word_1_726' title='bbox 3429 3350 3738 3409; x_wconf 87' lang='lat' dir='ltr'><strong>deﬁnitione</strong></span> <span class='ocrx_word' id='word_1_727' title='bbox 3771 3369 3888 3422; x_wconf 70' lang='lat' dir='ltr'><strong>quae</strong></span> 
     </span>
    </p>
   </div>
   <div class='ocr_carea' id='block_1_94' title="bbox 2322 3429 3890 3512">
    <p class='ocr_par' dir='ltr' id='par_1_94' title="bbox 2322 3429 3890 3512">
     <span class='ocr_line' id='line_1_94' title="bbox 2322 3429 3890 3512; baseline 0.01 -30"><span class='ocrx_word' id='word_1_728' title='bbox 2322 3429 2383 3482; x_wconf 85' lang='lat' dir='ltr'><strong>ﬁt</strong></span> <span class='ocrx_word' id='word_1_729' title='bbox 2427 3433 2834 3489; x_wconf 91' lang='lat' dir='ltr'><strong>enumeratione</strong></span> <span class='ocrx_word' id='word_1_730' title='bbox 2874 3438 3131 3505; x_wconf 89' lang='lat' dir='ltr'><strong>partium,</strong></span> <span class='ocrx_word' id='word_1_731' title='bbox 3177 3440 3373 3509; x_wconf 89' lang='lat' dir='ltr'><strong>aperiri</strong></span> <span class='ocrx_word' id='word_1_732' title='bbox 3415 3451 3578 3512; x_wconf 88' lang='lat' dir='ltr'><strong>atque</strong></span> <span class='ocrx_word' id='word_1_733' title='bbox 3622 3444 3890 3512; x_wconf 87' lang='lat' dir='ltr'><strong>explicari.</strong></span> 
     </span>
    </p>
   </div>
   <div class='ocr_carea' id='block_1_95' title="bbox 2321 3517 3896 3604">
    <p class='ocr_par' dir='ltr' id='par_1_95' title="bbox 2321 3517 3896 3604">
     <span class='ocr_line' id='line_1_95' title="bbox 2321 3517 3896 3604; baseline 0.012 -32"><span class='ocrx_word' id='word_1_734' title='bbox 2321 3517 2474 3584; x_wconf 84' lang='lat' dir='ltr'><strong>Quod</strong></span> <span class='ocrx_word' id='word_1_735' title='bbox 2504 3521 2618 3576; x_wconf 89' lang='lat' dir='ltr'><strong>ﬁeri</strong></span> <span class='ocrx_word' id='word_1_736' title='bbox 2646 3539 2751 3579; x_wconf 91' lang='lat' dir='ltr'><strong>non</strong></span> <span class='ocrx_word' id='word_1_737' title='bbox 2778 3535 2974 3595; x_wconf 87' lang='lat' dir='ltr'><strong>potest,</strong></span> <span class='ocrx_word' id='word_1_738' title='bbox 3019 3529 3120 3584; x_wconf 90' lang='lat' dir='ltr'><strong>nisi</strong></span> <span class='ocrx_word' id='word_1_739' title='bbox 3157 3544 3254 3599; x_wconf 92' lang='lat' dir='ltr'><strong>per</strong></span> <span class='ocrx_word' id='word_1_740' title='bbox 3285 3533 3632 3601; x_wconf 89' lang='lat' dir='ltr'><strong>quarumdam</strong></span> <span class='ocrx_word' id='word_1_741' title='bbox 3662 3535 3896 3604; x_wconf 85' lang='lat' dir='ltr'><strong>partium</strong></span> 
     </span>
    </p>
   </div>
   <div class='ocr_carea' id='block_1_96' title="bbox 2321 3610 3891 3693">
    <p class='ocr_par' dir='ltr' id='par_1_96' title="bbox 2321 3610 3891 3693">
     <span class='ocr_line' id='line_1_96' title="bbox 2321 3610 3891 3693; baseline 0.013 -32"><span class='ocrx_word' id='word_1_742' title='bbox 2321 3610 2800 3680; x_wconf 89' lang='lat' dir='ltr'><strong>nuncupationem;</strong></span> <span class='ocrx_word' id='word_1_743' title='bbox 2828 3615 2963 3671; x_wconf 86' lang='lat' dir='ltr'><strong>nihil</strong></span> <span class='ocrx_word' id='word_1_744' title='bbox 2985 3618 3129 3673; x_wconf 90' lang='lat' dir='ltr'><strong>enim</strong></span> <span class='ocrx_word' id='word_1_745' title='bbox 3161 3620 3286 3674; x_wconf 92' lang='lat' dir='ltr'><strong>dum</strong></span> <span class='ocrx_word' id='word_1_746' title='bbox 3308 3623 3606 3691; x_wconf 81' lang='lat' dir='ltr'><strong>explicatur</strong></span> <span class='ocrx_word' id='word_1_747' title='bbox 3627 3626 3891 3693; x_wconf 88' lang='lat' dir='ltr'><strong>oratione,</strong></span> 
     </span>
    </p>
   </div>
   <div class='ocr_carea' id='block_1_97' title="bbox 2321 3702 3895 3784">
    <p class='ocr_par' dir='ltr' id='par_1_97' title="bbox 2321 3702 3895 3784">
     <span class='ocr_line' id='line_1_97' title="bbox 2321 3702 3895 3784; baseline 0.011 -30"><span class='ocrx_word' id='word_1_748' title='bbox 2321 3709 2490 3756; x_wconf 93' lang='lat' dir='ltr'><strong>totum</strong></span> <span class='ocrx_word' id='word_1_749' title='bbox 2514 3702 2673 3757; x_wconf 91' lang='lat' dir='ltr'><strong>simul</strong></span> <span class='ocrx_word' id='word_1_750' title='bbox 2704 3704 2811 3760; x_wconf 92' lang='lat' dir='ltr'><strong>dici</strong></span> <span class='ocrx_word' id='word_1_751' title='bbox 2842 3717 3040 3776; x_wconf 83' lang='lat' dir='ltr'><strong>potest.</strong></span> <span class='ocrx_word' id='word_1_752' title='bbox 3073 3710 3203 3776; x_wconf 66' lang='lat' dir='ltr'><strong>Quae</strong></span> <span class='ocrx_word' id='word_1_753' title='bbox 3237 3727 3358 3767; x_wconf 87' lang='lat' dir='ltr'><strong>cum</strong></span> <span class='ocrx_word' id='word_1_754' title='bbox 3393 3714 3464 3767; x_wconf 89' lang='lat' dir='ltr'><strong>ita</strong></span> <span class='ocrx_word' id='word_1_755' title='bbox 3499 3715 3625 3781; x_wconf 90' lang='lat' dir='ltr'><strong>sint,</strong></span> <span class='ocrx_word' id='word_1_756' title='bbox 3657 3729 3895 3784; x_wconf 85' lang='lat' dir='ltr'><strong>cumque</strong></span> 
     </span>
    </p>
   </div>
   <div class='ocr_carea' id='block_1_98' title="bbox 2319 3793 3887 3875">
    <p class='ocr_par' dir='ltr' id='par_1_98' title="bbox 2319 3793 3887 3875">
     <span class='ocr_line' id='line_1_98' title="bbox 2319 3793 3887 3875; baseline 0.011 -30"><span class='ocrx_word' id='word_1_757' title='bbox 2319 3795 2492 3846; x_wconf 79' lang='lat' dir='ltr'><strong>omnis</strong></span> <span class='ocrx_word' id='word_1_758' title='bbox 2523 3793 2830 3863; x_wconf 86' lang='lat' dir='ltr'><strong>hujusmodi</strong></span> <span class='ocrx_word' id='word_1_759' title='bbox 2872 3798 3114 3855; x_wconf 89' lang='lat' dir='ltr'><strong>deﬁnitio</strong></span> <span class='ocrx_word' id='word_1_760' title='bbox 3153 3803 3399 3872; x_wconf 78' lang='lat' dir='ltr'><strong>quaedam</strong></span> <span class='ocrx_word' id='word_1_761' title='bbox 3436 3805 3504 3859; x_wconf 91' lang='lat' dir='ltr'><strong>sit</strong></span> <span class='ocrx_word' id='word_1_762' title='bbox 3541 3805 3768 3875; x_wconf 88' lang='lat' dir='ltr'><strong>partium</strong></span> <span class='ocrx_word' id='word_1_763' title='bbox 3799 3807 3887 3862; x_wconf 54' lang='lat' dir='ltr'><strong>di-</strong></span> 
     </span>
    </p>
   </div>
   <div class='ocr_carea' id='block_1_99' title="bbox 2318 3884 3890 3967">
    <p class='ocr_par' dir='ltr' id='par_1_99' title="bbox 2318 3884 3890 3967">
     <span class='ocr_line' id='line_1_99' title="bbox 2318 3884 3890 3967; baseline 0.011 -30"><span class='ocrx_word' id='word_1_764' title='bbox 2318 3884 2592 3952; x_wconf 84' lang='lat' dir='ltr'><strong>stributio,</strong></span> <span class='ocrx_word' id='word_1_765' title='bbox 2615 3897 2845 3957; x_wconf 88' lang='lat' dir='ltr'><strong>quatuor</strong></span> <span class='ocrx_word' id='word_1_766' title='bbox 2871 3890 2956 3946; x_wconf 90' lang='lat' dir='ltr'><strong>his</strong></span> <span class='ocrx_word' id='word_1_767' title='bbox 3000 3893 3172 3949; x_wconf 85' lang='lat' dir='ltr'><strong>modis</strong></span> <span class='ocrx_word' id='word_1_768' title='bbox 3212 3895 3330 3951; x_wconf 89' lang='lat' dir='ltr'><strong>ﬁeri</strong></span> <span class='ocrx_word' id='word_1_769' title='bbox 3360 3905 3556 3967; x_wconf 88' lang='lat' dir='ltr'><strong>potest.</strong></span> <span class='ocrx_word' id='word_1_770' title='bbox 3599 3902 3702 3954; x_wconf 76' lang='lat' dir='ltr'><strong>Aut</strong></span> <span class='ocrx_word' id='word_1_771' title='bbox 3741 3900 3890 3955; x_wconf 92' lang='lat' dir='ltr'><strong>enim</strong></span> 
     </span>
    </p>
   </div>
   <div class='ocr_carea' id='block_1_100' title="bbox 2317 3977 3890 4061">
    <p class='ocr_par' dir='ltr' id='par_1_100' title="bbox 2317 3977 3890 4061">
     <span class='ocr_line' id='line_1_100' title="bbox 2317 3977 3890 4061; baseline 0.01 -29"><span class='ocrx_word' id='word_1_772' title='bbox 2317 3977 2691 4036; x_wconf 88' lang='lat' dir='ltr'><strong>substantiales</strong></span> <span class='ocrx_word' id='word_1_773' title='bbox 2746 3993 2925 4052; x_wconf 87' lang='lat' dir='ltr'><strong>partes</strong></span> <span class='ocrx_word' id='word_1_774' title='bbox 2985 3987 3355 4058; x_wconf 81' lang='lat' dir='ltr'><strong>explicantur,</strong></span> <span class='ocrx_word' id='word_1_775' title='bbox 3407 4000 3502 4046; x_wconf 92' lang='lat' dir='ltr'><strong>aut</strong></span> <span class='ocrx_word' id='word_1_776' title='bbox 3548 3993 3890 4061; x_wconf 87' lang='lat' dir='ltr'><strong>proprietatis</strong></span> 
     </span>
    </p>
   </div>
   <div class='ocr_carea' id='block_1_101' title="bbox 2317 4071 3892 4147">
    <p class='ocr_par' dir='ltr' id='par_1_101' title="bbox 2317 4071 3892 4147">
     <span class='ocr_line' id='line_1_101' title="bbox 2317 4071 3892 4147; baseline 0.011 -24"><span class='ocrx_word' id='word_1_777' title='bbox 2317 4079 2498 4140; x_wconf 89' lang='lat' dir='ltr'><strong>partes</strong></span> <span class='ocrx_word' id='word_1_778' title='bbox 2527 4071 2798 4140; x_wconf 90' lang='lat' dir='ltr'><strong>dicuntur,</strong></span> <span class='ocrx_word' id='word_1_779' title='bbox 2836 4085 2932 4131; x_wconf 89' lang='lat' dir='ltr'><strong>aut</strong></span> <span class='ocrx_word' id='word_1_780' title='bbox 2984 4079 3138 4147; x_wconf 85' lang='lat' dir='ltr'><strong>quasi</strong></span> <span class='ocrx_word' id='word_1_781' title='bbox 3184 4081 3347 4136; x_wconf 86' lang='lat' dir='ltr'><strong>totius</strong></span> <span class='ocrx_word' id='word_1_782' title='bbox 3391 4083 3632 4138; x_wconf 87' lang='lat' dir='ltr'><strong>membra</strong></span> <span class='ocrx_word' id='word_1_783' title='bbox 3675 4099 3892 4140; x_wconf 89' lang='lat' dir='ltr'><strong>enume-</strong></span> 
     </span>
    </p>
   </div>
   <div class='ocr_carea' id='block_1_102' title="bbox 2316 4169 3890 4238">
    <p class='ocr_par' dir='ltr' id='par_1_102' title="bbox 2316 4169 3890 4238">
     <span class='ocr_line' id='line_1_102' title="bbox 2316 4169 3890 4238; baseline 0.009 -22"><span class='ocrx_word' id='word_1_784' title='bbox 2316 4171 2523 4229; x_wconf 87' lang='lat' dir='ltr'><strong>rantur,</strong></span> <span class='ocrx_word' id='word_1_785' title='bbox 2554 4174 2649 4219; x_wconf 89' lang='lat' dir='ltr'><strong>aut</strong></span> <span class='ocrx_word' id='word_1_786' title='bbox 2681 4173 2930 4236; x_wconf 89' lang='lat' dir='ltr'><strong>tanquam</strong></span> <span class='ocrx_word' id='word_1_787' title='bbox 2962 4169 3170 4238; x_wconf 84' lang='lat' dir='ltr'><strong>species</strong></span> <span class='ocrx_word' id='word_1_788' title='bbox 3199 4170 3526 4230; x_wconf 88' lang='lat' dir='ltr'><strong>dividuntur.</strong></span> <span class='ocrx_word' id='word_1_789' title='bbox 3558 4173 3890 4230; x_wconf 85' lang='lat' dir='ltr'><strong>Substantia-</strong></span> 
     </span>
    </p>
   </div>
   <div class='ocr_carea' id='block_1_103' title="bbox 2314 4253 3886 4333">
    <p class='ocr_par' dir='ltr' id='par_1_103' title="bbox 2314 4253 3886 4333">
     <span class='ocr_line' id='line_1_103' title="bbox 2314 4253 3886 4333; baseline 0.008 -26"><span class='ocrx_word' id='word_1_790' title='bbox 2314 4253 2395 4308; x_wconf 90' lang='lat' dir='ltr'><strong>les</strong></span> <span class='ocrx_word' id='word_1_791' title='bbox 2418 4263 2598 4324; x_wconf 85' lang='lat' dir='ltr'><strong>partes</strong></span> <span class='ocrx_word' id='word_1_792' title='bbox 2629 4258 2984 4326; x_wconf 87' lang='lat' dir='ltr'><strong>explicantur,</strong></span> <span class='ocrx_word' id='word_1_793' title='bbox 3009 4274 3132 4315; x_wconf 88' lang='lat' dir='ltr'><strong>cum</strong></span> <span class='ocrx_word' id='word_1_794' title='bbox 3160 4277 3225 4317; x_wconf 91' lang='lat' dir='ltr'><strong>ex</strong></span> <span class='ocrx_word' id='word_1_795' title='bbox 3251 4277 3452 4333; x_wconf 90' lang='lat' dir='ltr'><strong>genere</strong></span> <span class='ocrx_word' id='word_1_796' title='bbox 3478 4281 3542 4320; x_wconf 88' lang='lat' dir='ltr'><strong>ac</strong></span> <span class='ocrx_word' id='word_1_797' title='bbox 3566 4265 3886 4321; x_wconf 76' lang='lat' dir='ltr'><strong>differentiis</strong></span> 
     </span>
    </p>
   </div>
   <div class='ocr_carea' id='block_1_104' title="bbox 2314 4345 3886 4427">
    <p class='ocr_par' dir='ltr' id='par_1_104' title="bbox 2314 4345 3886 4427">
     <span class='ocr_line' id='line_1_104' title="bbox 2314 4345 3886 4427; baseline 0.009 -28"><span class='ocrx_word' id='word_1_798' title='bbox 2314 4345 2554 4400; x_wconf 89' lang='lat' dir='ltr'><strong>deﬁnitio</strong></span> <span class='ocrx_word' id='word_1_799' title='bbox 2584 4350 2947 4404; x_wconf 89' lang='lat' dir='ltr'><strong>constituitur.</strong></span> <span class='ocrx_word' id='word_1_800' title='bbox 2973 4351 3154 4408; x_wconf 87' lang='lat' dir='ltr'><strong>Genus</strong></span> <span class='ocrx_word' id='word_1_801' title='bbox 3194 4355 3339 4411; x_wconf 92' lang='lat' dir='ltr'><strong>enim</strong></span> <span class='ocrx_word' id='word_1_802' title='bbox 3379 4358 3524 4427; x_wconf 84' lang='lat' dir='ltr'><strong>quod</strong></span> <span class='ocrx_word' id='word_1_803' title='bbox 3547 4357 3886 4427; x_wconf 86' lang='lat' dir='ltr'><strong>singulariter</strong></span> 
     </span>
    </p>
   </div>
   <div class='ocr_carea' id='block_1_105' title="bbox 2311 4439 3886 4523">
    <p class='ocr_par' dir='ltr' id='par_1_105' title="bbox 2311 4439 3886 4523">
     <span class='ocr_line' id='line_1_105' title="bbox 2311 4439 3886 4523; baseline 0.008 -29"><span class='ocrx_word' id='word_1_804' title='bbox 2311 4439 2656 4510; x_wconf 64' lang='lat' dir='ltr'><strong>prmdicatur,</strong></span> <span class='ocrx_word' id='word_1_805' title='bbox 2687 4443 2887 4512; x_wconf 89' lang='lat' dir='ltr'><strong>speciei</strong></span> <span class='ocrx_word' id='word_1_806' title='bbox 2919 4454 3090 4501; x_wconf 91' lang='lat' dir='ltr'><strong>totum</strong></span> <span class='ocrx_word' id='word_1_807' title='bbox 3118 4458 3220 4504; x_wconf 91' lang='lat' dir='ltr'><strong>est.</strong></span> <span class='ocrx_word' id='word_1_808' title='bbox 3266 4450 3320 4504; x_wconf 91' lang='lat' dir='ltr'><strong>ld</strong></span> <span class='ocrx_word' id='word_1_809' title='bbox 3344 4466 3512 4522; x_wconf 88' lang='lat' dir='ltr'><strong>genus</strong></span> <span class='ocrx_word' id='word_1_810' title='bbox 3535 4462 3805 4523; x_wconf 90' lang='lat' dir='ltr'><strong>sumptum</strong></span> <span class='ocrx_word' id='word_1_811' title='bbox 3835 4452 3886 4507; x_wconf 91' lang='lat' dir='ltr'><strong>in</strong></span> 
     </span>
    </p>
   </div>
   <div class='ocr_carea' id='block_1_106' title="bbox 2317 4532 3889 4612">
    <p class='ocr_par' dir='ltr' id='par_1_106' title="bbox 2317 4532 3889 4612">
     <span class='ocr_line' id='line_1_106' title="bbox 2317 4532 3889 4612; baseline 0.006 -25"><span class='ocrx_word' id='word_1_812' title='bbox 2317 4532 2653 4600; x_wconf 89' lang='lat' dir='ltr'><strong>deﬁnitione,</strong></span> <span class='ocrx_word' id='word_1_813' title='bbox 2682 4548 2806 4603; x_wconf 89' lang='lat' dir='ltr'><strong>pars</strong></span> <span class='ocrx_word' id='word_1_814' title='bbox 2832 4535 3078 4605; x_wconf 59' lang='lat' dir='ltr'><strong>quadam</strong></span> <span class='ocrx_word' id='word_1_815' title='bbox 3120 4538 3200 4594; x_wconf 91' lang='lat' dir='ltr'><strong>ﬁt.</strong></span> <span class='ocrx_word' id='word_1_816' title='bbox 3240 4538 3356 4596; x_wconf 84' lang='lat' dir='ltr'><strong>Non</strong></span> <span class='ocrx_word' id='word_1_817' title='bbox 3393 4543 3536 4597; x_wconf 90' lang='lat' dir='ltr'><strong>enim</strong></span> <span class='ocrx_word' id='word_1_818' title='bbox 3559 4543 3730 4596; x_wconf 92' lang='lat' dir='ltr'><strong>solum</strong></span> <span class='ocrx_word' id='word_1_819' title='bbox 3764 4556 3889 4612; x_wconf 84' lang='lat' dir='ltr'><strong>spc-</strong></span> 
     </span>
    </p>
   </div>
   <div class='ocr_carea' id='block_1_107' title="bbox 2320 4626 3888 4702">
    <p class='ocr_par' dir='ltr' id='par_1_107' title="bbox 2320 4626 3888 4702">
     <span class='ocr_line' id='line_1_107' title="bbox 2320 4626 3888 4702; baseline 0.006 -22"><span class='ocrx_word' id='word_1_820' title='bbox 2320 4627 2454 4681; x_wconf 91' lang='lat' dir='ltr'><strong>ciem</strong></span> <span class='ocrx_word' id='word_1_821' title='bbox 2489 4626 2746 4697; x_wconf 89' lang='lat' dir='ltr'><strong>complet,</strong></span> <span class='ocrx_word' id='word_1_822' title='bbox 2777 4628 2880 4683; x_wconf 92' lang='lat' dir='ltr'><strong>nisi</strong></span> <span class='ocrx_word' id='word_1_823' title='bbox 2917 4629 3240 4698; x_wconf 85' lang='lat' dir='ltr'><strong>adjiciantur</strong></span> <span class='ocrx_word' id='word_1_824' title='bbox 3272 4637 3432 4688; x_wconf 91' lang='lat' dir='ltr'><strong>etiam</strong></span> <span class='ocrx_word' id='word_1_825' title='bbox 3468 4633 3888 4702; x_wconf 77' lang='lat' dir='ltr'><strong>diﬁ‘erentize,in</strong></span> 
     </span>
    </p>
   </div>
   <div class='ocr_carea' id='block_1_108' title="bbox 2318 4717 3885 4794">
    <p class='ocr_par' dir='ltr' id='par_1_108' title="bbox 2318 4717 3885 4794">
     <span class='ocr_line' id='line_1_108' title="bbox 2318 4717 3885 4794; baseline 0.005 -21"><span class='ocrx_word' id='word_1_826' title='bbox 2318 4717 2512 4789; x_wconf 89' lang='lat' dir='ltr'><strong>quibus</strong></span> <span class='ocrx_word' id='word_1_827' title='bbox 2556 4718 2747 4774; x_wconf 87' lang='lat' dir='ltr'><strong>eadem</strong></span> <span class='ocrx_word' id='word_1_828' title='bbox 2790 4721 2928 4775; x_wconf 89' lang='lat' dir='ltr'><strong>ratio</strong></span> <span class='ocrx_word' id='word_1_829' title='bbox 2966 4737 3084 4790; x_wconf 65' lang='lat' dir='ltr'><strong>quae</strong></span> <span class='ocrx_word' id='word_1_830' title='bbox 3131 4723 3182 4778; x_wconf 93' lang='lat' dir='ltr'><strong>in</strong></span> <span class='ocrx_word' id='word_1_831' title='bbox 3224 4739 3423 4794; x_wconf 87' lang='lat' dir='ltr'><strong>genere</strong></span> <span class='ocrx_word' id='word_1_832' title='bbox 3460 4734 3563 4780; x_wconf 91' lang='lat' dir='ltr'><strong>est.</strong></span> <span class='ocrx_word' id='word_1_833' title='bbox 3593 4724 3726 4779; x_wconf 85' lang='lat' dir='ltr'><strong>Nam</strong></span> <span class='ocrx_word' id='word_1_834' title='bbox 3767 4741 3885 4781; x_wconf 90' lang='lat' dir='ltr'><strong>cum</strong></span> 
     </span>
    </p>
   </div>
   <div class='ocr_carea' id='block_1_109' title="bbox 2318 4810 3884 4886">
    <p class='ocr_par' dir='ltr' id='par_1_109' title="bbox 2318 4810 3884 4886">
     <span class='ocr_line' id='line_1_109' title="bbox 2318 4810 3884 4886; baseline 0.004 -20"><span class='ocrx_word' id='word_1_835' title='bbox 2318 4812 2451 4883; x_wconf 61' lang='lat' dir='ltr'><strong>ipsae</strong></span> <span class='ocrx_word' id='word_1_836' title='bbox 2489 4810 2831 4883; x_wconf 89' lang='lat' dir='ltr'><strong>singulariter</strong></span> <span class='ocrx_word' id='word_1_837' title='bbox 2857 4813 3017 4869; x_wconf 74' lang='lat' dir='ltr'><strong>dicta:</strong></span> <span class='ocrx_word' id='word_1_838' title='bbox 3056 4825 3218 4871; x_wconf 88' lang='lat' dir='ltr'><strong>totam</strong></span> <span class='ocrx_word' id='word_1_839' title='bbox 3263 4817 3498 4886; x_wconf 86' lang='lat' dir='ltr'><strong>speciem</strong></span> <span class='ocrx_word' id='word_1_840' title='bbox 3533 4818 3802 4883; x_wconf 89' lang='lat' dir='ltr'><strong>claudant,</strong></span> <span class='ocrx_word' id='word_1_841' title='bbox 3833 4821 3884 4873; x_wconf 90' lang='lat' dir='ltr'><strong>in</strong></span> 
     </span>
    </p>
   </div>
   <div class='ocr_carea' id='block_1_110' title="bbox 2319 4903 3884 4977">
    <p class='ocr_par' dir='ltr' id='par_1_110' title="bbox 2319 4903 3884 4977">
     <span class='ocr_line' id='line_1_110' title="bbox 2319 4903 3884 4977; baseline 0.003 -20"><span class='ocrx_word' id='word_1_842' title='bbox 2319 4903 2630 4959; x_wconf 85' lang='lat' dir='ltr'><strong>deﬁnitione</strong></span> <span class='ocrx_word' id='word_1_843' title='bbox 2677 4914 2927 4973; x_wconf 67' lang='lat' dir='ltr'><strong>sumptae,</strong></span> <span class='ocrx_word' id='word_1_844' title='bbox 2968 4913 3148 4974; x_wconf 87' lang='lat' dir='ltr'><strong>partes</strong></span> <span class='ocrx_word' id='word_1_845' title='bbox 3187 4908 3385 4977; x_wconf 88' lang='lat' dir='ltr'><strong>speciei</strong></span> <span class='ocrx_word' id='word_1_846' title='bbox 3432 4908 3586 4975; x_wconf 90' lang='lat' dir='ltr'><strong>ﬁunt,</strong></span> <span class='ocrx_word' id='word_1_847' title='bbox 3627 4910 3746 4976; x_wconf 88' lang='lat' dir='ltr'><strong>quia</strong></span> <span class='ocrx_word' id='word_1_848' title='bbox 3779 4925 3884 4963; x_wconf 91' lang='lat' dir='ltr'><strong>non</strong></span> 
     </span>
    </p>
   </div>
   <div class='ocr_carea' id='block_1_111' title="bbox 2317 4994 3888 5068">
    <p class='ocr_par' dir='ltr' id='par_1_111' title="bbox 2317 4994 3888 5068">
     <span class='ocr_line' id='line_1_111' title="bbox 2317 4994 3888 5068; baseline 0.003 -20"><span class='ocrx_word' id='word_1_849' title='bbox 2317 4994 2492 5049; x_wconf 90' lang='lat' dir='ltr'><strong>solum</strong></span> <span class='ocrx_word' id='word_1_850' title='bbox 2521 4995 2754 5066; x_wconf 88' lang='lat' dir='ltr'><strong>speciem</strong></span> <span class='ocrx_word' id='word_1_851' title='bbox 2776 4995 2990 5065; x_wconf 90' lang='lat' dir='ltr'><strong>quidem</strong></span> <span class='ocrx_word' id='word_1_852' title='bbox 3011 5011 3132 5052; x_wconf 89' lang='lat' dir='ltr'><strong>esse</strong></span> <span class='ocrx_word' id='word_1_853' title='bbox 3152 4997 3457 5068; x_wconf 85' lang='lat' dir='ltr'><strong>designant,</strong></span> <span class='ocrx_word' id='word_1_854' title='bbox 3484 5000 3578 5056; x_wconf 88' lang='lat' dir='ltr'><strong>sed</strong></span> <span class='ocrx_word' id='word_1_855' title='bbox 3606 5001 3764 5054; x_wconf 90' lang='lat' dir='ltr'><strong>etiam</strong></span> <span class='ocrx_word' id='word_1_856' title='bbox 3790 5015 3888 5068; x_wconf 81' lang='lat' dir='ltr'><strong>ge-</strong></span> 
     </span>
    </p>
   </div>
   <div class='ocr_carea' id='block_1_112' title="bbox 2314 5087 3889 5159">
    <p class='ocr_par' dir='ltr' id='par_1_112' title="bbox 2314 5087 3889 5159">
     <span class='ocr_line' id='line_1_112' title="bbox 2314 5087 3889 5159; baseline 0.001 -17"><span class='ocrx_word' id='word_1_857' title='bbox 2314 5101 2436 5142; x_wconf 88' lang='lat' dir='ltr'><strong>nus.</strong></span> <span class='ocrx_word' id='word_1_858' title='bbox 2478 5087 2645 5156; x_wconf 79' lang='lat' dir='ltr'><strong>Hujus</strong></span> <span class='ocrx_word' id='word_1_859' title='bbox 2681 5088 2983 5159; x_wconf 87' lang='lat' dir='ltr'><strong>exemplum</strong></span> <span class='ocrx_word' id='word_1_860' title='bbox 3021 5098 3142 5145; x_wconf 87' lang='lat' dir='ltr'><strong>est:</strong></span> <span class='ocrx_word' id='word_1_861' title='bbox 3175 5089 3349 5144; x_wconf 85' lang='lat' dir='ltr'><strong>Homo</strong></span> <span class='ocrx_word' id='word_1_862' title='bbox 3374 5100 3458 5146; x_wconf 84' lang='lat' dir='ltr'><strong>est</strong></span> <span class='ocrx_word' id='word_1_863' title='bbox 3501 5090 3698 5145; x_wconf 88' lang='lat' dir='ltr'><strong>animal</strong></span> <span class='ocrx_word' id='word_1_864' title='bbox 3727 5091 3889 5144; x_wconf 86' lang='lat' dir='ltr'><strong>ratio-</strong></span> 
     </span>
    </p>
   </div>
   <div class='ocr_carea' id='block_1_113' title="bbox 2311 5177 3888 5251">
    <p class='ocr_par' dir='ltr' id='par_1_113' title="bbox 2311 5177 3888 5251">
     <span class='ocr_line' id='line_1_113' title="bbox 2311 5177 3888 5251; baseline 0.001 -18"><span class='ocrx_word' id='word_1_865' title='bbox 2311 5177 2455 5243; x_wconf 88' lang='lat' dir='ltr'><strong>nale,</strong></span> <span class='ocrx_word' id='word_1_866' title='bbox 2485 5180 2735 5236; x_wconf 86' lang='lat' dir='ltr'><strong>m’ortale.</strong></span> <span class='ocrx_word' id='word_1_867' title='bbox 2767 5180 2899 5235; x_wconf 91' lang='lat' dir='ltr'><strong>Cum</strong></span> <span class='ocrx_word' id='word_1_868' title='bbox 2936 5195 3063 5251; x_wconf 91' lang='lat' dir='ltr'><strong>ergo</strong></span> <span class='ocrx_word' id='word_1_869' title='bbox 3103 5189 3212 5236; x_wconf 89' lang='lat' dir='ltr'><strong>tota</strong></span> <span class='ocrx_word' id='word_1_870' title='bbox 3263 5179 3504 5236; x_wconf 90' lang='lat' dir='ltr'><strong>deﬁnitio</strong></span> <span class='ocrx_word' id='word_1_871' title='bbox 3551 5180 3752 5235; x_wconf 85' lang='lat' dir='ltr'><strong>homini</strong></span> <span class='ocrx_word' id='word_1_872' title='bbox 3796 5195 3888 5235; x_wconf 86' lang='lat' dir='ltr'><strong>co-</strong></span> 
     </span>
    </p>
   </div>
   <div class='ocr_carea' id='block_1_114' title="bbox 2313 5270 3889 5341">
    <p class='ocr_par' dir='ltr' id='par_1_114' title="bbox 2313 5270 3889 5341">
     <span class='ocr_line' id='line_1_114' title="bbox 2313 5270 3889 5341; baseline -0.002 -15"><span class='ocrx_word' id='word_1_873' title='bbox 2313 5279 2578 5341; x_wconf 84' lang='lat' dir='ltr'><strong>aequetur,</strong></span> <span class='ocrx_word' id='word_1_874' title='bbox 2612 5271 2887 5341; x_wconf 87' lang='lat' dir='ltr'><strong>totiusque</strong></span> <span class='ocrx_word' id='word_1_875' title='bbox 2914 5271 3241 5328; x_wconf 89' lang='lat' dir='ltr'><strong>deﬁnitionis</strong></span> <span class='ocrx_word' id='word_1_876' title='bbox 3265 5280 3442 5341; x_wconf 87' lang='lat' dir='ltr'><strong>partes</strong></span> <span class='ocrx_word' id='word_1_877' title='bbox 3471 5271 3596 5335; x_wconf 88' lang='lat' dir='ltr'><strong>sint,</strong></span> <span class='ocrx_word' id='word_1_878' title='bbox 3632 5279 3742 5325; x_wconf 89' lang='lat' dir='ltr'><strong>tum</strong></span> <span class='ocrx_word' id='word_1_879' title='bbox 3768 5270 3889 5324; x_wconf 86' lang='lat' dir='ltr'><strong>ani-</strong></span> 
     </span>
    </p>
   </div>
   <div class='ocr_carea' id='block_1_115' title="bbox 2313 5362 3888 5433">
    <p class='ocr_par' dir='ltr' id='par_1_115' title="bbox 2313 5362 3888 5433">
     <span class='ocr_line' id='line_1_115' title="bbox 2313 5362 3888 5433; baseline -0.001 -16"><span class='ocrx_word' id='word_1_880' title='bbox 2313 5362 2445 5430; x_wconf 91' lang='lat' dir='ltr'><strong>mal,</strong></span> <span class='ocrx_word' id='word_1_881' title='bbox 2496 5371 2607 5417; x_wconf 91' lang='lat' dir='ltr'><strong>tum</strong></span> <span class='ocrx_word' id='word_1_882' title='bbox 2661 5362 2941 5429; x_wconf 88' lang='lat' dir='ltr'><strong>rationale,</strong></span> <span class='ocrx_word' id='word_1_883' title='bbox 2985 5370 3094 5418; x_wconf 90' lang='lat' dir='ltr'><strong>tttm</strong></span> <span class='ocrx_word' id='word_1_884' title='bbox 3141 5364 3386 5433; x_wconf 79' lang='lat' dir='ltr'><strong>mortale,</strong></span> <span class='ocrx_word' id='word_1_885' title='bbox 3433 5363 3600 5433; x_wconf 87' lang='lat' dir='ltr'><strong>ipsius</strong></span> <span class='ocrx_word' id='word_1_886' title='bbox 3655 5362 3888 5416; x_wconf 90' lang='lat' dir='ltr'><strong>hominis</strong></span> 
     </span>
    </p>
   </div>
   <div class='ocr_carea' id='block_1_116' title="bbox 2315 5453 3887 5525">
    <p class='ocr_par' dir='ltr' id='par_1_116' title="bbox 2315 5453 3887 5525">
     <span class='ocr_line' id='line_1_116' title="bbox 2315 5453 3887 5525; baseline -0.001 -19"><span class='ocrx_word' id='word_1_887' title='bbox 2315 5463 2495 5522; x_wconf 89' lang='lat' dir='ltr'><strong>partes</strong></span> <span class='ocrx_word' id='word_1_888' title='bbox 2515 5467 2635 5509; x_wconf 87' lang='lat' dir='ltr'><strong>esse</strong></span> <span class='ocrx_word' id='word_1_889' title='bbox 2672 5454 2922 5510; x_wconf 83' lang='lat' dir='ltr'><strong>videntur</strong></span> <span class='ocrx_word' id='word_1_890' title='bbox 2947 5454 3181 5524; x_wconf 89' lang='lat' dir='ltr'><strong>singula,</strong></span> <span class='ocrx_word' id='word_1_891' title='bbox 3211 5471 3332 5525; x_wconf 74' lang='lat' dir='ltr'><strong>qua:</strong></span> <span class='ocrx_word' id='word_1_892' title='bbox 3353 5453 3592 5524; x_wconf 88' lang='lat' dir='ltr'><strong>ejusdem</strong></span> <span class='ocrx_word' id='word_1_893' title='bbox 3621 5453 3887 5510; x_wconf 54' lang='lat' dir='ltr'><strong>deﬁnitio.</strong></span> 
     </span>
    </p>
   </div>
   <div class='ocr_carea' id='block_1_117' title="bbox 2314 5543 3883 5617">
    <p class='ocr_par' dir='ltr' id='par_1_117' title="bbox 2314 5543 3883 5617">
     <span class='ocr_line' id='line_1_117' title="bbox 2314 5543 3883 5617; baseline 0 -19"><span class='ocrx_word' id='word_1_894' title='bbox 2314 5543 2398 5598; x_wconf 83' lang='lat' dir='ltr'><strong>nis</strong></span> <span class='ocrx_word' id='word_1_895' title='bbox 2422 5555 2600 5613; x_wconf 77' lang='lat' dir='ltr'><strong>partes</strong></span> <span class='ocrx_word' id='word_1_896' title='bbox 2627 5555 2773 5600; x_wconf 88' lang='lat' dir='ltr'><strong>sunt.</strong></span> <span class='ocrx_word' id='word_1_897' title='bbox 2801 5544 2927 5600; x_wconf 63' lang='lat' dir='ltr'><strong>llmc</strong></span> <span class='ocrx_word' id='word_1_898' title='bbox 2957 5546 3120 5616; x_wconf 85' lang='lat' dir='ltr'><strong>igitur</strong></span> <span class='ocrx_word' id='word_1_899' title='bbox 3145 5547 3361 5617; x_wconf 81' lang='lat' dir='ltr'><strong>proprio</strong></span> <span class='ocrx_word' id='word_1_900' title='bbox 3395 5546 3611 5602; x_wconf 89' lang='lat' dir='ltr'><strong>nomine</strong></span> <span class='ocrx_word' id='word_1_901' title='bbox 3639 5545 3883 5601; x_wconf 88' lang='lat' dir='ltr'><strong>deﬁnitio</strong></span> 
     </span>
    </p>
   </div>
   <div class='ocr_carea' id='block_1_118' title="bbox 2315 5634 3950 5707">
    <p class='ocr_par' dir='ltr' id='par_1_118' title="bbox 2315 5634 3950 5707">
     <span class='ocr_line' id='line_1_118' title="bbox 2315 5634 3950 5707; baseline 0.001 -20"><span class='ocrx_word' id='word_1_902' title='bbox 2315 5644 2668 5704; x_wconf 88' lang='lat' dir='ltr'><strong>nuncupatur.</strong></span> <span class='ocrx_word' id='word_1_903' title='bbox 2699 5634 2827 5691; x_wconf 89' lang='lat' dir='ltr'><strong>Item</strong></span> <span class='ocrx_word' id='word_1_904' title='bbox 2865 5646 2945 5692; x_wconf 90' lang='lat' dir='ltr'><strong>est</strong></span> <span class='ocrx_word' id='word_1_905' title='bbox 2977 5638 3063 5692; x_wconf 89' lang='lat' dir='ltr'><strong>illa</strong></span> <span class='ocrx_word' id='word_1_906' title='bbox 3091 5636 3354 5707; x_wconf 83' lang='lat' dir='ltr'><strong>deﬁnitio,</strong></span> <span class='ocrx_word' id='word_1_907' title='bbox 3387 5636 3600 5707; x_wconf 89' lang='lat' dir='ltr'><strong>quando</strong></span> <span class='ocrx_word' id='word_1_908' title='bbox 3626 5636 3682 5692; x_wconf 90' lang='lat' dir='ltr'><strong>in</strong></span> <span class='ocrx_word' id='word_1_909' title='bbox 3716 5650 3878 5692; x_wconf 89' lang='lat' dir='ltr'><strong>unum</strong></span> <span class='ocrx_word' id='word_1_910' title='bbox 3947 5665 3950 5668; x_wconf 93' lang='lat'>-</span> 
     </span>
    </p>
   </div>
   <div class='ocr_carea' id='block_1_119' title="bbox 2313 5725 3882 5802">
    <p class='ocr_par' dir='ltr' id='par_1_119' title="bbox 2313 5725 3882 5802">
     <span class='ocr_line' id='line_1_119' title="bbox 2313 5725 3882 5802; baseline 0.003 -20"><span class='ocrx_word' id='word_1_911' title='bbox 2313 5725 2607 5784; x_wconf 88' lang='lat' dir='ltr'><strong>accidentia</strong></span> <span class='ocrx_word' id='word_1_912' title='bbox 2648 5727 2986 5799; x_wconf 85' lang='lat' dir='ltr'><strong>colliguntur,</strong></span> <span class='ocrx_word' id='word_1_913' title='bbox 3031 5741 3190 5802; x_wconf 90' lang='lat' dir='ltr'><strong>atque</strong></span> <span class='ocrx_word' id='word_1_914' title='bbox 3238 5745 3402 5790; x_wconf 88' lang='lat' dir='ltr'><strong>unum</strong></span> <span class='ocrx_word' id='word_1_915' title='bbox 3423 5730 3637 5802; x_wconf 88' lang='lat' dir='ltr'><strong>aliquid</strong></span> <span class='ocrx_word' id='word_1_916' title='bbox 3684 5744 3754 5787; x_wconf 82' lang='lat' dir='ltr'><strong>ex</strong></span> <span class='ocrx_word' id='word_1_917' title='bbox 3795 5730 3882 5786; x_wconf 86' lang='lat' dir='ltr'><strong>his</strong></span> 
     </span>
    </p>
   </div>
  </div>
