  <div class='ocr_page' id='page_1' title='image "/cluster/home/n/w/nwhite01/storage/ocr_20150623/64/hvd.32044073505265/554.png"; bbox 0 0 4248 6272; ppageno 0'>
   <div class='ocr_carea' id='block_1_1' title="bbox 279 452 414 509">
    <p class='ocr_par' dir='ltr' id='par_1_1' title="bbox 279 452 414 509">
     <span class='ocr_line' id='line_1_1' title="bbox 279 452 414 509; baseline -0.044 0"><span class='ocrx_word' id='word_1_1' title='bbox 279 452 414 509; x_wconf 76' lang='grc'>1097</span> 
     </span>
    </p>
   </div>
   <div class='ocr_carea' id='block_1_2' title="bbox 280 634 1859 711">
    <p class='ocr_par' dir='ltr' id='par_1_2' title="bbox 280 634 1859 711">
     <span class='ocr_line' id='line_1_2' title="bbox 280 634 1859 711; baseline -0.015 -3"><span class='ocrx_word' id='word_1_2' title='bbox 280 670 387 708; x_wconf 91' lang='lat' dir='ltr'><strong>non</strong></span> <span class='ocrx_word' id='word_1_3' title='bbox 411 654 462 705; x_wconf 91' lang='lat' dir='ltr'><strong>in</strong></span> <span class='ocrx_word' id='word_1_4' title='bbox 488 648 810 709; x_wconf 90' lang='lat' dir='ltr'><strong>substantia,</strong></span> <span class='ocrx_word' id='word_1_5' title='bbox 842 645 934 698; x_wconf 90' lang='lat' dir='ltr'><strong>sed</strong></span> <span class='ocrx_word' id='word_1_6' title='bbox 965 645 1016 696; x_wconf 91' lang='lat' dir='ltr'><strong>in</strong></span> <span class='ocrx_word' id='word_1_7' title='bbox 1043 642 1272 711; x_wconf 87' lang='lat' dir='ltr'><strong>quadam</strong></span> <span class='ocrx_word' id='word_1_8' title='bbox 1303 639 1663 693; x_wconf 89' lang='lat' dir='ltr'><strong>accidentium</strong></span> <span class='ocrx_word' id='word_1_9' title='bbox 1695 634 1859 688; x_wconf 88' lang='lat' dir='ltr'><strong>colle-</strong></span> 
     </span>
    </p>
   </div>
   <div class='ocr_carea' id='block_1_3' title="bbox 282 720 1859 816">
    <p class='ocr_par' dir='ltr' id='par_1_3' title="bbox 282 720 1859 816">
     <span class='ocr_line' id='line_1_3' title="bbox 282 720 1859 816; baseline -0.015 -11"><span class='ocrx_word' id='word_1_10' title='bbox 282 751 461 805; x_wconf 99' lang='lat' dir='ltr'><strong>ctione</strong></span> <span class='ocrx_word' id='word_1_11' title='bbox 485 746 683 816; x_wconf 89' lang='lat' dir='ltr'><strong>posita;</strong></span> <span class='ocrx_word' id='word_1_12' title='bbox 710 744 866 810; x_wconf 83' lang='lat' dir='ltr'><strong>hujus</strong></span> <span class='ocrx_word' id='word_1_13' title='bbox 896 738 1195 805; x_wconf 79' lang='lat' dir='ltr'><strong>exemplum</strong></span> <span class='ocrx_word' id='word_1_14' title='bbox 1222 743 1337 789; x_wconf 89' lang='lat' dir='ltr'><strong>est:</strong></span> <span class='ocrx_word' id='word_1_15' title='bbox 1359 732 1569 787; x_wconf 82' lang='lat' dir='ltr'><strong>Animal</strong></span> <span class='ocrx_word' id='word_1_16' title='bbox 1606 739 1687 784; x_wconf 87' lang='lat' dir='ltr'><strong>est</strong></span> <span class='ocrx_word' id='word_1_17' title='bbox 1712 720 1859 815; x_wconf 84' lang='lat' dir='ltr'><strong>quod</strong></span> 
     </span>
    </p>
   </div>
   <div class='ocr_carea' id='block_1_4' title="bbox 286 826 1860 909">
    <p class='ocr_par' dir='ltr' id='par_1_4' title="bbox 286 826 1860 909">
     <span class='ocr_line' id='line_1_4' title="bbox 286 826 1860 909; baseline -0.015 -10"><span class='ocrx_word' id='word_1_18' title='bbox 286 842 487 899; x_wconf 77' lang='lat' dir='ltr'><strong>moveri</strong></span> <span class='ocrx_word' id='word_1_19' title='bbox 517 837 730 909; x_wconf 86' lang='lat' dir='ltr'><strong>propria</strong></span> <span class='ocrx_word' id='word_1_20' title='bbox 762 834 1035 888; x_wconf 72' lang='lat' dir='ltr'><strong>voluntate</strong></span> <span class='ocrx_word' id='word_1_21' title='bbox 1073 830 1264 898; x_wconf 82' lang='lat' dir='ltr'><strong>possit.</strong></span> <span class='ocrx_word' id='word_1_22' title='bbox 1290 826 1521 879; x_wconf 81' lang='lat' dir='ltr'><strong>Animali</strong></span> <span class='ocrx_word' id='word_1_23' title='bbox 1554 838 1783 892; x_wconf 80' lang='lat' dir='ltr'><strong>namque</strong></span> <span class='ocrx_word' id='word_1_24' title='bbox 1807 833 1860 876; x_wconf 92' lang='lat' dir='ltr'><strong>et</strong></span> 
     </span>
    </p>
   </div>
   <div class='ocr_carea' id='block_1_5' title="bbox 287 916 1859 991">
    <p class='ocr_par' dir='ltr' id='par_1_5' title="bbox 287 916 1859 991">
     <span class='ocr_line' id='line_1_5' title="bbox 287 916 1859 991; baseline -0.015 -1"><span class='ocrx_word' id='word_1_25' title='bbox 287 946 462 991; x_wconf 91' lang='lat' dir='ltr'><strong>motus</strong></span> <span class='ocrx_word' id='word_1_26' title='bbox 515 940 597 987; x_wconf 85' lang='lat' dir='ltr'><strong>est</strong></span> <span class='ocrx_word' id='word_1_27' title='bbox 648 927 934 988; x_wconf 88' lang='lat' dir='ltr'><strong>accidens,</strong></span> <span class='ocrx_word' id='word_1_28' title='bbox 986 930 1041 977; x_wconf 90' lang='lat' dir='ltr'><strong>et</strong></span> <span class='ocrx_word' id='word_1_29' title='bbox 1076 924 1362 983; x_wconf 77' lang='lat' dir='ltr'><strong>voluntas,</strong></span> <span class='ocrx_word' id='word_1_30' title='bbox 1418 928 1471 970; x_wconf 92' lang='lat' dir='ltr'><strong>et</strong></span> <span class='ocrx_word' id='word_1_31' title='bbox 1515 916 1859 984; x_wconf 82' lang='lat' dir='ltr'><strong>possibilitas,</strong></span> 
     </span>
    </p>
   </div>
   <div class='ocr_carea' id='block_1_6' title="bbox 288 1010 1865 1094">
    <p class='ocr_par' dir='ltr' id='par_1_6' title="bbox 288 1010 1865 1094">
     <span class='ocr_line' id='line_1_6' title="bbox 288 1010 1865 1094; baseline -0.015 -11"><span class='ocrx_word' id='word_1_32' title='bbox 288 1029 383 1083; x_wconf 88' lang='lat' dir='ltr'><strong>sed</strong></span> <span class='ocrx_word' id='word_1_33' title='bbox 408 1026 720 1094; x_wconf 69' lang='lat' dir='ltr'><strong>lttccjuncta</strong></span> <span class='ocrx_word' id='word_1_34' title='bbox 753 1019 1038 1089; x_wconf 85' lang='lat' dir='ltr'><strong>perﬁciunt</strong></span> <span class='ocrx_word' id='word_1_35' title='bbox 1075 1016 1295 1087; x_wconf 81' lang='lat' dir='ltr'><strong>animal,</strong></span> <span class='ocrx_word' id='word_1_36' title='bbox 1344 1028 1448 1067; x_wconf 92' lang='lat' dir='ltr'><strong>non</strong></span> <span class='ocrx_word' id='word_1_37' title='bbox 1496 1010 1865 1064; x_wconf 84' lang='lat' dir='ltr'><strong>substantiali-</strong></span> 
     </span>
    </p>
   </div>
   <div class='ocr_carea' id='block_1_7' title="bbox 289 1099 1865 1177">
    <p class='ocr_par' dir='ltr' id='par_1_7' title="bbox 289 1099 1865 1177">
     <span class='ocr_line' id='line_1_7' title="bbox 289 1099 1865 1177; baseline -0.015 -4"><span class='ocrx_word' id='word_1_38' title='bbox 289 1128 373 1173; x_wconf 88' lang='lat' dir='ltr'><strong>ter</strong></span> <span class='ocrx_word' id='word_1_39' title='bbox 416 1110 816 1175; x_wconf 89' lang='lat' dir='ltr'><strong>constituentia,</strong></span> <span class='ocrx_word' id='word_1_40' title='bbox 853 1108 946 1162; x_wconf 88' lang='lat' dir='ltr'><strong>sed</strong></span> <span class='ocrx_word' id='word_1_41' title='bbox 992 1122 1086 1177; x_wconf 89' lang='lat' dir='ltr'><strong>per</strong></span> <span class='ocrx_word' id='word_1_42' title='bbox 1114 1105 1356 1172; x_wconf 54' lang='lat' dir='ltr'><strong>quasdam</strong></span> <span class='ocrx_word' id='word_1_43' title='bbox 1387 1101 1683 1156; x_wconf 80' lang='lat' dir='ltr'><strong>accidentia</strong></span> <span class='ocrx_word' id='word_1_44' title='bbox 1722 1099 1865 1152; x_wconf 83' lang='lat' dir='ltr'><strong>desi-</strong></span> 
     </span>
    </p>
   </div>
   <div class='ocr_carea' id='block_1_8' title="bbox 286 1194 1867 1277">
    <p class='ocr_par' dir='ltr' id='par_1_8' title="bbox 286 1194 1867 1277">
     <span class='ocr_line' id='line_1_8' title="bbox 286 1194 1867 1277; baseline -0.014 -15"><span class='ocrx_word' id='word_1_45' title='bbox 286 1206 505 1277; x_wconf 89' lang='lat' dir='ltr'><strong>gnantia</strong></span> <span class='ocrx_word' id='word_1_46' title='bbox 537 1202 677 1273; x_wconf 92' lang='lat' dir='ltr'><strong>quod</strong></span> <span class='ocrx_word' id='word_1_47' title='bbox 704 1198 951 1254; x_wconf 85' lang='lat' dir='ltr'><strong>animalis</strong></span> <span class='ocrx_word' id='word_1_48' title='bbox 983 1197 1132 1266; x_wconf 85' lang='lat' dir='ltr'><strong>quasi</strong></span> <span class='ocrx_word' id='word_1_49' title='bbox 1157 1194 1403 1264; x_wconf 71' lang='lat' dir='ltr'><strong>qumdam</strong></span> <span class='ocrx_word' id='word_1_50' title='bbox 1430 1200 1608 1261; x_wconf 83' lang='lat' dir='ltr'><strong>partes</strong></span> <span class='ocrx_word' id='word_1_51' title='bbox 1640 1198 1788 1249; x_wconf 87' lang='lat' dir='ltr'><strong>sunt,</strong></span> <span class='ocrx_word' id='word_1_52' title='bbox 1811 1196 1867 1241; x_wconf 90' lang='lat' dir='ltr'><strong>et</strong></span> 
     </span>
    </p>
   </div>
   <div class='ocr_carea' id='block_1_9' title="bbox 289 1280 1863 1363">
    <p class='ocr_par' dir='ltr' id='par_1_9' title="bbox 289 1280 1863 1363">
     <span class='ocr_line' id='line_1_9' title="bbox 289 1280 1863 1363; baseline -0.015 -9"><span class='ocrx_word' id='word_1_53' title='bbox 289 1300 403 1354; x_wconf 61' lang='lat' dir='ltr'><strong>huic</strong></span> <span class='ocrx_word' id='word_1_54' title='bbox 423 1292 713 1363; x_wconf 68' lang='lat' dir='ltr'><strong>descriptio</strong></span> <span class='ocrx_word' id='word_1_55' title='bbox 740 1299 1101 1359; x_wconf 87' lang='lat' dir='ltr'><strong>nuncupatur.</strong></span> <span class='ocrx_word' id='word_1_56' title='bbox 1131 1290 1202 1341; x_wconf 86' lang='lat' dir='ltr'><strong>At</strong></span> <span class='ocrx_word' id='word_1_57' title='bbox 1231 1286 1277 1339; x_wconf 88' lang='lat' dir='ltr'><strong>si</strong></span> <span class='ocrx_word' id='word_1_58' title='bbox 1308 1300 1414 1338; x_wconf 91' lang='lat' dir='ltr'><strong>non</strong></span> <span class='ocrx_word' id='word_1_59' title='bbox 1440 1282 1737 1336; x_wconf 87' lang='lat' dir='ltr'><strong>accidentia</strong></span> <span class='ocrx_word' id='word_1_60' title='bbox 1763 1280 1863 1342; x_wconf 87' lang='lat' dir='ltr'><strong>rei,</strong></span> 
     </span>
    </p>
   </div>
   <div class='ocr_carea' id='block_1_10' title="bbox 288 1372 1865 1458">
    <p class='ocr_par' dir='ltr' id='par_1_10' title="bbox 288 1372 1865 1458">
     <span class='ocr_line' id='line_1_10' title="bbox 288 1372 1865 1458; baseline -0.015 -14"><span class='ocrx_word' id='word_1_61' title='bbox 288 1390 379 1445; x_wconf 88' lang='lat' dir='ltr'><strong>sed</strong></span> <span class='ocrx_word' id='word_1_62' title='bbox 410 1388 561 1458; x_wconf 83' lang='lat' dir='ltr'><strong>quasi</strong></span> <span class='ocrx_word' id='word_1_63' title='bbox 592 1385 833 1447; x_wconf 83' lang='lat' dir='ltr'><strong>membra</strong></span> <span class='ocrx_word' id='word_1_64' title='bbox 854 1382 1097 1452; x_wconf 65' lang='lat' dir='ltr'><strong>quaedam</strong></span> <span class='ocrx_word' id='word_1_65' title='bbox 1120 1377 1384 1443; x_wconf 87' lang='lat' dir='ltr'><strong>dicamus,</strong></span> <span class='ocrx_word' id='word_1_66' title='bbox 1417 1390 1479 1429; x_wconf 73' lang='lat' dir='ltr'><strong>ex</strong></span> <span class='ocrx_word' id='word_1_67' title='bbox 1503 1372 1694 1442; x_wconf 86' lang='lat' dir='ltr'><strong>quibus</strong></span> <span class='ocrx_word' id='word_1_68' title='bbox 1714 1384 1865 1423; x_wconf 90' lang='lat' dir='ltr'><strong>com-</strong></span> 
     </span>
    </p>
   </div>
   <div class='ocr_carea' id='block_1_11' title="bbox 290 1465 1868 1551">
    <p class='ocr_par' dir='ltr' id='par_1_11' title="bbox 290 1465 1868 1551">
     <span class='ocr_line' id='line_1_11' title="bbox 290 1465 1868 1551; baseline -0.013 -16"><span class='ocrx_word' id='word_1_69' title='bbox 290 1483 503 1551; x_wconf 86' lang='lat' dir='ltr'><strong>ponitur</strong></span> <span class='ocrx_word' id='word_1_70' title='bbox 534 1489 690 1547; x_wconf 88' lang='lat' dir='ltr'><strong>atque</strong></span> <span class='ocrx_word' id='word_1_71' title='bbox 719 1474 1081 1543; x_wconf 73' lang='lat' dir='ltr'><strong>coniungitur,</strong></span> <span class='ocrx_word' id='word_1_72' title='bbox 1129 1480 1287 1538; x_wconf 89' lang='lat' dir='ltr'><strong>atque</strong></span> <span class='ocrx_word' id='word_1_73' title='bbox 1332 1467 1457 1521; x_wconf 90' lang='lat' dir='ltr'><strong>inde</strong></span> <span class='ocrx_word' id='word_1_74' title='bbox 1500 1465 1868 1519; x_wconf 91' lang='lat' dir='ltr'><strong>deﬁnitionem</strong></span> 
     </span>
    </p>
   </div>
   <div class='ocr_carea' id='block_1_12' title="bbox 292 1557 1870 1630">
    <p class='ocr_par' dir='ltr' id='par_1_12' title="bbox 292 1557 1870 1630">
     <span class='ocr_line' id='line_1_12' title="bbox 292 1557 1870 1630; baseline -0.014 -4"><span class='ocrx_word' id='word_1_75' title='bbox 292 1573 468 1625; x_wconf 89' lang='lat' dir='ltr'><strong>facere</strong></span> <span class='ocrx_word' id='word_1_76' title='bbox 491 1578 776 1630; x_wconf 90' lang='lat' dir='ltr'><strong>tentemus,</strong></span> <span class='ocrx_word' id='word_1_77' title='bbox 811 1569 911 1625; x_wconf 84' lang='lat' dir='ltr'><strong>hoc</strong></span> <span class='ocrx_word' id='word_1_78' title='bbox 940 1562 1099 1616; x_wconf 90' lang='lat' dir='ltr'><strong>modo</strong></span> <span class='ocrx_word' id='word_1_79' title='bbox 1126 1561 1353 1614; x_wconf 90' lang='lat' dir='ltr'><strong>dicimus</strong></span> <span class='ocrx_word' id='word_1_80' title='bbox 1387 1574 1400 1609; x_wconf 90' lang='lat'>:</span> <span class='ocrx_word' id='word_1_81' title='bbox 1432 1557 1627 1610; x_wconf 89' lang='lat' dir='ltr'><strong>Domus</strong></span> <span class='ocrx_word' id='word_1_82' title='bbox 1654 1562 1870 1620; x_wconf 63' lang='lat' dir='ltr'><strong>estquae</strong></span> 
     </span>
    </p>
   </div>
   <div class='ocr_carea' id='block_1_13' title="bbox 295 1644 1869 1725">
    <p class='ocr_par' dir='ltr' id='par_1_13' title="bbox 295 1644 1869 1725">
     <span class='ocr_line' id='line_1_13' title="bbox 295 1644 1869 1725; baseline -0.014 -9"><span class='ocrx_word' id='word_1_83' title='bbox 295 1660 659 1721; x_wconf 88' lang='lat' dir='ltr'><strong>fundamento,</strong></span> <span class='ocrx_word' id='word_1_84' title='bbox 696 1655 989 1725; x_wconf 79' lang='lat' dir='ltr'><strong>parietibus</strong></span> <span class='ocrx_word' id='word_1_85' title='bbox 1018 1660 1264 1719; x_wconf 90' lang='lat' dir='ltr'><strong>tectoque</strong></span> <span class='ocrx_word' id='word_1_86' title='bbox 1288 1647 1554 1711; x_wconf 90' lang='lat' dir='ltr'><strong>consistit,</strong></span> <span class='ocrx_word' id='word_1_87' title='bbox 1588 1644 1672 1697; x_wconf 92' lang='lat' dir='ltr'><strong>hic</strong></span> <span class='ocrx_word' id='word_1_88' title='bbox 1700 1658 1869 1697; x_wconf 93' lang='lat' dir='ltr'><strong>mem-</strong></span> 
     </span>
    </p>
   </div>
   <div class='ocr_carea' id='block_1_14' title="bbox 296 1734 1870 1820">
    <p class='ocr_par' dir='ltr' id='par_1_14' title="bbox 296 1734 1870 1820">
     <span class='ocr_line' id='line_1_14' title="bbox 296 1734 1870 1820; baseline -0.013 -15"><span class='ocrx_word' id='word_1_89' title='bbox 296 1753 390 1805; x_wconf 90' lang='lat' dir='ltr'><strong>bra</strong></span> <span class='ocrx_word' id='word_1_90' title='bbox 431 1749 673 1820; x_wconf 64' lang='lat' dir='ltr'><strong>quaedam</strong></span> <span class='ocrx_word' id='word_1_91' title='bbox 720 1755 930 1814; x_wconf 88' lang='lat' dir='ltr'><strong>sumpta</strong></span> <span class='ocrx_word' id='word_1_92' title='bbox 980 1752 1102 1796; x_wconf 90' lang='lat' dir='ltr'><strong>sunt</strong></span> <span class='ocrx_word' id='word_1_93' title='bbox 1151 1741 1215 1793; x_wconf 90' lang='lat' dir='ltr'><strong>ad</strong></span> <span class='ocrx_word' id='word_1_94' title='bbox 1254 1738 1643 1799; x_wconf 92' lang='lat' dir='ltr'><strong>deﬁnitionem,</strong></span> <span class='ocrx_word' id='word_1_95' title='bbox 1677 1734 1870 1801; x_wconf 84' lang='lat' dir='ltr'><strong>quibus</strong></span> 
     </span>
    </p>
   </div>
   <div class='ocr_carea' id='block_1_15' title="bbox 296 1826 1870 1907">
    <p class='ocr_par' dir='ltr' id='par_1_15' title="bbox 296 1826 1870 1907">
     <span class='ocr_line' id='line_1_15' title="bbox 296 1826 1870 1907; baseline -0.015 -8"><span class='ocrx_word' id='word_1_96' title='bbox 296 1859 384 1899; x_wconf 85' lang='lat' dir='ltr'><strong>res</strong></span> <span class='ocrx_word' id='word_1_97' title='bbox 406 1851 512 1896; x_wconf 87' lang='lat' dir='ltr'><strong>tota</strong></span> <span class='ocrx_word' id='word_1_98' title='bbox 537 1839 896 1907; x_wconf 88' lang='lat' dir='ltr'><strong>conjungitur,</strong></span> <span class='ocrx_word' id='word_1_99' title='bbox 922 1844 974 1889; x_wconf 92' lang='lat' dir='ltr'><strong>et</strong></span> <span class='ocrx_word' id='word_1_100' title='bbox 1007 1834 1121 1888; x_wconf 76' lang='lat' dir='ltr'><strong>btec</strong></span> <span class='ocrx_word' id='word_1_101' title='bbox 1149 1840 1369 1884; x_wconf 85' lang='lat' dir='ltr'><strong>vocatur</strong></span> <span class='ocrx_word' id='word_1_102' title='bbox 1391 1844 1485 1898; x_wconf 87' lang='lat' dir='ltr'><strong>per</strong></span> <span class='ocrx_word' id='word_1_103' title='bbox 1509 1826 1870 1880; x_wconf 85' lang='lat' dir='ltr'><strong>enumeratio-</strong></span> 
     </span>
    </p>
   </div>
   <div class='ocr_carea' id='block_1_16' title="bbox 297 1918 1869 1999">
    <p class='ocr_par' dir='ltr' id='par_1_16' title="bbox 297 1918 1869 1999">
     <span class='ocr_line' id='line_1_16' title="bbox 297 1918 1869 1999; baseline -0.011 -12"><span class='ocrx_word' id='word_1_104' title='bbox 297 1948 416 1987; x_wconf 85' lang='lat' dir='ltr'><strong>nem</strong></span> <span class='ocrx_word' id='word_1_105' title='bbox 448 1931 669 1999; x_wconf 79' lang='lat' dir='ltr'><strong>partium</strong></span> <span class='ocrx_word' id='word_1_106' title='bbox 696 1927 962 1982; x_wconf 92' lang='lat' dir='ltr'><strong>difﬁnitio.</strong></span> <span class='ocrx_word' id='word_1_107' title='bbox 987 1926 1056 1979; x_wconf 87' lang='lat' dir='ltr'><strong>At</strong></span> <span class='ocrx_word' id='word_1_108' title='bbox 1082 1924 1125 1977; x_wconf 95' lang='lat' dir='ltr'><strong>si</strong></span> <span class='ocrx_word' id='word_1_109' title='bbox 1153 1921 1273 1990; x_wconf 89' lang='lat' dir='ltr'><strong>quis</strong></span> <span class='ocrx_word' id='word_1_110' title='bbox 1304 1921 1374 1973; x_wconf 90' lang='lat' dir='ltr'><strong>ita</strong></span> <span class='ocrx_word' id='word_1_111' title='bbox 1400 1918 1639 1979; x_wconf 89' lang='lat' dir='ltr'><strong>definiat,</strong></span> <span class='ocrx_word' id='word_1_112' title='bbox 1674 1925 1731 1969; x_wconf 90' lang='lat' dir='ltr'><strong>ut</strong></span> <span class='ocrx_word' id='word_1_113' title='bbox 1763 1931 1869 1969; x_wconf 91' lang='lat' dir='ltr'><strong>non</strong></span> 
     </span>
    </p>
   </div>
   <div class='ocr_carea' id='block_1_17' title="bbox 298 2007 1873 2086">
    <p class='ocr_par' dir='ltr' id='par_1_17' title="bbox 298 2007 1873 2086">
     <span class='ocr_line' id='line_1_17' title="bbox 298 2007 1873 2086; baseline -0.011 -9"><span class='ocrx_word' id='word_1_114' title='bbox 298 2021 350 2077; x_wconf 93' lang='lat' dir='ltr'><strong>in</strong></span> <span class='ocrx_word' id='word_1_115' title='bbox 391 2020 703 2076; x_wconf 87' lang='lat' dir='ltr'><strong>deﬁnitione</strong></span> <span class='ocrx_word' id='word_1_116' title='bbox 756 2024 915 2086; x_wconf 91' lang='lat' dir='ltr'><strong>ponat</strong></span> <span class='ocrx_word' id='word_1_117' title='bbox 956 2015 1215 2075; x_wconf 90' lang='lat' dir='ltr'><strong>membra,</strong></span> <span class='ocrx_word' id='word_1_118' title='bbox 1262 2011 1356 2065; x_wconf 89' lang='lat' dir='ltr'><strong>sed</strong></span> <span class='ocrx_word' id='word_1_119' title='bbox 1397 2010 1624 2078; x_wconf 87' lang='lat' dir='ltr'><strong>species,</strong></span> <span class='ocrx_word' id='word_1_120' title='bbox 1670 2022 1697 2060; x_wconf 92' lang='lat' dir='ltr'><strong>a</strong></span> <span class='ocrx_word' id='word_1_121' title='bbox 1737 2007 1873 2061; x_wconf 90' lang='lat' dir='ltr'><strong>divi-</strong></span> 
     </span>
    </p>
   </div>
   <div class='ocr_carea' id='block_1_18' title="bbox 297 2100 1874 2179">
    <p class='ocr_par' dir='ltr' id='par_1_18' title="bbox 297 2100 1874 2179">
     <span class='ocr_line' id='line_1_18' title="bbox 297 2100 1874 2179; baseline -0.009 -13"><span class='ocrx_word' id='word_1_122' title='bbox 297 2114 451 2166; x_wconf 83' lang='lat' dir='ltr'><strong>sione</strong></span> <span class='ocrx_word' id='word_1_123' title='bbox 480 2111 779 2179; x_wconf 88' lang='lat' dir='ltr'><strong>specierum</strong></span> <span class='ocrx_word' id='word_1_124' title='bbox 810 2108 1049 2162; x_wconf 91' lang='lat' dir='ltr'><strong>deﬁnitio</strong></span> <span class='ocrx_word' id='word_1_125' title='bbox 1082 2112 1457 2171; x_wconf 88' lang='lat' dir='ltr'><strong>nuncupatur:</strong></span> <span class='ocrx_word' id='word_1_126' title='bbox 1494 2102 1638 2154; x_wconf 91' lang='lat' dir='ltr'><strong>velut</strong></span> <span class='ocrx_word' id='word_1_127' title='bbox 1678 2100 1723 2153; x_wconf 93' lang='lat' dir='ltr'><strong>si</strong></span> <span class='ocrx_word' id='word_1_128' title='bbox 1756 2100 1874 2168; x_wconf 89' lang='lat' dir='ltr'><strong>quis</strong></span> 
     </span>
    </p>
   </div>
   <div class='ocr_carea' id='block_1_19' title="bbox 308 2192 1875 2269">
    <p class='ocr_par' dir='ltr' id='par_1_19' title="bbox 308 2192 1875 2269">
     <span class='ocr_line' id='line_1_19' title="bbox 308 2192 1875 2269; baseline -0.008 -14"><span class='ocrx_word' id='word_1_129' title='bbox 308 2204 407 2256; x_wconf 91' lang='lat' dir='ltr'><strong>hoc</strong></span> <span class='ocrx_word' id='word_1_130' title='bbox 450 2202 608 2256; x_wconf 89' lang='lat' dir='ltr'><strong>modo</strong></span> <span class='ocrx_word' id='word_1_131' title='bbox 650 2201 998 2269; x_wconf 82' lang='lat' dir='ltr'><strong>pronuntiet:</strong></span> <span class='ocrx_word' id='word_1_132' title='bbox 1032 2196 1241 2252; x_wconf 85' lang='lat' dir='ltr'><strong>Animal</strong></span> <span class='ocrx_word' id='word_1_133' title='bbox 1287 2204 1369 2249; x_wconf 90' lang='lat' dir='ltr'><strong>est</strong></span> <span class='ocrx_word' id='word_1_134' title='bbox 1399 2192 1716 2255; x_wconf 88' lang='lat' dir='ltr'><strong>substantia,</strong></span> <span class='ocrx_word' id='word_1_135' title='bbox 1759 2207 1875 2259; x_wconf 76' lang='lat' dir='ltr'><strong>qua:</strong></span> 
     </span>
    </p>
   </div>
   <div class='ocr_carea' id='block_1_20' title="bbox 304 2282 1877 2353">
    <p class='ocr_par' dir='ltr' id='par_1_20' title="bbox 304 2282 1877 2353">
     <span class='ocr_line' id='line_1_20' title="bbox 304 2282 1877 2353; baseline -0.007 -7"><span class='ocrx_word' id='word_1_136' title='bbox 304 2295 384 2349; x_wconf 84' lang='lat' dir='ltr'><strong>vel</strong></span> <span class='ocrx_word' id='word_1_137' title='bbox 415 2310 573 2349; x_wconf 91' lang='lat' dir='ltr'><strong>sensu</strong></span> <span class='ocrx_word' id='word_1_138' title='bbox 606 2302 830 2353; x_wconf 90' lang='lat' dir='ltr'><strong>tantum,</strong></span> <span class='ocrx_word' id='word_1_139' title='bbox 864 2291 950 2344; x_wconf 89' lang='lat' dir='ltr'><strong>vel</strong></span> <span class='ocrx_word' id='word_1_140' title='bbox 982 2303 1142 2345; x_wconf 87' lang='lat' dir='ltr'><strong>sensu</strong></span> <span class='ocrx_word' id='word_1_141' title='bbox 1175 2296 1231 2341; x_wconf 91' lang='lat' dir='ltr'><strong>et</strong></span> <span class='ocrx_word' id='word_1_142' title='bbox 1263 2286 1469 2339; x_wconf 88' lang='lat' dir='ltr'><strong>ratione</strong></span> <span class='ocrx_word' id='word_1_143' title='bbox 1502 2285 1717 2336; x_wconf 87' lang='lat' dir='ltr'><strong>nitatur.</strong></span> <span class='ocrx_word' id='word_1_144' title='bbox 1753 2282 1877 2335; x_wconf 68' lang='lat' dir='ltr'><strong>Haec</strong></span> 
     </span>
    </p>
   </div>
   <div class='ocr_carea' id='block_1_21' title="bbox 307 2373 1877 2452">
    <p class='ocr_par' dir='ltr' id='par_1_21' title="bbox 307 2373 1877 2452">
     <span class='ocr_line' id='line_1_21' title="bbox 307 2373 1877 2452; baseline -0.008 -14"><span class='ocrx_word' id='word_1_145' title='bbox 307 2386 468 2452; x_wconf 81' lang='lat' dir='ltr'><strong>igitur</strong></span> <span class='ocrx_word' id='word_1_146' title='bbox 494 2393 725 2452; x_wconf 90' lang='lat' dir='ltr'><strong>quatuor</strong></span> <span class='ocrx_word' id='word_1_147' title='bbox 769 2397 795 2433; x_wconf 91' lang='lat' dir='ltr'><strong>a</strong></span> <span class='ocrx_word' id='word_1_148' title='bbox 845 2395 904 2434; x_wconf 88' lang='lat' dir='ltr'><strong>se</strong></span> <span class='ocrx_word' id='word_1_149' title='bbox 931 2380 1145 2433; x_wconf 76' lang='lat' dir='ltr'><strong>differre</strong></span> <span class='ocrx_word' id='word_1_150' title='bbox 1194 2376 1533 2429; x_wconf 88' lang='lat' dir='ltr'><strong>manifestum</strong></span> <span class='ocrx_word' id='word_1_151' title='bbox 1584 2382 1689 2428; x_wconf 92' lang='lat' dir='ltr'><strong>est.</strong></span> <span class='ocrx_word' id='word_1_152' title='bbox 1726 2373 1778 2425; x_wconf 91' lang='lat' dir='ltr'><strong>ln</strong></span> <span class='ocrx_word' id='word_1_153' title='bbox 1812 2388 1877 2426; x_wconf 89' lang='lat' dir='ltr'><strong>ea</strong></span> 
     </span>
    </p>
   </div>
   <div class='ocr_carea' id='block_1_22' title="bbox 301 2466 1877 2544">
    <p class='ocr_par' dir='ltr' id='par_1_22' title="bbox 301 2466 1877 2544">
     <span class='ocr_line' id='line_1_22' title="bbox 301 2466 1877 2544; baseline -0.008 -15"><span class='ocrx_word' id='word_1_154' title='bbox 301 2490 530 2544; x_wconf 90' lang='lat' dir='ltr'><strong>namque</strong></span> <span class='ocrx_word' id='word_1_155' title='bbox 555 2473 863 2527; x_wconf 87' lang='lat' dir='ltr'><strong>deﬁnitione</strong></span> <span class='ocrx_word' id='word_1_156' title='bbox 900 2486 1017 2540; x_wconf 74' lang='lat' dir='ltr'><strong>qua:</strong></span> <span class='ocrx_word' id='word_1_157' title='bbox 1049 2485 1144 2538; x_wconf 90' lang='lat' dir='ltr'><strong>per</strong></span> <span class='ocrx_word' id='word_1_158' title='bbox 1181 2466 1560 2522; x_wconf 87' lang='lat' dir='ltr'><strong>substantiales</strong></span> <span class='ocrx_word' id='word_1_159' title='bbox 1590 2473 1768 2533; x_wconf 90' lang='lat' dir='ltr'><strong>partes</strong></span> <span class='ocrx_word' id='word_1_160' title='bbox 1795 2467 1877 2517; x_wconf 83' lang='lat' dir='ltr'><strong>ef-</strong></span> 
     </span>
    </p>
   </div>
   <div class='ocr_carea' id='block_1_23' title="bbox 306 2556 1878 2637">
    <p class='ocr_par' dir='ltr' id='par_1_23' title="bbox 306 2556 1878 2637">
     <span class='ocr_line' id='line_1_23' title="bbox 306 2556 1878 2637; baseline -0.008 -16"><span class='ocrx_word' id='word_1_161' title='bbox 306 2568 500 2631; x_wconf 89' lang='lat' dir='ltr'><strong>ﬁcitur,</strong></span> <span class='ocrx_word' id='word_1_162' title='bbox 532 2566 754 2635; x_wconf 73' lang='lat' dir='ltr'><strong>singula:</strong></span> <span class='ocrx_word' id='word_1_163' title='bbox 779 2573 955 2637; x_wconf 88' lang='lat' dir='ltr'><strong>partes</strong></span> <span class='ocrx_word' id='word_1_164' title='bbox 979 2562 1212 2628; x_wconf 86' lang='lat' dir='ltr'><strong>majores</strong></span> <span class='ocrx_word' id='word_1_165' title='bbox 1240 2574 1359 2614; x_wconf 90' lang='lat' dir='ltr'><strong>esse</strong></span> <span class='ocrx_word' id='word_1_166' title='bbox 1382 2558 1649 2620; x_wconf 88' lang='lat' dir='ltr'><strong>videntur,</strong></span> <span class='ocrx_word' id='word_1_167' title='bbox 1677 2566 1730 2607; x_wconf 87' lang='lat' dir='ltr'><strong>et</strong></span> <span class='ocrx_word' id='word_1_168' title='bbox 1750 2556 1878 2609; x_wconf 89' lang='lat' dir='ltr'><strong>sub-</strong></span> 
     </span>
    </p>
   </div>
   <div class='ocr_carea' id='block_1_24' title="bbox 304 2649 1874 2719">
    <p class='ocr_par' dir='ltr' id='par_1_24' title="bbox 304 2649 1874 2719">
     <span class='ocr_line' id='line_1_24' title="bbox 304 2649 1874 2719; baseline -0.009 -4"><span class='ocrx_word' id='word_1_169' title='bbox 304 2660 619 2715; x_wconf 89' lang='lat' dir='ltr'><strong>stantialiter</strong></span> <span class='ocrx_word' id='word_1_170' title='bbox 656 2657 1072 2711; x_wconf 89' lang='lat' dir='ltr'><strong>universaliores</strong></span> <span class='ocrx_word' id='word_1_171' title='bbox 1116 2654 1183 2707; x_wconf 87' lang='lat' dir='ltr'><strong>ab</strong></span> <span class='ocrx_word' id='word_1_172' title='bbox 1220 2668 1280 2707; x_wconf 89' lang='lat' dir='ltr'><strong>ea</strong></span> <span class='ocrx_word' id='word_1_173' title='bbox 1309 2668 1367 2706; x_wconf 88' lang='lat' dir='ltr'><strong>re</strong></span> <span class='ocrx_word' id='word_1_174' title='bbox 1395 2665 1552 2719; x_wconf 89' lang='lat' dir='ltr'><strong>quam</strong></span> <span class='ocrx_word' id='word_1_175' title='bbox 1592 2649 1874 2713; x_wconf 93' lang='lat' dir='ltr'><strong>deﬁniunt,</strong></span> 
     </span>
    </p>
   </div>
   <div class='ocr_carea' id='block_1_25' title="bbox 308 2739 1880 2816">
    <p class='ocr_par' dir='ltr' id='par_1_25' title="bbox 308 2739 1880 2816">
     <span class='ocr_line' id='line_1_25' title="bbox 308 2739 1880 2816; baseline -0.008 -11"><span class='ocrx_word' id='word_1_176' title='bbox 308 2761 364 2805; x_wconf 90' lang='lat' dir='ltr'><strong>ut</strong></span> <span class='ocrx_word' id='word_1_177' title='bbox 405 2750 600 2804; x_wconf 87' lang='lat' dir='ltr'><strong>animal</strong></span> <span class='ocrx_word' id='word_1_178' title='bbox 634 2749 803 2816; x_wconf 87' lang='lat' dir='ltr'><strong>majus</strong></span> <span class='ocrx_word' id='word_1_179' title='bbox 847 2756 928 2799; x_wconf 85' lang='lat' dir='ltr'><strong>est</strong></span> <span class='ocrx_word' id='word_1_180' title='bbox 976 2747 1041 2798; x_wconf 93' lang='lat' dir='ltr'><strong>ab</strong></span> <span class='ocrx_word' id='word_1_181' title='bbox 1093 2744 1327 2796; x_wconf 90' lang='lat' dir='ltr'><strong>homine.</strong></span> <span class='ocrx_word' id='word_1_182' title='bbox 1358 2740 1580 2796; x_wconf 83' lang='lat' dir='ltr'><strong>Mortale</strong></span> <span class='ocrx_word' id='word_1_183' title='bbox 1608 2739 1765 2792; x_wconf 89' lang='lat' dir='ltr'><strong>etiam</strong></span> <span class='ocrx_word' id='word_1_184' title='bbox 1801 2747 1880 2793; x_wconf 83' lang='lat' dir='ltr'><strong>at-</strong></span> 
     </span>
    </p>
   </div>
   <div class='ocr_carea' id='block_1_26' title="bbox 303 2832 1879 2911">
    <p class='ocr_par' dir='ltr' id='par_1_26' title="bbox 303 2832 1879 2911">
     <span class='ocr_line' id='line_1_26' title="bbox 303 2832 1879 2911; baseline -0.007 -18"><span class='ocrx_word' id='word_1_185' title='bbox 303 2856 406 2911; x_wconf 89' lang='lat' dir='ltr'><strong>que</strong></span> <span class='ocrx_word' id='word_1_186' title='bbox 437 2842 717 2903; x_wconf 85' lang='lat' dir='ltr'><strong>rationale,</strong></span> <span class='ocrx_word' id='word_1_187' title='bbox 767 2838 971 2905; x_wconf 85' lang='lat' dir='ltr'><strong>singula</strong></span> <span class='ocrx_word' id='word_1_188' title='bbox 1012 2836 1243 2887; x_wconf 90' lang='lat' dir='ltr'><strong>hominis</strong></span> <span class='ocrx_word' id='word_1_189' title='bbox 1277 2832 1742 2900; x_wconf 83' lang='lat' dir='ltr'><strong>transgrediuntur</strong></span> <span class='ocrx_word' id='word_1_190' title='bbox 1785 2844 1879 2883; x_wconf 89' lang='lat' dir='ltr'><strong>na-</strong></span> 
     </span>
    </p>
   </div>
   <div class='ocr_carea' id='block_1_27' title="bbox 306 2921 1881 3000">
    <p class='ocr_par' dir='ltr' id='par_1_27' title="bbox 306 2921 1881 3000">
     <span class='ocr_line' id='line_1_27' title="bbox 306 2921 1881 3000; baseline -0.007 -14"><span class='ocrx_word' id='word_1_191' title='bbox 306 2943 507 2991; x_wconf 89' lang='lat' dir='ltr'><strong>turam,</strong></span> <span class='ocrx_word' id='word_1_192' title='bbox 526 2947 642 3000; x_wconf 72' lang='lat' dir='ltr'><strong>qum</strong></span> <span class='ocrx_word' id='word_1_193' title='bbox 668 2932 719 2983; x_wconf 92' lang='lat' dir='ltr'><strong>in</strong></span> <span class='ocrx_word' id='word_1_194' title='bbox 752 2943 913 2983; x_wconf 92' lang='lat' dir='ltr'><strong>unum</strong></span> <span class='ocrx_word' id='word_1_195' title='bbox 944 2924 1331 2987; x_wconf 83' lang='lat' dir='ltr'><strong>convenientia,</strong></span> <span class='ocrx_word' id='word_1_196' title='bbox 1351 2924 1523 2987; x_wconf 83' lang='lat' dir='ltr'><strong>eidem</strong></span> <span class='ocrx_word' id='word_1_197' title='bbox 1547 2937 1652 2991; x_wconf 90' lang='lat' dir='ltr'><strong>quo</strong></span> <span class='ocrx_word' id='word_1_198' title='bbox 1680 2921 1881 2990; x_wconf 86' lang='lat' dir='ltr'><strong>sigilla-</strong></span> 
     </span>
    </p>
   </div>
   <div class='ocr_carea' id='block_1_28' title="bbox 307 3016 1880 3091">
    <p class='ocr_par' dir='ltr' id='par_1_28' title="bbox 307 3016 1880 3091">
     <span class='ocr_line' id='line_1_28' title="bbox 307 3016 1880 3091; baseline -0.006 -13"><span class='ocrx_word' id='word_1_199' title='bbox 307 3027 451 3078; x_wconf 89' lang='lat' dir='ltr'><strong>latim</strong></span> <span class='ocrx_word' id='word_1_200' title='bbox 478 3023 677 3091; x_wconf 83' lang='lat' dir='ltr'><strong>majora</strong></span> <span class='ocrx_word' id='word_1_201' title='bbox 721 3031 844 3077; x_wconf 91' lang='lat' dir='ltr'><strong>sunt</strong></span> <span class='ocrx_word' id='word_1_202' title='bbox 870 3029 1235 3087; x_wconf 77' lang='lat' dir='ltr'><strong>coaequantur.</strong></span> <span class='ocrx_word' id='word_1_203' title='bbox 1266 3016 1573 3071; x_wconf 86' lang='lat' dir='ltr'><strong>Accidentia</strong></span> <span class='ocrx_word' id='word_1_204' title='bbox 1602 3030 1733 3069; x_wconf 90' lang='lat' dir='ltr'><strong>vero</strong></span> <span class='ocrx_word' id='word_1_205' title='bbox 1757 3029 1880 3084; x_wconf 66' lang='lat' dir='ltr'><strong>quae</strong></span> 
     </span>
    </p>
   </div>
   <div class='ocr_carea' id='block_1_29' title="bbox 304 3108 1879 3183">
    <p class='ocr_par' dir='ltr' id='par_1_29' title="bbox 304 3108 1879 3183">
     <span class='ocr_line' id='line_1_29' title="bbox 304 3108 1879 3183; baseline -0.008 -11"><span class='ocrx_word' id='word_1_206' title='bbox 304 3121 358 3173; x_wconf 89' lang='lat' dir='ltr'><strong>in</strong></span> <span class='ocrx_word' id='word_1_207' title='bbox 400 3117 709 3172; x_wconf 83' lang='lat' dir='ltr'><strong>deﬁnitione</strong></span> <span class='ocrx_word' id='word_1_208' title='bbox 761 3120 1047 3183; x_wconf 84' lang='lat' dir='ltr'><strong>ponuntur,</strong></span> <span class='ocrx_word' id='word_1_209' title='bbox 1097 3112 1314 3164; x_wconf 87' lang='lat' dir='ltr'><strong>omnino</strong></span> <span class='ocrx_word' id='word_1_210' title='bbox 1364 3124 1392 3162; x_wconf 94' lang='lat' dir='ltr'><strong>a</strong></span> <span class='ocrx_word' id='word_1_211' title='bbox 1438 3108 1751 3162; x_wconf 67' lang='lat' dir='ltr'><strong>substantim</strong></span> <span class='ocrx_word' id='word_1_212' title='bbox 1793 3121 1879 3161; x_wconf 87' lang='lat' dir='ltr'><strong>ra-</strong></span> 
     </span>
    </p>
   </div>
   <div class='ocr_carea' id='block_1_30' title="bbox 302 3202 1874 3277">
    <p class='ocr_par' dir='ltr' id='par_1_30' title="bbox 302 3202 1874 3277">
     <span class='ocr_line' id='line_1_30' title="bbox 302 3202 1874 3277; baseline -0.009 -9"><span class='ocrx_word' id='word_1_213' title='bbox 302 3214 451 3268; x_wconf 84' lang='lat' dir='ltr'><strong>tione</strong></span> <span class='ocrx_word' id='word_1_214' title='bbox 488 3210 751 3277; x_wconf 88' lang='lat' dir='ltr'><strong>disjuncta</strong></span> <span class='ocrx_word' id='word_1_215' title='bbox 787 3216 927 3259; x_wconf 84' lang='lat' dir='ltr'><strong>sunt.</strong></span> <span class='ocrx_word' id='word_1_216' title='bbox 964 3207 1017 3259; x_wconf 94' lang='lat' dir='ltr'><strong>In</strong></span> <span class='ocrx_word' id='word_1_217' title='bbox 1059 3218 1120 3257; x_wconf 87' lang='lat' dir='ltr'><strong>ea</strong></span> <span class='ocrx_word' id='word_1_218' title='bbox 1152 3218 1279 3257; x_wconf 89' lang='lat' dir='ltr'><strong>vero</strong></span> <span class='ocrx_word' id='word_1_219' title='bbox 1320 3202 1631 3255; x_wconf 89' lang='lat' dir='ltr'><strong>deﬁnitione</strong></span> <span class='ocrx_word' id='word_1_220' title='bbox 1661 3217 1777 3270; x_wconf 70' lang='lat' dir='ltr'><strong>qua:</strong></span> <span class='ocrx_word' id='word_1_221' title='bbox 1804 3215 1874 3254; x_wconf 80' lang='lat' dir='ltr'><strong>ex</strong></span> 
     </span>
    </p>
   </div>
   <div class='ocr_carea' id='block_1_31' title="bbox 305 3298 1877 3375">
    <p class='ocr_par' dir='ltr' id='par_1_31' title="bbox 305 3298 1877 3375">
     <span class='ocr_line' id='line_1_31' title="bbox 305 3298 1877 3375; baseline -0.006 -15"><span class='ocrx_word' id='word_1_222' title='bbox 305 3305 532 3375; x_wconf 90' lang='lat' dir='ltr'><strong>partium</strong></span> <span class='ocrx_word' id='word_1_223' title='bbox 557 3302 960 3357; x_wconf 79' lang='lat' dir='ltr'><strong>enumeratione</strong></span> <span class='ocrx_word' id='word_1_224' title='bbox 989 3299 1278 3367; x_wconf 88' lang='lat' dir='ltr'><strong>perﬁcitur,</strong></span> <span class='ocrx_word' id='word_1_225' title='bbox 1307 3298 1428 3350; x_wconf 89' lang='lat' dir='ltr'><strong>talia</strong></span> <span class='ocrx_word' id='word_1_226' title='bbox 1460 3306 1582 3350; x_wconf 92' lang='lat' dir='ltr'><strong>sunt</strong></span> <span class='ocrx_word' id='word_1_227' title='bbox 1604 3312 1722 3366; x_wconf 84' lang='lat' dir='ltr'><strong>quae</strong></span> <span class='ocrx_word' id='word_1_228' title='bbox 1745 3312 1877 3351; x_wconf 84' lang='lat' dir='ltr'><strong>enu-</strong></span> 
     </span>
    </p>
   </div>
   <div class='ocr_carea' id='block_1_32' title="bbox 306 3387 1877 3463">
    <p class='ocr_par' dir='ltr' id='par_1_32' title="bbox 306 3387 1877 3463">
     <span class='ocr_line' id='line_1_32' title="bbox 306 3387 1877 3463; baseline -0.005 -13"><span class='ocrx_word' id='word_1_229' title='bbox 306 3404 600 3463; x_wconf 84' lang='lat' dir='ltr'><strong>merantur,</strong></span> <span class='ocrx_word' id='word_1_230' title='bbox 651 3401 707 3446; x_wconf 88' lang='lat' dir='ltr'><strong>ut</strong></span> <span class='ocrx_word' id='word_1_231' title='bbox 746 3391 952 3461; x_wconf 75' lang='lat' dir='ltr'><strong>singula</strong></span> <span class='ocrx_word' id='word_1_232' title='bbox 1000 3390 1162 3443; x_wconf 90' lang='lat' dir='ltr'><strong>totius</strong></span> <span class='ocrx_word' id='word_1_233' title='bbox 1206 3387 1411 3442; x_wconf 87' lang='lat' dir='ltr'><strong>deﬁniti</strong></span> <span class='ocrx_word' id='word_1_234' title='bbox 1458 3403 1651 3441; x_wconf 89' lang='lat' dir='ltr'><strong>nomen</strong></span> <span class='ocrx_word' id='word_1_235' title='bbox 1683 3402 1877 3456; x_wconf 88' lang='lat' dir='ltr'><strong>capere</strong></span> 
     </span>
    </p>
   </div>
   <div class='ocr_carea' id='block_1_33' title="bbox 303 3477 1878 3553">
    <p class='ocr_par' dir='ltr' id='par_1_33' title="bbox 303 3477 1878 3553">
     <span class='ocr_line' id='line_1_33' title="bbox 303 3477 1878 3553; baseline -0.004 -14"><span class='ocrx_word' id='word_1_236' title='bbox 303 3500 406 3540; x_wconf 92' lang='lat' dir='ltr'><strong>non</strong></span> <span class='ocrx_word' id='word_1_237' title='bbox 450 3485 685 3553; x_wconf 90' lang='lat' dir='ltr'><strong>possint,</strong></span> <span class='ocrx_word' id='word_1_238' title='bbox 732 3491 887 3551; x_wconf 90' lang='lat' dir='ltr'><strong>atque</strong></span> <span class='ocrx_word' id='word_1_239' title='bbox 935 3480 1133 3534; x_wconf 89' lang='lat' dir='ltr'><strong>idcirco</strong></span> <span class='ocrx_word' id='word_1_240' title='bbox 1163 3477 1351 3531; x_wconf 83' lang='lat' dir='ltr'><strong>eodem</strong></span> <span class='ocrx_word' id='word_1_241' title='bbox 1393 3478 1598 3531; x_wconf 90' lang='lat' dir='ltr'><strong>minora</strong></span> <span class='ocrx_word' id='word_1_242' title='bbox 1645 3490 1788 3541; x_wconf 92' lang='lat' dir='ltr'><strong>sunt,</strong></span> <span class='ocrx_word' id='word_1_243' title='bbox 1821 3487 1878 3532; x_wconf 84' lang='grc' dir='ltr'><strong>ιιι</strong></span> 
     </span>
    </p>
   </div>
   <div class='ocr_carea' id='block_1_34' title="bbox 304 3569 1877 3641">
    <p class='ocr_par' dir='ltr' id='par_1_34' title="bbox 304 3569 1877 3641">
     <span class='ocr_line' id='line_1_34' title="bbox 304 3569 1877 3641; baseline -0.006 -10"><span class='ocrx_word' id='word_1_244' title='bbox 304 3576 644 3631; x_wconf 85' lang='lat' dir='ltr'><strong>fundamenta</strong></span> <span class='ocrx_word' id='word_1_245' title='bbox 705 3590 810 3627; x_wconf 90' lang='lat' dir='ltr'><strong>non</strong></span> <span class='ocrx_word' id='word_1_246' title='bbox 863 3572 1069 3641; x_wconf 78' lang='lat' dir='ltr'><strong>possint</strong></span> <span class='ocrx_word' id='word_1_247' title='bbox 1123 3570 1312 3623; x_wconf 90' lang='lat' dir='ltr'><strong>domus</strong></span> <span class='ocrx_word' id='word_1_248' title='bbox 1363 3569 1623 3622; x_wconf 88' lang='lat' dir='ltr'><strong>vocabulo</strong></span> <span class='ocrx_word' id='word_1_249' title='bbox 1674 3585 1877 3623; x_wconf 91' lang='lat' dir='ltr'><strong>nuncu-</strong></span> 
     </span>
    </p>
   </div>
   <div class='ocr_carea' id='block_1_35' title="bbox 306 3662 1878 3737">
    <p class='ocr_par' dir='ltr' id='par_1_35' title="bbox 306 3662 1878 3737">
     <span class='ocr_line' id='line_1_35' title="bbox 306 3662 1878 3737; baseline -0.004 -16"><span class='ocrx_word' id='word_1_250' title='bbox 306 3668 421 3737; x_wconf 83' lang='lat' dir='ltr'><strong>pari</strong></span> <span class='ocrx_word' id='word_1_251' title='bbox 455 3686 466 3719; x_wconf 90' lang='lat'><strong>:</strong></span> <span class='ocrx_word' id='word_1_252' title='bbox 501 3667 840 3721; x_wconf 87' lang='lat' dir='ltr'><strong>fundamenta</strong></span> <span class='ocrx_word' id='word_1_253' title='bbox 872 3665 1013 3718; x_wconf 91' lang='lat' dir='ltr'><strong>enim</strong></span> <span class='ocrx_word' id='word_1_254' title='bbox 1041 3662 1201 3716; x_wconf 91' lang='lat' dir='ltr'><strong>domo</strong></span> <span class='ocrx_word' id='word_1_255' title='bbox 1226 3663 1428 3714; x_wconf 91' lang='lat' dir='ltr'><strong>minora</strong></span> <span class='ocrx_word' id='word_1_256' title='bbox 1462 3669 1605 3725; x_wconf 91' lang='lat' dir='ltr'><strong>sunt,</strong></span> <span class='ocrx_word' id='word_1_257' title='bbox 1642 3662 1878 3730; x_wconf 89' lang='lat' dir='ltr'><strong>itemque</strong></span> 
     </span>
    </p>
   </div>
   <div class='ocr_carea' id='block_1_36' title="bbox 308 3752 1878 3827">
    <p class='ocr_par' dir='ltr' id='par_1_36' title="bbox 308 3752 1878 3827">
     <span class='ocr_line' id='line_1_36' title="bbox 308 3752 1878 3827; baseline -0.004 -12"><span class='ocrx_word' id='word_1_258' title='bbox 308 3770 514 3815; x_wconf 65' lang='lat' dir='ltr'><strong>ert-terte</strong></span> <span class='ocrx_word' id='word_1_259' title='bbox 564 3768 762 3827; x_wconf 89' lang='lat' dir='ltr'><strong>partes.</strong></span> <span class='ocrx_word' id='word_1_260' title='bbox 812 3756 879 3809; x_wconf 83' lang='lat' dir='ltr'><strong>At</strong></span> <span class='ocrx_word' id='word_1_261' title='bbox 921 3769 1049 3808; x_wconf 93' lang='lat' dir='ltr'><strong>vero</strong></span> <span class='ocrx_word' id='word_1_262' title='bbox 1090 3753 1141 3806; x_wconf 92' lang='lat' dir='ltr'><strong>in</strong></span> <span class='ocrx_word' id='word_1_263' title='bbox 1175 3768 1234 3806; x_wconf 91' lang='lat' dir='ltr'><strong>ea</strong></span> <span class='ocrx_word' id='word_1_264' title='bbox 1275 3752 1589 3806; x_wconf 90' lang='lat' dir='ltr'><strong>deﬁnitione</strong></span> <span class='ocrx_word' id='word_1_265' title='bbox 1624 3768 1743 3821; x_wconf 73' lang='lat' dir='ltr'><strong>qum</strong></span> <span class='ocrx_word' id='word_1_266' title='bbox 1784 3769 1878 3821; x_wconf 88' lang='lat' dir='ltr'><strong>per</strong></span> 
     </span>
    </p>
   </div>
   <div class='ocr_carea' id='block_1_37' title="bbox 308 3845 1878 3917">
    <p class='ocr_par' dir='ltr' id='par_1_37' title="bbox 308 3845 1878 3917">
     <span class='ocr_line' id='line_1_37' title="bbox 308 3845 1878 3917; baseline -0.003 -12"><span class='ocrx_word' id='word_1_267' title='bbox 308 3853 623 3906; x_wconf 84' lang='lat' dir='ltr'><strong>divisionem</strong></span> <span class='ocrx_word' id='word_1_268' title='bbox 650 3850 735 3911; x_wconf 95' lang='lat' dir='ltr'><strong>ﬁt,</strong></span> <span class='ocrx_word' id='word_1_269' title='bbox 759 3848 979 3917; x_wconf 75' lang='lat' dir='ltr'><strong>singula:</strong></span> <span class='ocrx_word' id='word_1_270' title='bbox 1007 3845 1218 3915; x_wconf 84' lang='lat' dir='ltr'><strong>quidem</strong></span> <span class='ocrx_word' id='word_1_271' title='bbox 1254 3856 1429 3914; x_wconf 90' lang='lat' dir='ltr'><strong>partes</strong></span> <span class='ocrx_word' id='word_1_272' title='bbox 1455 3854 1559 3898; x_wconf 88' lang='lat' dir='ltr'><strong>tota</strong></span> <span class='ocrx_word' id='word_1_273' title='bbox 1590 3861 1652 3898; x_wconf 88' lang='lat' dir='ltr'><strong>ea</strong></span> <span class='ocrx_word' id='word_1_274' title='bbox 1684 3861 1740 3900; x_wconf 79' lang='lat' dir='ltr'><strong>re</strong></span> <span class='ocrx_word' id='word_1_275' title='bbox 1760 3862 1878 3914; x_wconf 66' lang='lat' dir='ltr'><strong>quita</strong></span> 
     </span>
    </p>
   </div>
   <div class='ocr_carea' id='block_1_38' title="bbox 310 3935 1879 4001">
    <p class='ocr_par' dir='ltr' id='par_1_38' title="bbox 310 3935 1879 4001">
     <span class='ocr_line' id='line_1_38' title="bbox 310 3935 1879 4001; baseline -0.003 -6"><span class='ocrx_word' id='word_1_276' title='bbox 310 3941 559 3996; x_wconf 89' lang='lat' dir='ltr'><strong>deﬁnitur</strong></span> <span class='ocrx_word' id='word_1_277' title='bbox 600 3938 830 3992; x_wconf 86' lang='lat' dir='ltr'><strong>minores</strong></span> <span class='ocrx_word' id='word_1_278' title='bbox 876 3946 1018 4001; x_wconf 89' lang='lat' dir='ltr'><strong>sunt,</strong></span> <span class='ocrx_word' id='word_1_279' title='bbox 1066 3944 1231 3989; x_wconf 91' lang='lat' dir='ltr'><strong>totum</strong></span> <span class='ocrx_word' id='word_1_280' title='bbox 1282 3944 1459 3989; x_wconf 89' lang='lat' dir='ltr'><strong>tamen</strong></span> <span class='ocrx_word' id='word_1_281' title='bbox 1506 3936 1740 3988; x_wconf 53' lang='lat' dir='ltr'><strong>deﬁnita).</strong></span> <span class='ocrx_word' id='word_1_282' title='bbox 1798 3935 1879 3990; x_wconf 89' lang='lat' dir='ltr'><strong>rei</strong></span> 
     </span>
    </p>
   </div>
   <div class='ocr_carea' id='block_1_39' title="bbox 312 4025 1878 4097">
    <p class='ocr_par' dir='ltr' id='par_1_39' title="bbox 312 4025 1878 4097">
     <span class='ocr_line' id='line_1_39' title="bbox 312 4025 1878 4097; baseline -0.005 -13"><span class='ocrx_word' id='word_1_283' title='bbox 312 4046 507 4085; x_wconf 91' lang='lat' dir='ltr'><strong>nomen</strong></span> <span class='ocrx_word' id='word_1_284' title='bbox 540 4029 853 4097; x_wconf 90' lang='lat' dir='ltr'><strong>suscipiunt.</strong></span> <span class='ocrx_word' id='word_1_285' title='bbox 887 4025 955 4079; x_wconf 88' lang='lat' dir='ltr'><strong>Ut</strong></span> <span class='ocrx_word' id='word_1_286' title='bbox 985 4026 1241 4079; x_wconf 85' lang='lat' dir='ltr'><strong>rationale</strong></span> <span class='ocrx_word' id='word_1_287' title='bbox 1268 4039 1460 4077; x_wconf 91' lang='lat' dir='ltr'><strong>nomen</strong></span> <span class='ocrx_word' id='word_1_288' title='bbox 1494 4026 1637 4093; x_wconf 87' lang='lat' dir='ltr'><strong>capit</strong></span> <span class='ocrx_word' id='word_1_289' title='bbox 1666 4026 1878 4078; x_wconf 89' lang='lat' dir='ltr'><strong>anima-</strong></span> 
     </span>
    </p>
   </div>
   <div class='ocr_carea' id='block_1_40' title="bbox 312 4116 1877 4189">
    <p class='ocr_par' dir='ltr' id='par_1_40' title="bbox 312 4116 1877 4189">
     <span class='ocr_line' id='line_1_40' title="bbox 312 4116 1877 4189; baseline -0.006 -11"><span class='ocrx_word' id='word_1_290' title='bbox 312 4124 401 4189; x_wconf 91' lang='lat' dir='ltr'><strong>Iis,</strong></span> <span class='ocrx_word' id='word_1_291' title='bbox 434 4122 619 4178; x_wconf 91' lang='lat' dir='ltr'><strong>eodem</strong></span> <span class='ocrx_word' id='word_1_292' title='bbox 666 4120 825 4174; x_wconf 91' lang='lat' dir='ltr'><strong>modo</strong></span> <span class='ocrx_word' id='word_1_293' title='bbox 876 4118 1203 4172; x_wconf 84' lang='lat' dir='ltr'><strong>irrationale.</strong></span> <span class='ocrx_word' id='word_1_294' title='bbox 1252 4116 1452 4183; x_wconf 88' lang='lat' dir='ltr'><strong>Quibus</strong></span> <span class='ocrx_word' id='word_1_295' title='bbox 1484 4117 1555 4169; x_wconf 91' lang='lat' dir='ltr'><strong>ita</strong></span> <span class='ocrx_word' id='word_1_296' title='bbox 1602 4116 1877 4181; x_wconf 85' lang='lat' dir='ltr'><strong>discretis,</strong></span> 
     </span>
    </p>
   </div>
   <div class='ocr_carea' id='block_1_41' title="bbox 308 4210 1879 4287">
    <p class='ocr_par' dir='ltr' id='par_1_41' title="bbox 308 4210 1879 4287">
     <span class='ocr_line' id='line_1_41' title="bbox 308 4210 1879 4287; baseline -0.004 -18"><span class='ocrx_word' id='word_1_297' title='bbox 308 4216 730 4287; x_wconf 82' lang='lat' dir='ltr'><strong>quotiescunque</strong></span> <span class='ocrx_word' id='word_1_298' title='bbox 756 4214 822 4267; x_wconf 90' lang='lat' dir='ltr'><strong>ab</strong></span> <span class='ocrx_word' id='word_1_299' title='bbox 851 4228 911 4267; x_wconf 86' lang='lat' dir='ltr'><strong>ea</strong></span> <span class='ocrx_word' id='word_1_300' title='bbox 944 4211 1250 4265; x_wconf 87' lang='lat' dir='ltr'><strong>deﬁnitione</strong></span> <span class='ocrx_word' id='word_1_301' title='bbox 1278 4225 1394 4278; x_wconf 65' lang='lat' dir='ltr'><strong>quae</strong></span> <span class='ocrx_word' id='word_1_302' title='bbox 1428 4224 1522 4278; x_wconf 88' lang='lat' dir='ltr'><strong>per</strong></span> <span class='ocrx_word' id='word_1_303' title='bbox 1550 4210 1879 4264; x_wconf 89' lang='lat' dir='ltr'><strong>substantia-</strong></span> 
     </span>
    </p>
   </div>
   <div class='ocr_carea' id='block_1_42' title="bbox 308 4299 1881 4375">
    <p class='ocr_par' dir='ltr' id='par_1_42' title="bbox 308 4299 1881 4375">
     <span class='ocr_line' id='line_1_42' title="bbox 308 4299 1881 4375; baseline -0.004 -13"><span class='ocrx_word' id='word_1_304' title='bbox 308 4308 386 4362; x_wconf 88' lang='lat' dir='ltr'><strong>les</strong></span> <span class='ocrx_word' id='word_1_305' title='bbox 410 4316 585 4375; x_wconf 86' lang='lat' dir='ltr'><strong>partes</strong></span> <span class='ocrx_word' id='word_1_306' title='bbox 630 4305 877 4371; x_wconf 89' lang='lat' dir='ltr'><strong>efﬁcitur,</strong></span> <span class='ocrx_word' id='word_1_307' title='bbox 918 4304 1000 4356; x_wconf 86' lang='lat' dir='ltr'><strong>vel</strong></span> <span class='ocrx_word' id='word_1_308' title='bbox 1049 4302 1115 4355; x_wconf 90' lang='lat' dir='ltr'><strong>ah</strong></span> <span class='ocrx_word' id='word_1_309' title='bbox 1158 4317 1217 4355; x_wconf 90' lang='lat' dir='ltr'><strong>ea</strong></span> <span class='ocrx_word' id='word_1_310' title='bbox 1246 4317 1364 4371; x_wconf 75' lang='lat' dir='ltr'><strong>qua:</strong></span> <span class='ocrx_word' id='word_1_311' title='bbox 1396 4316 1491 4369; x_wconf 90' lang='lat' dir='ltr'><strong>per</strong></span> <span class='ocrx_word' id='word_1_312' title='bbox 1521 4299 1881 4355; x_wconf 88' lang='lat' dir='ltr'><strong>accidentium</strong></span> 
     </span>
    </p>
   </div>
   <div class='ocr_carea' id='block_1_43' title="bbox 311 4392 1883 4463">
    <p class='ocr_par' dir='ltr' id='par_1_43' title="bbox 311 4392 1883 4463">
     <span class='ocr_line' id='line_1_43' title="bbox 311 4392 1883 4463; baseline -0.003 -11"><span class='ocrx_word' id='word_1_313' title='bbox 311 4399 767 4453; x_wconf 88' lang='lat' dir='ltr'><strong>enumerationem</strong></span> <span class='ocrx_word' id='word_1_314' title='bbox 810 4395 1092 4463; x_wconf 80' lang='lat' dir='ltr'><strong>colligitur,</strong></span> <span class='ocrx_word' id='word_1_315' title='bbox 1131 4392 1523 4463; x_wconf 81' lang='lat' dir='ltr'><strong>argumentatio</strong></span> <span class='ocrx_word' id='word_1_316' title='bbox 1556 4393 1632 4459; x_wconf 91' lang='lat' dir='ltr'><strong>ﬁt,</strong></span> <span class='ocrx_word' id='word_1_317' title='bbox 1677 4408 1705 4445; x_wconf 89' lang='lat' dir='ltr'><strong>a</strong></span> <span class='ocrx_word' id='word_1_318' title='bbox 1748 4392 1883 4447; x_wconf 83' lang='lat' dir='ltr'><strong>deﬁ-</strong></span> 
     </span>
    </p>
   </div>
   <div class='ocr_carea' id='block_1_44' title="bbox 316 4486 1879 4553">
    <p class='ocr_par' dir='ltr' id='par_1_44' title="bbox 316 4486 1879 4553">
     <span class='ocr_line' id='line_1_44' title="bbox 316 4486 1879 4553; baseline -0.004 -9"><span class='ocrx_word' id='word_1_319' title='bbox 316 4492 539 4551; x_wconf 90' lang='lat' dir='ltr'><strong>nitione,</strong></span> <span class='ocrx_word' id='word_1_320' title='bbox 580 4488 631 4541; x_wconf 88' lang='lat' dir='ltr'><strong>id</strong></span> <span class='ocrx_word' id='word_1_321' title='bbox 672 4496 751 4541; x_wconf 88' lang='lat' dir='ltr'><strong>est</strong></span> <span class='ocrx_word' id='word_1_322' title='bbox 786 4502 812 4539; x_wconf 90' lang='lat' dir='ltr'><strong>a</strong></span> <span class='ocrx_word' id='word_1_323' title='bbox 847 4495 957 4540; x_wconf 89' lang='lat' dir='ltr'><strong>toto</strong></span> <span class='ocrx_word' id='word_1_324' title='bbox 986 4498 1211 4545; x_wconf 82' lang='lat' dir='ltr'><strong>tractum</strong></span> <span class='ocrx_word' id='word_1_325' title='bbox 1244 4486 1439 4539; x_wconf 91' lang='lat' dir='ltr'><strong>dicitur</strong></span> <span class='ocrx_word' id='word_1_326' title='bbox 1482 4494 1879 4553; x_wconf 73' lang='lat' dir='ltr'><strong>argumentum.</strong></span> 
     </span>
    </p>
   </div>
   <div class='ocr_carea' id='block_1_45' title="bbox 317 4577 1884 4648">
    <p class='ocr_par' dir='ltr' id='par_1_45' title="bbox 317 4577 1884 4648">
     <span class='ocr_line' id='line_1_45' title="bbox 317 4577 1884 4648; baseline -0.002 -14"><span class='ocrx_word' id='word_1_327' title='bbox 317 4582 535 4648; x_wconf 77' lang='lat' dir='ltr'><strong>Quoties</strong></span> <span class='ocrx_word' id='word_1_328' title='bbox 562 4594 684 4632; x_wconf 87' lang='lat' dir='ltr'><strong>vero</strong></span> <span class='ocrx_word' id='word_1_329' title='bbox 707 4579 773 4631; x_wconf 92' lang='lat' dir='ltr'><strong>ab</strong></span> <span class='ocrx_word' id='word_1_330' title='bbox 796 4594 856 4631; x_wconf 91' lang='lat' dir='ltr'><strong>ea</strong></span> <span class='ocrx_word' id='word_1_331' title='bbox 881 4578 1199 4631; x_wconf 89' lang='lat' dir='ltr'><strong>difﬁnitione</strong></span> <span class='ocrx_word' id='word_1_332' title='bbox 1226 4592 1344 4646; x_wconf 71' lang='lat' dir='ltr'><strong>qua:</strong></span> <span class='ocrx_word' id='word_1_333' title='bbox 1371 4577 1452 4629; x_wconf 86' lang='lat' dir='ltr'><strong>vel</strong></span> <span class='ocrx_word' id='word_1_334' title='bbox 1483 4592 1577 4644; x_wconf 89' lang='lat' dir='ltr'><strong>per</strong></span> <span class='ocrx_word' id='word_1_335' title='bbox 1607 4577 1884 4631; x_wconf 90' lang='lat' dir='ltr'><strong>membro-</strong></span> 
     </span>
    </p>
   </div>
   <div class='ocr_carea' id='block_1_46' title="bbox 314 4667 1882 4735">
    <p class='ocr_par' dir='ltr' id='par_1_46' title="bbox 314 4667 1882 4735">
     <span class='ocr_line' id='line_1_46' title="bbox 314 4667 1882 4735; baseline -0.003 -7"><span class='ocrx_word' id='word_1_336' title='bbox 314 4688 431 4728; x_wconf 89' lang='lat' dir='ltr'><strong>rum</strong></span> <span class='ocrx_word' id='word_1_337' title='bbox 463 4673 940 4731; x_wconf 86' lang='lat' dir='ltr'><strong>enumerationem,</strong></span> <span class='ocrx_word' id='word_1_338' title='bbox 977 4670 1059 4723; x_wconf 91' lang='lat' dir='ltr'><strong>vel</strong></span> <span class='ocrx_word' id='word_1_339' title='bbox 1100 4684 1192 4735; x_wconf 91' lang='lat' dir='ltr'><strong>per</strong></span> <span class='ocrx_word' id='word_1_340' title='bbox 1231 4668 1531 4734; x_wconf 90' lang='lat' dir='ltr'><strong>specierum</strong></span> <span class='ocrx_word' id='word_1_341' title='bbox 1563 4667 1882 4723; x_wconf 88' lang='lat' dir='ltr'><strong>divisionem</strong></span> 
     </span>
    </p>
   </div>
   <div class='ocr_carea' id='block_1_47' title="bbox 314 4759 1887 4833">
    <p class='ocr_par' dir='ltr' id='par_1_47' title="bbox 314 4759 1887 4833">
     <span class='ocr_line' id='line_1_47' title="bbox 314 4759 1887 4833; baseline -0.001 -17"><span class='ocrx_word' id='word_1_342' title='bbox 314 4764 608 4833; x_wconf 85' lang='lat' dir='ltr'><strong>perﬁcitur,</strong></span> <span class='ocrx_word' id='word_1_343' title='bbox 653 4760 1039 4831; x_wconf 78' lang='lat' dir='ltr'><strong>argumentatio</strong></span> <span class='ocrx_word' id='word_1_344' title='bbox 1086 4759 1161 4823; x_wconf 92' lang='lat' dir='ltr'><strong>ﬁt,</strong></span> <span class='ocrx_word' id='word_1_345' title='bbox 1206 4759 1271 4811; x_wconf 90' lang='lat' dir='ltr'><strong>ab</strong></span> <span class='ocrx_word' id='word_1_346' title='bbox 1308 4759 1715 4813; x_wconf 86' lang='lat' dir='ltr'><strong>enumeratione</strong></span> <span class='ocrx_word' id='word_1_347' title='bbox 1765 4775 1887 4828; x_wconf 87' lang='lat' dir='ltr'><strong>par-</strong></span> 
     </span>
    </p>
   </div>
   <div class='ocr_carea' id='block_1_48' title="bbox 317 4850 1887 4923">
    <p class='ocr_par' dir='ltr' id='par_1_48' title="bbox 317 4850 1887 4923">
     <span class='ocr_line' id='line_1_48' title="bbox 317 4850 1887 4923; baseline -0.001 -14"><span class='ocrx_word' id='word_1_348' title='bbox 317 4860 445 4909; x_wconf 90' lang='lat' dir='ltr'><strong>tium</strong></span> <span class='ocrx_word' id='word_1_349' title='bbox 490 4862 858 4923; x_wconf 77' lang='lat' dir='ltr'><strong>argumentum</strong></span> <span class='ocrx_word' id='word_1_350' title='bbox 900 4853 1114 4905; x_wconf 90' lang='lat' dir='ltr'><strong>ductum</strong></span> <span class='ocrx_word' id='word_1_351' title='bbox 1155 4865 1275 4904; x_wconf 89' lang='lat' dir='ltr'><strong>esse</strong></span> <span class='ocrx_word' id='word_1_352' title='bbox 1317 4850 1645 4919; x_wconf 72' lang='lat' dir='ltr'><strong>perhibetur.</strong></span> <span class='ocrx_word' id='word_1_353' title='bbox 1680 4852 1784 4906; x_wconf 91' lang='lat' dir='ltr'><strong>Sed</strong></span> <span class='ocrx_word' id='word_1_354' title='bbox 1815 4853 1887 4908; x_wconf 85' lang='lat' dir='ltr'><strong>M.</strong></span> 
     </span>
    </p>
   </div>
   <div class='ocr_carea' id='block_1_49' title="bbox 315 4945 1890 5017">
    <p class='ocr_par' dir='ltr' id='par_1_49' title="bbox 315 4945 1890 5017">
     <span class='ocr_line' id='line_1_49' title="bbox 315 4945 1890 5017; baseline 0 -15"><span class='ocrx_word' id='word_1_355' title='bbox 315 4948 517 5003; x_wconf 88' lang='lat' dir='ltr'><strong>Tullius</strong></span> <span class='ocrx_word' id='word_1_356' title='bbox 548 4949 667 5017; x_wconf 90' lang='lat' dir='ltr'><strong>quia</strong></span> <span class='ocrx_word' id='word_1_357' title='bbox 700 4949 805 5014; x_wconf 83' lang='lat' dir='ltr'><strong>jam</strong></span> <span class='ocrx_word' id='word_1_358' title='bbox 855 4945 1194 5014; x_wconf 88' lang='lat' dir='ltr'><strong>partitionem</strong></span> <span class='ocrx_word' id='word_1_359' title='bbox 1246 4946 1572 5000; x_wconf 88' lang='lat' dir='ltr'><strong>deﬁnitionis</strong></span> <span class='ocrx_word' id='word_1_360' title='bbox 1618 4947 1890 5015; x_wconf 84' lang='lat' dir='ltr'><strong>ingressus</strong></span> 
     </span>
    </p>
   </div>
   <div class='ocr_carea' id='block_1_50' title="bbox 312 5037 1892 5103">
    <p class='ocr_par' dir='ltr' id='par_1_50' title="bbox 312 5037 1892 5103">
     <span class='ocr_line' id='line_1_50' title="bbox 312 5037 1892 5103; baseline 0 -10"><span class='ocrx_word' id='word_1_361' title='bbox 312 5049 418 5102; x_wconf 85' lang='lat' dir='ltr'><strong>est,</strong></span> <span class='ocrx_word' id='word_1_362' title='bbox 466 5041 625 5091; x_wconf 83' lang='lat' dir='ltr'><strong>etiam</strong></span> <span class='ocrx_word' id='word_1_363' title='bbox 661 5038 798 5091; x_wconf 82' lang='lat' dir='ltr'><strong>hanc</strong></span> <span class='ocrx_word' id='word_1_364' title='bbox 844 5037 1184 5103; x_wconf 87' lang='lat' dir='ltr'><strong>interposuit,</strong></span> <span class='ocrx_word' id='word_1_365' title='bbox 1230 5054 1345 5103; x_wconf 73' lang='lat' dir='ltr'><strong>qum</strong></span> <span class='ocrx_word' id='word_1_366' title='bbox 1379 5053 1480 5091; x_wconf 92' lang='lat' dir='ltr'><strong>non</strong></span> <span class='ocrx_word' id='word_1_367' title='bbox 1530 5038 1593 5091; x_wconf 88' lang='lat' dir='ltr'><strong>ad</strong></span> <span class='ocrx_word' id='word_1_368' title='bbox 1626 5039 1892 5093; x_wconf 88' lang='lat' dir='ltr'><strong>definitio-</strong></span> 
     </span>
    </p>
   </div>
   <div class='ocr_carea' id='block_1_51' title="bbox 315 5128 1891 5197">
    <p class='ocr_par' dir='ltr' id='par_1_51' title="bbox 315 5128 1891 5197">
     <span class='ocr_line' id='line_1_51' title="bbox 315 5128 1891 5197; baseline 0.003 -15"><span class='ocrx_word' id='word_1_369' title='bbox 315 5145 460 5191; x_wconf 85' lang='lat' dir='ltr'><strong>nem,</strong></span> <span class='ocrx_word' id='word_1_370' title='bbox 506 5128 599 5182; x_wconf 91' lang='lat' dir='ltr'><strong>sed</strong></span> <span class='ocrx_word' id='word_1_371' title='bbox 630 5129 693 5181; x_wconf 88' lang='lat' dir='ltr'><strong>ad</strong></span> <span class='ocrx_word' id='word_1_372' title='bbox 726 5129 1151 5183; x_wconf 86' lang='lat' dir='ltr'><strong>enumerationis</strong></span> <span class='ocrx_word' id='word_1_373' title='bbox 1186 5130 1411 5197; x_wconf 85' lang='lat' dir='ltr'><strong>partium</strong></span> <span class='ocrx_word' id='word_1_374' title='bbox 1444 5130 1614 5182; x_wconf 91' lang='lat' dir='ltr'><strong>locum</strong></span> <span class='ocrx_word' id='word_1_375' title='bbox 1657 5132 1891 5197; x_wconf 86' lang='lat' dir='ltr'><strong>pertine-</strong></span> 
     </span>
    </p>
   </div>
   <div class='ocr_carea' id='block_1_52' title="bbox 310 5220 1886 5291">
    <p class='ocr_par' dir='ltr' id='par_1_52' title="bbox 310 5220 1886 5291">
     <span class='ocr_line' id='line_1_52' title="bbox 310 5220 1886 5291; baseline 0.001 -17"><span class='ocrx_word' id='word_1_376' title='bbox 310 5221 423 5275; x_wconf 85' lang='lat' dir='ltr'><strong>bat.</strong></span> <span class='ocrx_word' id='word_1_377' title='bbox 464 5220 628 5288; x_wconf 79' lang='lat' dir='ltr'><strong>llujus</strong></span> <span class='ocrx_word' id='word_1_378' title='bbox 660 5234 785 5273; x_wconf 88' lang='lat' dir='ltr'><strong>vero</strong></span> <span class='ocrx_word' id='word_1_379' title='bbox 811 5220 887 5271; x_wconf 91' lang='lat' dir='ltr'><strong>rei</strong></span> <span class='ocrx_word' id='word_1_380' title='bbox 919 5229 1289 5287; x_wconf 80' lang='lat' dir='ltr'><strong>argumentum</strong></span> <span class='ocrx_word' id='word_1_381' title='bbox 1329 5228 1430 5281; x_wconf 92' lang='lat' dir='ltr'><strong>est,</strong></span> <span class='ocrx_word' id='word_1_382' title='bbox 1456 5222 1573 5288; x_wconf 79' lang='lat' dir='ltr'><strong>quia</strong></span> <span class='ocrx_word' id='word_1_383' title='bbox 1603 5237 1721 5274; x_wconf 91' lang='lat' dir='ltr'><strong>cum</strong></span> <span class='ocrx_word' id='word_1_384' title='bbox 1748 5230 1886 5291; x_wconf 90' lang='lat' dir='ltr'><strong>post,</strong></span> 
     </span>
    </p>
   </div>
   <div class='ocr_carea' id='block_1_53' title="bbox 308 5311 1894 5379">
    <p class='ocr_par' dir='ltr' id='par_1_53' title="bbox 308 5311 1894 5379">
     <span class='ocr_line' id='line_1_53' title="bbox 308 5311 1894 5379; baseline 0.001 -15"><span class='ocrx_word' id='word_1_385' title='bbox 308 5312 375 5364; x_wconf 91' lang='lat' dir='ltr'><strong>de</strong></span> <span class='ocrx_word' id='word_1_386' title='bbox 397 5311 597 5364; x_wconf 88' lang='lat' dir='ltr'><strong>eisdem</strong></span> <span class='ocrx_word' id='word_1_387' title='bbox 628 5311 758 5364; x_wconf 89' lang='lat' dir='ltr'><strong>locis</strong></span> <span class='ocrx_word' id='word_1_388' title='bbox 788 5311 945 5364; x_wconf 88' lang='lat' dir='ltr'><strong>latius</strong></span> <span class='ocrx_word' id='word_1_389' title='bbox 971 5319 1227 5375; x_wconf 87' lang='lat' dir='ltr'><strong>tractans,</strong></span> <span class='ocrx_word' id='word_1_390' title='bbox 1254 5312 1319 5365; x_wconf 93' lang='lat' dir='ltr'><strong>de</strong></span> <span class='ocrx_word' id='word_1_391' title='bbox 1341 5312 1743 5364; x_wconf 90' lang='lat' dir='ltr'><strong>enumeratione</strong></span> <span class='ocrx_word' id='word_1_392' title='bbox 1773 5328 1894 5379; x_wconf 88' lang='lat' dir='ltr'><strong>par-</strong></span> 
     </span>
    </p>
   </div>
   <div class='ocr_carea' id='block_1_54' title="bbox 314 5391 1892 5468">
    <p class='ocr_par' dir='ltr' id='par_1_54' title="bbox 314 5391 1892 5468">
     <span class='ocr_line' id='line_1_54' title="bbox 314 5391 1892 5468; baseline 0.001 -15"><span class='ocrx_word' id='word_1_393' title='bbox 314 5401 447 5454; x_wconf 91' lang='lat' dir='ltr'><strong>tium</strong></span> <span class='ocrx_word' id='word_1_394' title='bbox 480 5391 810 5466; x_wconf 68' lang='lat' dir='ltr'><strong>loquere&#39;tur,</strong></span> <span class='ocrx_word' id='word_1_395' title='bbox 853 5400 1054 5453; x_wconf 91' lang='lat' dir='ltr'><strong>nullam</strong></span> <span class='ocrx_word' id='word_1_396' title='bbox 1088 5400 1250 5453; x_wconf 90' lang='lat' dir='ltr'><strong>aliam</strong></span> <span class='ocrx_word' id='word_1_397' title='bbox 1278 5401 1737 5455; x_wconf 84' lang='lat' dir='ltr'><strong>enumerationem</strong></span> <span class='ocrx_word' id='word_1_398' title='bbox 1765 5417 1892 5468; x_wconf 86' lang='lat' dir='ltr'><strong>par-</strong></span> 
     </span>
    </p>
   </div>
   <div class='ocr_carea' id='block_1_55' title="bbox 314 5489 1889 5563">
    <p class='ocr_par' dir='ltr' id='par_1_55' title="bbox 314 5489 1889 5563">
     <span class='ocr_line' id='line_1_55' title="bbox 314 5489 1889 5563; baseline 0.003 -18"><span class='ocrx_word' id='word_1_399' title='bbox 314 5492 443 5545; x_wconf 91' lang='lat' dir='ltr'><strong>tium</strong></span> <span class='ocrx_word' id='word_1_400' title='bbox 476 5492 671 5557; x_wconf 85' lang='lat' dir='ltr'><strong>posuit,</strong></span> <span class='ocrx_word' id='word_1_401' title='bbox 710 5489 812 5543; x_wconf 89' lang='lat' dir='ltr'><strong>nisi</strong></span> <span class='ocrx_word' id='word_1_402' title='bbox 852 5506 969 5545; x_wconf 86' lang='lat' dir='ltr'><strong>eam</strong></span> <span class='ocrx_word' id='word_1_403' title='bbox 1019 5508 1177 5561; x_wconf 90' lang='lat' dir='ltr'><strong>quam</strong></span> <span class='ocrx_word' id='word_1_404' title='bbox 1222 5508 1361 5547; x_wconf 89' lang='lat' dir='ltr'><strong>nunc</strong></span> <span class='ocrx_word' id='word_1_405' title='bbox 1406 5492 1727 5546; x_wconf 90' lang='lat' dir='ltr'><strong>deﬁnitionis</strong></span> <span class='ocrx_word' id='word_1_406' title='bbox 1767 5510 1889 5563; x_wconf 89' lang='lat' dir='ltr'><strong>spe-</strong></span> 
     </span>
    </p>
   </div>
   <div class='ocr_carea' id='block_1_56' title="bbox 310 5579 1891 5653">
    <p class='ocr_par' dir='ltr' id='par_1_56' title="bbox 310 5579 1891 5653">
     <span class='ocr_line' id='line_1_56' title="bbox 310 5579 1891 5653; baseline 0.003 -17"><span class='ocrx_word' id='word_1_407' title='bbox 310 5583 448 5636; x_wconf 90' lang='lat' dir='ltr'><strong>ciem</strong></span> <span class='ocrx_word' id='word_1_408' title='bbox 473 5580 631 5634; x_wconf 78' lang='lat' dir='ltr'><strong>dixit.</strong></span> <span class='ocrx_word' id='word_1_409' title='bbox 660 5579 767 5633; x_wconf 90' lang='lat' dir='ltr'><strong>Nec</strong></span> <span class='ocrx_word' id='word_1_410' title='bbox 809 5590 987 5636; x_wconf 91' lang='lat' dir='ltr'><strong>tamen</strong></span> <span class='ocrx_word' id='word_1_411' title='bbox 1016 5593 1099 5637; x_wconf 90' lang='lat' dir='ltr'><strong>est</strong></span> <span class='ocrx_word' id='word_1_412' title='bbox 1134 5584 1502 5637; x_wconf 84' lang='lat' dir='ltr'><strong>arbitrandunt</strong></span> <span class='ocrx_word' id='word_1_413' title='bbox 1534 5600 1745 5637; x_wconf 89' lang='lat' dir='ltr'><strong>omnem</strong></span> <span class='ocrx_word' id='word_1_414' title='bbox 1772 5601 1891 5653; x_wconf 87' lang='lat' dir='ltr'><strong>par-</strong></span> 
     </span>
    </p>
   </div>
   <div class='ocr_carea' id='block_1_57' title="bbox 310 5670 1889 5747">
    <p class='ocr_par' dir='ltr' id='par_1_57' title="bbox 310 5670 1889 5747">
     <span class='ocr_line' id='line_1_57' title="bbox 310 5670 1889 5747; baseline 0.003 -19"><span class='ocrx_word' id='word_1_415' title='bbox 310 5674 554 5729; x_wconf 90' lang='lat' dir='ltr'><strong>titionem</strong></span> <span class='ocrx_word' id='word_1_416' title='bbox 586 5670 918 5726; x_wconf 87' lang='lat' dir='ltr'><strong>deﬁnitionis</strong></span> <span class='ocrx_word' id='word_1_417' title='bbox 942 5675 1113 5728; x_wconf 91' lang='lat' dir='ltr'><strong>locum</strong></span> <span class='ocrx_word' id='word_1_418' title='bbox 1143 5691 1300 5745; x_wconf 73' lang='lat' dir='ltr'><strong>posse</strong></span> <span class='ocrx_word' id='word_1_419' title='bbox 1325 5676 1593 5740; x_wconf 87' lang='lat' dir='ltr'><strong>obtinere,</strong></span> <span class='ocrx_word' id='word_1_420' title='bbox 1626 5685 1681 5728; x_wconf 90' lang='lat' dir='ltr'><strong>ut</strong></span> <span class='ocrx_word' id='word_1_421' title='bbox 1705 5678 1746 5729; x_wconf 92' lang='lat' dir='ltr'><strong>si</strong></span> <span class='ocrx_word' id='word_1_422' title='bbox 1772 5677 1889 5747; x_wconf 88' lang='lat' dir='ltr'><strong>quis</strong></span> 
     </span>
    </p>
   </div>
   <div class='ocr_carea' id='block_1_58' title="bbox 309 5762 1881 5835">
    <p class='ocr_par' dir='ltr' id='par_1_58' title="bbox 309 5762 1881 5835">
     <span class='ocr_line' id='line_1_58' title="bbox 309 5762 1881 5835; baseline 0.003 -16"><span class='ocrx_word' id='word_1_423' title='bbox 309 5767 385 5822; x_wconf 89' lang='lat' dir='ltr'><strong>sic</strong></span> <span class='ocrx_word' id='word_1_424' title='bbox 412 5766 573 5831; x_wconf 87' lang='lat' dir='ltr'><strong>dicat,</strong></span> <span class='ocrx_word' id='word_1_425' title='bbox 609 5762 977 5827; x_wconf 90' lang='lat' dir='ltr'><strong>fundamenta,</strong></span> <span class='ocrx_word' id='word_1_426' title='bbox 1009 5769 1239 5834; x_wconf 82' lang='lat' dir='ltr'><strong>parietes</strong></span> <span class='ocrx_word' id='word_1_427' title='bbox 1267 5778 1319 5821; x_wconf 93' lang='lat' dir='ltr'><strong>et</strong></span> <span class='ocrx_word' id='word_1_428' title='bbox 1345 5776 1539 5820; x_wconf 90' lang='lat' dir='ltr'><strong>tectum</strong></span> <span class='ocrx_word' id='word_1_429' title='bbox 1571 5767 1759 5821; x_wconf 87' lang='lat' dir='ltr'><strong>domus</strong></span> <span class='ocrx_word' id='word_1_430' title='bbox 1780 5778 1881 5835; x_wconf 90' lang='lat' dir='ltr'><strong>est,</strong></span> 
     </span>
    </p>
   </div>
   <div class='ocr_carea' id='block_1_59' title="bbox 311 5856 1888 5935">
    <p class='ocr_par' dir='ltr' id='par_1_59' title="bbox 311 5856 1888 5935">
     <span class='ocr_line' id='line_1_59' title="bbox 311 5856 1888 5935; baseline 0.004 -25"><span class='ocrx_word' id='word_1_431' title='bbox 311 5856 360 5911; x_wconf 91' lang='lat' dir='ltr'><strong>id</strong></span> <span class='ocrx_word' id='word_1_432' title='bbox 392 5874 496 5914; x_wconf 90' lang='lat' dir='ltr'><strong>non</strong></span> <span class='ocrx_word' id='word_1_433' title='bbox 525 5864 607 5912; x_wconf 85' lang='lat' dir='ltr'><strong>est</strong></span> <span class='ocrx_word' id='word_1_434' title='bbox 633 5870 874 5912; x_wconf 89' lang='lat' dir='ltr'><strong>necesse.</strong></span> <span class='ocrx_word' id='word_1_435' title='bbox 910 5859 1096 5913; x_wconf 86' lang='lat' dir='ltr'><strong>Potest</strong></span> <span class='ocrx_word' id='word_1_436' title='bbox 1126 5874 1351 5928; x_wconf 85' lang='lat' dir='ltr'><strong>namque</strong></span> <span class='ocrx_word' id='word_1_437' title='bbox 1380 5873 1499 5913; x_wconf 89' lang='lat' dir='ltr'><strong>esse</strong></span> <span class='ocrx_word' id='word_1_438' title='bbox 1533 5859 1767 5928; x_wconf 85' lang='lat' dir='ltr'><strong>porticus</strong></span> <span class='ocrx_word' id='word_1_439' title='bbox 1790 5876 1888 5935; x_wconf 85' lang='lat' dir='ltr'><strong>pu-</strong></span> 
     </span>
    </p>
   </div>
   <div class='ocr_carea' id='block_1_60' title="bbox 590 5966 1149 6036">
    <p class='ocr_par' dir='ltr' id='par_1_60' title="bbox 590 5966 1149 6036">
     <span class='ocr_line' id='line_1_60' title="bbox 590 5966 1149 6036; baseline -0.005 0"><span class='ocrx_word' id='word_1_440' title='bbox 590 5975 858 6036; x_wconf 76' lang='lat' dir='ltr'><strong>PATROL.</strong></span> <span class='ocrx_word' id='word_1_441' title='bbox 911 5966 1149 6035; x_wconf 45' lang='lat' dir='ltr'><strong>LXIVI</strong></span> 
     </span>
    </p>
   </div>
   <div class='ocr_carea' id='block_1_61' title="bbox 1105 424 2705 494">
    <p class='ocr_par' dir='ltr' id='par_1_61' title="bbox 1105 424 2705 494">
     <span class='ocr_line' id='line_1_61' title="bbox 1105 424 2705 494; baseline -0.009 0"><span class='ocrx_word' id='word_1_442' title='bbox 1105 438 1165 494; x_wconf 76' lang='lat' dir='ltr'><strong>lN</strong></span> <span class='ocrx_word' id='word_1_443' title='bbox 1205 437 1447 494; x_wconf 73' lang='lat' dir='ltr'><strong>TOPICA</strong></span> <span class='ocrx_word' id='word_1_444' title='bbox 1488 430 1842 490; x_wconf 77' lang='lat' dir='ltr'><strong>CICERONIS</strong></span> <span class='ocrx_word' id='word_1_445' title='bbox 1881 425 2395 486; x_wconf 78' lang='lat' dir='ltr'><strong>COMMENTARIA.</strong></span> <span class='ocrx_word' id='word_1_446' title='bbox 2440 424 2570 479; x_wconf 83' lang='lat' dir='ltr'><strong>LIB.</strong></span> <span class='ocrx_word' id='word_1_447' title='bbox 2613 424 2705 480; x_wconf 75' lang='lat' dir='ltr'><strong>lll.‘</strong></span> 
     </span>
    </p>
   </div>
   <div class='ocr_carea' id='block_1_62' title="bbox 185 527 3542 623">
    <p class='ocr_par' dir='ltr' id='par_1_62' title="bbox 185 527 3542 623">
     <span class='ocr_line' id='line_1_62' title="bbox 185 527 3542 623; baseline -0.01 -5"><span class='ocrx_word' id='word_1_448' title='bbox 185 616 190 622; x_wconf 93' lang='lat'>_</span> <span class='ocrx_word' id='word_1_449' title='bbox 279 559 534 623; x_wconf 88' lang='lat' dir='ltr'><strong>efﬁcitur,</strong></span> <span class='ocrx_word' id='word_1_450' title='bbox 565 564 620 611; x_wconf 92' lang='lat' dir='ltr'><strong>et</strong></span> <span class='ocrx_word' id='word_1_451' title='bbox 657 561 741 611; x_wconf 88' lang='lat' dir='ltr'><strong>est</strong></span> <span class='ocrx_word' id='word_1_452' title='bbox 774 552 937 609; x_wconf 89' lang='lat' dir='ltr'><strong>veluti</strong></span> <span class='ocrx_word' id='word_1_453' title='bbox 966 550 1208 621; x_wconf 70' lang='lat' dir='ltr'><strong>quaedam</strong></span> <span class='ocrx_word' id='word_1_454' title='bbox 1243 547 1472 617; x_wconf 87' lang='lat' dir='ltr'><strong>partium</strong></span> <span class='ocrx_word' id='word_1_455' title='bbox 1502 542 1858 604; x_wconf 84' lang='lat' dir='ltr'><strong>enumeratio,</strong></span> <span class='ocrx_word' id='word_1_456' title='bbox 1887 543 1941 602; x_wconf 77' lang='grc' dir='ltr'><strong>Α</strong></span> <span class='ocrx_word' id='word_1_457' title='bbox 1971 536 2123 591; x_wconf 88' lang='lat' dir='ltr'><strong>blicis</strong></span> <span class='ocrx_word' id='word_1_458' title='bbox 2153 535 2339 589; x_wconf 87' lang='lat' dir='ltr'><strong>usibus</strong></span> <span class='ocrx_word' id='word_1_459' title='bbox 2364 533 2648 596; x_wconf 80' lang='lat' dir='ltr'><strong>destinata,</strong></span> <span class='ocrx_word' id='word_1_460' title='bbox 2684 539 2860 601; x_wconf 89' lang='lat' dir='ltr'><strong>potest</strong></span> <span class='ocrx_word' id='word_1_461' title='bbox 2901 538 3030 587; x_wconf 73' lang='lat' dir='ltr'><strong>item</strong></span> <span class='ocrx_word' id='word_1_462' title='bbox 3074 527 3220 585; x_wconf 73' lang='lat' dir='ltr'><strong>aliud</strong></span> <span class='ocrx_word' id='word_1_463' title='bbox 3244 528 3542 598; x_wconf 79' lang='lat' dir='ltr'><strong>quodlibet,</strong></span> 
     </span>
    </p>
   </div>
   <div class='ocr_carea' id='block_1_63' title="bbox 2430 234 2459 249">
    <p class='ocr_par' dir='ltr' id='par_1_63' title="bbox 2430 234 2459 249">
     <span class='ocr_line' id='line_1_63' title="bbox 2430 234 2459 249; baseline 0 0"><span class='ocrx_word' id='word_1_464' title='bbox 2430 234 2459 249; x_wconf 68' lang='grc' dir='ltr'><strong>ο.</strong></span> 
     </span>
    </p>
   </div>
   <div class='ocr_carea' id='block_1_64' title="bbox 2956 368 3011 388">
    <p class='ocr_par' dir='ltr' id='par_1_64' title="bbox 2956 368 3011 388">
     <span class='ocr_line' id='line_1_64' title="bbox 2956 368 3011 388; baseline 0 -17"><span class='ocrx_word' id='word_1_465' title='bbox 2956 369 2991 388; x_wconf 54' lang='grc' dir='ltr'><strong><em>ν</em></strong></span> <span class='ocrx_word' id='word_1_466' title='bbox 3008 368 3011 371; x_wconf 95' lang='grc'>.</span> 
     </span>
    </p>
   </div>
   <div class='ocr_carea' id='block_1_65' title="bbox 3404 419 3544 477">
    <p class='ocr_par' dir='ltr' id='par_1_65' title="bbox 3404 419 3544 477">
     <span class='ocr_line' id='line_1_65' title="bbox 3404 419 3544 477; baseline 0.007 -3"><span class='ocrx_word' id='word_1_467' title='bbox 3404 419 3544 477; x_wconf 75' lang='grc'><strong>1098</strong></span> 
     </span>
    </p>
   </div>
   <div class='ocr_carea' id='block_1_66' title="bbox 1966 621 3545 693">
    <p class='ocr_par' dir='ltr' id='par_1_66' title="bbox 1966 621 3545 693">
     <span class='ocr_line' id='line_1_66' title="bbox 1966 621 3545 693; baseline -0.004 -12"><span class='ocrx_word' id='word_1_468' title='bbox 1966 639 2025 681; x_wconf 88' lang='grc' dir='ltr'><strong>ιιι</strong></span> <span class='ocrx_word' id='word_1_469' title='bbox 2050 631 2339 693; x_wconf 89' lang='lat' dir='ltr'><strong>theatrum,</strong></span> <span class='ocrx_word' id='word_1_470' title='bbox 2361 624 2501 693; x_wconf 88' lang='lat' dir='ltr'><strong>quod</strong></span> <span class='ocrx_word' id='word_1_471' title='bbox 2524 632 2740 692; x_wconf 90' lang='lat' dir='ltr'><strong>propter</strong></span> <span class='ocrx_word' id='word_1_472' title='bbox 2762 623 3047 692; x_wconf 85' lang='lat' dir='ltr'><strong>ampliores</strong></span> <span class='ocrx_word' id='word_1_473' title='bbox 3059 622 3265 676; x_wconf 86' lang='lat' dir='ltr'><strong>sonitus</strong></span> <span class='ocrx_word' id='word_1_474' title='bbox 3288 621 3545 675; x_wconf 81' lang='lat' dir='ltr'><strong>exhiben-</strong></span> 
     </span>
    </p>
   </div>
   <div class='ocr_carea' id='block_1_67' title="bbox 1967 714 3542 786">
    <p class='ocr_par' dir='ltr' id='par_1_67' title="bbox 1967 714 3542 786">
     <span class='ocr_line' id='line_1_67' title="bbox 1967 714 3542 786; baseline -0.004 -13"><span class='ocrx_word' id='word_1_475' title='bbox 1967 720 2065 773; x_wconf 89' lang='lat' dir='ltr'><strong>dos</strong></span> <span class='ocrx_word' id='word_1_476' title='bbox 2099 720 2202 786; x_wconf 85' lang='lat' dir='ltr'><strong>tegi</strong></span> <span class='ocrx_word' id='word_1_477' title='bbox 2234 718 2393 771; x_wconf 90' lang='lat' dir='ltr'><strong>solet.</strong></span> <span class='ocrx_word' id='word_1_478' title='bbox 2429 714 2535 770; x_wconf 87' lang='lat' dir='ltr'><strong>Sed</strong></span> <span class='ocrx_word' id='word_1_479' title='bbox 2579 716 2631 769; x_wconf 89' lang='lat' dir='ltr'><strong>id</strong></span> <span class='ocrx_word' id='word_1_480' title='bbox 2674 729 2813 767; x_wconf 91' lang='lat' dir='ltr'><strong>nunc</strong></span> <span class='ocrx_word' id='word_1_481' title='bbox 2844 714 3145 782; x_wconf 89' lang='lat' dir='ltr'><strong>intelligere</strong></span> <span class='ocrx_word' id='word_1_482' title='bbox 3178 728 3275 766; x_wconf 91' lang='lat' dir='ltr'><strong>nos</strong></span> <span class='ocrx_word' id='word_1_483' title='bbox 3304 723 3542 780; x_wconf 86' lang='lat' dir='ltr'><strong>oportet.</strong></span> 
     </span>
    </p>
   </div>
   <div class='ocr_carea' id='block_1_68' title="bbox 1968 808 3546 881">
    <p class='ocr_par' dir='ltr' id='par_1_68' title="bbox 1968 808 3546 881">
     <span class='ocr_line' id='line_1_68' title="bbox 1968 808 3546 881; baseline -0.003 -15"><span class='ocrx_word' id='word_1_484' title='bbox 1968 827 2129 881; x_wconf 91' lang='lat' dir='ltr'><strong>posse</strong></span> <span class='ocrx_word' id='word_1_485' title='bbox 2178 826 2272 880; x_wconf 90' lang='lat' dir='ltr'><strong>per</strong></span> <span class='ocrx_word' id='word_1_486' title='bbox 2322 810 2667 879; x_wconf 90' lang='lat' dir='ltr'><strong>partitionem</strong></span> <span class='ocrx_word' id='word_1_487' title='bbox 2704 809 2904 877; x_wconf 83' lang='lat' dir='ltr'><strong>aliquid</strong></span> <span class='ocrx_word' id='word_1_488' title='bbox 2946 823 3089 876; x_wconf 85' lang='lat' dir='ltr'><strong>saepe</strong></span> <span class='ocrx_word' id='word_1_489' title='bbox 3130 808 3361 872; x_wconf 88' lang='lat' dir='ltr'><strong>deliniri,</strong></span> <span class='ocrx_word' id='word_1_490' title='bbox 3422 824 3546 862; x_wconf 88' lang='lat' dir='ltr'><strong>cum</strong></span> 
     </span>
    </p>
   </div>
   <div class='ocr_carea' id='block_1_69' title="bbox 1971 898 3547 971">
    <p class='ocr_par' dir='ltr' id='par_1_69' title="bbox 1971 898 3547 971">
     <span class='ocr_line' id='line_1_69' title="bbox 1971 898 3547 971; baseline -0.004 -14"><span class='ocrx_word' id='word_1_491' title='bbox 1971 904 2198 971; x_wconf 91' lang='lat' dir='ltr'><strong>partium</strong></span> <span class='ocrx_word' id='word_1_492' title='bbox 2246 902 2336 955; x_wconf 89' lang='lat' dir='ltr'><strong>illa</strong></span> <span class='ocrx_word' id='word_1_493' title='bbox 2369 902 2619 969; x_wconf 85' lang='lat' dir='ltr'><strong>collectio</strong></span> <span class='ocrx_word' id='word_1_494' title='bbox 2654 916 2816 954; x_wconf 90' lang='lat' dir='ltr'><strong>unam</strong></span> <span class='ocrx_word' id='word_1_495' title='bbox 2847 915 2958 954; x_wconf 91' lang='lat' dir='ltr'><strong>rem</strong></span> <span class='ocrx_word' id='word_1_496' title='bbox 2993 909 3196 953; x_wconf 85' lang='lat' dir='ltr'><strong>tantum</strong></span> <span class='ocrx_word' id='word_1_497' title='bbox 3227 899 3394 967; x_wconf 74' lang='lat' dir='ltr'><strong>pessit</strong></span> <span class='ocrx_word' id='word_1_498' title='bbox 3432 898 3547 953; x_wconf 83' lang='lat' dir='ltr'><strong>elﬁ-</strong></span> 
     </span>
    </p>
   </div>
   <div class='ocr_carea' id='block_1_70' title="bbox 1969 992 3549 1062">
    <p class='ocr_par' dir='ltr' id='par_1_70' title="bbox 1969 992 3549 1062">
     <span class='ocr_line' id='line_1_70' title="bbox 1969 992 3549 1062; baseline -0.004 -12"><span class='ocrx_word' id='word_1_499' title='bbox 1969 1012 2113 1061; x_wconf 88' lang='lat' dir='ltr'><strong>cere,</strong></span> <span class='ocrx_word' id='word_1_500' title='bbox 2147 1004 2205 1049; x_wconf 90' lang='lat' dir='ltr'><strong>ut</strong></span> <span class='ocrx_word' id='word_1_501' title='bbox 2234 998 2277 1049; x_wconf 88' lang='lat' dir='ltr'><strong>si</strong></span> <span class='ocrx_word' id='word_1_502' title='bbox 2308 995 2441 1049; x_wconf 92' lang='lat' dir='ltr'><strong>nihil</strong></span> <span class='ocrx_word' id='word_1_503' title='bbox 2486 1002 2631 1050; x_wconf 89' lang='lat' dir='ltr'><strong>esset</strong></span> <span class='ocrx_word' id='word_1_504' title='bbox 2671 994 2811 1046; x_wconf 90' lang='lat' dir='ltr'><strong>aliud</strong></span> <span class='ocrx_word' id='word_1_505' title='bbox 2864 992 3005 1062; x_wconf 90' lang='lat' dir='ltr'><strong>quod</strong></span> <span class='ocrx_word' id='word_1_506' title='bbox 3038 992 3405 1053; x_wconf 86' lang='lat' dir='ltr'><strong>fundamenta,</strong></span> <span class='ocrx_word' id='word_1_507' title='bbox 3452 1007 3549 1060; x_wconf 86' lang='lat' dir='ltr'><strong>pa-</strong></span> 
     </span>
    </p>
   </div>
   <div class='ocr_carea' id='block_1_71' title="bbox 1969 1084 3552 1156">
    <p class='ocr_par' dir='ltr' id='par_1_71' title="bbox 1969 1084 3552 1156">
     <span class='ocr_line' id='line_1_71' title="bbox 1969 1084 3552 1156; baseline -0.003 -15"><span class='ocrx_word' id='word_1_508' title='bbox 1969 1090 2137 1142; x_wconf 78' lang='lat' dir='ltr'><strong>rietes</strong></span> <span class='ocrx_word' id='word_1_509' title='bbox 2159 1098 2321 1156; x_wconf 89' lang='lat' dir='ltr'><strong>atque</strong></span> <span class='ocrx_word' id='word_1_510' title='bbox 2353 1096 2551 1142; x_wconf 90' lang='lat' dir='ltr'><strong>tectum</strong></span> <span class='ocrx_word' id='word_1_511' title='bbox 2594 1096 2771 1155; x_wconf 90' lang='lat' dir='ltr'><strong>posset</strong></span> <span class='ocrx_word' id='word_1_512' title='bbox 2802 1086 3021 1149; x_wconf 88' lang='lat' dir='ltr'><strong>habere,</strong></span> <span class='ocrx_word' id='word_1_513' title='bbox 3057 1084 3157 1137; x_wconf 88' lang='lat' dir='ltr'><strong>nisi</strong></span> <span class='ocrx_word' id='word_1_514' title='bbox 3188 1084 3400 1150; x_wconf 92' lang='lat' dir='ltr'><strong>domus,</strong></span> <span class='ocrx_word' id='word_1_515' title='bbox 3432 1084 3552 1151; x_wconf 79' lang='lat' dir='ltr'><strong>jura</strong></span> 
     </span>
    </p>
   </div>
   <div class='ocr_carea' id='block_1_72' title="bbox 1969 1176 3553 1244">
    <p class='ocr_par' dir='ltr' id='par_1_72' title="bbox 1969 1176 3553 1244">
     <span class='ocr_line' id='line_1_72' title="bbox 1969 1176 3553 1244; baseline -0.001 -14"><span class='ocrx_word' id='word_1_516' title='bbox 1969 1178 2215 1233; x_wconf 90' lang='lat' dir='ltr'><strong>deﬁnitio</strong></span> <span class='ocrx_word' id='word_1_517' title='bbox 2249 1181 2380 1233; x_wconf 92' lang='lat' dir='ltr'><strong>facta</strong></span> <span class='ocrx_word' id='word_1_518' title='bbox 2407 1194 2527 1233; x_wconf 76' lang='lat' dir='ltr'><strong>esse</strong></span> <span class='ocrx_word' id='word_1_519' title='bbox 2550 1179 2844 1242; x_wconf 90' lang='lat' dir='ltr'><strong>videretur,</strong></span> <span class='ocrx_word' id='word_1_520' title='bbox 2868 1177 3086 1230; x_wconf 92' lang='lat' dir='ltr'><strong>domum</strong></span> <span class='ocrx_word' id='word_1_521' title='bbox 3114 1190 3236 1230; x_wconf 88' lang='lat' dir='ltr'><strong>esse</strong></span> <span class='ocrx_word' id='word_1_522' title='bbox 3260 1191 3415 1244; x_wconf 91' lang='lat' dir='ltr'><strong>quam</strong></span> <span class='ocrx_word' id='word_1_523' title='bbox 3441 1176 3553 1229; x_wconf 85' lang='lat' dir='ltr'><strong>fun-</strong></span> 
     </span>
    </p>
   </div>
   <div class='ocr_carea' id='block_1_73' title="bbox 1972 1269 3170 1339">
    <p class='ocr_par' dir='ltr' id='par_1_73' title="bbox 1972 1269 3170 1339">
     <span class='ocr_line' id='line_1_73' title="bbox 1972 1269 3170 1339; baseline -0.002 -17"><span class='ocrx_word' id='word_1_524' title='bbox 1972 1269 2247 1335; x_wconf 88' lang='lat' dir='ltr'><strong>damenta,</strong></span> <span class='ocrx_word' id='word_1_525' title='bbox 2280 1272 2510 1339; x_wconf 88' lang='lat' dir='ltr'><strong>parietes</strong></span> <span class='ocrx_word' id='word_1_526' title='bbox 2539 1279 2840 1338; x_wconf 89' lang='lat' dir='ltr'><strong>tectumque</strong></span> <span class='ocrx_word' id='word_1_527' title='bbox 2872 1269 3170 1337; x_wconf 89' lang='lat' dir='ltr'><strong>perﬁciunt.</strong></span> 
     </span>
    </p>
   </div>
   <div class='ocr_carea' id='block_1_74' title="bbox 2049 1384 3551 1456">
    <p class='ocr_par' dir='ltr' id='par_1_74' title="bbox 2049 1384 3551 1456">
     <span class='ocr_line' id='line_1_74' title="bbox 2049 1384 3551 1456; baseline -0.003 -15"><span class='ocrx_word' id='word_1_528' title='bbox 2049 1388 2182 1441; x_wconf 80' lang='lat' dir='ltr'><strong>Sunt</strong></span> <span class='ocrx_word' id='word_1_529' title='bbox 2225 1389 2375 1440; x_wconf 68' lang='lat' dir='ltr'><strong>etiam</strong></span> <span class='ocrx_word' id='word_1_530' title='bbox 2414 1388 2517 1441; x_wconf 79' lang='lat' dir='ltr'><strong>alia</strong></span> <span class='ocrx_word' id='word_1_531' title='bbox 2546 1404 2731 1456; x_wconf 83' lang='lat' dir='ltr'><strong>gcuera</strong></span> <span class='ocrx_word' id='word_1_532' title='bbox 2767 1388 3155 1454; x_wconf 80' lang='lat' dir='ltr'><strong>deﬁnitionum,</strong></span> <span class='ocrx_word' id='word_1_533' title='bbox 3189 1384 3276 1437; x_wconf 76' lang='lat' dir='ltr'><strong>sed</strong></span> <span class='ocrx_word' id='word_1_534' title='bbox 3305 1384 3372 1436; x_wconf 84' lang='lat' dir='ltr'><strong>ad</strong></span> <span class='ocrx_word' id='word_1_535' title='bbox 3400 1384 3551 1454; x_wconf 80' lang='lat' dir='ltr'><strong>hujus</strong></span> 
     </span>
    </p>
   </div>
   <div class='ocr_carea' id='block_1_75' title="bbox 1975 1474 3553 1545">
    <p class='ocr_par' dir='ltr' id='par_1_75' title="bbox 1975 1474 3553 1545">
     <span class='ocr_line' id='line_1_75' title="bbox 1975 1474 3553 1545; baseline -0.003 -14"><span class='ocrx_word' id='word_1_536' title='bbox 1975 1480 2091 1531; x_wconf 80' lang='lat' dir='ltr'><strong>libri</strong></span> <span class='ocrx_word' id='word_1_537' title='bbox 2123 1481 2405 1532; x_wconf 73' lang='lat' dir='ltr'><strong>institutum</strong></span> <span class='ocrx_word' id='word_1_538' title='bbox 2445 1478 2535 1530; x_wconf 79' lang='lat' dir='ltr'><strong>illa</strong></span> <span class='ocrx_word' id='word_1_539' title='bbox 2579 1496 2677 1531; x_wconf 89' lang='lat' dir='ltr'><strong>non</strong></span> <span class='ocrx_word' id='word_1_540' title='bbox 2721 1481 2989 1545; x_wconf 75' lang='lat' dir='ltr'><strong>pertinent,</strong></span> <span class='ocrx_word' id='word_1_541' title='bbox 3032 1487 3223 1529; x_wconf 85' lang='lat' dir='ltr'><strong>tantum</strong></span> <span class='ocrx_word' id='word_1_542' title='bbox 3266 1483 3337 1529; x_wconf 80' lang='lat' dir='ltr'><strong>est</strong></span> <span class='ocrx_word' id='word_1_543' title='bbox 3383 1474 3553 1529; x_wconf 85' lang='lat' dir='ltr'><strong>dicen-</strong></span> 
     </span>
    </p>
   </div>
   <div class='ocr_carea' id='block_1_76' title="bbox 1976 1572 2865 1639">
    <p class='ocr_par' dir='ltr' id='par_1_76' title="bbox 1976 1572 2865 1639">
     <span class='ocr_line' id='line_1_76' title="bbox 1976 1572 2865 1639; baseline 0.002 -16"><span class='ocrx_word' id='word_1_544' title='bbox 1976 1572 2096 1623; x_wconf 85' lang='lat' dir='ltr'><strong>dum</strong></span> <span class='ocrx_word' id='word_1_545' title='bbox 2126 1573 2210 1639; x_wconf 87' lang='lat' dir='ltr'><strong>qui</strong></span> <span class='ocrx_word' id='word_1_546' title='bbox 2239 1574 2301 1625; x_wconf 82' lang='lat' dir='ltr'><strong>sit</strong></span> <span class='ocrx_word' id='word_1_547' title='bbox 2327 1573 2638 1639; x_wconf 72' lang='lat' dir='ltr'><strong>deﬁnitionis</strong></span> <span class='ocrx_word' id='word_1_548' title='bbox 2666 1573 2865 1625; x_wconf 82' lang='lat' dir='ltr'><strong>modus.</strong></span> 
     </span>
    </p>
   </div>
   <div class='ocr_carea' id='block_1_77' title="bbox 2070 1663 3554 1717">
    <p class='ocr_par' dir='ltr' id='par_1_77' title="bbox 2070 1663 3554 1717">
     <span class='ocr_line' id='line_1_77' title="bbox 2070 1663 3554 1717; baseline 0.001 -1"><span class='ocrx_word' id='word_1_549' title='bbox 2070 1665 2219 1717; x_wconf 91' lang='lat' dir='ltr'><strong>llunc</strong></span> <span class='ocrx_word' id='word_1_550' title='bbox 2279 1666 2450 1717; x_wconf 89' lang='lat' dir='ltr'><strong>locum</strong></span> <span class='ocrx_word' id='word_1_551' title='bbox 2506 1664 2806 1717; x_wconf 82' lang='lat' dir='ltr'><strong>Victorinus</strong></span> <span class='ocrx_word' id='word_1_552' title='bbox 2866 1664 3018 1717; x_wconf 85' lang='lat' dir='ltr'><strong>unius</strong></span> <span class='ocrx_word' id='word_1_553' title='bbox 3074 1663 3357 1716; x_wconf 88' lang='lat' dir='ltr'><strong>voluminis</strong></span> <span class='ocrx_word' id='word_1_554' title='bbox 3415 1665 3554 1717; x_wconf 79' lang='lat' dir='ltr'><strong>serie</strong></span> 
     </span>
    </p>
   </div>
   <div class='ocr_carea' id='block_1_78' title="bbox 1978 1752 3556 1821">
    <p class='ocr_par' dir='ltr' id='par_1_78' title="bbox 1978 1752 3556 1821">
     <span class='ocr_line' id='line_1_78' title="bbox 1978 1752 3556 1821; baseline 0.001 -17"><span class='ocrx_word' id='word_1_555' title='bbox 1978 1768 2258 1821; x_wconf 84' lang='lat' dir='ltr'><strong>aggressus</strong></span> <span class='ocrx_word' id='word_1_556' title='bbox 2288 1768 2559 1820; x_wconf 77' lang='lat' dir='ltr'><strong>exponere</strong></span> <span class='ocrx_word' id='word_1_557' title='bbox 2609 1762 2663 1804; x_wconf 83' lang='lat' dir='ltr'><strong>et</strong></span> <span class='ocrx_word' id='word_1_558' title='bbox 2698 1768 2882 1805; x_wconf 87' lang='lat' dir='ltr'><strong>omnes</strong></span> <span class='ocrx_word' id='word_1_559' title='bbox 2912 1753 3277 1805; x_wconf 88' lang='lat' dir='ltr'><strong>deﬁnitionum</strong></span> <span class='ocrx_word' id='word_1_560' title='bbox 3307 1752 3556 1806; x_wconf 76' lang='lat' dir='ltr'><strong>diﬁ&#39;ereu—</strong></span> 
     </span>
    </p>
   </div>
   <div class='ocr_carea' id='block_1_79' title="bbox 1902 1846 3557 1945">
    <p class='ocr_par' dir='ltr' id='par_1_79' title="bbox 1902 1846 3557 1945">
     <span class='ocr_line' id='line_1_79' title="bbox 1902 1846 3557 1945; baseline 0.001 -46"><span class='ocrx_word' id='word_1_561' title='bbox 1902 1885 1950 1945; x_wconf 69' lang='grc' dir='ltr'><strong>Β</strong></span> <span class='ocrx_word' id='word_1_562' title='bbox 1980 1848 2081 1900; x_wconf 90' lang='lat' dir='ltr'><strong>tias</strong></span> <span class='ocrx_word' id='word_1_563' title='bbox 2113 1862 2449 1912; x_wconf 81' lang='lat' dir='ltr'><strong>enumerare,</strong></span> <span class='ocrx_word' id='word_1_564' title='bbox 2491 1847 2683 1899; x_wconf 89' lang='lat' dir='ltr'><strong>multas</strong></span> <span class='ocrx_word' id='word_1_565' title='bbox 2732 1846 3026 1913; x_wconf 87' lang='lat' dir='ltr'><strong>interserit,</strong></span> <span class='ocrx_word' id='word_1_566' title='bbox 3058 1863 3173 1915; x_wconf 77' lang='lat' dir='ltr'><strong>quze</strong></span> <span class='ocrx_word' id='word_1_567' title='bbox 3216 1847 3557 1900; x_wconf 84' lang='lat' dir='ltr'><strong>definitiones</strong></span> 
     </span>
    </p>
   </div>
   <div class='ocr_carea' id='block_1_80' title="bbox 1979 1939 3559 2008">
    <p class='ocr_par' dir='ltr' id='par_1_80' title="bbox 1979 1939 3559 2008">
     <span class='ocr_line' id='line_1_80' title="bbox 1979 1939 3559 2008; baseline -0.001 -15"><span class='ocrx_word' id='word_1_568' title='bbox 1979 1954 2100 1994; x_wconf 89' lang='lat' dir='ltr'><strong>esse</strong></span> <span class='ocrx_word' id='word_1_569' title='bbox 2132 1955 2266 2008; x_wconf 90' lang='lat' dir='ltr'><strong>pene</strong></span> <span class='ocrx_word' id='word_1_570' title='bbox 2305 1940 2373 1992; x_wconf 79' lang='lat' dir='ltr'><strong>ali</strong></span> <span class='ocrx_word' id='word_1_571' title='bbox 2407 1939 2653 1992; x_wconf 85' lang='lat' dir='ltr'><strong>omnibus</strong></span> <span class='ocrx_word' id='word_1_572' title='bbox 2693 1941 3067 1993; x_wconf 88' lang='lat' dir='ltr'><strong>reclamantur.</strong></span> <span class='ocrx_word' id='word_1_573' title='bbox 3122 1940 3262 1992; x_wconf 80' lang='lat' dir='ltr'><strong>lttlt&#39;r</strong></span> <span class='ocrx_word' id='word_1_574' title='bbox 3291 1940 3559 1993; x_wconf 78' lang='lat' dir='ltr'><strong>definitio-</strong></span> 
     </span>
    </p>
   </div>
   <div class='ocr_carea' id='block_1_81' title="bbox 1979 2033 3558 2101">
    <p class='ocr_par' dir='ltr' id='par_1_81' title="bbox 1979 2033 3558 2101">
     <span class='ocr_line' id='line_1_81' title="bbox 1979 2033 3558 2101; baseline 0 -15"><span class='ocrx_word' id='word_1_575' title='bbox 1979 2048 2075 2087; x_wconf 91' lang='lat' dir='ltr'><strong>nes</strong></span> <span class='ocrx_word' id='word_1_576' title='bbox 2104 2036 2245 2087; x_wconf 92' lang='lat' dir='ltr'><strong>enim</strong></span> <span class='ocrx_word' id='word_1_577' title='bbox 2280 2035 2426 2101; x_wconf 87' lang='lat' dir='ltr'><strong>ponit</strong></span> <span class='ocrx_word' id='word_1_578' title='bbox 2455 2044 2507 2086; x_wconf 89' lang='lat' dir='ltr'><strong>et</strong></span> <span class='ocrx_word' id='word_1_579' title='bbox 2539 2033 2772 2100; x_wconf 89' lang='lat' dir='ltr'><strong>nomina,</strong></span> <span class='ocrx_word' id='word_1_580' title='bbox 2798 2034 2934 2101; x_wconf 81' lang='lat' dir='ltr'><strong>quod</strong></span> <span class='ocrx_word' id='word_1_581' title='bbox 2967 2034 3267 2100; x_wconf 82' lang='lat' dir='ltr'><strong>specialiter</strong></span> <span class='ocrx_word' id='word_1_582' title='bbox 3298 2035 3558 2086; x_wconf 78' lang='lat' dir='ltr'><strong>Aristote-</strong></span> 
     </span>
    </p>
   </div>
   <div class='ocr_carea' id='block_1_82' title="bbox 1982 2122 3557 2194">
    <p class='ocr_par' dir='ltr' id='par_1_82' title="bbox 1982 2122 3557 2194">
     <span class='ocr_line' id='line_1_82' title="bbox 1982 2122 3557 2194; baseline 0.001 -18"><span class='ocrx_word' id='word_1_583' title='bbox 1982 2125 2016 2177; x_wconf 93' lang='lat' dir='ltr'><strong>li</strong></span> <span class='ocrx_word' id='word_1_584' title='bbox 2063 2125 2111 2177; x_wconf 92' lang='lat' dir='ltr'><strong>in</strong></span> <span class='ocrx_word' id='word_1_585' title='bbox 2159 2126 2304 2177; x_wconf 92' lang='lat' dir='ltr'><strong>omni</strong></span> <span class='ocrx_word' id='word_1_586' title='bbox 2348 2122 2711 2177; x_wconf 85' lang='lat' dir='ltr'><strong>doctrinarum</strong></span> <span class='ocrx_word' id='word_1_587' title='bbox 2742 2141 2935 2193; x_wconf 75' lang='lat' dir='ltr'><strong>genere</strong></span> <span class='ocrx_word' id='word_1_588' title='bbox 2969 2126 3292 2194; x_wconf 80' lang='lat' dir='ltr'><strong>peritissimo</strong></span> <span class='ocrx_word' id='word_1_589' title='bbox 3332 2144 3433 2177; x_wconf 79' lang='lat' dir='ltr'><strong>mn</strong></span> <span class='ocrx_word' id='word_1_590' title='bbox 3482 2127 3557 2179; x_wconf 72' lang='lat' dir='ltr'><strong>vi-</strong></span> 
     </span>
    </p>
   </div>
   <div class='ocr_carea' id='block_1_83' title="bbox 1981 2213 3559 2283">
    <p class='ocr_par' dir='ltr' id='par_1_83' title="bbox 1981 2213 3559 2283">
     <span class='ocr_line' id='line_1_83' title="bbox 1981 2213 3559 2283; baseline 0.004 -20"><span class='ocrx_word' id='word_1_591' title='bbox 1981 2213 2175 2278; x_wconf 89' lang='lat' dir='ltr'><strong>detur;</strong></span> <span class='ocrx_word' id='word_1_592' title='bbox 2232 2226 2589 2283; x_wconf 84' lang='lat' dir='ltr'><strong>pernegatque</strong></span> <span class='ocrx_word' id='word_1_593' title='bbox 2622 2216 2669 2265; x_wconf 92' lang='lat' dir='ltr'><strong>in</strong></span> <span class='ocrx_word' id='word_1_594' title='bbox 2704 2216 2914 2281; x_wconf 82' lang='lat' dir='ltr'><strong>Topicis</strong></span> <span class='ocrx_word' id='word_1_595' title='bbox 2966 2218 3178 2269; x_wconf 89' lang='lat' dir='ltr'><strong>nomine</strong></span> <span class='ocrx_word' id='word_1_596' title='bbox 3207 2218 3319 2269; x_wconf 81' lang='lat' dir='ltr'><strong>ﬁeri</strong></span> <span class='ocrx_word' id='word_1_597' title='bbox 3366 2216 3559 2269; x_wconf 86' lang='lat' dir='ltr'><strong>deﬁni-</strong></span> 
     </span>
    </p>
   </div>
   <div class='ocr_carea' id='block_1_84' title="bbox 1985 2302 3560 2369">
    <p class='ocr_par' dir='ltr' id='par_1_84' title="bbox 1985 2302 3560 2369">
     <span class='ocr_line' id='line_1_84' title="bbox 1985 2302 3560 2369; baseline 0.004 -17"><span class='ocrx_word' id='word_1_598' title='bbox 1985 2302 2207 2366; x_wconf 89' lang='lat' dir='ltr'><strong>tionem,</strong></span> <span class='ocrx_word' id='word_1_599' title='bbox 2246 2303 2406 2355; x_wconf 70' lang='lat' dir='ltr'><strong>veluti</strong></span> <span class='ocrx_word' id='word_1_600' title='bbox 2438 2304 2481 2354; x_wconf 91' lang='lat' dir='ltr'><strong>si</strong></span> <span class='ocrx_word' id='word_1_601' title='bbox 2513 2304 2631 2369; x_wconf 90' lang='lat' dir='ltr'><strong>quis</strong></span> <span class='ocrx_word' id='word_1_602' title='bbox 2661 2303 2802 2357; x_wconf 67' lang='lat' dir='ltr'><strong>dit-at</strong></span> <span class='ocrx_word' id='word_1_603' title='bbox 2836 2320 2846 2354; x_wconf 91' lang='lat'>:</span> <span class='ocrx_word' id='word_1_604' title='bbox 2883 2306 3017 2369; x_wconf 80' lang='lat' dir='ltr'><strong>Quid</strong></span> <span class='ocrx_word' id='word_1_605' title='bbox 3052 2314 3133 2357; x_wconf 90' lang='lat' dir='ltr'><strong>est</strong></span> <span class='ocrx_word' id='word_1_606' title='bbox 3172 2305 3560 2369; x_wconf 84' lang='lat' dir='ltr'><strong>conticescere,</strong></span> 
     </span>
    </p>
   </div>
   <div class='ocr_carea' id='block_1_85' title="bbox 1983 2392 3561 2459">
    <p class='ocr_par' dir='ltr' id='par_1_85' title="bbox 1983 2392 3561 2459">
     <span class='ocr_line' id='line_1_85' title="bbox 1983 2392 3561 2459; baseline 0.003 -15"><span class='ocrx_word' id='word_1_607' title='bbox 1983 2398 2038 2444; x_wconf 90' lang='lat' dir='ltr'><strong>et</strong></span> <span class='ocrx_word' id='word_1_608' title='bbox 2068 2392 2473 2458; x_wconf 59' lang='lat' dir='ltr'><strong>resiiondeatur,</strong></span> <span class='ocrx_word' id='word_1_609' title='bbox 2501 2394 2722 2459; x_wconf 86' lang='lat' dir='ltr'><strong>&#39;l‘acere,</strong></span> <span class='ocrx_word' id='word_1_610' title='bbox 2757 2394 2838 2447; x_wconf 62' lang='lat' dir='ltr'><strong>hic</strong></span> <span class='ocrx_word' id='word_1_611' title='bbox 2869 2396 3009 2447; x_wconf 90' lang='lat' dir='ltr'><strong>nullo</strong></span> <span class='ocrx_word' id='word_1_612' title='bbox 3039 2395 3193 2447; x_wconf 88' lang='lat' dir='ltr'><strong>modo</strong></span> <span class='ocrx_word' id='word_1_613' title='bbox 3223 2396 3561 2450; x_wconf 83' lang='lat' dir='ltr'><strong>definitiones</strong></span> 
     </span>
    </p>
   </div>
   <div class='ocr_carea' id='block_1_86' title="bbox 1986 2481 3559 2552">
    <p class='ocr_par' dir='ltr' id='par_1_86' title="bbox 1986 2481 3559 2552">
     <span class='ocr_line' id='line_1_86' title="bbox 1986 2481 3559 2552; baseline 0.006 -20"><span class='ocrx_word' id='word_1_614' title='bbox 1986 2481 2243 2535; x_wconf 75' lang='lat' dir='ltr'><strong>habenda:</strong></span> <span class='ocrx_word' id='word_1_615' title='bbox 2270 2492 2415 2536; x_wconf 90' lang='lat' dir='ltr'><strong>sunt.</strong></span> <span class='ocrx_word' id='word_1_616' title='bbox 2462 2483 2612 2547; x_wconf 82' lang='lat' dir='ltr'><strong>Quod</strong></span> <span class='ocrx_word' id='word_1_617' title='bbox 2644 2486 2803 2536; x_wconf 89' lang='lat' dir='ltr'><strong>etiam</strong></span> <span class='ocrx_word' id='word_1_618' title='bbox 2832 2500 2896 2537; x_wconf 75' lang='lat' dir='ltr'><strong>ex</strong></span> <span class='ocrx_word' id='word_1_619' title='bbox 2929 2486 3093 2552; x_wconf 72' lang='lat' dir='ltr'><strong>ipsius</strong></span> <span class='ocrx_word' id='word_1_620' title='bbox 3144 2487 3211 2539; x_wconf 84' lang='lat' dir='ltr'><strong>M.</strong></span> <span class='ocrx_word' id='word_1_621' title='bbox 3239 2486 3394 2538; x_wconf 88' lang='lat' dir='ltr'><strong>&#39;l‘ullii</strong></span> <span class='ocrx_word' id='word_1_622' title='bbox 3429 2488 3559 2541; x_wconf 29' lang='lat' dir='ltr'><strong>dctis</strong></span> 
     </span>
    </p>
   </div>
   <div class='ocr_carea' id='block_1_87' title="bbox 1986 2574 3561 2647">
    <p class='ocr_par' dir='ltr' id='par_1_87' title="bbox 1986 2574 3561 2647">
     <span class='ocr_line' id='line_1_87' title="bbox 1986 2574 3561 2647; baseline 0.004 -20"><span class='ocrx_word' id='word_1_623' title='bbox 1986 2575 2187 2628; x_wconf 90' lang='lat' dir='ltr'><strong>nitione</strong></span> <span class='ocrx_word' id='word_1_624' title='bbox 2237 2574 2517 2644; x_wconf 84' lang='lat' dir='ltr'><strong>approbari</strong></span> <span class='ocrx_word' id='word_1_625' title='bbox 2568 2587 2761 2642; x_wconf 80' lang='lat' dir='ltr'><strong>potest,</strong></span> <span class='ocrx_word' id='word_1_626' title='bbox 2818 2592 2912 2645; x_wconf 83' lang='lat' dir='ltr'><strong>per</strong></span> <span class='ocrx_word' id='word_1_627' title='bbox 2956 2594 3111 2647; x_wconf 90' lang='lat' dir='ltr'><strong>quam</strong></span> <span class='ocrx_word' id='word_1_628' title='bbox 3159 2578 3394 2632; x_wconf 86' lang='lat' dir='ltr'><strong>deﬁnitio</strong></span> <span class='ocrx_word' id='word_1_629' title='bbox 3439 2582 3561 2647; x_wconf 72' lang='lat' dir='ltr'><strong>quid</strong></span> 
     </span>
    </p>
   </div>
   <div class='ocr_carea' id='block_1_88' title="bbox 1985 2664 3562 2728">
    <p class='ocr_par' dir='ltr' id='par_1_88' title="bbox 1985 2664 3562 2728">
     <span class='ocr_line' id='line_1_88' title="bbox 1985 2664 3562 2728; baseline 0.003 -10"><span class='ocrx_word' id='word_1_630' title='bbox 1985 2675 2128 2718; x_wconf 89' lang='lat' dir='ltr'><strong>esset</strong></span> <span class='ocrx_word' id='word_1_631' title='bbox 2177 2666 2439 2728; x_wconf 83' lang='lat' dir='ltr'><strong>ostendit;</strong></span> <span class='ocrx_word' id='word_1_632' title='bbox 2473 2664 2607 2718; x_wconf 83' lang='lat' dir='ltr'><strong>dixit</strong></span> <span class='ocrx_word' id='word_1_633' title='bbox 2636 2667 2776 2719; x_wconf 90' lang='lat' dir='ltr'><strong>enim</strong></span> <span class='ocrx_word' id='word_1_634' title='bbox 2820 2682 2938 2721; x_wconf 86' lang='lat' dir='ltr'><strong>esse</strong></span> <span class='ocrx_word' id='word_1_635' title='bbox 2968 2668 3326 2721; x_wconf 82' lang='lat' dir='ltr'><strong>deﬁnitionem</strong></span> <span class='ocrx_word' id='word_1_636' title='bbox 3362 2669 3562 2722; x_wconf 83' lang='lat' dir='ltr'><strong>oratio-</strong></span> 
     </span>
    </p>
   </div>
   <div class='ocr_carea' id='block_1_89' title="bbox 1985 2756 3563 2827">
    <p class='ocr_par' dir='ltr' id='par_1_89' title="bbox 1985 2756 3563 2827">
     <span class='ocr_line' id='line_1_89' title="bbox 1985 2756 3563 2827; baseline 0.003 -18"><span class='ocrx_word' id='word_1_637' title='bbox 1985 2771 2107 2810; x_wconf 89' lang='lat' dir='ltr'><strong>nem</strong></span> <span class='ocrx_word' id='word_1_638' title='bbox 2151 2771 2268 2823; x_wconf 56' lang='lat' dir='ltr'><strong>qua‘.</strong></span> <span class='ocrx_word' id='word_1_639' title='bbox 2318 2756 2367 2810; x_wconf 91' lang='lat' dir='ltr'><strong>id</strong></span> <span class='ocrx_word' id='word_1_640' title='bbox 2409 2758 2547 2825; x_wconf 86' lang='lat' dir='ltr'><strong>quod</strong></span> <span class='ocrx_word' id='word_1_641' title='bbox 2581 2756 2831 2809; x_wconf 91' lang='lat' dir='ltr'><strong>deﬁnitur</strong></span> <span class='ocrx_word' id='word_1_642' title='bbox 2882 2757 3110 2827; x_wconf 79' lang='lat' dir='ltr'><strong>explicat</strong></span> <span class='ocrx_word' id='word_1_643' title='bbox 3144 2758 3270 2824; x_wconf 84' lang='lat' dir='ltr'><strong>quid</strong></span> <span class='ocrx_word' id='word_1_644' title='bbox 3313 2759 3400 2810; x_wconf 80' lang='lat' dir='ltr'><strong>sit.</strong></span> <span class='ocrx_word' id='word_1_645' title='bbox 3454 2760 3563 2813; x_wconf 87' lang='lat' dir='ltr'><strong>Sed</strong></span> 
     </span>
    </p>
   </div>
   <div class='ocr_carea' id='block_1_90' title="bbox 1983 2846 3561 2911">
    <p class='ocr_par' dir='ltr' id='par_1_90' title="bbox 1983 2846 3561 2911">
     <span class='ocr_line' id='line_1_90' title="bbox 1983 2846 3561 2911; baseline 0.005 -16"><span class='ocrx_word' id='word_1_646' title='bbox 1983 2859 2105 2896; x_wconf 92' lang='lat' dir='ltr'><strong>cutn</strong></span> <span class='ocrx_word' id='word_1_647' title='bbox 2149 2859 2344 2898; x_wconf 90' lang='lat' dir='ltr'><strong>nomen</strong></span> <span class='ocrx_word' id='word_1_648' title='bbox 2383 2860 2489 2897; x_wconf 91' lang='lat' dir='ltr'><strong>non</strong></span> <span class='ocrx_word' id='word_1_649' title='bbox 2531 2846 2599 2897; x_wconf 88' lang='lat' dir='ltr'><strong>sit</strong></span> <span class='ocrx_word' id='word_1_650' title='bbox 2634 2847 2833 2911; x_wconf 84' lang='lat' dir='ltr'><strong>oratio,</strong></span> <span class='ocrx_word' id='word_1_651' title='bbox 2866 2847 3201 2900; x_wconf 85' lang='lat' dir='ltr'><strong>manifestum</strong></span> <span class='ocrx_word' id='word_1_652' title='bbox 3237 2858 3319 2900; x_wconf 69' lang='lat' dir='ltr'><strong>est</strong></span> <span class='ocrx_word' id='word_1_653' title='bbox 3349 2850 3561 2903; x_wconf 75' lang='lat' dir='ltr'><strong>nomine</strong></span> 
     </span>
    </p>
   </div>
   <div class='ocr_carea' id='block_1_91' title="bbox 1984 2935 3562 3004">
    <p class='ocr_par' dir='ltr' id='par_1_91' title="bbox 1984 2935 3562 3004">
     <span class='ocr_line' id='line_1_91' title="bbox 1984 2935 3562 3004; baseline 0 -15"><span class='ocrx_word' id='word_1_654' title='bbox 1984 2935 2354 2989; x_wconf 89' lang='lat' dir='ltr'><strong>deﬁnitionem</strong></span> <span class='ocrx_word' id='word_1_655' title='bbox 2389 2950 2493 2987; x_wconf 91' lang='lat' dir='ltr'><strong>non</strong></span> <span class='ocrx_word' id='word_1_656' title='bbox 2528 2949 2682 3001; x_wconf 88' lang='lat' dir='ltr'><strong>posse</strong></span> <span class='ocrx_word' id='word_1_657' title='bbox 2711 2936 2986 3001; x_wconf 80' lang='lat' dir='ltr'><strong>eonStitui,</strong></span> <span class='ocrx_word' id='word_1_658' title='bbox 3015 2951 3135 2989; x_wconf 90' lang='lat' dir='ltr'><strong>cum</strong></span> <span class='ocrx_word' id='word_1_659' title='bbox 3168 2938 3461 3004; x_wconf 67' lang='lat' dir='ltr'><strong>praesertim</strong></span> <span class='ocrx_word' id='word_1_660' title='bbox 3496 2952 3562 2991; x_wconf 88' lang='lat' dir='ltr'><strong>ne</strong></span> 
     </span>
    </p>
   </div>
   <div class='ocr_carea' id='block_1_92' title="bbox 1984 3024 3559 3097">
    <p class='ocr_par' dir='ltr' id='par_1_92' title="bbox 1984 3024 3559 3097">
     <span class='ocr_line' id='line_1_92' title="bbox 1984 3024 3559 3097; baseline 0.004 -19"><span class='ocrx_word' id='word_1_661' title='bbox 1984 3026 2159 3078; x_wconf 84' lang='lat' dir='ltr'><strong>omnia</strong></span> <span class='ocrx_word' id='word_1_662' title='bbox 2186 3024 2399 3094; x_wconf 89' lang='lat' dir='ltr'><strong>quidem</strong></span> <span class='ocrx_word' id='word_1_663' title='bbox 2421 3040 2537 3093; x_wconf 67' lang='lat' dir='ltr'><strong>qua:</strong></span> <span class='ocrx_word' id='word_1_664' title='bbox 2559 3025 2799 3079; x_wconf 87' lang='lat' dir='ltr'><strong>oratione</strong></span> <span class='ocrx_word' id='word_1_665' title='bbox 2822 3037 3154 3094; x_wconf 72' lang='lat' dir='ltr'><strong>promuntur,</strong></span> <span class='ocrx_word' id='word_1_666' title='bbox 3182 3037 3338 3097; x_wconf 91' lang='lat' dir='ltr'><strong>atque</strong></span> <span class='ocrx_word' id='word_1_667' title='bbox 3360 3029 3559 3091; x_wconf 82' lang='lat' dir='ltr'><strong>aliquid</strong></span> 
     </span>
    </p>
   </div>
   <div class='ocr_carea' id='block_1_93' title="bbox 1985 3115 3557 3189">
    <p class='ocr_par' dir='ltr' id='par_1_93' title="bbox 1985 3115 3557 3189">
     <span class='ocr_line' id='line_1_93' title="bbox 1985 3115 3557 3189; baseline 0.006 -24"><span class='ocrx_word' id='word_1_668' title='bbox 1985 3115 2295 3181; x_wconf 88' lang='lat' dir='ltr'><strong>ostendunt,</strong></span> <span class='ocrx_word' id='word_1_669' title='bbox 2327 3118 2541 3183; x_wconf 81' lang='lat' dir='ltr'><strong>proprio</strong></span> <span class='ocrx_word' id='word_1_670' title='bbox 2576 3117 2901 3170; x_wconf 88' lang='lat' dir='ltr'><strong>deﬁnitionis</strong></span> <span class='ocrx_word' id='word_1_671' title='bbox 2931 3120 3145 3172; x_wconf 90' lang='lat' dir='ltr'><strong>nomine</strong></span> <span class='ocrx_word' id='word_1_672' title='bbox 3191 3122 3557 3189; x_wconf 89' lang='lat' dir='ltr'><strong>designentur,</strong></span> 
     </span>
    </p>
   </div>
   <div class='ocr_carea' id='block_1_94' title="bbox 1932 3207 3559 3281">
    <p class='ocr_par' dir='ltr' id='par_1_94' title="bbox 1932 3207 3559 3281">
     <span class='ocr_line' id='line_1_94' title="bbox 1932 3207 3559 3281; baseline 0.005 -23"><span class='ocrx_word' id='word_1_673' title='bbox 1932 3255 1953 3281; x_wconf 49' lang='grc' dir='ltr'><strong><em>η</em></strong></span> <span class='ocrx_word' id='word_1_674' title='bbox 1986 3207 2147 3261; x_wconf 90' lang='lat' dir='ltr'><strong>veluti</strong></span> <span class='ocrx_word' id='word_1_675' title='bbox 2190 3208 2599 3275; x_wconf 88' lang='lat' dir='ltr'><strong>descriptiones,</strong></span> <span class='ocrx_word' id='word_1_676' title='bbox 2632 3209 2909 3277; x_wconf 89' lang='lat' dir='ltr'><strong>omnisque</strong></span> <span class='ocrx_word' id='word_1_677' title='bbox 2947 3210 3047 3262; x_wconf 90' lang='lat' dir='ltr'><strong>alia</strong></span> <span class='ocrx_word' id='word_1_678' title='bbox 3081 3211 3251 3263; x_wconf 86' lang='lat' dir='ltr'><strong>oratio</strong></span> <span class='ocrx_word' id='word_1_679' title='bbox 3292 3229 3410 3280; x_wconf 68' lang='lat' dir='ltr'><strong>qua:</strong></span> <span class='ocrx_word' id='word_1_680' title='bbox 3454 3227 3559 3266; x_wconf 90' lang='lat' dir='ltr'><strong>non</strong></span> 
     </span>
    </p>
   </div>
   <div class='ocr_carea' id='block_1_95' title="bbox 1931 3295 3560 3371">
    <p class='ocr_par' dir='ltr' id='par_1_95' title="bbox 1931 3295 3560 3371">
     <span class='ocr_line' id='line_1_95' title="bbox 1931 3295 3560 3371; baseline 0.006 -21"><span class='ocrx_word' id='word_1_681' title='bbox 1931 3295 1955 3322; x_wconf 85' lang='lat'>‘</span> <span class='ocrx_word' id='word_1_682' title='bbox 1984 3312 2049 3351; x_wconf 84' lang='lat' dir='ltr'><strong>ex</strong></span> <span class='ocrx_word' id='word_1_683' title='bbox 2095 3298 2531 3351; x_wconf 88' lang='lat' dir='ltr'><strong>substantialibus</strong></span> <span class='ocrx_word' id='word_1_684' title='bbox 2580 3300 2858 3367; x_wconf 84' lang='lat' dir='ltr'><strong>partibus,</strong></span> <span class='ocrx_word' id='word_1_685' title='bbox 2906 3301 2997 3355; x_wconf 91' lang='lat' dir='ltr'><strong>sed</strong></span> <span class='ocrx_word' id='word_1_686' title='bbox 3052 3317 3112 3355; x_wconf 82' lang='lat' dir='ltr'><strong>ex</strong></span> <span class='ocrx_word' id='word_1_687' title='bbox 3163 3304 3401 3371; x_wconf 86' lang='lat' dir='ltr'><strong>quolibet</strong></span> <span class='ocrx_word' id='word_1_688' title='bbox 3452 3306 3560 3360; x_wconf 86' lang='lat' dir='ltr'><strong>alio</strong></span> 
     </span>
    </p>
   </div>
   <div class='ocr_carea' id='block_1_96' title="bbox 1983 3388 3561 3463">
    <p class='ocr_par' dir='ltr' id='par_1_96' title="bbox 1983 3388 3561 3463">
     <span class='ocr_line' id='line_1_96' title="bbox 1983 3388 3561 3463; baseline 0.005 -22"><span class='ocrx_word' id='word_1_689' title='bbox 1983 3388 2142 3442; x_wconf 91' lang='lat' dir='ltr'><strong>modo</strong></span> <span class='ocrx_word' id='word_1_690' title='bbox 2171 3389 2470 3456; x_wconf 85' lang='lat' dir='ltr'><strong>conjunctis</strong></span> <span class='ocrx_word' id='word_1_691' title='bbox 2501 3389 2749 3454; x_wconf 89' lang='lat' dir='ltr'><strong>efﬁcitur,</strong></span> <span class='ocrx_word' id='word_1_692' title='bbox 2792 3392 2932 3458; x_wconf 91' lang='lat' dir='ltr'><strong>quod</strong></span> <span class='ocrx_word' id='word_1_693' title='bbox 2984 3407 3049 3445; x_wconf 90' lang='lat' dir='ltr'><strong>ne</strong></span> <span class='ocrx_word' id='word_1_694' title='bbox 3092 3394 3203 3460; x_wconf 88' lang='lat' dir='ltr'><strong>ipse</strong></span> <span class='ocrx_word' id='word_1_695' title='bbox 3229 3398 3441 3463; x_wconf 86' lang='lat' dir='ltr'><strong>quidem</strong></span> <span class='ocrx_word' id='word_1_696' title='bbox 3472 3397 3561 3449; x_wconf 82' lang='lat' dir='ltr'><strong>Vi-</strong></span> 
     </span>
    </p>
   </div>
   <div class='ocr_carea' id='block_1_97' title="bbox 1980 3479 3559 3547">
    <p class='ocr_par' dir='ltr' id='par_1_97' title="bbox 1980 3479 3559 3547">
     <span class='ocr_line' id='line_1_97' title="bbox 1980 3479 3559 3547; baseline 0.006 -16"><span class='ocrx_word' id='word_1_697' title='bbox 1980 3479 2221 3532; x_wconf 90' lang='lat' dir='ltr'><strong>ctorinus</strong></span> <span class='ocrx_word' id='word_1_698' title='bbox 2272 3481 2500 3547; x_wconf 87' lang='lat' dir='ltr'><strong>ignorat.</strong></span> <span class='ocrx_word' id='word_1_699' title='bbox 2567 3479 2671 3533; x_wconf 91' lang='lat' dir='ltr'><strong>Sed</strong></span> <span class='ocrx_word' id='word_1_700' title='bbox 2715 3481 2926 3535; x_wconf 88' lang='lat' dir='ltr'><strong>videtur</strong></span> <span class='ocrx_word' id='word_1_701' title='bbox 2973 3482 3023 3535; x_wconf 92' lang='lat' dir='ltr'><strong>id</strong></span> <span class='ocrx_word' id='word_1_702' title='bbox 3071 3483 3395 3539; x_wconf 89' lang='lat' dir='ltr'><strong>deﬁnitionis</strong></span> <span class='ocrx_word' id='word_1_703' title='bbox 3442 3489 3559 3541; x_wconf 88' lang='lat' dir='ltr'><strong>loco</strong></span> 
     </span>
    </p>
   </div>
   <div class='ocr_carea' id='block_1_98' title="bbox 1983 3568 3563 3645">
    <p class='ocr_par' dir='ltr' id='par_1_98' title="bbox 1983 3568 3563 3645">
     <span class='ocr_line' id='line_1_98' title="bbox 1983 3568 3563 3645; baseline 0.005 -24"><span class='ocrx_word' id='word_1_704' title='bbox 1983 3570 2099 3635; x_wconf 90' lang='lat' dir='ltr'><strong>ipse</strong></span> <span class='ocrx_word' id='word_1_705' title='bbox 2128 3568 2228 3621; x_wconf 88' lang='lat' dir='ltr'><strong>sibi</strong></span> <span class='ocrx_word' id='word_1_706' title='bbox 2258 3568 2564 3622; x_wconf 83' lang='lat' dir='ltr'><strong>Victorinus</strong></span> <span class='ocrx_word' id='word_1_707' title='bbox 2600 3569 2665 3621; x_wconf 89' lang='lat' dir='ltr'><strong>ad</strong></span> <span class='ocrx_word' id='word_1_708' title='bbox 2692 3569 2989 3626; x_wconf 86' lang='lat' dir='ltr'><strong>disserendi</strong></span> <span class='ocrx_word' id='word_1_709' title='bbox 3034 3576 3329 3642; x_wconf 74' lang='lat' dir='ltr'><strong>sumpsisse</strong></span> <span class='ocrx_word' id='word_1_710' title='bbox 3371 3592 3563 3645; x_wconf 65' lang='lat' dir='ltr'><strong>propoo</strong></span> 
     </span>
    </p>
   </div>
   <div class='ocr_carea' id='block_1_99' title="bbox 1980 3660 3563 3733">
    <p class='ocr_par' dir='ltr' id='par_1_99' title="bbox 1980 3660 3563 3733">
     <span class='ocr_line' id='line_1_99' title="bbox 1980 3660 3563 3733; baseline 0.004 -19"><span class='ocrx_word' id='word_1_711' title='bbox 1980 3662 2165 3725; x_wconf 88' lang='lat' dir='ltr'><strong>situm,</strong></span> <span class='ocrx_word' id='word_1_712' title='bbox 2216 3660 2355 3729; x_wconf 87' lang='lat' dir='ltr'><strong>quod</strong></span> <span class='ocrx_word' id='word_1_713' title='bbox 2404 3676 2619 3729; x_wconf 90' lang='lat' dir='ltr'><strong>quoquo</strong></span> <span class='ocrx_word' id='word_1_714' title='bbox 2668 3661 2825 3715; x_wconf 91' lang='lat' dir='ltr'><strong>modo</strong></span> <span class='ocrx_word' id='word_1_715' title='bbox 2874 3678 2985 3727; x_wconf 72' lang='lat' dir='ltr'><strong>rem</strong></span> <span class='ocrx_word' id='word_1_716' title='bbox 3040 3665 3332 3733; x_wconf 91' lang='lat' dir='ltr'><strong>subjectatn</strong></span> <span class='ocrx_word' id='word_1_717' title='bbox 3384 3676 3563 3733; x_wconf 74' lang='lat' dir='ltr'><strong>posset</strong></span> 
     </span>
    </p>
   </div>
   <div class='ocr_carea' id='block_1_100' title="bbox 1982 3751 3561 3825">
    <p class='ocr_par' dir='ltr' id='par_1_100' title="bbox 1982 3751 3561 3825">
     <span class='ocr_line' id='line_1_100' title="bbox 1982 3751 3561 3825; baseline 0.004 -20"><span class='ocrx_word' id='word_1_718' title='bbox 1982 3753 2290 3806; x_wconf 87' lang='lat' dir='ltr'><strong>ostendere.</strong></span> <span class='ocrx_word' id='word_1_719' title='bbox 2324 3751 2527 3805; x_wconf 80' lang='lat' dir='ltr'><strong>Idcirco</strong></span> <span class='ocrx_word' id='word_1_720' title='bbox 2558 3752 2697 3805; x_wconf 91' lang='lat' dir='ltr'><strong>enim</strong></span> <span class='ocrx_word' id='word_1_721' title='bbox 2754 3768 2945 3807; x_wconf 91' lang='lat' dir='ltr'><strong>nomen</strong></span> <span class='ocrx_word' id='word_1_722' title='bbox 2975 3771 3186 3825; x_wconf 89' lang='lat' dir='ltr'><strong>quoque</strong></span> <span class='ocrx_word' id='word_1_723' title='bbox 3215 3758 3267 3810; x_wconf 91' lang='lat' dir='ltr'><strong>in</strong></span> <span class='ocrx_word' id='word_1_724' title='bbox 3296 3758 3561 3813; x_wconf 71' lang='lat' dir='ltr'><strong>deﬁnitio-</strong></span> 
     </span>
    </p>
   </div>
   <div class='ocr_carea' id='block_1_101' title="bbox 1986 3842 3558 3915">
    <p class='ocr_par' dir='ltr' id='par_1_101' title="bbox 1986 3842 3558 3915">
     <span class='ocr_line' id='line_1_101' title="bbox 1986 3842 3558 3915; baseline 0.006 -21"><span class='ocrx_word' id='word_1_725' title='bbox 1986 3858 2109 3895; x_wconf 88' lang='lat' dir='ltr'><strong>num</strong></span> <span class='ocrx_word' id='word_1_726' title='bbox 2144 3858 2425 3896; x_wconf 91' lang='lat' dir='ltr'><strong>numerum</strong></span> <span class='ocrx_word' id='word_1_727' title='bbox 2454 3842 2678 3909; x_wconf 84' lang='lat' dir='ltr'><strong>recepit,</strong></span> <span class='ocrx_word' id='word_1_728' title='bbox 2711 3848 2958 3913; x_wconf 87' lang='lat' dir='ltr'><strong>quoniam</strong></span> <span class='ocrx_word' id='word_1_729' title='bbox 2992 3862 3133 3915; x_wconf 68' lang='lat' dir='ltr'><strong>sche</strong></span> <span class='ocrx_word' id='word_1_730' title='bbox 3164 3850 3371 3904; x_wconf 86' lang='lat' dir='ltr'><strong>netiore</strong></span> <span class='ocrx_word' id='word_1_731' title='bbox 3398 3866 3558 3904; x_wconf 83' lang='lat' dir='ltr'><strong>vota-</strong></span> 
     </span>
    </p>
   </div>
   <div class='ocr_carea' id='block_1_102' title="bbox 1982 3934 3564 4005">
    <p class='ocr_par' dir='ltr' id='par_1_102' title="bbox 1982 3934 3564 4005">
     <span class='ocr_line' id='line_1_102' title="bbox 1982 3934 3564 4005; baseline 0.008 -20"><span class='ocrx_word' id='word_1_732' title='bbox 1982 3935 2110 3986; x_wconf 72' lang='lat' dir='ltr'><strong>iiqu</strong></span> <span class='ocrx_word' id='word_1_733' title='bbox 2138 3936 2195 3987; x_wconf 90' lang='lat' dir='ltr'><strong>ﬁt</strong></span> <span class='ocrx_word' id='word_1_734' title='bbox 2224 3934 2421 3987; x_wconf 88' lang='lat' dir='ltr'><strong>clarius</strong></span> <span class='ocrx_word' id='word_1_735' title='bbox 2475 3935 2615 4001; x_wconf 90' lang='lat' dir='ltr'><strong>quod</strong></span> <span class='ocrx_word' id='word_1_736' title='bbox 2648 3936 2915 4001; x_wconf 88' lang='lat' dir='ltr'><strong>ignotiore</strong></span> <span class='ocrx_word' id='word_1_737' title='bbox 2945 3945 3099 3990; x_wconf 88' lang='lat' dir='ltr'><strong>antea</strong></span> <span class='ocrx_word' id='word_1_738' title='bbox 3133 3940 3395 4005; x_wconf 88' lang='lat' dir='ltr'><strong>prolatum</strong></span> <span class='ocrx_word' id='word_1_739' title='bbox 3430 3945 3564 3999; x_wconf 90' lang='lat' dir='ltr'><strong>late-</strong></span> 
     </span>
    </p>
   </div>
   <div class='ocr_carea' id='block_1_103' title="bbox 1986 4024 3563 4096">
    <p class='ocr_par' dir='ltr' id='par_1_103' title="bbox 1986 4024 3563 4096">
     <span class='ocr_line' id='line_1_103' title="bbox 1986 4024 3563 4096; baseline 0.005 -18"><span class='ocrx_word' id='word_1_740' title='bbox 1986 4025 2093 4078; x_wconf 89' lang='lat' dir='ltr'><strong>bat.</strong></span> <span class='ocrx_word' id='word_1_741' title='bbox 2148 4024 2345 4076; x_wconf 77' lang='lat' dir='ltr'><strong>[dcimo</strong></span> <span class='ocrx_word' id='word_1_742' title='bbox 2376 4026 2537 4077; x_wconf 87' lang='lat' dir='ltr'><strong>etiam</strong></span> <span class='ocrx_word' id='word_1_743' title='bbox 2584 4038 2680 4075; x_wconf 92' lang='lat' dir='ltr'><strong>nos</strong></span> <span class='ocrx_word' id='word_1_744' title='bbox 2710 4026 2954 4092; x_wconf 90' lang='lat' dir='ltr'><strong>superius</strong></span> <span class='ocrx_word' id='word_1_745' title='bbox 2998 4027 3227 4081; x_wconf 83' lang='lat' dir='ltr'><strong>diximus</strong></span> <span class='ocrx_word' id='word_1_746' title='bbox 3255 4032 3563 4096; x_wconf 78' lang='lat' dir='ltr'><strong>explicatio-</strong></span> 
     </span>
    </p>
   </div>
   <div class='ocr_carea' id='block_1_104' title="bbox 1988 4115 3566 4189">
    <p class='ocr_par' dir='ltr' id='par_1_104' title="bbox 1988 4115 3566 4189">
     <span class='ocr_line' id='line_1_104' title="bbox 1988 4115 3566 4189; baseline 0.006 -19"><span class='ocrx_word' id='word_1_747' title='bbox 1988 4132 2111 4171; x_wconf 90' lang='lat' dir='ltr'><strong>nem</strong></span> <span class='ocrx_word' id='word_1_748' title='bbox 2146 4118 2255 4169; x_wconf 88' lang='lat' dir='ltr'><strong>fieri</strong></span> <span class='ocrx_word' id='word_1_749' title='bbox 2288 4115 2497 4169; x_wconf 87' lang='lat' dir='ltr'><strong>duobus</strong></span> <span class='ocrx_word' id='word_1_750' title='bbox 2538 4115 2709 4167; x_wconf 91' lang='lat' dir='ltr'><strong>modis</strong></span> <span class='ocrx_word' id='word_1_751' title='bbox 2763 4133 2775 4169; x_wconf 90' lang='lat'><strong>:</strong></span> <span class='ocrx_word' id='word_1_752' title='bbox 2827 4132 2929 4169; x_wconf 92' lang='lat' dir='ltr'><strong>uno</strong></span> <span class='ocrx_word' id='word_1_753' title='bbox 2967 4118 3178 4184; x_wconf 88' lang='lat' dir='ltr'><strong>quidem</strong></span> <span class='ocrx_word' id='word_1_754' title='bbox 3214 4134 3335 4174; x_wconf 90' lang='lat' dir='ltr'><strong>cum</strong></span> <span class='ocrx_word' id='word_1_755' title='bbox 3373 4138 3470 4189; x_wconf 88' lang='lat' dir='ltr'><strong>pro</strong></span> <span class='ocrx_word' id='word_1_756' title='bbox 3506 4140 3566 4179; x_wconf 82' lang='lat' dir='ltr'><strong>re</strong></span> 
     </span>
    </p>
   </div>
   <div class='ocr_carea' id='block_1_105' title="bbox 1989 4208 3565 4277">
    <p class='ocr_par' dir='ltr' id='par_1_105' title="bbox 1989 4208 3565 4277">
     <span class='ocr_line' id='line_1_105' title="bbox 1989 4208 3565 4277; baseline 0.001 -10"><span class='ocrx_word' id='word_1_757' title='bbox 1989 4211 2208 4267; x_wconf 90' lang='lat' dir='ltr'><strong>minime</strong></span> <span class='ocrx_word' id='word_1_758' title='bbox 2256 4210 2465 4276; x_wconf 87' lang='lat' dir='ltr'><strong>cognita</strong></span> <span class='ocrx_word' id='word_1_759' title='bbox 2504 4208 2712 4276; x_wconf 89' lang='lat' dir='ltr'><strong>planius</strong></span> <span class='ocrx_word' id='word_1_760' title='bbox 2743 4208 2936 4277; x_wconf 90' lang='lat' dir='ltr'><strong>aliquid</strong></span> <span class='ocrx_word' id='word_1_761' title='bbox 2967 4210 3251 4275; x_wconf 80' lang='lat' dir='ltr'><strong>alleratur;</strong></span> <span class='ocrx_word' id='word_1_762' title='bbox 3303 4212 3407 4265; x_wconf 88' lang='lat' dir='ltr'><strong>alio</strong></span> <span class='ocrx_word' id='word_1_763' title='bbox 3435 4229 3565 4268; x_wconf 90' lang='lat' dir='ltr'><strong>vero</strong></span> 
     </span>
    </p>
   </div>
   <div class='ocr_carea' id='block_1_106' title="bbox 1987 4300 3565 4369">
    <p class='ocr_par' dir='ltr' id='par_1_106' title="bbox 1987 4300 3565 4369">
     <span class='ocr_line' id='line_1_106' title="bbox 1987 4300 3565 4369; baseline 0.001 -14"><span class='ocrx_word' id='word_1_764' title='bbox 1987 4317 2106 4357; x_wconf 90' lang='lat' dir='ltr'><strong>cum</strong></span> <span class='ocrx_word' id='word_1_765' title='bbox 2137 4302 2194 4355; x_wconf 90' lang='lat' dir='ltr'><strong>ﬁt</strong></span> <span class='ocrx_word' id='word_1_766' title='bbox 2221 4315 2313 4369; x_wconf 90' lang='lat' dir='ltr'><strong>per</strong></span> <span class='ocrx_word' id='word_1_767' title='bbox 2339 4300 2618 4369; x_wconf 86' lang='lat' dir='ltr'><strong>quamdam</strong></span> <span class='ocrx_word' id='word_1_768' title='bbox 2649 4300 2875 4368; x_wconf 82' lang='lat' dir='ltr'><strong>partium</strong></span> <span class='ocrx_word' id='word_1_769' title='bbox 2898 4303 3349 4357; x_wconf 86' lang='lat' dir='ltr'><strong>enumerationem</strong></span> <span class='ocrx_word' id='word_1_770' title='bbox 3374 4322 3384 4355; x_wconf 96' lang='lat'>:</span> <span class='ocrx_word' id='word_1_771' title='bbox 3416 4314 3472 4357; x_wconf 90' lang='lat' dir='ltr'><strong>ut</strong></span> <span class='ocrx_word' id='word_1_772' title='bbox 3500 4321 3565 4363; x_wconf 77' lang='lat' dir='ltr'><strong>ea</strong></span> 
     </span>
    </p>
   </div>
   <div class='ocr_carea' id='block_1_107' title="bbox 1987 4394 3563 4465">
    <p class='ocr_par' dir='ltr' id='par_1_107' title="bbox 1987 4394 3563 4465">
     <span class='ocr_line' id='line_1_107' title="bbox 1987 4394 3563 4465; baseline 0.001 -16"><span class='ocrx_word' id='word_1_773' title='bbox 1987 4395 2200 4465; x_wconf 89' lang='lat' dir='ltr'><strong>quidem</strong></span> <span class='ocrx_word' id='word_1_774' title='bbox 2260 4394 2641 4463; x_wconf 80' lang='lat' dir='ltr'><strong>explicatio&#39;in</strong></span> <span class='ocrx_word' id='word_1_775' title='bbox 2673 4409 2774 4463; x_wconf 89' lang='lat' dir='ltr'><strong>qua</strong></span> <span class='ocrx_word' id='word_1_776' title='bbox 2823 4394 2996 4447; x_wconf 89' lang='lat' dir='ltr'><strong>notius</strong></span> <span class='ocrx_word' id='word_1_777' title='bbox 3062 4396 3258 4465; x_wconf 90' lang='lat' dir='ltr'><strong>aliquid</strong></span> <span class='ocrx_word' id='word_1_778' title='bbox 3306 4396 3563 4463; x_wconf 79' lang='lat' dir='ltr'><strong>affertur,</strong></span> 
     </span>
    </p>
   </div>
   <div class='ocr_carea' id='block_1_108' title="bbox 1990 4484 3564 4554">
    <p class='ocr_par' dir='ltr' id='par_1_108' title="bbox 1990 4484 3564 4554">
     <span class='ocr_line' id='line_1_108' title="bbox 1990 4484 3564 4554; baseline 0.002 -15"><span class='ocrx_word' id='word_1_779' title='bbox 1990 4486 2221 4540; x_wconf 90' lang='lat' dir='ltr'><strong>nominis</strong></span> <span class='ocrx_word' id='word_1_780' title='bbox 2251 4484 2349 4546; x_wconf 69' lang='lat' dir='ltr'><strong>sit;</strong></span> <span class='ocrx_word' id='word_1_781' title='bbox 2396 4500 2457 4538; x_wconf 87' lang='lat' dir='ltr'><strong>ea</strong></span> <span class='ocrx_word' id='word_1_782' title='bbox 2491 4498 2616 4538; x_wconf 86' lang='lat' dir='ltr'><strong>vero</strong></span> <span class='ocrx_word' id='word_1_783' title='bbox 2643 4500 2759 4551; x_wconf 67' lang='lat' dir='ltr'><strong>qua:</strong></span> <span class='ocrx_word' id='word_1_784' title='bbox 2803 4485 2860 4537; x_wconf 88' lang='lat' dir='ltr'><strong>ﬁt</strong></span> <span class='ocrx_word' id='word_1_785' title='bbox 2892 4500 2986 4553; x_wconf 92' lang='lat' dir='ltr'><strong>per</strong></span> <span class='ocrx_word' id='word_1_786' title='bbox 3016 4486 3237 4554; x_wconf 88' lang='lat' dir='ltr'><strong>partium</strong></span> <span class='ocrx_word' id='word_1_787' title='bbox 3282 4503 3564 4542; x_wconf 84' lang='lat' dir='ltr'><strong>enumera-</strong></span> 
     </span>
    </p>
   </div>
   <div class='ocr_carea' id='block_1_109' title="bbox 1995 4575 3563 4643">
    <p class='ocr_par' dir='ltr' id='par_1_109' title="bbox 1995 4575 3563 4643">
     <span class='ocr_line' id='line_1_109' title="bbox 1995 4575 3563 4643; baseline 0.003 -13"><span class='ocrx_word' id='word_1_788' title='bbox 1995 4579 2192 4632; x_wconf 89' lang='lat' dir='ltr'><strong>tionem</strong></span> <span class='ocrx_word' id='word_1_789' title='bbox 2225 4575 2509 4638; x_wconf 89' lang='lat' dir='ltr'><strong>orationis,</strong></span> <span class='ocrx_word' id='word_1_790' title='bbox 2539 4589 2839 4643; x_wconf 89' lang='lat' dir='ltr'><strong>quanquam</strong></span> <span class='ocrx_word' id='word_1_791' title='bbox 2874 4576 3032 4629; x_wconf 90' lang='lat' dir='ltr'><strong>etiam</strong></span> <span class='ocrx_word' id='word_1_792' title='bbox 3068 4576 3117 4629; x_wconf 92' lang='lat' dir='ltr'><strong>in</strong></span> <span class='ocrx_word' id='word_1_793' title='bbox 3150 4577 3277 4643; x_wconf 90' lang='lat' dir='ltr'><strong>ipsis</strong></span> <span class='ocrx_word' id='word_1_794' title='bbox 3308 4580 3563 4633; x_wconf 89' lang='lat' dir='ltr'><strong>orationi-</strong></span> 
     </span>
    </p>
   </div>
   <div class='ocr_carea' id='block_1_110' title="bbox 1994 4666 3566 4737">
    <p class='ocr_par' dir='ltr' id='par_1_110' title="bbox 1994 4666 3566 4737">
     <span class='ocr_line' id='line_1_110' title="bbox 1994 4666 3566 4737; baseline 0.002 -14"><span class='ocrx_word' id='word_1_795' title='bbox 1994 4670 2091 4723; x_wconf 89' lang='lat' dir='ltr'><strong>bus</strong></span> <span class='ocrx_word' id='word_1_796' title='bbox 2122 4682 2333 4735; x_wconf 74' lang='lat' dir='ltr'><strong>semper</strong></span> <span class='ocrx_word' id='word_1_797' title='bbox 2362 4667 2567 4735; x_wconf 85' lang='lat' dir='ltr'><strong>planius</strong></span> <span class='ocrx_word' id='word_1_798' title='bbox 2606 4666 2801 4734; x_wconf 88' lang='lat' dir='ltr'><strong>aliquid</strong></span> <span class='ocrx_word' id='word_1_799' title='bbox 2835 4668 3084 4722; x_wconf 77' lang='lat' dir='ltr'><strong>offeratur</strong></span> <span class='ocrx_word' id='word_1_800' title='bbox 3133 4684 3236 4737; x_wconf 91' lang='lat' dir='ltr'><strong>quo</strong></span> <span class='ocrx_word' id='word_1_801' title='bbox 3270 4670 3444 4724; x_wconf 90' lang='lat' dir='ltr'><strong>notius</strong></span> <span class='ocrx_word' id='word_1_802' title='bbox 3473 4671 3566 4727; x_wconf 85' lang='lat' dir='ltr'><strong>ﬁat</strong></span> 
     </span>
    </p>
   </div>
   <div class='ocr_carea' id='block_1_111' title="bbox 1992 4759 3569 4831">
    <p class='ocr_par' dir='ltr' id='par_1_111' title="bbox 1992 4759 3569 4831">
     <span class='ocr_line' id='line_1_111' title="bbox 1992 4759 3569 4831; baseline 0.001 -13"><span class='ocrx_word' id='word_1_803' title='bbox 1992 4764 2123 4819; x_wconf 88' lang='lat' dir='ltr'><strong>illud</strong></span> <span class='ocrx_word' id='word_1_804' title='bbox 2154 4762 2222 4816; x_wconf 91' lang='lat' dir='ltr'><strong>de</strong></span> <span class='ocrx_word' id='word_1_805' title='bbox 2252 4775 2358 4830; x_wconf 92' lang='lat' dir='ltr'><strong>quo</strong></span> <span class='ocrx_word' id='word_1_806' title='bbox 2388 4760 2689 4815; x_wconf 88' lang='lat' dir='ltr'><strong>disseritur.</strong></span> <span class='ocrx_word' id='word_1_807' title='bbox 2732 4759 2798 4813; x_wconf 86' lang='lat' dir='ltr'><strong>Ut</strong></span> <span class='ocrx_word' id='word_1_808' title='bbox 2831 4760 2990 4827; x_wconf 82' lang='lat' dir='ltr'><strong>igitur</strong></span> <span class='ocrx_word' id='word_1_809' title='bbox 3017 4760 3142 4813; x_wconf 90' lang='lat' dir='ltr'><strong>nihil</strong></span> <span class='ocrx_word' id='word_1_810' title='bbox 3178 4765 3438 4831; x_wconf 82' lang='lat' dir='ltr'><strong>expositio</strong></span> <span class='ocrx_word' id='word_1_811' title='bbox 3469 4779 3569 4819; x_wconf 79' lang='lat' dir='ltr'><strong>no-</strong></span> 
     </span>
    </p>
   </div>
   <div class='ocr_carea' id='block_1_112' title="bbox 1994 4852 3562 4926">
    <p class='ocr_par' dir='ltr' id='par_1_112' title="bbox 1994 4852 3562 4926">
     <span class='ocr_line' id='line_1_112' title="bbox 1994 4852 3562 4926; baseline 0.001 -16"><span class='ocrx_word' id='word_1_812' title='bbox 1994 4867 2101 4911; x_wconf 90' lang='lat' dir='ltr'><strong>stra</strong></span> <span class='ocrx_word' id='word_1_813' title='bbox 2130 4854 2521 4923; x_wconf 65' lang='lat' dir='ltr'><strong>praetermittat,</strong></span> <span class='ocrx_word' id='word_1_814' title='bbox 2546 4860 2598 4906; x_wconf 92' lang='lat' dir='ltr'><strong>et</strong></span> <span class='ocrx_word' id='word_1_815' title='bbox 2623 4852 2945 4906; x_wconf 89' lang='lat' dir='ltr'><strong>definitionis</strong></span> <span class='ocrx_word' id='word_1_816' title='bbox 2969 4855 3260 4922; x_wconf 89' lang='lat' dir='ltr'><strong>proprietas</strong></span> <span class='ocrx_word' id='word_1_817' title='bbox 3285 4869 3562 4926; x_wconf 89' lang='lat' dir='ltr'><strong>appareat,</strong></span> 
     </span>
    </p>
   </div>
   <div class='ocr_carea' id='block_1_113' title="bbox 1996 4943 3569 5014">
    <p class='ocr_par' dir='ltr' id='par_1_113' title="bbox 1996 4943 3569 5014">
     <span class='ocr_line' id='line_1_113' title="bbox 1996 4943 3569 5014; baseline 0.003 -14"><span class='ocrx_word' id='word_1_818' title='bbox 1996 4948 2173 5014; x_wconf 89' lang='lat' dir='ltr'><strong>itaque</strong></span> <span class='ocrx_word' id='word_1_819' title='bbox 2212 4944 2391 4997; x_wconf 91' lang='lat' dir='ltr'><strong>omnia</strong></span> <span class='ocrx_word' id='word_1_820' title='bbox 2438 4944 2487 4997; x_wconf 94' lang='lat' dir='ltr'><strong>in</strong></span> <span class='ocrx_word' id='word_1_821' title='bbox 2531 4952 2623 4997; x_wconf 92' lang='lat' dir='ltr'><strong>not</strong></span> <span class='ocrx_word' id='word_1_822' title='bbox 2646 4945 2771 4997; x_wconf 89' lang='lat' dir='ltr'><strong>tiam</strong></span> <span class='ocrx_word' id='word_1_823' title='bbox 2812 4943 3160 5014; x_wconf 84' lang='lat' dir='ltr'><strong>deducantur,</strong></span> <span class='ocrx_word' id='word_1_824' title='bbox 3204 4955 3259 5000; x_wconf 90' lang='lat' dir='ltr'><strong>ut</strong></span> <span class='ocrx_word' id='word_1_825' title='bbox 3304 4962 3402 5003; x_wconf 90' lang='lat' dir='ltr'><strong>nec</strong></span> <span class='ocrx_word' id='word_1_826' title='bbox 3443 4966 3569 5005; x_wconf 87' lang='lat' dir='ltr'><strong>vera</strong></span> 
     </span>
    </p>
   </div>
   <div class='ocr_carea' id='block_1_114' title="bbox 1995 5035 3572 5110">
    <p class='ocr_par' dir='ltr' id='par_1_114' title="bbox 1995 5035 3572 5110">
     <span class='ocr_line' id='line_1_114' title="bbox 1995 5035 3572 5110; baseline 0.003 -18"><span class='ocrx_word' id='word_1_827' title='bbox 1995 5035 2553 5102; x_wconf 68' lang='lat' dir='ltr'><strong>deﬁnitio,nesciatur,</strong></span> <span class='ocrx_word' id='word_1_828' title='bbox 2594 5049 2645 5089; x_wconf 91' lang='lat' dir='ltr'><strong>et</strong></span> <span class='ocrx_word' id='word_1_829' title='bbox 2675 5050 2792 5104; x_wconf 68' lang='lat' dir='ltr'><strong>qua:</strong></span> <span class='ocrx_word' id='word_1_830' title='bbox 2825 5050 2939 5109; x_wconf 92' lang='lat' dir='ltr'><strong>non_</strong></span> <span class='ocrx_word' id='word_1_831' title='bbox 2969 5038 3038 5090; x_wconf 91' lang='lat' dir='ltr'><strong>sit</strong></span> <span class='ocrx_word' id='word_1_832' title='bbox 3077 5039 3290 5107; x_wconf 90' lang='lat' dir='ltr'><strong>proprie</strong></span> <span class='ocrx_word' id='word_1_833' title='bbox 3336 5055 3572 5110; x_wconf 87' lang='lat' dir='ltr'><strong>vereque</strong></span> 
     </span>
    </p>
   </div>
   <div class='ocr_carea' id='block_1_115' title="bbox 2000 5127 3655 5191">
    <p class='ocr_par' dir='ltr' id='par_1_115' title="bbox 2000 5127 3655 5191">
     <span class='ocr_line' id='line_1_115' title="bbox 2000 5127 3655 5191; baseline 0.002 -8"><span class='ocrx_word' id='word_1_834' title='bbox 2000 5128 2239 5183; x_wconf 90' lang='lat' dir='ltr'><strong>deﬁnitio</strong></span> <span class='ocrx_word' id='word_1_835' title='bbox 2271 5128 2369 5181; x_wconf 90' lang='lat' dir='ltr'><strong>sub</strong></span> <span class='ocrx_word' id='word_1_836' title='bbox 2400 5128 2677 5181; x_wconf 87' lang='lat' dir='ltr'><strong>scientiam</strong></span> <span class='ocrx_word' id='word_1_837' title='bbox 2709 5127 2885 5191; x_wconf 84' lang='lat' dir='ltr'><strong>cadat,</strong></span> <span class='ocrx_word' id='word_1_838' title='bbox 2918 5129 3037 5182; x_wconf 86' lang='lat' dir='ltr'><strong>talis</strong></span> <span class='ocrx_word' id='word_1_839' title='bbox 3068 5130 3439 5185; x_wconf 87' lang='lat' dir='ltr'><strong>definitionum</strong></span> <span class='ocrx_word' id='word_1_840' title='bbox 3474 5135 3574 5188; x_wconf 72' lang='lat' dir='ltr'><strong>dif-</strong></span> <span class='ocrx_word' id='word_1_841' title='bbox 3648 5173 3655 5179; x_wconf 81' lang='lat'><strong>.</strong></span> 
     </span>
    </p>
   </div>
   <div class='ocr_carea' id='block_1_116' title="bbox 2000 5222 3655 5297">
    <p class='ocr_par' dir='ltr' id='par_1_116' title="bbox 2000 5222 3655 5297">
     <span class='ocr_line' id='line_1_116' title="bbox 2000 5222 3655 5297; baseline 0.002 -18"><span class='ocrx_word' id='word_1_842' title='bbox 2000 5225 2224 5279; x_wconf 77' lang='lat' dir='ltr'><strong>ferentia</strong></span> <span class='ocrx_word' id='word_1_843' title='bbox 2262 5223 2502 5277; x_wconf 82' lang='lat' dir='ltr'><strong>facienda</strong></span> <span class='ocrx_word' id='word_1_844' title='bbox 2546 5232 2649 5278; x_wconf 88' lang='lat' dir='ltr'><strong>est.</strong></span> <span class='ocrx_word' id='word_1_845' title='bbox 2702 5222 3071 5275; x_wconf 90' lang='lat' dir='ltr'><strong>Deﬁnitionum</strong></span> <span class='ocrx_word' id='word_1_846' title='bbox 3115 5223 3259 5277; x_wconf 91' lang='lat' dir='ltr'><strong>enim</strong></span> <span class='ocrx_word' id='word_1_847' title='bbox 3302 5226 3420 5279; x_wconf 56' lang='lat' dir='ltr'><strong>alia!</strong></span> <span class='ocrx_word' id='word_1_848' title='bbox 3453 5243 3575 5297; x_wconf 89' lang='lat' dir='ltr'><strong>pro-</strong></span> <span class='ocrx_word' id='word_1_849' title='bbox 3646 5235 3655 5283; x_wconf 74' lang='grc' dir='ltr'>Ξ</span> 
     </span>
    </p>
   </div>
   <div class='ocr_carea' id='block_1_117' title="bbox 2006 5312 3576 5386">
    <p class='ocr_par' dir='ltr' id='par_1_117' title="bbox 2006 5312 3576 5386">
     <span class='ocr_line' id='line_1_117' title="bbox 2006 5312 3576 5386; baseline 0.004 -18"><span class='ocrx_word' id='word_1_850' title='bbox 2006 5315 2115 5383; x_wconf 90' lang='lat' dir='ltr'><strong>prie</strong></span> <span class='ocrx_word' id='word_1_851' title='bbox 2158 5314 2499 5368; x_wconf 86' lang='lat' dir='ltr'><strong>definitiones</strong></span> <span class='ocrx_word' id='word_1_852' title='bbox 2546 5322 2709 5374; x_wconf 89' lang='lat' dir='ltr'><strong>sunt,</strong></span> <span class='ocrx_word' id='word_1_853' title='bbox 2768 5312 2887 5365; x_wconf 73' lang='lat' dir='ltr'><strong>alite</strong></span> <span class='ocrx_word' id='word_1_854' title='bbox 2935 5313 3155 5367; x_wconf 89' lang='lat' dir='ltr'><strong>abusivo</strong></span> <span class='ocrx_word' id='word_1_855' title='bbox 3204 5330 3576 5386; x_wconf 82' lang='lat' dir='ltr'><strong>nuncupantur</strong></span> 
     </span>
    </p>
   </div>
   <div class='ocr_carea' id='block_1_118' title="bbox 2005 5404 3575 5479">
    <p class='ocr_par' dir='ltr' id='par_1_118' title="bbox 2005 5404 3575 5479">
     <span class='ocr_line' id='line_1_118' title="bbox 2005 5404 3575 5479; baseline 0.004 -19"><span class='ocrx_word' id='word_1_856' title='bbox 2005 5406 2182 5460; x_wconf 92' lang='lat' dir='ltr'><strong>modo.</strong></span> <span class='ocrx_word' id='word_1_857' title='bbox 2233 5407 2309 5459; x_wconf 84' lang='lat' dir='ltr'><strong>Ac</strong></span> <span class='ocrx_word' id='word_1_858' title='bbox 2339 5404 2571 5474; x_wconf 71' lang='lat' dir='ltr'><strong>propria:</strong></span> <span class='ocrx_word' id='word_1_859' title='bbox 2597 5404 2809 5474; x_wconf 91' lang='lat' dir='ltr'><strong>quidem</strong></span> <span class='ocrx_word' id='word_1_860' title='bbox 2841 5406 3180 5461; x_wconf 88' lang='lat' dir='ltr'><strong>deﬁnitiones</strong></span> <span class='ocrx_word' id='word_1_861' title='bbox 3206 5418 3329 5463; x_wconf 90' lang='lat' dir='ltr'><strong>sunt</strong></span> <span class='ocrx_word' id='word_1_862' title='bbox 3353 5426 3472 5479; x_wconf 71' lang='lat' dir='ltr'><strong>qum</strong></span> <span class='ocrx_word' id='word_1_863' title='bbox 3510 5427 3575 5466; x_wconf 84' lang='lat' dir='ltr'><strong>ex</strong></span> 
     </span>
    </p>
   </div>
   <div class='ocr_carea' id='block_1_119' title="bbox 2001 5494 3573 5568">
    <p class='ocr_par' dir='ltr' id='par_1_119' title="bbox 2001 5494 3573 5568">
     <span class='ocr_line' id='line_1_119' title="bbox 2001 5494 3573 5568; baseline 0.004 -17"><span class='ocrx_word' id='word_1_864' title='bbox 2001 5512 2196 5568; x_wconf 89' lang='lat' dir='ltr'><strong>genere</strong></span> <span class='ocrx_word' id='word_1_865' title='bbox 2227 5494 2644 5564; x_wconf 82' lang='lat' dir='ltr'><strong>diﬁ‘erentiisque</strong></span> <span class='ocrx_word' id='word_1_866' title='bbox 2674 5496 2991 5563; x_wconf 88' lang='lat' dir='ltr'><strong>consistunt,</strong></span> <span class='ocrx_word' id='word_1_867' title='bbox 3026 5498 3172 5553; x_wconf 81' lang='lat' dir='ltr'><strong>velut</strong></span> <span class='ocrx_word' id='word_1_868' title='bbox 3202 5499 3316 5555; x_wconf 66' lang='lat' dir='ltr'><strong>haec</strong></span> <span class='ocrx_word' id='word_1_869' title='bbox 3351 5519 3364 5554; x_wconf 87' lang='lat'><strong>:</strong></span> <span class='ocrx_word' id='word_1_870' title='bbox 3400 5503 3573 5558; x_wconf 89' lang='lat' dir='ltr'><strong>llomo</strong></span> 
     </span>
    </p>
   </div>
   <div class='ocr_carea' id='block_1_120' title="bbox 1999 5586 3574 5665">
    <p class='ocr_par' dir='ltr' id='par_1_120' title="bbox 1999 5586 3574 5665">
     <span class='ocr_line' id='line_1_120' title="bbox 1999 5586 3574 5665; baseline 0.004 -20"><span class='ocrx_word' id='word_1_871' title='bbox 1999 5600 2082 5645; x_wconf 91' lang='lat' dir='ltr'><strong>est</strong></span> <span class='ocrx_word' id='word_1_872' title='bbox 2107 5587 2303 5643; x_wconf 92' lang='lat' dir='ltr'><strong>animal</strong></span> <span class='ocrx_word' id='word_1_873' title='bbox 2333 5586 2611 5651; x_wconf 89' lang='lat' dir='ltr'><strong>rationale,</strong></span> <span class='ocrx_word' id='word_1_874' title='bbox 2642 5589 2866 5642; x_wconf 90' lang='lat' dir='ltr'><strong>mortale</strong></span> <span class='ocrx_word' id='word_1_875' title='bbox 2899 5607 2911 5641; x_wconf 88' lang='lat'><strong>:</strong></span> <span class='ocrx_word' id='word_1_876' title='bbox 2961 5589 3047 5644; x_wconf 88' lang='lat' dir='ltr'><strong>hic</strong></span> <span class='ocrx_word' id='word_1_877' title='bbox 3075 5590 3214 5646; x_wconf 92' lang='lat' dir='ltr'><strong>enim</strong></span> <span class='ocrx_word' id='word_1_878' title='bbox 3252 5594 3451 5648; x_wconf 87' lang='lat' dir='ltr'><strong>animal</strong></span> <span class='ocrx_word' id='word_1_879' title='bbox 3482 5610 3574 5665; x_wconf 81' lang='lat' dir='ltr'><strong>ge-</strong></span> 
     </span>
    </p>
   </div>
   <div class='ocr_carea' id='block_1_121' title="bbox 1998 5678 3568 5743">
    <p class='ocr_par' dir='ltr' id='par_1_121' title="bbox 1998 5678 3568 5743">
     <span class='ocr_line' id='line_1_121' title="bbox 1998 5678 3568 5743; baseline 0.006 -9"><span class='ocrx_word' id='word_1_880' title='bbox 1998 5696 2096 5734; x_wconf 92' lang='lat' dir='ltr'><strong>nus</strong></span> <span class='ocrx_word' id='word_1_881' title='bbox 2120 5690 2225 5741; x_wconf 89' lang='lat' dir='ltr'><strong>est;</strong></span> <span class='ocrx_word' id='word_1_882' title='bbox 2258 5678 2511 5733; x_wconf 87' lang='lat' dir='ltr'><strong>rationale</strong></span> <span class='ocrx_word' id='word_1_883' title='bbox 2537 5693 2665 5732; x_wconf 91' lang='lat' dir='ltr'><strong>vero</strong></span> <span class='ocrx_word' id='word_1_884' title='bbox 2684 5688 2738 5733; x_wconf 87' lang='lat' dir='ltr'><strong>et</strong></span> <span class='ocrx_word' id='word_1_885' title='bbox 2764 5681 2987 5736; x_wconf 88' lang='lat' dir='ltr'><strong>mortale</strong></span> <span class='ocrx_word' id='word_1_886' title='bbox 3008 5682 3343 5742; x_wconf 62' lang='lat' dir='ltr'><strong>differentiae.</strong></span> <span class='ocrx_word' id='word_1_887' title='bbox 3372 5686 3568 5743; x_wconf 87' lang='lat' dir='ltr'><strong>Earum</strong></span> 
     </span>
    </p>
   </div>
   <div class='ocr_carea' id='block_1_122' title="bbox 1998 5766 3570 5843">
    <p class='ocr_par' dir='ltr' id='par_1_122' title="bbox 1998 5766 3570 5843">
     <span class='ocr_line' id='line_1_122' title="bbox 1998 5766 3570 5843; baseline 0.006 -18"><span class='ocrx_word' id='word_1_888' title='bbox 1998 5790 2124 5829; x_wconf 90' lang='lat' dir='ltr'><strong>vero</strong></span> <span class='ocrx_word' id='word_1_889' title='bbox 2169 5772 2533 5827; x_wconf 90' lang='lat' dir='ltr'><strong>deﬁnitionum</strong></span> <span class='ocrx_word' id='word_1_890' title='bbox 2584 5766 2707 5840; x_wconf 63' lang='lat' dir='ltr'><strong>qu&#39;a:</strong></span> <span class='ocrx_word' id='word_1_891' title='bbox 2756 5790 2859 5828; x_wconf 91' lang='lat' dir='ltr'><strong>non</strong></span> <span class='ocrx_word' id='word_1_892' title='bbox 2891 5778 3127 5843; x_wconf 77' lang='lat' dir='ltr'><strong>pronrie,</strong></span> <span class='ocrx_word' id='word_1_893' title='bbox 3159 5778 3253 5832; x_wconf 90' lang='lat' dir='ltr'><strong>sed</strong></span> <span class='ocrx_word' id='word_1_894' title='bbox 3300 5779 3570 5835; x_wconf 91' lang='lat' dir='ltr'><strong>abutendo</strong></span> 
     </span>
    </p>
   </div>
   <div class='ocr_carea' id='block_1_123' title="bbox 1996 5864 3623 5939">
    <p class='ocr_par' dir='ltr' id='par_1_123' title="bbox 1996 5864 3623 5939">
     <span class='ocr_line' id='line_1_123' title="bbox 1996 5864 3623 5939; baseline 0.002 -18"><span class='ocrx_word' id='word_1_895' title='bbox 1996 5865 2330 5921; x_wconf 89' lang='lat' dir='ltr'><strong>deﬁnitiones</strong></span> <span class='ocrx_word' id='word_1_896' title='bbox 2361 5873 2632 5927; x_wconf 68' lang='lat' dir='ltr'><strong>vocantur,</strong></span> <span class='ocrx_word' id='word_1_897' title='bbox 2663 5865 2780 5919; x_wconf 75' lang='lat' dir='ltr'><strong>aliae</strong></span> <span class='ocrx_word' id='word_1_898' title='bbox 2821 5874 2943 5920; x_wconf 92' lang='lat' dir='ltr'><strong>sunt</strong></span> <span class='ocrx_word' id='word_1_899' title='bbox 2972 5881 3092 5935; x_wconf 87' lang='lat' dir='ltr'><strong>quae</strong></span> <span class='ocrx_word' id='word_1_900' title='bbox 3133 5869 3353 5939; x_wconf 86' lang='lat' dir='ltr'><strong>singulis</strong></span> <span class='ocrx_word' id='word_1_901' title='bbox 3396 5869 3573 5931; x_wconf 69' lang='lat' dir='ltr'><strong>nomi~</strong></span> <span class='ocrx_word' id='word_1_902' title='bbox 3612 5864 3623 5867; x_wconf 53' lang='grc'><strong>“</strong></span> 
     </span>
    </p>
   </div>
   <div class='ocr_carea' id='block_1_124' title="bbox 3093 5978 3170 6037">
    <p class='ocr_par' dir='ltr' id='par_1_124' title="bbox 3093 5978 3170 6037">
     <span class='ocr_line' id='line_1_124' title="bbox 3093 5978 3170 6037; baseline 0 0"><span class='ocrx_word' id='word_1_903' title='bbox 3093 5978 3170 6037; x_wconf 80' lang='grc'><strong>35</strong></span> 
     </span>
    </p>
   </div>
  </div>
