4248 6272
711 405 856 463 4099

1929 401 2040 456 ΑΝ.
2081 402 2289 458 MA'NL.
2332 403 2482 458 SEV.
2529 404 2749 462 BOE'I'II

3843 407 4012 480 'ttoo

703 525 871 578 nibus
901 521 1243 584 denotantur,
1283 531 1400 572 ante
1432 530 1558 572 vero
1584 531 1718 586 quas
1745 516 1975 585 explicat
2006 533 2072 572 ac
2100 523 2294 585 depro-
2323 522 2368 578 Α
2392 520 2542 581 illam
2570 537 2780 592 quoque
2809 537 2926 592 quae
2957 538 3054 592 per
3079 526 3367 594 quamdam
3399 529 3608 586 laudem
3642 537 3754 590 lteri
3787 548 3986 610 potest,

717 617 808 670 mit
839 615 1030 669 oratio.
1074 616 1247 681 Atque
1282 612 1492 665 illarum
1524 610 1739 678 quidem
1768 611 2138 666 definitionum
2176 628 2296 680 qua:

718 719 917 760 tantum
963 705 1179 759 nomine
1213 705 1578 774 designantur,
1612 703 1730 757 alia:
1760 714 1884 757 sunt
1911 720 2032 773 qua:
2071 706 2180 759 κατ’
2212 705 2299 757 ἀν-

712 801 914 864 τίλεξιν,
952 795 1006 851 id
1031 805 1116 852 est
1137 797 1202 850 ad
1229 796 1446 850 verbum
1477 796 1627 859 ﬁunt,
1653 811 1772 848 cum
1803 811 1897 863 pro
1929 797 2143 849 nomine
2176 795 2298 848 red-

711 891 856 944 ditur
901 904 1116 956 nomen,
1151 889 1300 944 velut
1328 890 1374 943 si
1404 889 1545 942 dicat
1573 888 1763 955 aliquis
1793 905 1804 940 :
1840 888 1976 954 Quid
2007 897 2088 942 est
2115 887 2295 941 conti-

711 985 881 1038 cere?
929 991 986 1038 et
1028 981 1427 1052 respondeatur,
1483 981 1717 1043 Tacere;
1767 979 1903 1047 Quid
1953 990 2033 1034 est
2081 979 2295 1032 haurit?

712 1073 980 1138 Perculit;
1033 1072 1152 1127 alia:
1202 1087 1349 1136 vero,
1392 1086 1509 1140 qua:
1553 1072 1780 1137 exempli
1809 1071 1978 1137 gratia
2003 1080 2292 1140 ponuntur,

710 1175 936 1232 ut_cum
992 1165 1237 1218 volumus
1291 1145 1576 1231 designare
1635 1164 1760 1232 quid
1815 1175 1896 1217 est
1963 1165 2287 1229 substantia,

709 1229 941 1325 ex‘empli
989 1255 1156 1326 gratia
1207 1253 1454 1318 dicimus,
1515 1254 1582 1309 Ut
1635 1254 1843 1307 homo:
1880 1255 2014 1309 .ltaec
2071 1267 2296 1313 vocatur

709 1349 895 1406 Graece
921 1349 1106 1412 τύπος,
1136 1362 1252 1416 qua:
1281 1347 1499 1409 idcirco,
1534 1357 1588 1400 ut
1613 1346 1810 1400 dictum
1844 1357 1954 1409 est,
1987 1349 2127 1401 inter
2157 1348 2292 1402 deﬁ-

717 1442 950 1496 nitiones
979 1440 1218 1510 ponitur,
1249 1440 1498 1508 quoniam
1537 1439 1586 1492 id
1625 1440 1860 1508 tltlttiibel
1901 1440 2059 1494 modo
2096 1441 2293 1510 aliquid

707 1531 950 1602 designat
989 1531 1107 1600 ejus
1149 1531 1287 1599 quod
1330 1529 1658 1599 designatur,
1705 1541 1760 1584 et
1805 1531 1849 1583 si
1886 1548 1988 1584 non
2053 1535 2289 1601 proprie,

707 1635 886 1680 tamen
921 1625 1100 1694 aliquo
1144 1623 1303 1676 modo
1343 1623 1551 1676 videtur
1597 1639 1715 1676 esse
1764 1625 2020 1678 deﬁnitio.
2096 1627 2292 1680 Earum

705 1732 834 1772 vero
860 1717 1231 1771 definitionum
1261 1730 1381 1784 quae
1413 1715 1464 1766 in
1497 1715 1737 1768 oratione
1763 1716 2086 1780 consistunt,
2119 1733 2293 1786 neque

705 1819 879 1862 tamen
915 1815 1037 1860 sunt
1072 1806 1319 1874 propria),
1357 1805 1537 1858 inulla:
1577 1819 1698 1857 sunt
1741 1806 2105 1860 diversitates.
2151 1808 2294 1875 Qua-

2398 625 2452 668 ιιι
2477 616 2582 670 Lex
2610 625 2692 670 est
2719 631 2889 682 mens,
2921 626 2974 672 et
2999 620 3229 683 animus,
3265 631 3319 674 et
3346 625 3649 693 consilium,
3683 637 3738 682 et
3763 643 3988 689 senten-

2395 708 2463 758 tia
2501 707 2752 761 civitatis.
2796 708 2946 774 Quod
2980 711 3213 765 maxime
3243 715 3449 768 ratione
3480 728 3644 773 caret.
3700 721 3815 777 Non
3842 727 3988 781 enim

2398 787 2568 854 laudis
2595 802 2784 856 modus
2815 803 2888 856 illi
2917 803 3074 858 faciet
3099 804 3478 862 differentiam.
3511 811 3602 864 Illa
3635 815 3776 869 enim
3811 821 3994 873 consi-

2395 891 2631 945 deranda
2675 901 2798 946 sunt
2831 908 2949 963 qua:
2989 894 3042 946 in
3079 894 3392 952 definitione
3424 913 3710 973 ponuntur,
3747 923 3852 962 non
3885 925 3996 980 quo

2395 984 2575 1036 animo
2617 984 2905 1038 constituta
2936 994 3080 1039 sunt.
3116 986 3285 1064 _Quod
3317 990 3361 1041 si
3395 993 3695 1059 recipienda
3739 995 3841 1051 fuit
3882 1000 3994 1053 lau-

2396 1072 2554 1127 dandi
2602 1073 2844 1128 voluntas
2892 1074 3033 1155 inter
3078 1075 3402 1135 differentias
3447 1081 3844 1155 deﬁnitionum,
3893 1105 3992 1144 our

2397 1178 2504 1216 non
2536 1165 2876 1232 vituperandi
2897 1154 3118 1234 quoque
3146 1169 3388 1224 voluntas
3423 1171 3583 1226 aliam
3621 1175 3988 1234 differentiam

2397 1255 2724 1309 definitionis
2769 1257 3002 1309 efficiat?
3044 1257 3147 1313 Sed
3197 1260 3298 1314 hoc
3348 1264 3688 1331 apertissime
3731 1269 3993 1326 ἰιιςοιιγοο

2400 1347 2556 1399 niens
2577 1358 2628 1400 et
2650 1346 2855 1400 veritati
2885 1347 3094 1403 videtur
3122 1364 3242 1405 esse
3271 1355 3616 1411 contrarium.
3647 1359 3808 1414 Fiunt
3829 1363 3990 1417 etiam

2397 1439 2735 1494 deﬁnitiones
2794 1455 2888 1508 per
2937 1445 3379 1512 proportionem,
3448 1458 3508 1503 ut
3558 1452 3603 1504 si
3652 1454 3771 1521 quis
3825 1455 3990 1522 dicat,

2398 1528 2572 1582 Homo
2592 1537 2673 1582 est
2700 1529 2871 1584 minor
2893 1533 3144 1587 mundus.
3169 1535 3503 1602 Sicutptiam
3525 1543 3758 1598 mundus
3785 1546 3992 1602 ratione

2397 1619 2620 1687 regitur,
2669 1621 2740 1674 ita
2785 1637 2996 1691 quoque
3043 1625 3297 1694 quoniam
3330 1628 3493 1684 homo
3540 1633 3722 1690 multis
3745 1637 3992 1705 partibus

2393 1714 2627 1782 junctus,
2677 1715 2838 1770 habet
2876 1726 3056 1773 tamen
3104 1719 3156 1773 in
3186 1722 3439 1778 omnibus
3469 1727 3732 1782 rationem
3775 1729 3989 1796 ducem,

2399 1805 2576 1859 minor
2607 1807 2836 1862 mundus
2878 1809 2983 1863 dici
3027 1819 3222 1880 potest.
3277 1813 3438 1869 Fiunt
3465 1818 3623 1873 etiam
3651 1819 3993 1878 deﬁnitiones

704 1915 820 1953 rum
853 1908 934 1952 est
959 1901 1195 1951 omnium
1239 1910 1433 1949 nomen
1466 1896 1766 1950 connnunis
1804 1895 2116 1964 descriptio.
2177 1899 2288 1952 lla-
2322 1903 2372 1964 B
2398 1914 2424 1950 a
2453 1899 2824 1967 relationibus,
2849 1917 2969 1956 cum
2995 1903 3226 1959 dicitur:
3259 1907 3399 1973 Quid
3426 1919 3507 1964 est
3537 1914 3726 1980 pater?
3758 1930 3991 1985 respon-

703 2005 819 2042 rmn
856 1990 975 2042 ali-.c
1009 1989 1136 2042 fiunt
1170 1988 1474 2055 partitioiie,
1506 1987 1626 2041 alia:
1664 1986 1948 2052 divisione,
1981 1988 2049 2042 de
2093 1989 2289 2057 quibus

703 2083 974 2147 superius,
1031 2088 1085 2131 nt
1134 2077 1330 2131 dctmn
1383 2086 1484 2131 est.
1541 2076 1677 2131 Alia:
1726 2092 1855 2130 vero
1903 2077 2288 2136 substantiales

703 2172 915 2240 quidem
942 2168 1269 2223 differentias
1299 2179 1538 2229 sumunt,
1565 2167 1656 2221 sed
1679 2183 1848 2236 genus
1877 2184 1980 2223 non
2007 2171 2284 2238 adjiciunt,

703 2277 861 2334 atque
894 2264 1006 2318 haec
1059 2262 1269 2331 quidem
1319 2278 1346 2313 ιι
1379 2260 1652 2316 Victorino
1699 2260 2025 2335 ἑννοηματικιό
2069 2263 2283 2330 dicitur,

703 2357 852 2426 quasi
909 2354 1190 2423 quamdam
1249 2368 1585 2407 communem
1642 2352 1925 2408 continens
1985 2356 2284 2422 notionem,

703 2454 864 2506 'Vi'ltlli
896 2453 940 2506 si
973 2452 1090 2519 quis
1121 2450 1256 2504 dicat
1289 2467 1302 2502 :
1333 2449 1503 2503 llotno
1551 2459 1633 2504 est
1684 2449 1824 2519 quod
1873 2450 2118 2504 rationali
2160 2465 2287 2505 con-

703 2547 953 2614 ceptione
977 2543 1119 2612 viget
1143 2542 1562 2611 mortalitatique
1588 2542 1886 2612 subjectum
1910 2555 2013 2597 est.
2060 2544 2155 2598 llic
2185 2545 2286 2612 igi-

702 2649 789 2691 tur
815 2652 980 2706 genus
1013 2635 1238 2702 positum
1279 2649 1384 2686 non
1424 2642 1533 2698 est,
1566 2634 1659 2689 sed
1691 2635 2005 2690 differentiis
2033 2636 2284 2690 substan-

701 2726 876 2782 tiales.
909 2725 1039 2780 Alia:
1070 2739 1199 2778 vero
1230 2735 1353 2777 sunt
1381 2739 1498 2792 quin
1532 2724 1770 2792 pluribus
1801 2726 2015 2796 quidem
2063 2728 2285 2797 qualita-

701 2819 842 2874 tibus
868 2816 1236 2886 designantur,
1266 2815 1631 2871 accidentibus
1659 2826 1858 2884 tamen,
1889 2819 1953 2871 ita
1979 2829 2035 2872 ut
2063 2819 2284 2889 singula:

699 2913 1006 2983 qualitates,
1034 2910 1240 2966 etiamsi
1277 2923 1380 2964 non
1411 2909 1820 2978 conjungantnr,
1857 2911 2063 2978 possint
2104 2919 2283 2966 tamen
2329 2942 2343 2960 .

699 3005 842 3074 quaid
873 3003 1270 3058 demonstratur
1299 3001 1537 3067 efﬁcere,
1583 3009 1642 3055 ut
1671 3001 1832 3055 homo
1859 3010 1942 3055 est
1995 3001 2082 3054 ubi
2116 3002 2284 3070 pietas

699 3107 802 3162 est,
845 3096 929 3152 ubi
969 3096 1212 3166 aequitas,
1255 3103 1312 3149 et
1353 3108 1538 3149 rursus
1580 3094 1668 3149 ubi
1713 3094 1913 3148 malitia
1959 3102 2014 3148 et
2051 3095 2283 3149 versutia

698 3206 820 3245 esse
872 3197 1134 3259 possunt:
1169 3203 1289 3242 nam
1335 3196 1389 3241 et
1441 3187 1484 3241 si
1533 3194 1726 3241 caetera
1775 3187 1953 3240 nullus
2001 3186 2278 3256 adjungat.

694 3283 894 3337 sufﬁcit
924 3282 990 3336 ad
1027 3280 1415 3335 ostendendum
1446 3277 1716 3334 hominem
1746 3279 1949 3347 dicere,
1982 3280 2073 3333 ubi
2107 3280 2277 3348 pietas
2310 3281 2356 3347 ρ

699 3375 876 3426 inesse
926 3381 1117 3441 potest,
1175 3370 1258 3424 vel
1307 3369 1398 3423 ubi
1443 3371 1668 3436 justitia,
1721 3370 1804 3423 vel
1853 3379 2048 3424 caetera
2104 3387 2116 3425 :
2167 3371 2281 3424 haec

699 3471 920 3514 vocatur
962 3459 1201 3520 ποιῶδες.
1250 3459 1381 3512 Alite
1422 3473 1550 3511 vero
1595 3470 1717 3512 sunt
1765 3476 1884 3528 quae
1937 3460 2178 3528 plttribus
2227 3466 2282 3515 in

699 3571 864 3608 unum
895 3554 1257 3608 accidentibus
1295 3553 1602 3621 conjunctis
1643 3555 1968 3621 efﬁciuntur,
2001 3569 2056 3610 ιιι
2097 3559 2140 3612 si
2163 3560 2282 3628 quis

695 3642 1031 3702 luxuriosum
1077 3642 1299 3696 deﬁnire
1347 3643 1494 3706 velit,
1545 3644 1728 3696 dicens
1773 3663 1784 3696 :
1843 3647 2171 3702 Luxuriosus
2200 3660 2282 3704 est

697 3738 786 3803 qui
815 3733 1049 3800 pluribus
1073 3741 1128 3786 et
1158 3746 1261 3785 non
1295 3734 1610 3787 necessariis
1649 3736 1949 3804 sumptibus
1981 3740 2031 3790 itt
2057 3739 2279 3796 delicias

698 3829 890 3891 affluit,
921 3836 975 3881 et
1019 3826 1070 3879 in
1105 3824 1378 3879 libidinem
1406 3826 1576 3880 fertur
1622 3827 1879 3895 effusior;
1913 3833 2090 3885 otunia
2137 3835 2279 3888 enim

695 3920 982 3989 conjuncta
1033 3918 1360 3972 luxuriosum
1383 3918 1634 3973 videntur
1653 3919 1891 3986 efﬁcere,
1925 3923 2126 3993 singula
2153 3942 2280 3982 vero

693 4010 913 4064 minime
941 4025 956 4063 :
985 4008 1100 4062 hinc
1128 4017 1346 4063 vocatur
1374 4010 1717 4085 ὑπογραφική.
1746 4011 1878 4066 Alia:
1905 4029 2116 4085 quoque
2145 4017 2279 4073 ﬁunt

693 4119 760 4157 eo
784 4102 963 4165 modo,
997 4111 1053 4154 ut
1077 4100 1141 4154 ad
1175 4101 1484 4170 signandum
1518 4103 1876 4158 differentiam
1907 4120 2278 4175 proponantur

690 4195 752 4248 in
787 4193 869 4246 bis
910 4194 1069 4247 rebus
1095 4208 1214 4262 quae
1265 4193 1318 4245 in
1351 4193 1584 4247 discreto
1631 4197 1736 4251 ﬁne
1784 4201 2085 4266 conjuncuc
2132 4211 2274 4260 sunt.

693 4297 752 4341 ut
800 4287 844 4340 si
889 4286 1092 4340 dubitet
1128 4285 1265 4353 quis,
1315 4283 1454 4338 Nero
1499 4286 1860 4354 imperatorne
1905 4305 1971 4344 an
2018 4299 2280 4360 tyrannus

607 4421 610 4424 .
689 4378 870 4443 fuerit,
903 4377 1028 4429 dicit
1057 4392 1178 4428 eum
1211 4385 1495 4443 tyrannum
1531 4377 1718 4444 fuisse,
1749 4383 2002 4448 quoniam
2034 4385 2277 4439 crudelis

695 4468 857 4521 fin-rit
902 4475 1061 4534 atque
1101 4467 1481 4535 intemperans.
1534 4467 1658 4522 llaec
1706 4472 1850 4524 enim
1900 4473 2146 4541 adjuncta
2176 4476 2280 4530 dif-

689 4560 915 4614 ferentia
973 4570 1253 4630 tyrannum
1302 4559 1370 4612 ab
1446 4559 1768 4628 imperatore
1841 4565 2092 4635 sejungit.
2169 4573 2278 4623 Ant

2398 1990 2575 2055 detur,
2626 1991 2723 2045 Cui
2766 2002 2847 2046 est
2895 1991 3059 2047 ﬁlius.
3111 1995 3284 2050 Causa
3327 2013 3536 2067 quoque
3587 2003 3726 2058 solet
3769 2003 3991 2064 efﬁcere

2395 2084 2790 2151 deﬁnitionem,
2836 2095 2893 2140 ut
2934 2102 3053 2140 cum
3090 2088 3359 2144 dicimus:
3406 2092 3544 2158 Quid
3575 2105 3658 2149 est
3697 2095 3864 2152 dies?
3906 2115 3988 2154 re-

2393 2176 2709 2244 spondetur,
2746 2177 2836 2232 Sol
2883 2193 3045 2246 super
3089 2189 3326 2234 terram:
3365 2197 3579 2238 causam
3621 2185 3788 2250 enim,
3818 2187 3868 2240 id
3913 2197 3986 2248 est

2397 2269 2587 2333 solem,
2625 2285 2720 2338 pro
2758 2286 2816 2324 re
2849 2272 2961 2340 ipsa
3012 2273 3164 2341 cujus
3210 2289 3368 2329 causa
3419 2289 3501 2332 est
3549 2279 3986 2352 interposuimus,

2394 2372 2555 2432 atque
2588 2364 2656 2417 ita
2687 2364 2829 2418 diem
2861 2365 3227 2421 deﬁnitionem
3262 2371 3700 2427 monstravimus.
3745 2374 3834 2428 Hie
3863 2386 3990 2430 sunt

2393 2454 2757 2508 deﬁnitionum
2804 2454 3119 2511 differentia:
3160 2475 3289 2527 quas
3340 2460 3391 2513 in
3431 2475 3495 2515 eo
3544 2462 3683 2518 libro
3729 2479 3884 2533 quem
3918 2466 3988 2521 de

2393 2546 2793 2601 deﬁnitionibus
2824 2548 3126 2604 Victorinus
3171 2553 3356 2618 edidit,
3410 2560 3804 2628 annumeravit,
3850 2577 3986 2629 quas

2390 2637 2461 2693 M.
2487 2639 2690 2693 Tullius
2724 2643 3082 2709 praetermittit
3107 2661 3173 2699 eo
3201 2648 3435 2711 nomine,
3466 2651 3608 2718 quod
3639 2667 3728 2706 eas
3761 2655 3985 2710 minime

2391 2733 2726 2785 necessarias
2750 2731 3163 2788 existimaverit.
3192 2735 3301 2791 Nos
3329 2753 3455 2793 vero
3484 2756 3552 2795 ne
3574 2742 3698 2812 quid
3728 2744 3985 2812 perfectio

2348 2825 2354 2830 ’
2391 2821 2603 2875 deesset
2645 2824 2834 2890 operi,
2868 2825 3027 2878 ctiam
3067 2841 3185 2895 quin
3224 2839 3349 2883 sunt
3389 2844 3418 2884 a
3447 2831 3710 2888 Cicerone
3761 2846 3984 2904 printer-

2392 2911 2554 2965 missa
2583 2912 2930 2981 subjecimns.

2463 3021 2553 3075 Sic
2601 3022 2760 3092 igitur
2800 3032 2989 3078 veteres
3029 3028 3370 3096 prcecipiunt,
3427 3049 3542 3084 cum
3601 3039 3876 3105 sumpseris
3917 3055 3978 3093 ea

2389 3129 2503 3182 quae
2527 3124 2644 3166 sunt
2674 3116 2720 3168 ei
2750 3103 2822 3169 rei
2854 3133 3008 3187 quant
3037 3119 3401 3187 delinire‘velis
3449 3143 3562 3179 cum
3591 3106 3710 3182 aliis
3752 3147 3982 3184 commu-

2391 3212 2499 3275 nia,
2532 3230 2688 3282 usque
2715 3230 2773 3267 eo
2803 3216 3069 3285 persequi,
3122 3220 3244 3270 dum
3273 3222 3538 3290 proprium
3579 3225 3825 3293 eﬁiciatur
3849 3229 3980 3298 quod

2390 3303 2583 3356 nullam
2620 3305 2672 3358 in
2707 3307 2868 3359 aliam
2901 3324 3008 3360 rem
3039 3310 3316 3380 transferri
3347 3316 3526 3380 possit.
3569 3316 3636 3372 Ut
3656 3318 3751 3372 hoc
3777 3319 3979 3377 Λίακ-

2391 3393 2524 3445 a‘i’tas
2572 3404 2644 3448 est
2695 3398 2946 3465 pecunia;
2994 3414 3260 3454 commune
3299 3404 3490 3470 adhuc,
3526 3409 3688 3461 multa
3723 3412 3853 3463 enim
3899 3429 3980 3481 ge-

2390 3501 2511 3536 nera
2554 3496 2671 3539 sunt
2718 3490 2961 3554 pecuniaz.
2991 3492 3138 3546 Adde
3179 3495 3316 3562 quod
3353 3500 3620 3566 sequitur:
3660 3502 3783 3568 Qua:
3809 3517 3970 3559 morte

2388 3575 2612 3644 alicujus
2640 3576 2708 3627 ad
2735 3580 3023 3646 quempiam
3062 3585 3325 3653 pervenit;
3367 3590 3596 3643 nondum
3625 3603 3698 3646 est
3727 3595 3978 3664 deﬁnitio,

2387 3667 2562 3719 multis
2597 3669 2732 3721 enim
2770 3670 2935 3725 modis
2975 3674 3081 3728 sine
3122 3677 3420 3736 Iuvreditate
3465 3686 3624 3737 teneri
3664 3701 3980 3746 mortuorum

2387 3759 2616 3826 pecunia:
2646 3771 2876 3828 possunt.
2915 3763 3085 3820 Unum
3113 3769 3245 3823 adde
3288 3775 3488 3827 verbum
3516 3791 3535 3828 :
3581 3774 3750 3843 lure;
3785 3783 3905 3850 jam
3952 3800 3982 3839 α

2386 3850 2750 3903 communitate
2783 3867 2861 3903 res
2908 3855 3167 3926 disjuncta
3211 3862 3477 3928 videbitur,
3522 3876 3577 3918 ut
3619 3866 3683 3919 sit
3714 3871 3982 3937 explicata

2387 3939 2620 4006 deﬁnitio
2644 3942 2715 3994 sic
2737 3958 2756 3997 :
2783 3943 3074 4000 Hereditas
3103 3961 3177 4003 est
3200 3955 3416 4022 pecunia
3437 3972 3548 4024 quae
3576 3968 3734 4013 morte
3758 3962 3982 4032 alicujus

2389 4032 2458 4084 ad
2483 4038 2776 4103 quempiam
2807 4040 3032 4106 pervenit
3051 4042 3194 4110 jure.
3248 4044 3494 4100 Nondum
3525 4060 3598 4102 est
3625 4052 3770 4119 satis,
3804 4055 3938 4108 adde
3959 4072 3979 4110 :

2388 4123 2498 4177 Nec
2525 4141 2584 4177 ea
2611 4135 2700 4178 aut
2735 4127 2900 4197 legata
2941 4139 3260 4201 testamento,
3296 4147 3383 4188 aut
3413 4141 3733 4205 possessione
3761 4155 3976 4201 retenta.

2387 4216 2683 4283 Confectum
2705 4227 2797 4274 est.
2820 4217 3049 4289 Itemque
3072 4233 3121 4275 ut
3149 4226 3280 4279 illud
3302 4244 3320 4282 :
3343 4227 3570 4284 Gentiles
3592 4243 3712 4285 sunt
3735 4237 3819 4300 qui
3846 4237 3977 4288 inter

2384 4321 2439 4357 se
2464 4306 2638 4358 eodem
2669 4310 2873 4364 nomine
2899 4323 3050 4377 sunt;
3083 4332 3182 4367 non
3209 4327 3283 4370 est
3313 4321 3436 4373 satis
3467 4336 3485 4374 :
3515 4323 3615 4386 Qui
3645 4326 3709 4376 ab
3741 4327 3976 4396 ingenuis

2385 4394 2590 4447 oriundi
2619 4406 2756 4449 sunt.
2795 4398 2874 4453 Ne
2905 4402 2957 4453 id
2987 4405 3192 4471 quidem
3221 4410 3348 4462 satis
3377 4420 3450 4463 est
3479 4428 3498 4466 :
3537 4413 3766 4480 Quonim
3797 4394 3968 4488 majo-

2379 4503 2496 4540 rum
2523 4504 2668 4542 nemo
2697 4493 2989 4547 servitutem
3020 4499 3239 4552 servivit.
3286 4503 3438 4556 Abest
3469 4507 3621 4558 etiam
3651 4525 3786 4562 nunc
3809 4526 3828 4563 :
3873 4511 3973 4577 Qui

2382 4578 2547 4645 Cupite
2573 4596 2676 4632 non
2707 4593 2826 4634 sunt
2855 4584 3112 4641 diminuti.
3148 4589 3260 4644 Hoc
3288 4593 3511 4660 fortasse
3540 4599 3666 4652 satis
3693 4610 3785 4652 est.
3827 4600 3973 4654 Nihil

688 4655 849 4707 elittm
873 4653 917 4706 Si
947 4652 1013 4705 de
1043 4652 1230 4705 Θυάθῐη
1263 4660 1489 4722 tyranno
1517 4661 1677 4723 atque
1708 4655 2120 4724 τεθειιυὺίιειυπ
2145 4663 2284 4753 (lum,
2303 4665 2354 4725 D
2382 4672 2516 4724 enim
2544 4672 2686 4724 video
2719 4673 2986 4730 Scevolam
3018 4683 3308 4750 pontiﬁcem
3353 4686 3423 4738 ad
3463 4689 3596 4742 hanc
3623 4691 3970 4758 deﬁnitionem

689 4755 912 4811 uterque
943 4748 1033 4808 sit,
1062 4747 1242 4812 juncta
1275 4744 1574 4799 differentia
1626 4756 1882 4818 utrosque
1921 4750 2183 4821 designat,
2216 4765 2272 4808 ut

682 4841 727 4893 si
762 4837 1112 4906 temperantia
1142 4837 1353 4904 quidem
1387 4838 1497 4907 regi
1528 4839 1608 4892 vel
1643 4841 1842 4908 pietas,
1879 4851 2108 4913 tyranno
2138 4861 2269 4913 vero

680 4937 737 4981 ct
761 4928 1170 4996 intemperantia
1192 4935 1245 4980 et
1265 4929 1554 4982 crudelitas
1573 4931 1861 4987 convenire
1881 4935 2093 4990 dicatur
2114 4955 2127 4991 :
2155 4937 2271 4993 haec

677 5027 902 5073 vocatur
938 5021 1070 5074 κατὰ
1100 5018 1350 5090 διαφορὰν.
1401 5019 1520 5072 Alia
1555 5037 1672 5088 qua:
1718 5038 1812 5090 per
1866 5028 2268 5084 translationem

683 5112 900 5174 dicitur,
933 5118 992 5163 ut
1017 5109 1394 5163 Adolescentia
1422 5121 1507 5164 est
1535 5111 1633 5166 ﬂos
1677 5115 1874 5171 aetatis.
1927 5118 2015 5170 Illa
2058 5136 2269 5190 quoque

675 5205 926 5258 deﬁnitio
955 5218 1075 5258 esse
1102 5202 1298 5257 dicitur
1327 5219 1445 5271 quae
1475 5204 1528 5258 ﬁt
1560 5221 1624 5259 ex
1658 5207 1956 5274 privatione
1982 5216 2265 5283 contrarii,

679 5307 741 5350 nt
779 5299 974 5350 bonum
1001 5304 1084 5352 est
1113 5295 1253 5365 quod
1301 5296 1496 5348 tnalum
1534 5311 1638 5349 non
1673 5309 1776 5352 est.
1810 5300 1900 5354 Illa
1929 5318 2141 5373 quoque
2171 5305 2264 5359 Vi-

678 5389 920 5442 ctorinus
966 5388 1332 5442 deﬁnitionem
1385 5388 1554 5457 ponit,
1608 5406 1727 5458 qum
1779 5402 1979 5448 tantum
2036 5400 2266 5467 propriis

678 5480 988 5535 nominibus
1015 5481 1187 5549 aptari
1234 5489 1426 5548 potest,
1455 5497 1574 5549 qua:
1601 5484 1762 5538 etiam
1794 5488 2129 5549 ὑποτύπωσις
2170 5508 2265 5560 ap-

680 5571 932 5639 pellatur,
983 5582 1039 5624 ut
1067 5569 1268 5625 Encas
1316 5580 1399 5625 est.
1443 5570 1668 5628 Veneris
1710 5585 1764 5629 et.
1810 5580 2055 5635 Anchisae
2104 5582 2261 5637 ﬁlius.

677 5664 879 5720 Praeter
921 5663 1015 5718 has
1060 5664 1218 5719 etiam
1261 5665 1346 5718 illa
1389 5675 1471 5720 est
1519 5682 1636 5737 quae
1682 5670 1739 5723 ﬁt
1785 5687 1878 5739 per
1920 5674 2261 5743 indigentiam

668 5741 823 5821 ‘pleni
843 5796 856 5816 ,
907 5765 963 5807 ιιι
993 5756 1260 5823 quadrans
1289 5764 1373 5810 est
1402 5757 1487 5810 cui
1518 5747 1749 5814 dodrans
1779 5763 1934 5818 deest
1975 5741 2049 5818 ιιι-
2071 5767 2135 5821 sit
2181 5786 2260 5824 as.

678 5841 835 5906 Ριιιιιι
860 5843 1017 5896 etiam
1046 5845 1341 5903 Victorinus
1373 5849 1513 5905 inter
1537 5853 1864 5914 differentias
1892 5860 2259 5920 deﬁnitionum

2378 4763 2659 4816 addidisse.
2708 4769 2870 4834 Atque
2917 4769 3026 4823 [nec
3076 4775 3205 4827 ratio
3248 4777 3376 4830 valet
3421 4777 3475 4831 in
3525 4789 3739 4850 utroque
3789 4801 3971 4851 genere

2378 4854 2750 4922 deﬁnitionum,
2777 4860 2880 4912 sive
2904 4859 2956 4912 id
2980 4865 3116 4931 quod
3145 4874 3237 4930 est,
3268 4869 3372 4922 sive
3399 4870 3454 4922 id
3481 4872 3618 4940 quod
3643 4875 3966 4946 intelligitur,

2377 4944 2722 5008 deﬁniendum
2750 4959 2843 5004 est.

2452 5055 2787 5114 Deﬁnitionis
2826 5063 3033 5119 ratione
3077 5073 3350 5140 proposita
3382 5073 3666 5148 divisaque
3711 5096 3806 5146 per
3851 5082 3964 5137 sin-

2375 5147 2528 5215 gulas
2557 5163 2736 5218 partes
2767 5164 2876 5209 tum
2909 5161 3170 5229 materiai,
3202 5174 3312 5220 tum
3341 5169 3500 5222 etiam
3532 5170 3758 5229 formae:
3791 5187 3962 5232 mate-

2374 5239 2471 5292 riae
2491 5241 2729 5310 quidem,
2764 5259 2884 5299 cum
2909 5247 3276 5310 deﬁnitionum
3325 5273 3447 5315 esse
3477 5261 3630 5328 dixit,
3664 5267 3747 5319 vel
3776 5283 3960 5322 earum

2375 5343 2556 5384 rerum
2589 5348 2707 5400 qua:
2735 5349 3008 5405 corporeae
3043 5357 3246 5412 essent,
3280 5349 3364 5403 vel
3405 5366 3588 5407 earum
3633 5371 3755 5425 quae
3786 5360 3964 5413 inror-

2371 5434 2580 5486 porcaz;
2626 5422 2812 5478 forma:
2841 5443 2966 5482 vero
2995 5446 3116 5487 cum
3150 5446 3240 5489 aut
3265 5422 3663 5508 partitionibus-
3699 5459 3794 5502 ant
3820 5449 3963 5503 divi-

2369 5510 2610 5565 sionibus
2656 5514 2994 5574 definitiones
3047 5523 3159 5579 ﬁeri
3209 5527 3424 5595 docuit;
3468 5537 3962 5608 praetermissisqne

2369 5604 2580 5658 caeteris
2612 5623 2943 5680 quaecunque
2972 5615 3034 5668 ad
3066 5622 3396 5687 propositum
3431 5641 3565 5694 opus
3589 5630 3810 5685 minime
3838 5647 3964 5700 per-

2369 5693 2623 5764 tinerent,
2658 5715 2798 5755 nunc
2823 5705 2966 5772 quod
2999 5709 3335 5768 utilissimum
3362 5726 3464 5780 est,
3497 5720 3842 5793 niaximeqne
3870 5733 3965 5777 to-

2370 5792 2476 5836 tam
2525 5787 2890 5847 deﬁnitioncm
2944 5796 3350 5869 intelligentiam
3404 5810 3706 5878 significare
3753 5825 3966 5885 potest,

2369 5878 2696 5944 exsequitur.
2731 5882 2784 5937 id
2820 5893 2996 5942 autem
3041 5901 3121 5954 est
3146 5908 3158 5947 ς
3184 5893 3283 5960 Qui
3311 5897 3379 5953 sit
3405 5899 3456 5955 in
3501 5878 3776 5973 omnibus,
3802 5878 3963 5976 qua:
