4248 6272
349 364 481 445 ιίοι

1184 382 1247 438 IN
1283 378 1529 438 roma
1567 341 1927 433 CICERONIS
1963 369 2480 430 coit-nummus.
2525 374 2652 430 LIB.
2695 373 2782 430 ιιι.

3477 373 3612 433 HO!

348 516 560 573 cunque
585 499 986 572 quomodolibet
1022 499 1171 562 ﬁunt,
1203 496 1528 554 deﬁnitionis
1572 492 1785 548 modus.
1833 488 1929 542 Est
1957 487 2008 546 Α
2036 485 2273 540 collectis
2303 502 2359 540 eo

2036 485 2273 540 collectis
2303 487 2792 552 communitat'ibus,
2817 487 2867 540 in
2894 501 3162 557 unumque
3180 485 3463 556 copulatis,
3488 502 3610 545 curn

349 598 526 649 autem
555 609 662 649 una
691 599 849 663 atque
877 592 1124 648 omnibus
1173 589 1473 644 communis
1499 583 1787 642 deﬁniendi
1839 597 1929 636 ra-

350 691 445 754 tio,
475 697 533 743 ut
556 703 622 742 ex
644 686 1114 742 communitatibus
1154 683 1294 738 inter
1335 690 1507 737 semet
1531 680 1736 750 junctis
1767 684 1928 746 atque

351 783 665 851 Compositis
695 781 747 834 in
797 793 954 832 unam
986 776 1369 846 proprietatem
1399 774 1475 828 rei
1509 770 1749 826 deﬁnitio
1779 767 1927 846 colli-

351 884 527 944 gatur.
551 875 738 929 Omnia
771 873 912 927 enim
943 884 1061 940 quae
1083 868 1388 922 communia
1423 877 1582 934 atque
1611 861 1932 918 universalia

351 962 498 1031 sunt,
528 967 570 1020 si
593 966 715 1035 quid
745 965 822 1018 eis
854 963 1010 1016 fuerit
1040 961 1328 1029 adjeCtum,
1353 958 1801 1013 determinationo
1830 955 1936 1008 mi-

353 1067 605 1118 nuuntur,
652 1065 705 1109 et
746 1055 810 1106 ad
862 1051 1330 1120 particularitatem
1381 1048 1629 1110 redeunt,
1675 1054 1833 1115 atque
1865 1058 1931 1096 eo

355 1148 560 1200 ambitu
594 1162 700 1214 quo
725 1144 1113 1199 coneludebaut
1148 1151 1361 1206 cuncta,
1395 1139 1735 1202 cohibentur,
1766 1134 1931 1190 veluti

353 1253 473 1288 rum
502 1236 684 1305 generi
725 1234 973 1303 adjicitur
1003 1231 1322 1288 differentia.
1366 1239 1415 1282 I-t
1448 1231 1502 1282 lit
1536 1228 1764 1297 species.
1802 1225 1931 1278 Nam

354 1343 475 1382 cum
525 1342 696 1395 genus
745 1342 840 1394 per
886 1340 944 1377 se
991 1325 1204 1391 prOprio
1251 1322 1452 1374 ambitu
1500 1319 1694 1372 multas
1729 1317 1936 1385 species

343 1394 658 1482 'coutineat,
691 1417 740 1471 ei
772 1417 814 1470 'si
847 1415 1118 1484 propriam
1149 1412 1370 1482 adjicias
1401 1410 1780 1474 differentiam,
1831 1408 1936 1461 mi-

360 1511 564 1574 nuitur,
599 1517 653 1562 et
698 1509 749 1561 itt
779 1506 1060 1576 quamdam
1103 1501 1498 1572 quodammodo
1544 1500 1936 1569 particularita-

361 1606 468 1655 tem
499 1597 662 1663 redit,
707 1597 867 1651 veluti
916 1611 1035 1649 cum
1077 1595 1306 1647 dicimus
1354 1590 1573 1652 animal,
1609 1591 1709 1643 hoc
1740 1601 1936 1642 nomen

362 1689 527 1742 multa
557 1686 844 1741 concludit.
892 1685 960 1739 At
993 1685 1037 1737 si
1081 1686 1128 1737 ei
1170 1683 1429 1736 rationale
1473 1680 1713 1748 adjicias,
1747 1677 1939 1732 facias-

363 1796 468 1849 que
499 1781 696 1834 animal
737 1777 1019 1841 rationale,
1062 1775 1240 1829 minus
1271 1775 1373 1828 erit
1414 1789 1441 1825 a
1474 1771 1729 1841 simplici.
1766 1771 1941 1824 Minus

2037 594 2259 633 necesse
2309 581 2382 633 sit
2435 580 2516 633 illa
2575 580 2914 646 copulatione
2971 596 3088 650 qua:
3131 581 3435 635 communia
3481 591 3614 638 sunt

2036 671 2280 726 contrahi
2336 681 2495 740 atque
2527 671 2578 724 in
2620 673 2880 727 minorem
2913 674 3152 728 cohiberi
3185 673 3426 739 modum,
3455 674 3614 743 eique

2041 760 2182 830 quod
2232 761 2482 813 delinitur
2534 778 2595 814 ex
2646 763 3119 817 communitatihus
3161 764 3364 833 junc:is
3412 764 3613 838 aliquid

2043 851 2318 918 proprium
2353 863 2511 919 atqttc
2540 853 2748 921 mqttale
2794 857 3151 920 componitur.
3203 856 3312 909 lloc
3341 867 3423 911 est
3455 859 3616 928 igitur

2037 943 2177 1010 quod
2207 943 2278 994 ait
2306 943 2519 1008 CiCt’l‘O,
2555 943 2696 996 hunc
2726 959 2844 998 esse
2877 944 3200 998 deﬁnitionis
3229 948 3466 1012 modum,
3495 963 3616 1003 cum

2037 1033 2336 1100 sumpseris
2383 1050 2442 1088 ea
2471 1034 2607 1103 qua:
2649 1035 2753 1089 sint
2785 1037 2830 1088 ei
2881 1039 2956 1089 rei
3002 1052 3157 1105 quam
3209 1037 3433 1092 delinire
3487 1038 3618 1092 velis

2038 1141 2158 1178 cum
2209 1128 2330 1179 a'iis
2378 1128 2708 1193 communia,
2759 1144 2926 1196 usque.
2975 1143 3040 1181 eo
3087 1130 3353 1196 persequi,
3407 1141 3463 1181 ut
3500 1146 3620 1197 pro-

2037 1207 2210 1292 ]i_rinm
2254 1219 2539 1284 elﬁeiatur,
2584 1220 2723 1288 quod
2772 1221 2824 1273 in
2860 1219 3060 1273 nul'ant
3094 1221 3249 1273 aliam
3297 1237 3405 1273 IeuI
3442 1233 3618 1274 trans-

2039 1309 2165 1360 ferri
2203 1309 2389 1375 po~sit,
2423 1319 2479 1361 ut
2510 1309 2591 1362 his
2635 1310 2809 1363 verbis
2853 1325 2900 1364 et
2940 1311 3037 1363 hac
3083 1312 3348 1365 sententia
3385 1311 3456 1366 bri
3483 1311 3621 1366 viter

2041 1398 2340 1468 signiﬁcare
2372 1400 2616 1454 videatur
2656 1401 2790 1454 hanc
2834 1418 2952 1454 esse
2987 1401 3352 1456 deﬁnitionem
3383 1419 3523 1471 qum,
3554 1417 3622 1460 cx

2041 1490 2483 1543 substantialibus
2513 1493 2982 1545 eommunitatilms
3006 1493 3190 1562 juucta
3235 1507 3394 1563 atque
3426 1495 3476 1550 in
3522 1495 3621 1552 tui-

2043 1592 2227 1631 ttoretn
2254 1580 2467 1633 modum
2501 1583 2734 1650 rI-daCIa,
2763 1581 2816 1634 ﬁt
2842 1583 2888 1635 ci
2922 1585 2994 1636 rei
3027 1600 3093 1650 qu
3115 1604 3141 1633 Ie
3166 1585 3419 1639 deﬁnitur
3443 1601 3622 1654 atqua-

2044 1665 2130 1720 Ιῐε.
2168 1666 2421 1735 Exempla
2449 1685 2575 1722 vero
2604 1687 2720 1738 qua:
2757 1673 2902 1736 ponit
2938 1673 3237 1742 hujusmodi
3279 1686 3422 1739 sunt,
3458 1692 3622 1730 unum

2044 1755 2362 1812 deﬁniendis
2407 1760 2755 1824 Increditatis,
2799 1764 3024 1816 altermn
3072 1767 3623 1834 gentilitatiszlltere-

366 1848 595 1939 namque
640 1879 723 1924 εει
751 1867 945 1921 anima]
979 1864 1236 1920 ralionale
1278 1879 1308 1918 ει
1339 1863 1656 1931 simpliciter
1693 1859 1936 1914 animali,
1971 1858 2020 1919 Β
2047 1848 2228 1939 ditatis
2264 1851 2482 1919 quidem
2531 1851 2630 1905 hoc
2679 1854 2838 1906 modo
2869 1873 2880 1906 :
2917 1856 3212 1910 lla-reditas
3263 1872 3344 1913 est
3376 1861 3625 1928 pecunia.

366 1963 442 2016 Ita
465 1959 672 2014 addltio
696 1957 1009 2012 differentia:
1040 1955 1179 2026 quod
1219 1954 1387 2023 majus
1412 1953 1510 2007 l'uit
1564 1952 1617 2006 in
1653 1952 1942 2020 particula-

367 2050 580 2104 ritatem
624 2048 904 2118 quamdam
946 2045 1152 2115 redegit
1208 2056 1367 2113 atque
1415 2042 1675 2098 cohibuit.
1723 2043 1942 2108 Quoties

366 2140 529 2207 igitur
555 2139 730 2208 aliqua
759 2154 843 2193 res
887 2137 1186 2192 deﬁnienda
1235 2146 1338 2199 est,
1372 2134 1599 2187 sumitur
1636 2133 1688 2186 id
1719 2133 1859 2203 quod
1892 2134 1940 2187 ei

369 2245 486 2283 eum
531 2229 769 2297 pluribus
801 2229 921 2282 aliis
967 2241 1251 2282 commune
1296 2233 1397 2291 est,
1449 2223 1572 2278 huic
1617 2222 1944 2293 adjiciuntur

369 2318 702 2383 differentiae,
729 2320 1012 2385 statimque
1035 2331 1255 2372 necesse
1299 2325 1381 2370 est
1410 2316 1682 2369 minuatur
1713 2314 1764 2368 id
1799 2313 1942 2384 quod

369 2411 606 2481 pluribus
637 2411 809 2465 luerat
838 2419 962 2464 ante
983 2423 1290 2474 commune,
1327 2417 1382 2463 et
1421 2408 1465 2461 si
1496 2406 1595 2461 hac
1626 2406 1946 2462 differentiae

371 2503 640 2556 auditione
687 2504 736 2555 in
769 2512 972 2554 tantum
1015 2500 1229 2554 modum
1261 2499 1584 2562 decreverit,
1617 2506 1673 2550 ut
1722 2497 1800 2551 rei
1829 2512 1947 2566 quae

372 2593 623 2647 delinitur
653 2593 741 2646 ﬁat
771 2595 1012 2661 aequalis,
1047 2593 1181 2644 alias
1211 2589 1542 2644 diﬁcreutias
1585 2589 1844 2655 colligere
1871 2598 1951 2642 at-

373 2699 476 2748 que
517 2692 700 2749 aptare
732 2697 835 2734 non
866 2694 1086 2734 necesse
1133 2669 1256 2741 erit,
1293 2678 1385 2731 sed
1420 2678 1470 2730 id
1503 2678 1674 2746 ipsum
1709 2675 1849 2745 quod
1880 2677 1951 2730 ita

375 2774 632 2836 decrevit,
664 2781 716 2824 ιιι
767 2773 970 2840 tequale
1013 2772 1080 2824 sit
1110 2771 1157 2824 ei
1207 2771 1347 2838 quod
1381 2770 1652 2831 deﬁnitur,
1683 2769 1954 2822 deﬁnitio-

375 2880 498 2919 nem
532 2878 651 2919 esse
682 2878 900 2917 necesse
927 2873 1027 2916 est.
1063 2862 1129 2914 At
1167 2865 1208 2915 si
1238 2861 1414 2914 adhuc
1445 2862 1672 2929 amplius
1696 2863 1762 2914 sit
1794 2861 1860 2914 ab
1892 2876 1955 2915 ea

377 2969 438 3009 re
466 2970 583 3024 qua:
610 2954 878 3017 deﬁnitur,
911 2968 1214 3019 quaeramus
1240 2967 1459 3006 necesse
1487 2962 1568 3005 est
1607 2953 1765 3004 aliam
1803 2951 1956 3005 diﬁ'e-

379 3048 629 3111 rentiam,
662 3061 761 3115 qua
807 3045 1057 3114 adjuncta
1087 3060 1340 3098 numerus
1369 3044 1579 3114 quidem
1611 3054 1839 3109 eresvat,
1877 3046 1956 3098 vis

379 3149 557 3194 autem
598 3138 1034 3194 communitatum
1081 3137 1501 3192 diﬁ‘erentiarum
1533 3136 1805 3190 additione
1863 3137 1956 3191 de-

2045 1936 2344 1997 Commune
2369 1944 2469 2012 hoc
2497 1954 2550 1998 et
2579 1947 2758 2000 multis
2783 1949 2902 2001 aliis
2928 1952 3252 2006 conveniens
3283 1970 3349 2022 qu
3373 1975 3400 2004 ιε
3455 1954 3627 2010 hatre-

2046 2025 2373 2102 ditatesuton
2407 2048 2555 2104 sunt,
2594 2049 2647 2093 ιιι
2673 2025 3071 2108 donationibus,
3110 2053 3165 2096 ut
3197 2044 3370 2110 furtis,
3406 2049 3628 2124 veLqui-

2048 2126 2280 2180 buslibet
2325 2128 2444 2182 aliis
2493 2134 2816 2197 pecuniaiiis
2863 2135 3020 2188 rebus
3063 2152 3181 2204 quae
3233 2138 3455 2194 minime
3501 2150 3629 2200 sum

2050 2218 2409 2275 haereditates.
2455 2222 2586 2277 lluic
2616 2224 2772 2295 igitur
2818 2227 3054 2293 pecunia:
3093 2230 3394 2285 addemlmn
3426 2233 3628 2304 aliquid

2052 2310 2168 2376 fuit,
2199 2312 2245 2363 id
2279 2321 2397 2364 est:
2432 2311 2560 2378 Quae
2594 2325 2768 2370 morte
2796 2317 3022 2386 alicujus
3055 2319 3120 2372 ad
3166 2322 3468 2391 quempiam
3491 2339 3628 2391 ,per-

2051 2401 2218 2454 venit.
2249 2401 2545 2457 Hrereditas
2577 2407 2716 2459 enim
2754 2410 2977 2476 pecunia
3003 2417 3172 2466 estad
3201 2415 3505 2481 quempiam
3533 2416 3631 2470 ali-

2052 2493 2207 2559 cujus
2239 2507 2408 2546 Iuorte
2444 2496 2784 2562 perveniens.
2833 2498 2936 2552 Sed
2982 2518 3047 2552 tte
3088 2503 3137 2554 id
3167 2505 3379 2571 quidem
3417 2506 3632 2576 plenum

2054 2583 2387 2640 hzereditatis
2418 2587 2650 2656 explicat
2685 2590 3038 2645 intellectum.
3075 2595 3368 2650 Commune
3405 2613 3636 2668 namque

2055 2686 2155 2730 est.
2207 2677 2271 2730 Et
2317 2680 2554 2746 pecunia:
2603 2693 2936 2737 mortuorum
2976 2685 3212 2751 pluribus
3246 2689 3417 2743 teneri
3462 2689 3636 2745 modis

1974 2833 1983 2853 Ι
2059 2779 2309 2835 possunt,
2347 2769 2494 2824 velut
2538 2773 2580 2825 si
2630 2773 2768 2827 bello
2796 2774 2914 2844 quis
2940 2777 3112 2829 victus
3155 2789 3238 2832 est
3263 2794 3324 2832 ac
3354 2781 3636 2848 spoliatus.

2057 2859 2376 2914 Addendum
2411 2862 2572 2932 igitur
2599 2868 2683 2918 e'st
2729 2865 2926 2935 aliquid
2962 2884 2974 2919 :
3003 2867 3150 2936 Jure,
3180 2879 3235 2921 ut
3277 2872 3364 2932 sit,
3402 2865 3655 2925 Haeredic'

2061 2959 2141 3003 tas
2181 2961 2263 3005 est
2304 2954 2526 3019 pecunia
2579 2971 2696 3022 qua:
2742 2961 2912 3012 morte
2957 2959 3181 3025 alicujus
3225 2959 3289 3012 ad
3335 2961 3638 3031 quempiam

2056 3041 2177 3112 jure
2210 3045 2468 3111 pervenit.
2513 3046 2864 3104 [hereditates
2890 3051 3028 3104 enim
3053 3051 3175 3120 jure
3207 3054 3510 3122 capiuntur.
3549 3055 3640 3112 Vi-

2061 3134 2253 3190 deatur
2291 3138 2508 3192 forsitan
2544 3141 2644 3194 hoc
2689 3143 2803 3195 loco
2842 3144 3203 3204 deﬁnitionem
3251 3163 3408 3216 posse
3429 3151 3642 3208 consis-

380 3241 609 3298 creseat,
650 3239 808 3300 atque
838 3230 888 3283 id
935 3230 1190 3284 hactenus
1219 3227 1542 3292 faciendum,
1581 3241 1867 3297 quatenus,
1901 3216 2029 3284 ιιιο
2065 3235 2180 3280 tere
2204 3267 2218 3288 ,
2247 3227 2339 3280 sed
2384 3229 2642 3294 minime;
2674 3231 2799 3300 quid
2829 3235 3006 3288 enim?
3028 3237 3070 3288 si
3097 3235 3263 3305 legata
3297 3242 3516 3307 pecunia
3539 3251 3642 3309 est.

381 3324 584 3377 dictum
635 3331 736 3385 est,
794 3335 855 3374 ea
897 3335 1014 3392 qua:
1057 3320 1123 3374 ad
1175 3318 1538 3374 deﬁnitionem
1589 3329 1871 3372 sumuntur
1912 3318 1964 3373 ei

381 3416 521 3482 quod
545 3413 904 3469 deﬁniendum
938 3423 1020 3467 est
1074 3413 1441 3482 adsequentur.
1471 3411 1540 3466 Ut
1571 3413 1730 3482 igitur
1773 3412 1824 3465 id
1856 3427 1962 3466 non

383 3507 592 3561 ratione
605 3506 802 3572 solum,
827 3521 1009 3558 verum
1037 3505 1377 3558 convenienti
1409 3519 1621 3572 quoque
1648 3505 1844 3581 clarius
1873 3504 1964 3557 llat

383 3602 659 3671 exemplo,
691 3613 932 3654 sumatur
959 3614 1047 3652 res
1086 3598 1362 3652 notissima
1393 3596 1455 3649 ad
1481 3596 1878 3663 deﬁnitionem,
1911 3595 1963 3649 id

385 3697 457 3749 sit
487 3693 666 3748 homo.
720 3695 884 3762 ilujus
916 3693 1076 3763 igitur
1117 3692 1188 3744 ita
1220 3691 1508 3761 quaerimus
1551 3689 1917 3742 deﬁnitionem
1949 3705 1962 3742 :

388 3786 649 3840 sumimus
680 3785 817 3853 quod
849 3787 897 3839 ei
943 3799 1063 3839 cum
1110 3783 1351 3852 pluribus
1391 3782 1508 3834 aliis
1537 3797 1824 3834 commune
1857 3792 1963 3847 est,

391 3877 442 3931 id
476 3883 558 3930 est
585 3874 804 3927 animal.
837 3873 1075 3927 Dicimus
1106 3873 1267 3942 igitur
1299 3873 1567 3926 hominem
1598 3887 1717 3927 esse
1747 3873 1965 3937 animal,

387 3965 629 4020 nonduin
662 3973 744 4019 est
771 3965 1010 4018 deﬁnitio
1036 4006 1050 4029 ,
1090 3961 1319 4035 primum
1357 3967 1501 4036 quia,
1527 3975 1583 4019 ut
1620 3965 1819 4019 dictum
1864 3975 1967 4032 est,

393 4060 512 4112 solo
541 4058 754 4110 nomine
794 4055 1034 4109 deﬁnitio
1063 4057 1209 4110 reddi
1241 4073 1345 4110 non
1381 4067 1586 4126 potest;
1619 4057 1815 4112 dehinc
1846 4055 1969 4127 quia

387 4148 590 4202 animal
627 4145 798 4215 majus
841 4156 924 4200 est
951 4146 1184 4202 homine.
1231 4145 1299 4202 Ut
1343 4149 1506 4217 igitur
1544 4148 1812 4200 minuatur
1857 4146 1972 4199 ani-

388 4241 572 4294 malet
603 4239 804 4294 homini
829 4249 1156 4304 coaequetur,
1183 4238 1426 4292 addimus
1457 4237 1842 4304 diﬁ‘erentiam,
1867 4252 1970 4308 qua

395 4333 664 4400 adjuncta,
693 4346 872 4384 rerum
900 4331 1110 4399 quidem
1144 4347 1399 4386 numerus
1424 4334 1642 4394 crescit,
1677 4333 1757 4385 vis
1791 4341 1974 4386 autem

395 4425 474 4478 rei
499 4432 657 4490 atque
684 4421 974 4492 amplitudo
1002 4423 1277 4477 minuitur.
1309 4423 1463 4477 Addo
1492 4423 1651 4492 igitur
1682 4425 1971 4487 rationale,

397 4509 679 4579 efﬁcioque
707 4512 901 4565 animal
928 4512 1206 4565 rationale.
1251 4511 1424 4565 Minus
1453 4523 1533 4564 est
1580 4513 1746 4582 igitur
1776 4513 1974 4564 animal

2070 3319 2352 3372 luereditas
2409 3321 2621 3389 quidem
2668 3324 2771 3377 dici
2832 3341 2933 3379 non
2982 3336 3207 3398 potest,
3256 3341 3406 3398 capta
3465 3342 3645 3394 tamen

2068 3420 2240 3466 morte
2283 3412 2502 3480 alicujus
2525 3415 2645 3481 jure
2679 3418 2898 3482 pecunia
2929 3430 3028 3471 est.
3061 3419 3187 3471 Nam
3232 3420 3275 3481 si
3320 3430 3645 3480 testamenta

2069 3502 2189 3570 jure
2222 3503 2377 3569 ﬁunt,
2415 3506 2634 3573 pecunia
2667 3507 2823 3561 etiam
2861 3512 2977 3575 jure
3020 3512 3240 3578 legatur,
3291 3513 3648 3581 adjiciendum

2072 3601 2156 3646 est
2181 3595 2404 3661 aliquid,
2449 3595 2503 3648 id
2541 3595 2747 3651 scilicet
2787 3613 2892 3667 quo
2935 3599 3000 3651 ab
3032 3599 3437 3659 lia-reditat'hus
3478 3605 3648 3678 legata
3695 3653 3702 3661 .

2075 3693 2415 3751 separentur,
2447 3693 2504 3739 ut
2525 3686 2785 3750 dicamus,
2817 3690 3015 3744 hmredi
3045 3702 3182 3744 atem
3226 3709 3345 3748 esse
3376 3696 3651 3764 pecuniam

2073 3783 2248 3827 morte
2294 3775 2520 3843 alicujus
2557 3777 2638 3829 'ad
2699 3781 3002 3848 quempiam
3049 3785 3452 3850 pervenientem
3506 3787 3650 3855 jure,

2074 3880 2194 3933 qua:
2227 3867 2398 3934 legata
2446 3884 2546 3919 non
2598 3869 2686 3921 sit.
2729 3869 2864 3922 Num
2915 3873 3043 3925 satis
3077 3882 3158 3926 est
3190 3875 3520 3932 deﬁnitioni?
3565 3877 3655 3932 Mi-

2075 3957 2237 4009 nime.
2289 3956 2424 4022 Quid
2474 3959 2615 4009 enim
2657 3959 2698 4010 si
2752 3974 2925 4012 meum
2975 3961 3186 4028 quidem
3236 3964 3531 4028 domini-nm
3575 3967 3658 4028 sit

2079 4046 2247 4112 fundi,
2279 4049 2357 4100 ve‘l
2389 4047 2611 4114 alicujus
2639 4051 2959 4116 pecuniariar
2986 4051 3080 4115 rei,
3109 4054 3328 4107 alterius
3356 4072 3482 4108 νισι-ο
3504 4073 3658 4118 usus—

2081 4138 2307 4191 fruetus.
2343 4137 2473 4191 Nam
2518 4148 2688 4192 morte
2727 4140 2841 4208 ejus
2872 4143 2956 4196 cui
2991 4143 3327 4200 ususfructus
3369 4149 3655 4220 competit,

2081 4231 2145 4284 ad
2179 4246 2262 4285 me
2293 4245 2379 4285 res
2410 4231 2496 4285 illa
2533 4233 2838 4301 revertitur,
2873 4250 2990 4303 qua:
3029 4235 3080 4290 iu
3114 4251 3234 4291 meo
3266 4239 3388 4294 dom
3414 4239 3501 4292 nio
3531 4255 3660 4308 pro-

2081 4324 2324 4394 prietatis
2373 4326 2712 4393 possessione
2755 4327 2874 4394 jure
2913 4329 3229 4386 tenebatur?
3277 4347 3447 4401 neque
3483 4340 3660 4394 tamen

2086 4416 2372 4471 hatreditas
2419 4431 2538 4470 esse
2569 4426 2763 4485 potest,
2809 4419 3164 4488 adjiciendum
3212 4420 3373 4490 igitur
3411 4433 3519 4488 est,
3555 4422 3664 4483 mi-

2084 4511 2230 4562 nime
2261 4510 2604 4578 possessione
2647 4523 2765 4562 esse
2797 4520 3075 4573 retentam,
3118 4512 3168 4563 id
3205 4523 3305 4576 est,
3339 4522 3391 4567 ut
3421 4516 3666 4588 proprie-

398 4603 660 4658 rationale
697 4618 853 4672 quam
885 4603 1097 4671 proprie
1136 4603 1354 4656 animal.
1409 4603 1536 4656 Dico
1569 4612 1747 4655 autem
1803 4602 1977 4655 humi-
2003 4595 2064 4656 1)
2089 4602 2209 4653 tatis
2243 4600 2587 4668 possessione
2616 4600 2664 4653 id
2697 4601 2837 4669 quod
2865 4617 2929 4654 ex
2963 4613 3132 4655 morte
3165 4604 3390 4672 alicujus
3411 4606 3535 4673 jure
3562 4622 3663 4665 non

401 4709 522 4748 nem
554 4709 673 4747 esse
700 4694 893 4746 animal
927 4693 1208 4746 rationale.
1233 4692 1337 4745 Sed
1367 4691 1418 4744 id
1451 4693 1686 4745 nondum
1729 4707 1979 4762 coaequa-

397 4798 487 4840 tur
506 4787 574 4839 ad
599 4785 892 4850 hominem,
927 4795 1148 4855 possunt
1181 4787 1324 4838 enim
1361 4800 1482 4839 esse
1524 4787 1778 4839 animalia
1815 4789 1980 4840 ratio-

402 4877 619 4938 nabilia,
663 4877 799 4929 sicut
835 4876 1039 4929 Platoni
1083 4889 1294 4944 quoque
1321 4874 1388 4928 de
1418 4877 1577 4930 astris
1627 4875 1823 4943 placet,
1862 4893 1980 4944 qua:

403 4969 645 5022 homines
677 4983 781 5020 non
820 4977 965 5022 sunt.
1010 4967 1165 5022 Addo
1206 4967 1369 5036 igitur
1399 4984 1586 5022 rursus
1631 4969 1788 5022 aliam
1825 4968 1980 5022 dill'e-

390 5059 649 5121 «entiam,
681 5056 726 5110 si
749 5072 967 5125 quoquo
998 5057 1158 5110 modo
1188 5057 1382 5111 iterum
1408 5058 1652 5112 delinitio
1686 5059 1980 5113 contraha-

401 5162 510 5215 tur,
537 5160 596 5201 ιιι
622 5149 713 5202 ﬁat
745 5148 948 5202 homini
1001 5148 1142 5218 quod
1184 5147 1436 5202 deﬁnitur
1475 5139 1716 5218 atquale;
1755 5151 1989 5220 adjuugo

401 5243 452 5309 ig
477 5256 562 5294 tur
589 5241 834 5306 mortale,
862 5257 924 5295 ac
950 5242 1074 5296 dico
1107 5241 1378 5294 hominem
1411 5256 1532 5297 esse
1565 5243 1768 5296 animal
1816 5243 1983 5296 ratio-

393 5333 526 5386 nale
563 5333 810 5397 mortale,
841 5333 891 5399 id
918 5341 1164 5402 aequatur
1190 5333 1254 5383 ad
1292 5334 1583 5388 hominem.
1629 5334 1764 5387 Nam
1802 5345 1853 5387 et
1895 5337 1984 5402 qtti

407 5425 570 5473 honto
599 5431 700 5486 est,
728 5422 928 5475 animal
957 5424 1218 5476 rationale
1245 5424 1471 5479 mortale
1511 5436 1613 5479 est.
1651 5425 1788 5478 Dico
1822 5426 1986 5494 igitur

407 5512 642 5566 hominis
687 5515 824 5566 hanc
871 5527 991 5568 esse
1042 5513 1410 5569 deﬁnitionem
1457 5533 1573 5585 quae
1621 5532 1682 5570 ex
1744 5517 1984 5584 pluribus

401 5604 784 5659 communibus
831 5607 1031 5671 junctis
1077 5622 1238 5658 unum
1283 5615 1458 5660 tamen
1490 5608 1736 5676 quiddam
1786 5611 1986 5666 homini

409 5695 683 5764 proprium
708 5703 866 5764 atque
895 5697 1097 5762 :rquale
1129 5697 1362 5750 conﬁcit.
1395 5699 1565 5767 Atque
1589 5701 1638 5751 in
1669 5701 1876 5754 caneris
1894 5701 1988 5756 de-

409 5779 742 5842 ﬁnitionibus
785 5786 973 5841 eadem
1030 5788 1168 5839 ratio
1209 5798 1313 5853 est,
1359 5800 1413 5841 ut
1465 5787 1808 5846 deﬁnitiones
1861 5793 1990 5848 ﬁant

2093 4691 2336 4764 legatum
2369 4690 2612 4756 pervenit
2671 4706 2774 4743 non
2806 4692 3119 4746 retineatur.
3154 4694 3265 4748 Hoc
3295 4707 3470 4754 autem
3507 4698 3669 4760 modo

2093 4782 2439 4851 possessione
2465 4781 2681 4834 retineri
2723 4791 2919 4851 potest.
2961 4787 3003 4837 si
3031 4786 3099 4840 sit
3131 4797 3308 4840 nostra
3335 4803 3376 4857 ρ
3408 4789 3668 4856 opnietas,

2093 4885 2145 4924 et
2175 4873 2290 4942 ejus
2321 4872 2408 4940 qui
2440 4873 2730 4926 decesserit
2777 4877 3130 4930 ususlIuetus.
3173 4879 3468 4948 Coujtnicta
3502 4880 3672 4949 igitur

2095 4968 2270 5019 omnia
2299 4966 2348 5018 in
2383 4983 2541 5019 uuuut
2588 4968 2783 5022 facient
2819 4968 3143 5024 Ita'reditatis
3170 4971 3534 5026 deﬁnitionem
3572 4977 3674 5029 lion

2099 5061 2303 5113 modo:
2341 5058 2528 5113 l-l.med
2555 5068 2633 5112 tas
2681 5069 2761 5113 est
2793 5062 3013 5126 pecunia
3068 5080 3185 5128 qum
3232 5078 3403 5118 morte
3447 5066 3672 5132 alicnqu

2099 5151 2164 5203 ad
2197 5153 2503 5219 quempiam
2539 5150 2782 5217 pervenit
2805 5151 2948 5222 jure,
2983 5170 3087 5207 non
3121 5155 3310 5222 legata,
3348 5171 3674 5226 aequums-

2101 5243 2342 5298 sessione
2369 5251 2592 5296 retenta.
2625 5243 2748 5297 Haec
2777 5243 3018 5298 deﬁnitio
3059 5255 3143 5301 est
3185 5247 3403 5316 :equalis
3445 5249 3672 5306 hit-retii-

2101 5336 2218 5389 tati.
2251 5335 2379 5387 Nam
2413 5344 2468 5387 ut
2499 5336 2781 5390 hazreditas
2808 5339 3028 5406 pecunia
3056 5349 3138 5394 est
3160 5351 3331 5396 morte
3352 5341 3670 5413 alicujus-“

2103 5429 2402 5498 quempiam
2433 5431 2751 5496 perveniens
2768 5430 2910 5499 jure,
2935 5448 3105 5501 neque
3127 5434 3322 5502 legata,
3349 5451 3674 5510 neque”

2104 5524 2344 5575 sessione
2359 5530 2562 5574 retenta
2575 5563 2588 5584 ,
2604 5522 2670 5573 ita
2685 5535 2942 5592 qumcunq
2955 5539 3016 5577 ne
3031 5525 3249 5592 pecunia
3264 5525 3676 5597 alicujusmuxm

2109 5613 2174 5666 ad
2199 5615 2428 5681 aliquem
2456 5611 2575 5682 jure
2601 5613 2921 5681 pervenerit,
2957 5627 3130 5683 neque
3169 5616 3337 5685 legata
3380 5618 3473 5682 sit,
3502 5634 3673 5691 neque

2108 5714 2335 5765 retenta,
2366 5701 2498 5755 hanc
2525 5701 2888 5757 harrcditatem
2914 5718 3032 5758 esse
3055 5720 3272 5760 necesse
3292 5716 3393 5762 est.
3422 5708 3528 5764 Sed
3549 5709 3670 5768 cum

2112 5790 2183 5845 Μ.
2215 5790 2418 5845 Tullius
2451 5792 2511 5845 ad
2543 5806 2660 5846 eum
2693 5804 2857 5859 usque
2887 5795 3058 5848 locum
3089 5793 3392 5852 deﬁniendo
3416 5799 3670 5864 venisset.
