4248 6272
617 376 761 438 110⁸5

1842 371 1954 428 AN.
1991 369 2200 428 MANL.
2243 370 2398 428 SEV.
2440 369 2664 426 BOETII

3744 369 3883 426 “0-!-

619 507 678 553 ut
705 497 910 551 diceret
955 488 1324 545 haereditatem
1373 498 1493 540 esse
1539 483 1819 554 pecuniam
1857 498 1976 552 qua:
2015 492 2188 536 morte
2218 481 2622 551 Ajuredictum
2638 455 2876 549 est,Jam
2897 481 3322 538 acommunitate
3341 496 3430 538 res
3445 481 3707 553 disjuncta
3732 483 3881 542 vide-

621 590 850 657 alicnjus
880 585 945 638 ad
992 582 1298 652 quempiam
1331 578 1683 649 pervenisset,
1713 577 1834 646 jure
1864 577 1939 629 ait
1973 594 1987 631 :
2017 575 2131 629 Jam
2164 590 2195 629 a

629 677 1013 736 communitate
1040 688 1124 727 res
1152 671 1416 740 disjuncta
1446 667 1729 733 videbitur,
1759 675 1816 720 ut
1841 667 1908 719 sit
1930 667 2196 736 explicata

627 769 868 826 delinitio
899 766 976 820 sic
1005 782 1019 817 :
1051 762 1346 818 Hzereditas
1377 769 1458 814 est
1487 757 1718 837 pecunia
1751 772 1868 826 qua:
1896 766 2069 811 morte
2097 756 2196 810 ali-

623 862 775 931 cujus
805 858 871 912 ad
901 855 1202 925 quempiam
1236 853 1356 922 jure
1385 851 1652 922 pervenit.
1702 849 1861 915 quue
1894 849 1963 901 ita
1994 848 2196 902 dictum

622 965 726 1015 est,
759 949 910 1019 quasi
936 949 1044 1017 jam
1080 946 1238 1014 plena
1282 942 1417 996 facta
1468 943 1536 994 sit
1576 939 1834 993 deﬁnitio.
1876 938 2010 1006 Quid
2053 938 2196 992 enim

629 1052 714 1098 cst
743 1041 884 1095 alittd
917 1038 1241 1106 explicatam
1265 1047 1383 1088 esse
1408 1031 1792 1093 deﬁnitionem,
1827 1038 1878 1082 et
1908 1044 1937 1082 a
1959 1044 2201 1083 commu-

628 1138 796 1190 nitate
825 1133 1169 1201 disjunctam,
1203 1129 1304 1181 nisi
1329 1125 1641 1196 perfectam,
1673 1132 1725 1175 et
1754 1123 1840 1175 cui
1867 1122 2006 1175 desit
2034 1120 2200 1174 nihil?

631 1229 737 1285 Sed
786 1239 972 1279 rursus
1009 1221 1161 1292 quasi
1191 1235 1294 1273 non
1327 1220 1396 1272 sit
1443 1217 1703 1284 explicata
1749 1214 2010 1282 deﬁnitio,
2041 1228 2140 1267 nec
2168 1227 2202 1268 a

625 1319 1009 1375 communitate
1039 1313 1379 1379 disjunctam,
1399 1306 1581 1372 adjicit
1609 1323 1621 1357 :
1654 1305 1896 1358 Nondum
1927 1313 2008 1358 est
2036 1303 2200 1367 satis;

625 1410 763 1464 adde
789 1424 804 1462 ε
833 1406 940 1459 Nec
968 1419 1028 1457 ea
1068 1411 1158 1454 aut
1183 1401 1354 1469 legata
1389 1406 1709 1450 testamento
1739 1405 1829 1448 aut
1859 1394 2204 1464 possessione

627 1509 858 1567 retenta.
891 1495 1054 1563 Cujus
1086 1490 1410 1560 adjectionis
1447 1489 1560 1540 hzrc
1586 1486 1719 1539 ratio
1751 1495 1852 1548 est,
1891 1484 2018 1537 fecit
2057 1483 2202 1537 enim

629 1591 994 1646 delinitionem
1039 1585 1160 1638 aliis
1205 1582 1494 1650 adjunctis,
1542 1582 1660 1634 aliis
1708 1579 1989 1647 separatis.
2023 1579 2206 1647 Itaque

632 1684 683 1738 id
728 1680 867 1750 quod
896 1677 1204 1743 deﬁniebat,
1234 1675 1316 1727 vel
1345 1673 1426 1726 his
1447 1687 1565 1741 quae
1593 1673 1852 1739 adjunxit,
1878 1672 1960 1724 vn-l
1986 1671 2066 1724 his
2086 1685 2208 1739 quze

626 1770 916 1840 separavit,
974 1783 1001 1818 a
1051 1773 1366 1819 caeterorum
1412 1762 1649 1816 omnium
1697 1763 2074 1816 communitate
2114 1777 2200 1816 sc-

2305 584 2406 639 tur,
2439 573 2494 628 ut
2516 575 2583 628 sit
2609 575 2867 641 explicata
2897 573 3137 628 deﬁnitio
3169 591 3184 629 :
3233 573 3526 629 limreditas
3554 585 3636 629 est
3659 577 3877 643 pecunia

2302 685 2422 740 qua:
2450 680 2620 724 morte
2653 671 2876 738 alicujus
2905 670 2970 724 ad
2994 673 3300 740 quempiam
3334 673 3580 741 pervenit
3604 673 3742 740 jure.
3776 675 3879 729 Sed

2303 761 2553 829 queniam
2599 775 2782 813 rursus
2811 759 2896 812 hic
2928 760 3228 814 intellectus
3257 760 3325 814 ad
3355 763 3501 828 plura
3533 763 3669 815 intra
3701 778 3758 816 se
3791 779 3882 832 po-

2303 851 2405 905 sita
2431 859 2645 920 poterat
2697 853 3010 914 convenire,
3044 864 3149 904 non
3197 850 3466 904 immerito
3494 850 3728 905 additum
3760 862 3878 908 est:

2305 939 2419 993 Non
2449 949 2531 993 est
2556 941 2777 1002 satis,et
2801 948 3017 1003 caetera,
3048 956 3164 1007 qua:
3194 941 3419 1007 legatum
3445 953 3498 996 et
3530 947 3886 1011 possessionis

2307 1031 2659 1086 retentionem
2690 1031 2756 1085 ab
2782 1030 3106 1085 haereditatis
3129 1031 3436 1087 deﬁnitione
3464 1034 3749 1102 sejunguat
3777 1053 3789 1088 :
3822 1052 3885 1091 ac

2306 1121 2374 1176 de
2404 1120 2582 1190 priore
2625 1122 2838 1189 quidem
2897 1121 3220 1176 hzereditatis
3272 1125 3516 1193 exemplo
3570 1125 3682 1179 haec
3738 1127 3887 1182 dicta

2306 1215 2433 1268 sint.
2478 1213 2556 1267 Ad
2590 1213 2743 1282 hujus
2770 1228 2899 1268 vero
2949 1213 3343 1268 similitudinem
3385 1217 3544 1269 etiam
3586 1217 3884 1273 secundum

2309 1315 2499 1360 tractat
2527 1307 2853 1372 exemplum,
2878 1306 3019 1374 quod
3047 1306 3114 1360 de
3141 1307 3446 1362 deﬁnitione
3471 1309 3779 1376 gentilitatis
3803 1321 3891 1365 est

2309 1399 2562 1470 positum.
2592 1385 2831 1452 Gentiles
2861 1401 3004 1453 enim
3035 1409 3162 1454 sunt
3205 1402 3291 1470 qni
3331 1402 3520 1455 eodem
3563 1406 3777 1458 nomine
3804 1406 3916 1459 in-‘

2308 1499 2392 1544 ter
2435 1504 2493 1544 se
2523 1499 2662 1553 sunt,
2696 1497 2754 1543 ut
2782 1487 3094 1557 Scipiones,
3129 1490 3275 1543 Bruti
3320 1499 3374 1545 et
3416 1493 3617 1546 ueteri.
3670 1493 3806 1560 Quid
3843 1497 3889 1550 si

2309 1581 2452 1634 servi
2481 1580 2665 1635 sunt?
2713 1595 2840 1633 num
2875 1579 2980 1638 ulla
3025 1581 3292 1648 gentilitas
3341 1595 3615 1636 servorum
3647 1598 3766 1646 esse
3799 1600 3890 1654 po-

2311 1671 2452 1724 test?
2493 1671 2727 1725 Minime.
2757 1670 3127 1740 Adjiciendum
3182 1672 3378 1741 igitur:
3411 1676 3506 1739 Qui
3552 1677 3618 1728 ab
3651 1677 3888 1744 ingenuis

2312 1763 2521 1818 oriundi
2551 1772 2694 1818 sunt.
2726 1763 2864 1828 Quid
2916 1763 2961 1817 si
3009 1764 3377 1818 libertinorum
3435 1776 3657 1834 nepotes
3699 1768 3888 1823 civium

625 1859 886 1930 gregavit.
940 1854 1316 1909 llmreditatem
1365 1853 1507 1904 enim
1557 1851 1691 1904 dixit
1739 1867 1858 1904 esse
1894 1851 2203 1919 pecuniam,
2238 1849 2288 1909 B
2319 1855 2682 1909 Romanorum
2709 1854 2897 1908 eodem
2929 1854 3141 1908 nomine
3166 1857 3577 1924 nuncupentur?
3608 1873 3732 1911 num
3759 1873 3890 1928 gen-

635 1953 759 2005 huic
784 1948 1008 2008 addidit,
1043 1952 1214 1998 morte
1245 1942 1470 2012 alicujus
1501 1942 1566 1996 ad
1613 1943 1847 2011 aliquem
1885 1943 2220 2010 perveniens

628 2053 760 2098 tem.
806 2036 1188 2109 Separavitque
1237 2049 1356 2088 eam
1403 2034 1469 2087 ab
1517 2034 1582 2087 iis
1633 2034 1891 2100 pecuniis,
1941 2049 2062 2102 quae
2104 2047 2210 2087 non

628 2141 803 2190 morte
830 2129 1053 2196 alicujus
1081 2125 1145 2179 ad
1177 2125 1430 2194 aliquem,
1474 2123 1568 2178 sed
1600 2133 1880 2176 contractu
1909 2124 2208 2178 viventium

630 2225 997 2296 pervenirent,
1039 2216 1408 2283 addiditjnre,
1465 2222 1522 2267 ut
1576 2214 1642 2266 ab
1693 2213 1776 2267 his
1831 2215 2074 2281 pecuniis
2125 2229 2214 2269 se-

633 2323 850 2388 pararet
902 2326 1019 2382 quze
1053 2324 1145 2378 per
1174 2309 1279 2362 vim
1325 2315 1497 2360 morte
1545 2305 1766 2359 alterius
1796 2305 1862 2358 ad
1907 2307 2213 2374 quempiam

635 2406 996 2478 pervenirent.
1040 2402 1134 2456 His
1172 2401 1331 2470 igitur
1374 2398 1604 2462 duobus,
1657 2407 1828 2451 morte
1873 2407 2031 2467 atque
2068 2397 2210 2466 jure,

635 2517 696 2556 ca
730 2499 948 2569 pecunia
978 2494 1162 2550 etfecta
1197 2501 1300 2556 est,
1345 2506 1462 2558 qua:
1492 2505 1520 2542 a
1567 2490 1778 2543 czcteris
1807 2491 1877 2543 ita
1907 2499 2211 2558 separetur,

634 2603 693 2649 ut
724 2605 899 2646 tamen
925 2605 1019 2659 per
1045 2587 1340 2655 legitimum
1365 2582 1676 2652 acquirendi
1706 2582 1943 2647 modum,
1978 2599 2084 2637 non
2133 2583 2214 2636 in-

637 2697 720 2743 ter
742 2695 996 2752 utrosque
1017 2682 1189 2743 vivos,
1214 2677 1308 2732 sed
1326 2677 1466 2730 inter
1488 2690 1654 2728 unum
1695 2676 1871 2728 vivum
1894 2686 2054 2745 atque
2083 2675 2216 2730 alte-

636 2797 751 2836 rum
775 2787 1040 2832 mortuum
1061 2774 1233 2826 ﬁeret.
1261 2770 1386 2823 Haec
1405 2769 1565 2837 igitur
1588 2781 1691 2820 una
1715 2767 1983 2834 separatio
2004 2783 2032 2820 a
2055 2777 2216 2822 cane-

625 2869 712 2931 .ris
745 2876 879 2927 facta
910 2878 1014 2936 est,
1047 2878 1205 2934 atque
1236 2863 1356 2916 ideo
1408 2862 1482 2914 ait
1521 2860 1840 2929 explicatam
1870 2875 1992 2915 esse
2026 2859 2214 2914 deﬁni-

641 2971 846 3024 tionem
896 2973 949 3018 et
977 2977 1005 3015 a
1041 2955 1424 3015 communitate
1453 2953 1792 3022 disjunctam.
1825 2953 1932 3006 Sed
1963 2953 2214 3020 quoniam

638 3061 689 3114 in
708 3069 769 3113 ea
793 3056 906 3124 ipsa
931 3048 1159 3121 pecunia
1185 3061 1302 3116 quae
1324 3055 1495 3098 morte
1518 3054 1573 3098 et
1589 3046 1710 3113 jure
1741 3043 1807 3097 ad
1840 3043 2070 3112 aliquem
2098 3057 2217 3109 per-

639 3153 783 3206 venit
821 3149 1031 3200 inerant
1059 3140 1304 3211 quaedam
1335 3154 1453 3208 qua:
1495 3137 1836 3192 haereditates
1875 3152 1981 3191 non
2009 3147 2214 3204 essent,

2316 1949 2477 2002 tilitas
2509 1948 2614 2001 ulla
2640 1949 2756 2002 est?
2785 1945 2865 2014 Ne.
2902 1947 2952 2000 id
2981 1947 3191 2015 quidem
3211 1987 3228 2013 ,
3269 1949 3521 2013 quoniam
3566 1949 3632 2003 ab
3661 1951 3892 2020 antiqui-

2313 2046 2422 2092 tate
2451 2038 2797 2106 ingenuorum
2827 2035 3095 2105 gentilitas
3131 2035 3341 2090 ducitur
3368 2053 3384 2103 ;
3428 2036 3654 2092 addatur
3682 2040 3843 2110 igitur
3875 2057 3888 2093 :

2313 2129 2550 2196 Quorum
2585 2128 2849 2198 majorum
2877 2141 3034 2180 nemo
3061 2129 3374 2181 servitutem
3403 2129 3639 2183 servivit.
3678 2129 3814 2198 Quid
3841 2133 3888 2186 si

2313 2234 2408 2288 per
2447 2219 2784 2286 ad0ptionem
2819 2219 2870 2270 in
2901 2217 3122 2272 alterius
3167 2218 3421 2273 familiam
3458 2226 3728 2276 transeat?
3770 2230 3896 2279 tunc

2315 2313 2523 2367 etiamsi
2555 2312 2670 2380 ejus
2697 2312 2871 2379 gentis
2900 2309 2966 2364 ad
2996 2326 3156 2378 quam
3200 2311 3446 2380 migravit
3494 2313 3706 2368 nomine
3748 2330 3891 2370 nun-

2317 2413 2562 2473 cupetur,
2594 2403 2722 2457 licet
2752 2402 2820 2456 ab
2849 2402 3092 2471 ingenuis
3128 2411 3181 2456 et
3209 2402 3276 2456 ab
3305 2405 3368 2458 iis
3409 2415 3554 2459 ortus
3582 2407 3893 2473 parentibus

2317 2495 2388 2548 sit
2426 2496 2514 2563 qui
2551 2508 2815 2562 nunquam
2869 2494 3176 2548 servitutem
3206 2495 3500 2562 servierint,
3536 2505 3709 2552 tamen
3753 2513 3891 2568 quo-

2319 2587 2462 2640 niam
2495 2587 2546 2640 in
2581 2584 2772 2639 familia
2793 2585 2966 2651 gentis
2993 2601 3104 2638 suze
3144 2600 3249 2639 non
3283 2597 3480 2651 manet,
3510 2603 3576 2641 ne
3597 2590 3648 2642 in
3675 2590 3894 2658 gentili-

2320 2685 2428 2731 tate
2458 2676 2671 2744 quidem
2701 2690 2919 2730 manere
2975 2685 3180 2744 potest;
3228 2676 3530 2732 addendum
3581 2680 3740 2749 igitur
3766 2691 3850 2736 est
3883 2699 3898 2735 :

2319 2767 2503 2836 Neque
2531 2767 2705 2834 capite
2730 2774 2854 2818 sunt
2876 2765 3144 2820 diminuti.
3179 2767 3289 2821 Hoc
3320 2767 3562 2832 fortasse,
3594 2771 3784 2839 inquit,
3808 2787 3898 2826 sa-

2323 2857 2392 2911 tis
2435 2866 2521 2911 est
2577 2857 2870 2910 secundum
2920 2856 3156 2911 Scevolae
3203 2857 3473 2927 pontiﬁcis
3511 2860 3898 2930 deﬁnitionem,

2321 2947 2456 3001 nihil
2486 2949 2627 3001 enim
2659 2947 2880 3006 ulterius
2907 2947 3124 3016 adjecit,
3169 2958 3228 3002 ut
3256 2950 3326 3003 sit
3353 2949 3597 3006 deﬁnitio
3628 2954 3898 3022 gentilium

2321 3039 2436 3092 hrcc
2471 3055 2481 3090 :
2525 3037 2762 3092 Gentiles
2795 3047 2937 3102 sunt,
2980 3039 3068 3107 qui
3119 3039 3264 3093 inter
3292 3055 3351 3094 se
3391 3042 3581 3097 eodem
3632 3054 3754 3097 sunt
3805 3060 3900 3100 no-

2321 3131 2484 3193 mine,
2513 3128 2579 3181 ab
2617 3128 2857 3197 ingenuis
2895 3127 3121 3192 oriundi,
3156 3145 3383 3199 quorum
3416 3133 3676 3202 majorum
3731 3151 3893 3190 nemo

639 3242 828 3296 harum
878 3234 1214 3305 separatione
1245 3229 1399 3299 plena
1444 3227 1745 3299 effectaest
1772 3227 2096 3283 haareditatis
2123 3228 2216 3282 de-
2322 3221 2629 3276 servitutem
2657 3220 2905 3284 servivit,
2927 3228 2982 3273 et
3011 3220 3102 3274 ubi
3149 3221 3498 3288 gentilitatem
3543 3224 3684 3279 nulla
3715 3226 3900 3293 capitis

642 3331 840 3386 ﬁnitio.
892 3326 1027 3380 Nam
1093 3337 1214 3376 cum
1265 3319 1464 3374 diceret
1517 3317 1882 3373 haareditatem
1941 3318 2217 3388 pecuniam

641 3436 780 3484 esse,
812 3420 1044 3484 itemque
1068 3426 1186 3481 qua:
1217 3420 1387 3465 morte
1415 3410 1640 3478 alicujus
1672 3410 1736 3463 ad
1768 3411 1998 3480 aliquem
2029 3427 2220 3480 perve-

643 3513 838 3572 nisset,
885 3506 1118 3570 itemque
1158 3510 1211 3553 et
1253 3516 1370 3568 qua:
1398 3501 1540 3567 jure,
1574 3501 1690 3553 haec
1717 3503 1896 3554 omnia
1933 3503 2220 3558 efﬁcientia

644 3595 993 3655 substantiam
1027 3589 1352 3644 haereditatis
1379 3589 1618 3656 apposita
1642 3600 1784 3642 sunt.
1834 3590 1937 3642 Sed
1966 3594 2220 3658 quoniam

584 3703 598 3716 '
644 3697 797 3746 erant
825 3688 876 3740 in
931 3685 1029 3737 hac
1057 3682 1370 3734 collectione
1399 3679 1642 3747 quaedam
1675 3681 1740 3733 ad
1781 3677 1899 3750 quae
1929 3681 2086 3750 hujus
2112 3687 2224 3740 col-

644 3781 889 3839 lectionis
918 3774 1219 3831 intellectus
1247 3753 1526 3827 transferri
1559 3783 1760 3841 p0sset,
1794 3789 1891 3828 nec
1937 3786 2111 3831 tamen
2140 3794 2225 3833 es-

647 3883 766 3929 sent
797 3869 1151 3929 limreditates,
1184 3865 1346 3919 veluti
1377 3865 1606 3932 legatum
1631 3872 1723 3918 aut
1754 3867 2112 3932 possessiOnis
2139 3884 2226 3924 re-

647 3965 836 4029 tentia,
871 3961 951 4015 his
981 3955 1266 4012 subtractis
1295 3955 1499 4025 reliqua
1541 3955 1639 4010 fuit
1681 3957 1986 4024 haereditas,
2030 3960 2097 4015 de
2121 3977 2225 4031 qua

647 4054 874 4123 intelligi
924 4049 1088 4120 possit
1117 4048 1341 4117 pecunia
1370 4048 1597 4116 alicujus
1621 4060 1794 4104 morte
1823 4050 1888 4102 ad
1920 4054 2224 4122 quempiam

647 4150 765 4218 jure
795 4142 1130 4215 perveniens.
1163 4139 1277 4192 Non
1323 4139 1482 4208 igitur
1525 4141 1779 4208 legatum,
1810 4149 1901 4196 aut
1930 4132 2226 4212 possessio-

652 4226 738 4294 nis
765 4235 994 4291 retentio
1020 4231 1370 4285 substantiam
1391 4229 1720 4285 haereditatis
1743 4231 2002 4298 efﬁciunt,
2029 4235 2229 4304 quippe

635 4327 1128 4403 'quteimpedirent
1174 4324 1238 4376 ad
1285 4324 1401 4390 ejus
1456 4311 1810 4378 substantiam
1849 4325 2229 4382 demonstran-

649 4425 793 4488 dam,
824 4420 926 4474 nisi
973 4423 1396 4470 removerentur.
1449 4418 1518 4467 At
1543 4430 1672 4468 vero
1716 4431 1814 4470 nec
1847 4419 2064 4486 negatio
2109 4419 2227 4487 qui-

649 4515 769 4570 dem
805 4511 1116 4580 cujusquam
1173 4502 1524 4558 substantiam
1583 4505 1810 4573 perﬁcit,
1871 4508 1962 4561 sed
2026 4517 2227 4565 tantum

650 4603 774 4676 quid
801 4617 904 4656 non
949 4600 1018 4653 sit
1055 4596 1310 4652 ostendit.
1336 4596 1486 4662 Quod
1514 4597 1556 4650 si
1590 4597 1819 4665 legatum
1854 4606 1908 4652 et
1931 4601 2225 4668 possessio-

649 4699 734 4753 nis
758 4693 987 4750 retentio
1029 4690 1352 4744 ltmreditatis
1401 4689 1749 4742 substantiam
1781 4705 1884 4744 non
1933 4692 2090 4748 modo
2118 4710 2225 4749 non

651 4786 942 4852 complent,
961 4796 1142 4834 verum
1167 4780 1325 4833 etiam
1354 4779 1648 4846 impediunt
1669 4789 1829 4850 atque
1850 4796 2223 4854 corrumpunt,

649 4878 752 4933 nisi
782 4875 976 4930 fuerint
1001 4871 1255 4940 disjuacta
1289 4879 1447 4939 atque
1479 4873 1708 4938 seposita
1734 4889 1747 4935 ;
1773 4887 2006 4942 cumque
2034 4875 2224 4931 harum

650 4969 860 5040 negatio
889 4965 1021 5020 nihil
1049 4979 1112 5018 ex
1139 4962 1464 5017 lnereditatis
1493 4964 1789 5018 substantia
1815 4974 2100 5034 monstret,
2129 4971 2224 5026 sed

653 5072 856 5115 tantum
886 5055 1013 5127 quid
1054 5069 1158 5109 non
1203 5055 1273 5107 sit
1325 5053 1571 5107 ostendat
1597 5071 1610 5119 ;
1639 5054 1955 5124 relinquitur
1985 5072 2104 5124 pars
2131 5074 2222 5113 su-

651 5152 850 5223 perior,
883 5148 933 5203 id
959 5156 1039 5202 est
1075 5147 1296 5214 pecunia
1327 5154 1497 5199 morte
1543 5146 1763 5216 alicujus
1806 5148 1873 5201 ad
1919 5153 2219 5220 quempiam

649 5247 771 5313 jure
802 5239 1136 5311 perveniens,
1167 5254 1287 5308 qua:
1317 5237 1669 5292 substantiam
1694 5239 2019 5296 hzereditatis
2041 5255 2224 5301 osten-

653 5336 763 5402 dat,
796 5347 860 5388 ea
888 5346 1006 5401 qua:
1033 5332 1103 5383 sit
1129 5329 1390 5397 explicata
1415 5329 1652 5382 deﬁnitio
1697 5345 1726 5383 a
1770 5334 2086 5404 cmterisque
2112 5337 2223 5392 dis-

654 5428 854 5502 juncta.
885 5424 990 5480 Sed
1021 5423 1267 5498 quoniam
1296 5437 1498 5484 rursus,
1527 5430 1584 5475 ut
1612 5423 1809 5478 dictum
1853 5439 1953 5495 est,
1977 5431 2219 5496 quaedam

653 5525 778 5572 sunt
801 5514 867 5570 ad
895 5529 1013 5583 qua:
1041 5512 1264 5567 derivari
1313 5511 1469 5581 hujus
1502 5511 1823 5568 deﬁnitionis
1871 5517 2222 5588 intelligentia

655 5607 842 5676 possit,
876 5604 1076 5659 idcirco
1117 5603 1181 5655 ad
1226 5603 1601 5658 discretionem
1648 5605 1906 5674 integram
1939 5609 2225 5678 designan-

661 5701 779 5752 dam
824 5697 1029 5767 reliqua
1063 5711 1184 5764 pars
1212 5696 1444 5751 additur.
1494 5697 1676 5766 itaque
1716 5701 1964 5765 quoniam
1983 5703 2088 5754 'ista
2130 5702 2226 5756 de-

660 5794 962 5837 monstrant
1023 5784 1404 5843 haereditatem.
1458 5786 1822 5860 efﬁciuntque_
1849 5791 2200 5846 substantiam

2323 3313 2606 3368 diminutio
2632 3312 2911 3366 destruxit.
2965 3311 3088 3365 llaec
3132 3327 3343 3382 quoque
3368 3314 3609 3368 deﬁnitio
3659 3317 3794 3372 facta
3821 3327 3901 3373 est

2324 3420 2392 3459 ex
2435 3405 2671 3473 pluribus
2719 3403 3190 3458 communitatibus
3245 3409 3294 3459 in
3325 3421 3490 3460 unum
3516 3409 3902 3466 conﬂuentibus

2325 3501 2485 3562 atque
2525 3506 2680 3546 unam
2714 3492 3092 3560 pr0prietatem
3121 3493 3238 3562 ejus
3278 3497 3352 3549 rei
3385 3512 3503 3565 qua:
3534 3499 3901 3566 deliniebatur,

2327 3586 2378 3640 id
2405 3595 2487 3639 est
2531 3584 2868 3654 gentilitatis,
2895 3584 3228 3641 facientibus.
3265 3588 3359 3642 l-lie
3399 3591 3558 3658 igitur
3586 3593 3904 3650 deﬁnitionis

2326 3680 2517 3733 modus
2546 3678 2600 3732 in
2627 3687 2850 3746 utroque
2869 3694 3067 3748 genere
3097 3696 3276 3735 rerum
3293 3685 3449 3745 valet,
3481 3685 3590 3738 sive
3615 3701 3735 3755 quae
3756 3697 3904 3753 sunt,

2327 3771 2440 3824 sive
2464 3785 2582 3839 quae
2609 3784 2713 3823 non
2741 3780 2886 3836 sunt,
2923 3771 2974 3824 id
3009 3781 3091 3825 est
3119 3772 3232 3826 sive
3269 3776 3644 3842 corporalium,
3673 3779 3788 3833 sive
3817 3780 3906 3834 in-

2328 3861 2707 3931 corporalium;
2733 3877 2876 3928 nam,
2910 3872 2965 3916 ut
2993 3865 3236 3932 superius
3259 3879 3527 3922 ostensum
3557 3881 3660 3931 est,
3693 3870 3744 3924 id
3775 3886 3898 3928 esse

2330 3954 2522 4009 Cicero
2543 3955 2672 4032 dicit
2693 3955 2831 4023 quod
2857 3957 3132 4022 corporale
3160 3961 3250 4021 sit,
3277 3958 3328 4011 id
3360 3974 3466 4013 non
3497 3975 3620 4015 esse
3652 3964 3795 4031 quod
3826 3970 3907 4018 est

2331 4047 2689 4114 incorporale.
2724 4046 2800 4100 Ac
2830 4055 3101 4116 postremo
3123 4050 3358 4103 omniqu
3386 4050 3757 4108 deﬁnitionum
3795 4071 3908 4110 mo-

2332 4140 2432 4193 dus
2477 4139 2564 4193 hic
2595 4149 2696 4205 est,
2730 4149 2785 4192 ut
2815 4154 2881 4192 ex
2933 4139 3173 4207 pluribus
3220 4145 3690 4198 communitatibus
3734 4147 3908 4215 aliqua

2334 4231 2627 4299 proprietas
2660 4230 2766 4283 ﬁat.
2804 4229 2910 4284 Sed
2953 4231 3155 4286 distant
3186 4247 3212 4284 a
3261 4249 3320 4288 se
3349 4234 3713 4310 deﬁnitiones,
3761 4239 3905 4308 quod

2334 4322 2421 4375 hae
2447 4337 2564 4389 quae
2592 4322 2805 4390 proprie
2844 4321 3185 4380 deﬁnitiones
3221 4335 3481 4380 vocantur
3536 4344 3602 4382 ex
3635 4329 3717 4383 his
3757 4344 3909 4384 eom-

2335 4413 2683 4466 munitatibus
2733 4412 3128 4482 conjunguntur
3174 4431 3293 4486 quae
3343 4418 3720 4475 substantiales
3765 4424 3908 4476 sunt.

2334 4502 2447 4557 Illas
2477 4516 2604 4557 vero
2630 4517 2748 4572 qua:
2795 4517 2899 4556 non
2929 4519 3070 4558 verae
3115 4506 3210 4560 sed
3263 4508 3533 4565 abutendo
3579 4511 3911 4569 deﬁnitiones

2256 4589 2601 4658 Ddicuntur,
2651 4610 2716 4649 ex
2754 4595 3114 4652 accidentibus
3159 4603 3636 4656 communitatibus
3679 4619 3904 4675 congre-

2335 4696 2540 4758 gantur.

2323 4854 2330 4860 Ι
2406 4779 2748 4834 Partitionum
2776 4791 2942 4836 autem
2973 4789 3019 4835 et
3047 4783 3350 4837 divisionum
3380 4800 3536 4856 genus
3572 4787 3725 4854 quale
3759 4797 3906 4852 esset,

2335 4875 2664 4940 ostendimus,
2695 4877 2781 4928 scd
2802 4876 2925 4944 quid
2956 4877 3084 4930 inter
3117 4894 3168 4930 se
3205 4877 3464 4943 differant,
3499 4879 3704 4948 planius
3736 4882 3913 4935 dicen-

2334 4967 2457 5020 dum
2485 4975 2580 5020 est.
2629 4965 2694 5019 In
2726 4968 2999 5035 partitione
3042 4970 3188 5035 quasi
3217 4972 3442 5024 membra
3470 4981 3607 5036 sunt,
3643 4981 3697 5025 ut
3735 4989 3914 5043 corpo-

2331 5065 2420 5126 ris,
2477 5073 2651 5133 caput,
2693 5063 2911 5130 humeri,
2966 5081 3166 5130 manus,
3217 5067 3396 5129 latera,
3448 5083 3623 5134 crura,
3678 5071 3831 5140 pedes
3867 5077 3914 5122 et

2331 5164 2533 5210 catera.
2599 5152 2666 5206 In
2714 5156 2961 5208 diuisione
3009 5160 3186 5227 forma:
3222 5167 3341 5211 sunt
3383 5174 3511 5228 quas
3548 5157 3717 5212 Graci
3753 5159 3916 5220 εἱδὲας

2331 5256 2532 5310 uocant,
2559 5246 2742 5311 nostri,
2776 5247 2820 5298 si
2848 5247 2935 5314 qui
2957 5245 3068 5320 lucc
3093 5251 3225 5314 forte
3248 5257 3489 5314 tractant,
3520 5251 3712 5314 species
3737 5250 3916 5319 appel-

2332 5339 2588 5405 lant,.non
2615 5339 2825 5406 pessime
2849 5339 2903 5390 id
2942 5339 3168 5408 quidem,
3199 5341 3287 5394 sed
3327 5342 3573 5394 inutiliter
3601 5344 3668 5394 ad
3708 5353 3916 5396 mutan-

2332 5431 2424 5482 dos
2452 5444 2597 5481 casus
2624 5429 2676 5479 in
2705 5428 2940 5482 dicendo.
2961 5427 3140 5482 Nolim
3167 5431 3321 5494 enim,
3348 5448 3410 5484 ne
3432 5433 3474 5484 si
3501 5431 3682 5486 Latine
3704 5435 3913 5492 quidem

2333 5519 2433 5570 dici
2462 5518 2640 5586 possit,
2682 5518 2966 5585 specierum
3002 5528 3049 5571 et
3071 5520 3329 5589 speciebus
3376 5521 3563 5588 dicere,
3598 5532 3646 5576 et
3671 5540 3806 5593 swpe
3831 5525 3914 5579 Itis

2331 5620 2526 5662 casibus
2556 5609 2801 5662 utendum
2846 5618 2938 5677 est,
2997 5619 3049 5663 at
3094 5613 3268 5681 formis
3327 5622 3372 5666 et
3403 5613 3685 5683 formarum
3740 5619 3908 5674 uelim.
3997 5669 4017 5686 ,

2332 5701 2460 5755 Cum
2480 5711 2654 5756 autem
2684 5713 2894 5772 utroque
2920 5707 3066 5760 verba
3097 5707 3228 5760 idem
3255 5709 3590 5778 signiﬁcetur,
3623 5711 3914 5765 commodi-

2333 5800 2481 5847 tatem
2513 5795 2562 5846 in
2593 5794 2809 5847 dicendo
2858 5811 2958 5850 non
2985 5799 3201 5852 arbitrer
3241 5799 3615 5870 negligendam.
3659 5801 3832 5856 Genus
3859 5812 3911 5856 et
