4248 6272
354 416 491 473 H05

1182 400 1243 456 IN
1281 396 1527 454 TOPICA
1564 384 1925 448 CICERONIS
1963 379 2477 442 COMMENTABIA.
2522 383 2651 437 LIB.
2696 378 2782 436 Ill.

3480 370 3617 431 H05

354 462 575 603 [arvinam
603 526 853 598 deﬁniunt
879 522 972 577 hoc
994 495 1150 574 modo
1181 533 1198 571 :
1227 514 1398 570 Genus
1420 515 1492 566 eit
1512 511 1655 564 'notio
1683 507 1750 560 ad
1770 505 1939 576 plures
1966 504 2018 563 Α
2046 500 2174 603 priis
2195 498 2376 601 igitur
2434 495 2733 603 nominibus
2791 493 2860 547 M.
2889 492 3111 603 ".l‘ullius
3160 500 3341 597 partes
3369 507 3403 561 q
3432 491 3611 603 uideni

354 597 676 691 diﬂ'erentias
696 619 972 691 pertinens.
1005 611 1198 666 Forma
1219 616 1288 662 est
1317 606 1456 659 notio
1479 603 1621 665 cuius
1647 597 1937 691 cli/Terentia

355 687 432 769 ad.
460 722 611 779 caput
637 687 852 781 generis,
881 704 1028 776 quasi
1073 706 1285 773 fontem,
1317 696 1496 765 referri
1528 698 1710 763 potest.
1752 687 1936 742 Notio-

356 824 469 862 nem
508 804 710 874 appello
740 800 875 872 quod
927 796 1093 851 (ἐνωεὶ
1140 803 1243 846 tum
1293 790 1505 852 ἔννοιαν,
1560 795 1663 837 tum
1686 782 1937 858 πρόληψιν

357 899 549 951 dicunt.
586 895 663 948 Ea
707 903 777 946 est
812 890 962 943 insita
989 896 1037 941 et
1080 892 1198 937 ante
1222 888 1455 953 percepta
1490 878 1736 947 cujusque
1762 875 1942 942 formas

357 968 575 1059 cognitio
604 981 916 1037 enodationis
945 975 1200 1045 indigens.
1254 972 1463 1026 Forma:
1512 970 1668 1039 igitur
1701 976 1819 1020 sunt
1862 966 1942 1019 ha:
1984 1028 1991 1029 ί

356 1057 563 1144 inquas
602 1088 763 1144 genus
792 1072 902 1124 sine
934 1068 1088 1122 ullius
1128 1062 1556 1136 praetermissione
1585 1057 1851 1120 dividitur,
1886 1063 1942 1107 ut

358 1168 526 1236 siquis
544 1167 631 1232 jus
648 1164 700 1215 in
729 1162 909 1231 legem,
934 1172 1147 1220 morem,
1166 1153 1452 1223 aequitatem
1482 1148 1694 1203 dividat.
1724 1144 1943 1198 Formas

357 1257 442 1325 qui
472 1263 615 1323 putat
644 1253 781 1305 idem
823 1266 930 1304 esse
968 1246 1104 1317 quod
1144 1254 1334 1315 partes,
1375 1239 1640 1309 confundit
1671 1245 1850 1298 artem,
1894 1244 1942 1287 et

357 1344 691 1400 similitudine
720 1342 945 1412 quadam
978 1336 1306 1391 conturbatus
1358 1348 1459 1386 non
1496 1331 1618 1385 satis
1662 1336 1807 1380 acute
1832 1341 1945 1395 qua:

357 1446 476 1490 sunt
520 1434 823 1489 secernenda
874 1428 1160 1498 distinguit.
1213 1424 1361 1490 Saepe
1399 1421 1554 1476 etiam
1591 1419 1840 1487 deﬁniunt
1893 1426 1941 1469 et

359 1534 586 1579 oratores
620 1534 665 1578 et
710 1530 871 1592 poeta:
915 1536 1005 1590 per
1038 1515 1422 1571 translationem
1445 1510 1579 1566 verbi
1618 1526 1680 1563 ea:
1707 1508 1946 1561 similitu-

363 1617 482 1669 dine
518 1630 630 1669 cum
658 1613 831 1683 aliqua
868 1611 1133 1665 suavitate.
1175 1607 1280 1661 Sed
1302 1620 1396 1673 ego
1424 1620 1456 1656 a
1498 1604 1671 1657 vestris
1701 1598 1945 1668 exemplis

363 1706 465 1757 nisi
511 1706 795 1757 necessario
825 1716 925 1753 non
951 1698 1209 1752 recedam.
1264 1694 1470 1749 Solebat
1518 1692 1676 1764 igitur
1714 1687 1946 1756 Aquilius

367 1795 561 1863 collega
582 1802 629 1847 et
656 1792 923 1865 familiaris
948 1805 1108 1854 meus,
1140 1802 1255 1841 cum
1297 1786 1360 1838 de
1389 1783 1643 1837 littoribus
1684 1788 1941 1850 ageretur,

2041 591 2207 646 veluti
2253 588 2413 641 totius
2468 586 2706 640 membra
2750 585 3022 655 appellat,
3082 587 3290 656 species
3329 600 3455 640 vero
3508 584 3619 638 Ior-

2042 698 2176 739 mas.
2229 681 2461 746 Idcirco,
2520 678 2768 747 quoniam
2821 693 2926 731 non
2978 679 3109 733 satis
3156 679 3205 733 ei
3255 686 3377 747 apta
3409 676 3620 731 videtur

2041 774 2259 829 inﬁexio
2289 784 2505 826 casuum
2547 770 2614 823 ab
2642 783 2706 823 eo
2742 770 2961 823 nomine
3005 770 3146 839 quod
3179 778 3261 824 est
3289 770 3518 838 species.
3553 766 3633 823 Et

2042 866 2171 919 licet
2198 865 2399 938 plures,
2432 860 2634 929 inquit,
2660 860 3036 928 usurpaverint
3066 860 3168 914 hoc
3196 875 3409 923 nomen,
3444 870 3622 913 tamen

2044 956 2293 1027 quoniam
2336 953 2465 1006 dura
2494 958 2579 1005 est.
2607 950 2763 1019 hujus
2807 950 3038 1004 nominis
3068 966 3164 1019 per
3199 965 3352 1005 casus
3380 950 3624 1015 inflexio,

2045 1063 2165 1102 cum
2206 1045 2401 1099 dicitur
2446 1042 2672 1109 speciei,
2720 1044 3049 1111 specierum,
3094 1042 3393 1108 speciebus,
3427 1042 3627 1096 ideirco

2045 1134 2479 1191 commoditatem
2504 1134 2555 1185 in
2582 1132 2829 1199 dicendo,
2856 1141 2913 1185 ut
2940 1131 3055 1199 ipse
3082 1132 3176 1194 ait,
3208 1147 3312 1184 non
3338 1131 3627 1184 arbitratus

2047 1238 2129 1284 est
2158 1225 2527 1295 negligendum
2548 1263 2562 1287 ,
2596 1231 2654 1276 ut
2683 1223 2880 1277 formas
2906 1233 3123 1277 vocaret
3158 1223 3210 1275 in
3266 1221 3419 1292 cujus
3452 1222 3630 1276 nomi-

2051 1320 2143 1372 nis‘
2176 1318 2386 1372 casibus
2443 1314 2582 1369 nulla
2632 1314 2863 1368 sentitur
2911 1312 3195 1381 asperitas.
3250 1313 3316 1367 Et
3374 1312 3629 1382 quoniam
3721 1378 3724 1381 η

2047 1413 2216 1467 forma
2247 1419 2437 1478 praeter
2461 1421 2629 1477 genus
2653 1422 2774 1461 esse
2800 1422 2903 1460 non
2932 1416 3107 1475 potest
3129 1406 3289 1471 (nihil
3319 1406 3461 1460 enim
3493 1420 3632 1475 prae-

2051 1512 2131 1557 ter
2158 1517 2311 1556 suum
2330 1509 2503 1568 potest
2522 1514 2643 1553 esse
2664 1498 3031 1568 principium),
3072 1510 3426 1566 utrorumque
3464 1511 3632 1567 appo-

2048 1596 2155 1651 suit
2200 1593 2567 1655 definitiones,
2616 1591 2801 1646 dicens
2851 1606 3019 1660 genus
3067 1606 3187 1645 esse
3235 1591 3507 1646 notionem
3555 1591 3628 1645 ad

2050 1689 2230 1757 plures
2271 1685 2599 1741 diﬂerentias
2658 1686 3034 1754 pertinentem.
3096 1684 3254 1739 Nono
3301 1699 3430 1738 vero
3470 1683 3632 1737 intel-

2010 1822 2021 1829 .
2052 1781 2220 1835 lectus
2244 1789 2327 1835 est
2360 1779 2574 1848 quidam
2611 1787 2666 1832 et
2701 1778 2929 1847 simplex
2957 1775 3153 1831 mentis
3173 1774 3479 1843 conceptio,
3511 1788 3634 1843 qua

367 1887 536 1941 omnia
581 1884 782 1956 publica
810 1899 915 1937 esse
940 1882 1112 1945 vultis,
1154 1875 1495 1949 querentibus
1534 1874 1596 1926 iis
1623 1872 1690 1925 aa'
1737 1887 1862 1941 quos
1890 1870 1944 1923 id
1975 1875 2023 1935 B
2050 1872 2113 1926 ad
2147 1887 2233 1927 res
2265 1873 2446 1941 plures
2498 1871 2763 1941 pertineat
2798 1886 2827 1924 a
2856 1885 2914 1925 se
2954 1871 3181 1925 invicem
3212 1868 3543 1924 differentes.
3576 1867 3637 1925 Id

368 1976 666 2047 pertinebat,
717 1974 841 2044 quid
868 1981 995 2027 esset
1024 1971 1193 2036 littus,
1225 1971 1295 2022 ita
1344 1968 1575 2034 deﬁnire,
1620 1980 1719 2034 qua
1757 1966 1946 2031 ﬂuctus

368 2060 612 2125 eluderet.
650 2069 763 2123 Hoc
796 2078 869 2123 est
904 2068 1049 2138 quasi
1077 2067 1161 2136 qui
1189 2063 1580 2117 adolescentiam
1617 2063 1793 2129 florem
1820 2068 1948 2112 tcta-

371 2166 457 2231 tis,
484 2176 788 2218 senectutem
829 2138 1063 2217 occasum
1111 2160 1223 2213 vita:
1252 2158 1371 2211 velit
1413 2154 1643 2223 deﬁnire.
1698 2152 1946 2205 Transla-

372 2256 505 2311 tione
530 2258 659 2310 enim
686 2264 851 2318 utens,
884 2253 1168 2307 discedebat
1185 2267 1215 2303 a
1238 2250 1398 2303 verbis
1427 2247 1648 2317 propriis
1671 2259 1860 2309 rerum,
1888 2258 1948 2296 ac

371 2347 495 2399 suis.
530 2346 679 2413 Quod
712 2346 779 2398 ad
827 2344 1150 2408 deﬁnitiones
1194 2341 1396 2404 attinet,
1426 2337 1700 2401 hactenus;
1747 2335 1949 2404 reliqua

369 2437 665 2490 videamus.

440 2528 702 2596 Quoniam
736 2527 1104 2582 deﬁnitionum
1157 2524 1355 2577 formas
1386 2521 1438 2575 in
1480 2518 1815 2589 partitionem
1862 2516 1949 2570 di-

376 2621 761 2690 visionemque,
797 2618 1068 2673 distribuit
1118 2630 1451 2686 nequaquam
1504 2627 1684 2667 rerum
1738 2609 1950 2663 auditor

374 2713 719 2767 similitudine
751 2712 1078 2773 turbaretur,
1110 2708 1386 2761 divisionis
1435 2720 1497 2758 ac
1529 2702 1829 2773 partitionis
1852 2699 1951 2753 dii-

374 2802 628 2857 ferentias
648 2803 844 2871 prodit,
882 2816 945 2855 ac
986 2802 1211 2869 primum
1243 2797 1384 2851 aliud
1416 2804 1615 2865 partes,
1641 2794 1782 2847 aliud
1824 2806 1949 2860 spe-

376 2895 485 2948 cies
507 2907 623 2947 esse
644 2892 995 2946 demonstrat.
1021 2888 1241 2957 Species
1263 2887 1403 2942 enim
1434 2899 1577 2953 saepe
1603 2891 1796 2951 partes,
1832 2896 1952 2949 par-

377 2994 458 3039 tes
508 2998 638 3038 vcro
689 2998 985 3052 nunquam
1020 2983 1229 3049 species
1285 2978 1634 3047 appellantur.
1695 2976 1951 3029 Differunt

378 3092 507 3132 vero
549 3060 717 3131 bacca
748 3091 830 3142 se,
873 3074 1122 3145 quoniam
1157 3081 1333 3141 partes
1367 3073 1525 3124 totius
1554 3068 1791 3123 membra
1818 3082 1950 3121 con-

373 3167 629 3239 jungunt,
674 3167 880 3235 species
909 3179 1038 3220 vero
1072 3178 1241 3233 genus
1270 3161 1461 3216 dividit
1490 3172 1651 3230 atque
1678 3158 1946 3229 dispertit.

2057 1978 2186 2019 vero
2224 1979 2391 2033 genus
2430 1979 2550 2019 esse
2589 1963 2929 2018 manifestum
2972 1971 3084 2029 est,
3117 1962 3259 2031 quod
3297 1961 3636 2030 apertissimo

2052 2057 2219 2126 liquet
2248 2057 2516 2125 exemplo.
2544 2055 3028 2127 Animalisquippe
3071 2055 3375 2109 intellectus
3404 2054 3472 2107 ad
3517 2053 3635 2120 plu-
3678 2110 3685 2117 ,

2052 2164 2138 2203 res
2176 2146 2501 2203 differentias
2532 2148 2785 2215 pertinet,
2824 2146 2891 2199 ad
2925 2145 3186 2200 rati0nale
3226 2145 3429 2199 scilicet
3473 2153 3635 2212 atque

2054 2242 2381 2308 irrationale,
2431 2240 2496 2296 ad
2529 2241 2756 2295 mortale
2798 2241 2957 2295 etiam
3001 2249 3160 2308 atque
3206 2237 3527 2302 immortale,
3566 2236 3635 2292 ad

2054 2327 2421 2405 ambulabile,
2448 2339 2714 2408 reptibile,
2759 2336 2997 2402 volatile,
3047 2335 3298 2400 natabile,
3329 2342 3383 2388 et
3412 2342 3495 2388 est
3534 2330 3645 2387 eo-‘

2056 2446 2175 2485 rum
2205 2432 2443 2484 omnium
2475 2446 2591 2499 qua:
2620 2430 2720 2484 sub
2754 2429 2837 2483 his
2882 2427 3196 2482 differentiis
3223 2425 3324 2479 sita
3354 2435 3499 2492 sunt,
3542 2439 3634 2492 ge-

2054 2538 2173 2577 nus.
2205 2522 2346 2576 Idem
2378 2536 2505 2575 vero
2536 2522 2803 2590 signiﬁcat
2844 2520 2958 2574 haec
2996 2518 3243 2573 deﬁnitio
3281 2517 3423 2587 quod
3464 2515 3631 2571 etiam

2054 2627 2229 2681 vetus,
2266 2616 2379 2668 haec
2420 2624 2501 2669 est
2528 2613 2869 2683 huiusmodi:
2903 2613 3084 2668 Genus
3120 2623 3203 2666 est
3230 2610 3373 2681 quod
3414 2610 3481 2665 de
3511 2610 3636 2679 plu-

2056 2706 2204 2759 ribus
2245 2705 2424 2774 specie
2455 2704 2824 2760 differentihus
2856 2705 2906 2757 in
2937 2719 3002 2759 eo
3032 2702 3174 2771 quod
3208 2703 3331 2772 quid
3359 2712 3442 2756 est
3498 2715 3636 2772 pras-

2056 2803 2284 2871 dicatur,
2325 2804 2473 2858 velut
2519 2806 2744 2867 animal,
2778 2819 2946 2873 genus
2988 2802 3053 2857 ad
3100 2803 3280 2871 plures
3320 2817 3406 2857 res
3454 2801 3637 2870 specie

2056 2894 2386 2958 differentes,
2422 2894 2472 2949 id
2504 2905 2585 2949 est
2622 2895 2692 2948 ad
2724 2894 2993 2949 hominem
3038 2904 3197 2963 atque
3226 2907 3450 2961 equum,
3488 2893 3537 2944 in
3568 2905 3637 2945 eo

2055 2985 2194 3052 quod
2222 2983 2348 3052 quid
2371 2993 2452 3036 est
2477 2985 2817 3052 praedicatur.
2867 2984 2998 3037 Nam
3027 2982 3480 3052 interrogantibus
3501 2982 3633 3051 quid

2055 3086 2136 3129 est
2168 3074 2328 3129 homo
2350 3076 2434 3129 vel
2470 3092 2661 3145 equus,
2691 3076 2890 3131 animal
2922 3077 3137 3131 dicitur.
3164 3076 3292 3130 Item
3322 3075 3511 3130 formae
3539 3075 3636 3129 de-

2056 3165 2348 3221 finitionem
2381 3166 2537 3221 talem
2574 3166 2739 3220 dedit.
2772 3166 2964 3221 Forma
2994 3177 3077 3221 est
3120 3168 3269 3221 notio
3295 3166 3449 3236 cujus
3477 3165 3632 3223 diffe-

375 3263 531 3329 Nam,
551 3262 864 3331 utsuperius
880 3275 1093 3331 quoque
1114 3255 1313 3313 dic'tum
1336 3266 1438 3322 est,
1462 3264 1641 3326 partes
1662 3254 1779 3323 ejus
1804 3254 1946 3324 quod
1973 3248 2021 3312 C
2053 3256 2223 3310 rentia
2245 3255 2309 3309 ad
2334 3266 2491 3323 caput
2512 3258 2742 3325 generis,
2767 3259 2918 3325 quasi
2950 3258 3170 3322 fontem,
3204 3258 3393 3312 referri
3422 3270 3623 3343 potest,

378 3356 628 3426 c0pulant
658 3370 762 3410 non
792 3353 1092 3422 snsi-ipiunt
1121 3366 1315 3406 nomen
1361 3350 1539 3404 totius.
1600 3348 1780 3417 Neque
1810 3348 1954 3402 enim

374 3447 715 3503 fundamenta
739 3445 822 3500 vel
847 3453 1041 3498 tectum
1064 3443 1256 3497 domus
1279 3454 1402 3496 esse
1433 3440 1534 3494 dici
1559 3447 1803 3507 possunt,
1831 3452 1954 3491 nam

376 3542 477 3597 nisi
497 3541 678 3596 omnia
702 3553 822 3609 qua:
846 3538 971 3607 quid
999 3537 1236 3591 efficiunt
1254 3535 1434 3603 juncta
1462 3534 1590 3597 sint,
1624 3532 1783 3584 totius
1808 3543 1957 3584 voca-

376 3633 553 3689 bulum
583 3632 790 3701 singula
819 3645 922 3683 non
962 3628 1266 3693 habebunt;
1290 3636 1345 3679 at
1382 3640 1510 3679 vero
1539 3623 1745 3691 species
1794 3623 1954 3675 etiam

377 3728 595 3799 singulm
618 3727 830 3797 generis
853 3724 1149 3793 suscipiunt
1179 3738 1393 3785 nomen,
1426 3730 1482 3774 ut
1504 3720 1664 3774 homo
1691 3719 1952 3774 animalis.

377 3819 491 3885 Quo
537 3817 615 3883 fit,
648 3826 703 3870 ut
738 3815 791 3869 in
822 3816 900 3869 his
922 3816 1010 3868 illa
1037 3828 1248 3883 quoque
1271 3809 1565 3865 differentia
1588 3810 1760 3878 possit
1788 3823 1955 3879 agno-

380 3911 477 3975 sci,
509 3910 645 3978 quod
683 3919 858 3976 partes
882 3906 1091 3976 quidem
1116 3948 1131 3973 ,
1161 3905 1325 3958 totius
1360 3912 1556 3971 partes,
1586 3903 1791 3970 species
1830 3915 1958 3955 vero

382 4016 487 4054 non
516 4001 693 4064 totius,
716 3999 916 4053 scilicet
946 3998 1259 4052 universalis
1277 3998 1373 4063 rei,
1407 3998 1457 4049 id
1488 3996 1813 4064 estgeneris,
1839 4008 1960 4061 spe-

383 4090 491 4144 cies
515 4103 633 4142 esse
652 4090 921 4142 dicuntur.
952 4086 1136 4140 Differt
1157 4101 1285 4141 vero
1325 4095 1491 4138 totum
1515 4100 1543 4137 a
1571 4099 1783 4153 genere,
1816 4082 1957 4151 quod

381 4195 551 4251 genus
591 4180 804 4249 quidem
851 4179 1148 4232 universale
1191 4186 1293 4242 est,
1342 4186 1508 4231 totum
1540 4191 1665 4230 vero
1716 4175 1957 4241 minime,

381 4271 522 4341 quod
553 4271 804 4339 probatur
841 4269 941 4323 hoc
972 4269 1148 4322 modo.
1194 4270 1248 4323 Si
1301 4269 1443 4321 enim
1502 4266 1552 4320 id
1603 4266 1743 4335 quod
1791 4250 2007 4334 totum

384 4360 595 4421 dicitur,
627 4370 683 4412 ut
714 4360 922 4425 domus,
966 4359 1270 4413 universale
1310 4368 1471 4421 esset,
1526 4368 1703 4426 partes
1750 4371 1960 4425 quoque

386 4450 503 4519 ejus
545 4449 703 4503 totius
748 4451 1083 4517 susciperent
1128 4464 1357 4514 nomen;
1403 4457 1458 4502 at
1510 4464 1613 4501 non
1644 4449 1959 4516 suscipiunt,

388 4551 445 4595 ut
486 4555 627 4610 stepe
677 4550 1023 4595 monstratum
1067 4548 1188 4607 est;
1236 4540 1377 4609 quod
1419 4540 1577 4609 igitur
1619 4547 1787 4593 totum
1843 4549 1958 4605 est,

2059 3356 2111 3401 et
2141 3356 2304 3400 recte.
2327 3346 2458 3401 Nam
2489 3349 2530 3401 si
2560 3348 2743 3403 forma:
2764 3363 2794 3402 a
2822 3363 3020 3416 genere
3041 3349 3393 3414 deducuntur,
3423 3351 3632 3418 species

2062 3453 2285 3494 necesse
2308 3450 2389 3493 est
2415 3439 2714 3493 referantur
2742 3440 2807 3492 ad
2836 3454 3020 3508 genus.
3047 3441 3100 3494 Si
3127 3440 3285 3509 igitur
3316 3441 3635 3508 principium

2060 3530 2323 3601 quoddam
2352 3542 2405 3584 et
2436 3530 2553 3585 fons
2580 3530 2764 3584 forma:
2800 3546 2966 3599 genus
2993 3540 3095 3597 est,
3124 3544 3343 3585 necesse
3367 3540 3449 3584 est
3476 3541 3536 3584 ut
3559 3531 3637 3585 in-

2062 3623 2304 3678 tellectus
2337 3623 2522 3677 formae
2552 3622 2619 3676 ad
2649 3622 2997 3691 primordium
3037 3636 3221 3687 suum,
3261 3622 3312 3677 id
3343 3632 3423 3675 est
3458 3623 3637 3677 notio—

2062 3730 2183 3769 nem
2210 3716 2451 3783 generis,
2496 3724 2816 3769 revertatur.
2864 3714 3169 3768 Intellectus
3217 3715 3357 3768 enim
3402 3714 3639 3771 hominis

2060 3808 2288 3858 refertur
2331 3804 2397 3857 ad
2440 3806 2669 3870 animal,
2714 3807 2947 3874 itemque
3007 3807 3129 3875 equi
3183 3816 3237 3859 et
3292 3814 3634 3860 czeterorum.

2062 3893 2339 3948 Notionem
2373 3910 2497 3948 vero
2532 3896 2763 3963 appellat
2795 3895 2935 3963 quod
2983 3893 3153 3948 Graeci
3184 3895 3374 3951 ἔννοιαν
3417 3896 3636 3965 dicunt,

2062 3985 2219 4052 hujus
2248 3985 2361 4037 hzec
2382 3995 2463 4038 est
2492 3984 2731 4039 deﬁnitio
2760 4002 2772 4036 :
2800 3985 2957 4037 Notio
2977 3994 3059 4038 est
3085 3984 3242 4038 insita
3277 3995 3331 4040 et
3367 3999 3487 4041 ante
3517 4003 3640 4059 per-

2063 4087 2211 4144 cepta
2234 4076 2488 4143 cujusque
2515 4075 2701 4127 forma:
2723 4074 2955 4143 cognitio
2989 4075 3326 4129 enodationis
3362 4076 3631 4145 indigens.
3656 4074 3667 4084 ’

2064 4167 2188 4220 Ilaec
2218 4180 2344 4219 vero
2374 4164 2616 4218 definitio
2660 4164 2782 4218 hinc
2816 4172 2984 4217 tracta
3015 4175 3124 4229 est,
3148 4165 3289 4234 quod
3317 4165 3467 4219 Plato
3490 4165 3638 4222 ideas

2064 4256 2316 4327 quasdam
2357 4272 2475 4311 esse
2507 4256 2767 4325 ponebat,
2810 4256 2863 4310 id
2905 4266 2987 4312 est
3035 4259 3242 4328 species
3290 4260 3640 4328 incorporeas

2024 4363 2032 4370 '
2063 4349 2492 4417 substantiasque
2531 4358 2861 4414 constantes,
2889 4357 2944 4403 et
2973 4364 3066 4418 per
3098 4365 3155 4405 se
3187 4352 3256 4406 ab
3286 4351 3400 4405 aliis
3432 4362 3641 4407 naturae

2065 4442 2270 4495 ratione
2306 4450 2602 4511 separatas,
2632 4451 2689 4496 ut
2724 4442 2824 4496 hoc
2866 4442 3038 4511 ipsum
3082 4442 3263 4508 homo,
3295 4445 3487 4513 quibus
3517 4460 3643 4513 parc,

2066 4546 2343 4614 ticipantes
2381 4554 2591 4599 caetera:
2625 4558 2711 4599 tes
2752 4545 2995 4598 homines
3030 4545 3113 4599 vel
3155 4545 3399 4598 animalia
3429 4544 3639 4600 ﬁerent.

334 4684 337 4685 ν
388 4631 685 4685 universale
726 4646 828 4685 non
862 4640 963 4685 est.
1008 4631 1189 4685 Genus
1218 4645 1345 4685 vero
1372 4631 1668 4684 universale
1697 4645 1817 4684 esse
1845 4646 1960 4686 ma-
1986 4624 2042 4685 D
2072 4640 2140 4692 Αι
2180 4652 2310 4691 vero
2341 4636 2656 4690 Aristoteles
2684 4634 2856 4689 nullas
2898 4644 3046 4703 putat
3074 4647 3221 4689 extra
3249 4651 3367 4691 esse
3395 4636 3644 4691 substan-

384 4724 630 4778 nil'estum
682 4735 780 4789 est,
834 4724 1082 4793 quoniam
1124 4724 1241 4793 ejus
1289 4738 1485 4777 nomen
1529 4723 1769 4777 deductm
1799 4724 1865 4777 ab
1894 4739 1959 4777 eo

386 4817 567 4870 forma:
592 4817 907 4886 suscipiunt.
939 4818 1066 4870 Item
1112 4816 1217 4868 alia
1245 4814 1559 4869 differentia.
1613 4813 1793 4868 Gehus
1817 4828 1959 4868 sem-

384 4924 479 4975 per
508 4910 782 4977 speciebus
812 4886 921 4963 suis
957 4909 1102 4977 prius
1129 4915 1232 4973 est,
1266 4916 1433 4962 totum
1462 4920 1590 4962 vero
1638 4907 1747 4960 suis
1790 4906 1961 4975 parti-

385 5000 482 5053 bus
514 5002 777 5069 posterius
808 5000 1096 5054 invenitur.
1122 5000 1231 5055 Nisi
1258 5000 1399 5055 enim
1430 5009 1606 5069 partes
1628 4998 1845 5065 fuerint,
1875 5008 1961 5053 to—

387 5100 497 5143 tum
522 5106 625 5144 non
658 5099 832 5159 potest
860 5089 1132 5160 conjungi.
1162 5093 1278 5157 Quo
1306 5091 1363 5145 ﬁt
1392 5099 1449 5145 ut
1477 5090 1520 5145 si
1561 5106 1725 5161 genus
1758 5100 1959 5161 pereat,

386 5183 592 5251 species
620 5197 830 5252 quoque
864 5183 1223 5250 perimantur;
1257 5182 1298 5235 si
1330 5184 1534 5251 species
1563 5182 1811 5246 intereat,
1854 5198 1966 5236 ma-

388 5284 510 5328 neat
536 5290 702 5344 genus
732 5277 873 5343 quod
911 5277 962 5329 in
996 5278 1232 5343 partibﬂs
1259 5284 1476 5345 totoque
1508 5277 1831 5331 contrarium
1859 5286 1960 5331 est.

388 5364 519 5416 Nam
556 5367 597 5417 si
641 5379 762 5433 pars
792 5365 1040 5433 quailibet
1064 5383 1165 5419 una
1194 5376 1393 5435 pereat,
1426 5376 1593 5421 totum
1637 5381 1857 5421 nectsse
1886 5375 1969 5422 est

391 5456 612 5509 interire
638 5474 650 5519 ;
677 5458 718 5510 si
756 5472 882 5510 vero
911 5466 1101 5521 totum,
1141 5457 1282 5527 quod
1315 5468 1491 5525 partes
1515 5458 1820 5526 junxerunt,
1854 5458 1965 5512 dis-

391 5546 615 5613 sipetur,
643 5557 818 5615 partes
845 5559 1091 5603 maneant
1113 5549 1415 5602 distributa:
1450 5568 1461 5601 :
1496 5552 1653 5603 veluti
1685 5550 1727 5602 si
1756 5551 1965 5617 domus,

395 5648 529 5693 tecta
555 5648 604 5691 et
630 5638 879 5706 parietes,
903 5649 955 5692 et
985 5640 1323 5693 fundamenta
1343 5656 1370 5692 a
1394 5642 1689 5708 semetipsis
1708 5635 2000 5697 cxtrinse-'

393 5745 486 5785 cus
518 5731 687 5800 posita
713 5731 1097 5801 intelligantur,
1122 5732 1311 5785 domus
1332 5730 1543 5799 quidem
1575 5748 1677 5786 non
1700 5735 1819 5800 crit,
1844 5736 1968 5804 quia

394 5826 699 5896 coniunctio
712 5824 980 5883 destructa
997 5835 1100 5895 est,
1122 5833 1302 5899 partes
1317 5833 1491 5883 tamen
1510 5826 1816 5885 manebunt.
1840 5828 1968 5887 Pro-

2070 4732 2192 4794 tias,
2218 4730 2309 4783 sed
2340 4729 2660 4782 intellectam
2695 4727 3094 4781 similitudinem
3123 4729 3469 4797 plurimorum
3502 4730 3644 4783 inter

2068 4837 2126 4877 se
2154 4821 2514 4875 differentium
2558 4819 2965 4873 substantialem
3013 4834 3180 4887 genus
3208 4829 3354 4888 putat
3385 4834 3523 4884 esse,
3558 4820 3644 4874 vel

2070 4913 2319 4981 speciem.
2348 4912 2476 4964 Nam
2508 4926 2626 4965 cum
2665 4911 2821 4990 homo
2867 4920 3026 4980 atque
3054 4926 3221 4980 equus
3262 4910 3510 4964 differant
3555 4925 3643 4965 ra-

2070 5003 2418 5056 tionabilitate
2448 5012 2605 5069 atque
2637 5000 3112 5063 irrationabilitate,
3147 5001 3337 5054 horum
3367 5001 3642 5056 intellecta

2070 5092 2359 5149 similitudo
2388 5092 2551 5146 efficit
2580 5107 2765 5160 genus.
2800 5091 2929 5144 Nam
2967 5091 3258 5145 similitudo
3298 5092 3421 5160 equi
3463 5101 3517 5146 et
3545 5093 3644 5146 ho-

2068 5187 2226 5241 minis
2257 5184 2620 5240 substantialis
2652 5184 2702 5237 in
2733 5198 2796 5236 eo
2840 5192 2947 5249 est,
2977 5183 3117 5250 quod
3146 5194 3364 5251 uterque
3395 5185 3643 5239 substan-

2068 5278 2139 5331 tia
2166 5288 2274 5341 est,
2307 5286 2526 5343 uterque
2568 5274 2860 5336 animatus,
2906 5283 3126 5342 uterque
3172 5275 3468 5341 sensibilis,
3518 5290 3641 5344 quas

2067 5364 2249 5434 juncta
2275 5366 2510 5419 efﬁciunt
2539 5365 2766 5429 animal,
2794 5370 2878 5418 est
2913 5363 3109 5416 animal
3148 5378 3373 5431 namque
3402 5366 3642 5419 substan-

2074 5462 2142 5511 tia
2194 5456 2421 5510 anitnata
2473 5457 2760 5511 sensibilis.
2812 5454 2973 5524 Igitur
3032 5456 3259 5509 hominis
3306 5468 3463 5525 atque
3517 5456 3644 5527 equi

2073 5548 2366 5603 similitudo
2410 5557 2491 5601 est
2517 5548 2742 5611 animal,
2775 5546 2915 5614 quod
2945 5554 3026 5599 est
3053 5562 3239 5613 genus.
3283 5548 3484 5602 Rursus
3516 5563 3639 5602 cum

2074 5644 2222 5699 Plato
2266 5652 2422 5712 atque
2468 5642 2652 5694 Cicero
2698 5655 2922 5693 numero
2963 5640 3426 5711 accidentibusque
3469 5642 3642 5696 dista-

2076 5745 2225 5801 ret.t,
2275 5736 2461 5788 horum
2512 5733 2823 5797 similitudo,
2867 5748 2983 5802 qua:
3016 5741 3096 5787 est
3144 5735 3443 5789 humanitas
3485 5734 3641 5791 intel-

2077 5828 2211 5883 lecta
2241 5835 2398 5896 atque
2439 5824 2615 5881 animo
2642 5822 2901 5903 formata,
2946 5825 3151 5911 species
3191 5836 3295 5883 est.
3326 5826 3467 5899 Ergo
3498 5843 3641 5905 com-
