4248 6272
592 356 729 415 H07

1828 352 1934 410 AN.
1978 354 2193 409 HANL.
2222 352 2375 412 BEV.
2417 352 2634 409 BOETII

3726 356 3869 410 1108

594 469 840 523 munitas.
872 465 1116 538 quasdam
1178 474 1242 518 es
1299 477 1651 532 pturtmorutn
1700 465 1839 519 inter
1896 480 1956 519 se
2008 463 2171 519 diffe»
2196 468 2252 529 Α
2277 464 2423 517 doris
2451 473 2613 531 atque
2640 474 2859 516 ornatus
2903 471 3111 517 ratione
3153 466 3454 531 perﬁcitur,
3489 466 3627 533 quod
3672 478 3855 535 poeta-

595 563 841 615 :entiont.
872 556 1166 613 similitudo
1212 556 1369 611 notio
1394 566 1507 623 est,
1553 556 1707 625 cujus
1750 556 1980 610 notionis
2026 556 2181 610 aliud.

595 666 763 722 genus
803 659 918 714 est,
959 648 1102 704 aliud
1146 648 1336 704 forma.
1369 649 1477 705 Sed
1517 652 1765 718 quoniam
1797 649 2053 703 similium
2091 649 2175 702 in-

595 742 891 809 telligentia
914 750 999 795 est
1035 741 1221 796 omnis.
1246 742 1415 805 notio,
1450 743 1504 795 in
1536 742 1696 795 rebus
1737 756 1875 796 vera
1906 740 2172 794 similibus

596 830 905 885 necessaria
937 842 1018 885 est
1058 830 1485 887 dill‘erentiarum
1522 832 1805 897 discretio,
1853 831 2051 885 ideirco
2093 831 2174 884 itt-

594 922 740 988 diget
782 922 963 976 adhuc
985 924 1143 976 notio.
1170 923 1401 991 quadam
1431 924 1751 978 enodatione
1783 938 1846 976 ac
1884 912 2169 988 divisione,

594 1012 745 1065 velut
786 1013 900 1079 ipse
927 1013 1230 1068 intellectus
1258 1014 1514 1070 animalis
1532 1016 1631 1069 sibi
1664 1014 1779 1082 ipse
1810 1030 1915 1067 non
1954 1012 2170 1066 sufficit.

595 1100 739 1155 Nam,
778 1118 899 1156 utox
947 1104 1156 1158 animus
1194 1106 1271 1159 ad.
1309 1106 1523 1174 aliquod
1575 1107 1804 1169 animal,
1858 1105 1907 1157 id
1960 1114 2043 1159 est
2087 1104 2173 1159 vel

597 1196 866 1249 hominem
899 1198 979 1251 vel
1007 1214 1221 1267 equum,
1256 1198 1538 1253 deducitur
1569 1198 1969 1266 inquirendum,
1993 1208 2047 1251 et
2079 1198 2175 1249 lto-

594 1286 943 1341 minisnotio
978 1290 1063 1342 vel
1096 1288 1175 1342 ad:
1208 1288 1472 1353 Tullium,
1508 1289 1590 1343 vel
1641 1289 1703 1341 ad
1755 1289 2061 1351 Platonem,
2086 1287 2172 1342 vel

594 1376 985 1447 adqpemlibet
1005 1379 1351 1449 singularium
1384 1394 1734 1448 personarum
1770 1380 2016 1433 refertur.
2044 1378 2187 1444 Quas:

594 1482 723 1521 cum
770 1468 840 1521 ita
890 1468 1041 1534 sint,
1079 1470 1288 1539 quoties
1326 1484 1507 1539 genus.
1538 1469 1790 1524 dividitur
1842 1470 1893 1523 in
1942 1468 2171 1534 lorutas,

595 1560 801 1613 milia.”
843 1562 1178 1629 ptmtertniui
1219 1565 1508 1632 oportebit.
1542 1563 1639 1618 Est
1680 1564 1833 1618 enim.
1867 1562 2049 1617 vitium
2091 1560 2191 1616 vel.

596 1652 917 1715 niaximum,
949 1653 1133 1722 ~iqtta-
1155 1654 1487 1711 dividentem
1506 1654 1685 1710 forma.
1707 1664 2019 1723 praetereat,
2063 1653 2177 1708 vel-

599 1742 679 1794 uti
707 1742 747 1794 ιε
776 1741 895 1804 quis
941 1745 1025 1810 jus
1065 1742 1303 1799 dividere
1334 1745 1482 1810 velit,
1517 1745 1569 1800 in
1612 1746 1806 1815 legent,
1852 1758 2065 1798 tttoretu
2096 1753 2176 1796 at.

2278 570 2393 609 runt
2421 565 2577 623 atque
2613 563 2882 609 oratorum
2907 567 3028 608 esse
3058 565 3339 619 autumat,
3364 556 3556 626 quibus
3588 558 3859 610 luculenta

2277 646 2611 699 oratiorcurte
2653 656 2763 699 est.
2790 645 2955 714 Hujus
2986 644 3314 699 definitionis
3340 647 3651 715 exemplum
3681 662 3710 700 a
3735 646 3856 716 jure

2277 736 2417 791 civili
2447 736 2652 791 Tullius
2682 737 2851 805 petit,
2873 737 3053 803 aitque
3086 750 3148 790 se
3174 752 3280 790 non
3309 738 3467 791 aliter
3490 737 3558 790 ab
3590 738 3855 805 exemplis

2279 825 2577 880 netioribtts
2617 826 2866 880 Trebatio
2908 840 3246 880 recessurum
3277 842 3433 896 quam
3474 829 3518 881 si
3568 829 3857 883 necessitas

2279 927 2456 985 cogat.
2502 918 2602 971 Per
2642 917 3044 972 translationem
3094 933 3222 972 vero
3267 918 3508 972 deﬁnitio
3548 926 3665 983 est,
3697 919 3858 973 velud

2278 1025 2399 1064 cum
2442 1008 2709 1078 Aquilius,
2757 1009 2905 1065 littus
2953 1008 3177 1064 delinire
3220 1011 3423 1073 volens,
3461 1011 3675 1065 dicebat
3709 1012 3857 1064 littus

2278 1116 2399 1155 esse
2427 1116 2532 1169 quo
2562 1102 2753 1156 [luctus
2782 1100 3044 1155 eluderet.
3074 1100 3184 1155 Hoc
3221 1102 3439 1156 eludere
3466 1103 3531 1156 ab
3567 1103 3632 1156 iis
3679 1113 3856 1156 trans-

2280 1194 2443 1246 latum
2485 1202 2567 1247 est
2604 1194 2694 1262 qui
2744 1193 3035 1262 agitatione
3072 1195 3268 1261 aliqua,
3313 1210 3471 1248 causa
3519 1194 3687 1257 lusne,
3735 1209 3860 1247 tuo:

2277 1292 2487 1337 ventur.
2520 1284 2753 1353 Itemque
2800 1284 3163 1337 adolescentia
3203 1292 3285 1338 est
3323 1284 3423 1337 llos
3463 1285 3669 1347 :etatis,
3703 1286 3753 1337 id
3787 1286 3856 1338 ab

2278 1374 2559 1428 arboribus
2586 1376 2804 1429 ductum
2841 1385 2951 1443 est,
2994 1391 3225 1445 quarum
3252 1376 3456 1429 fructus
3506 1378 3667 1431 ﬂores
3715 1394 3856 1443 pra:-

2278 1467 2498 1521 cedunt.
2534 1467 2601 1521 Et
2624 1477 2898 1534 senectus,
2929 1468 3051 1523 vine
3089 1484 3333 1535 occasus,
3366 1469 3418 1522 id
3449 1470 3603 1523 adie
3636 1470 3877 1531 ductum,

2280 1568 2382 1624 est,
2418 1559 2508 1627 qui
2537 1560 2733 1615 desinit
2756 1576 2876 1616 esse
2903 1576 3021 1619 cum
3054 1562 3135 1616 sol
3161 1560 3419 1616 occiderit
3441 1577 3457 1614 ε
3482 1576 3601 1630 qua:
3632 1562 3860 1616 transla-

2282 1648 2457 1704 tioues
2491 1666 2517 1701 a
2552 1653 2879 1720 proprietate
2910 1650 3227 1716 discedunt,
3260 1661 3313 1707 et
3342 1650 3581 1722 quadam
3602 1651 3855 1707 similitu-

2280 1741 2406 1795 dine
2441 1741 2677 1812 subjecta
2719 1744 2950 1812 signant.
2998 1745 3097 1799 Est
3136 1743 3278 1801 enim
3328 1744 3604 1798 translatio
3645 1743 3871 1813 quaties

595 1844 698 1900 que
725 1834 1026 1899 tenuitatem
1060 1848 1285 1889 necesse.
1305 1845 1391 1889 est
1419 1834 1694 1902 partiatur.
1721 1831 1865 1888 Nam.
1883 1840 1940 1888 et
1966 1833 2081 1897 lex,
2114 1843 2179 1887 et
2198 1828 2519 1890 Bltahentis
2562 1834 2638 1887 rei
2669 1848 2903 1899 nomen,
2922 1843 3139 1904 propter
3164 1833 3397 1890 alterius
3427 1834 3510 1890 rei
3547 1834 3867 1891 similitudi-

598 1934 734 1980 ntos,
764 1929 815 1972 rt
845 1921 1089 1989 munitas,
1130 1932 1185 1977 et
1227 1924 1464 1993 singula,
1511 1934 1563 1977 et
1610 1922 1664 1977 in
1691 1936 2001 1988 commune,
2039 1921 2187 1991 iuris

597 2010 855 2066 vocabulo
885 2012 1120 2081 subjecta
1164 2026 1309 2069 sunt.
1354 2014 1545 2085 Culpst
1582 2028 1711 2070 vero
1758 2014 1968 2070 illorum
2014 2013 2177 2069 insci-

604 2102 729 2156 tiam
782 2103 870 2172 qui
905 2103 1041 2158 idetn
1095 2109 1307 2173 spcc'es
1330 2105 1419 2160 vel
1446 2105 1643 2163 formas
1668 2116 1867 2175 putant
1886 2118 2005 2161 esse
2036 2104 2187 2175 quod.

597 2186 807 2263 partes,
829 2194 1244 2265 contttrbarique
1273 2210 1365 2250 eos
1402 2196 1607 2250 inscitia
1649 2195 1814 2260 dicit,
1844 2195 1985 2265 quod
2027 2209 2115 2249 res
2143 2210 2175 2250 a

600 2297 661 2336 se
706 2283 990 2351 plurimum
1033 2282 1341 2339 differentes
1384 2286 1627 2355 imperite
1675 2297 1835 2355 atque
1882 2285 2178 2355 improvide

596 2373 925 2443 distinguere
965 2390 1027 2429 ae
1064 2391 1349 2447 segregare
1381 2393 1484 2432 non
1532 2388 1739 2433 curant.
1774 2379 1879 2434 Sed
1926 2380 2175 2448 quoniam

593 2467 661 2519 de
693 2466 1004 2523 deﬁnitione
1041 2468 1554 2538 loqttehatur,,addit
1583 2474 1737 2526 aliam
1768 2472 1999 2542 speciem
2046 2473 2176 2528 defi-

596 2557 834 2621 nitionis,
860 2574 1018 2627 quam
1054 2575 1149 2614 nos
1180 2562 1425 2629 superius
1454 2564 1907 2624 enumeravimus.
1933 2580 2050 2633 qua:
2080 2580 2174 2632 per

598 2657 675 2701 tra
720 2648 999 2704 slationem
1022 2664 1125 2704 non
1148 2653 1486 2721 proprietatis
1505 2655 1870 2725 veritatisque,
1890 2658 1980 2709 sed
2002 2658 2173 2724 splen-

2283 1939 2438 1989 nem,
2470 1940 2499 1979 a
2544 1940 2605 1981 re
2644 1926 2803 1981 simili
2847 1940 3041 1984 nomen
3088 1926 3403 1996 imponitur,
3449 1921 3727 1983 utmotl's
3760 1926 3856 1983 lia-

2283 2017 2375 2073 bet
2398 2018 2666 2088 proprium
2694 2034 2919 2085 nomen,
2939 2020 3064 2074 item
3105 2018 3263 2074 lusus
3288 2034 3393 2075 suo
3426 2018 3697 2075 vocabulo.
3717 2034 3855 2075 nun-

2282 2123 2526 2181 cupatur.
2554 2114 2658 2170 Sed
2683 2116 2773 2185 qui
2800 2115 2958 2181 dicit,
2992 2131 3099 2184 qua
3122 2115 3323 2171 ﬂuetus
3339 2114 3614 2181 eluderet,
3655 2130 3691 2170 α
3712 2114 3858 2172 simi-

2284 2203 2508 2261 litudine
2537 2206 2839 2278 agitationis
2891 2206 2957 2262 ad
2988 2206 3249 2262 ﬂuctuum
3292 2217 3503 2262 metum,
3539 2206 3869 2262 vocabulum-

2287 2301 2555 2357 transfert.
2584 2303 2661 2373 Ac
2682 2301 2750 2356 de
2777 2300 3180 2356 deﬁnitionibus
3207 2301 3422 2370 quidem
3443 2299 3869 2369 disputationem

2282 2390 2597 2457 terminans,
2630 2392 2693 2444 ad
2726 2390 3039 2460 partitiones
3080 2391 3361 2448 transitum
3390 2390 3533 2446 facit.
3572 2390 3685 2447 Sed
3710 2403 3852 2444 nunc

2282 2482 2445 2535 tertio
2476 2481 2731 2537 volumini
2759 2484 2886 2538 satis
2915 2492 3031 2549 est,
3072 2483 3283 2553 reliqua
3312 2482 3362 2539 in
3392 2493 3661 2553 postenutn
3690 2480 3845 2536 dide-

2280 2589 2480 2630 ramus.

592 2773 3841 2805 MM

1794 2900 2082 2976 LIBER
2157 2896 2655 2991 QUARTUS.

2097 3060 2376 3071 —-——I

674 3137 957 3208 indicare
986 3154 1090 3195 non
1122 3155 1369 3205 possum,
1402 3142 1477 3198 mi
1508 3142 1741 3206 Patriei,
1762 3152 1989 3211 quantas
2027 3157 2169 3210 Stl'pe
2199 3141 2245 3203 ι]
2277 3136 2559 3204 superiore.
2587 3144 2833 3189 tnactattt.
2869 3134 3014 3188 Nunc
3058 3148 3186 3188 vero
3212 3134 3278 3188 de
3314 3134 3545 3203 partium
3576 3149 3857 3189 enumera-

595 3231 648 3285 ln
677 3231 1185 3303 dillicillimt-operis
1198 3249 1357 3288 cursu
1386 3234 1529 3289 vires
1548 3233 1741 3287 afferat
1766 3233 2014 3287 amicitiae
2042 3247 2172 3287 con-

596 3322 905 3390 tenplatio,
934 3338 1052 3376 cunt
1094 3332 1161 3377 et.
1191 3324 1254 3377 iis
1280 3324 1575 3378 studiosius
1602 3338 2002 3391 componamus,
2037 3337 2181 3391 quos-

596 3413 837 3479 rcposito
863 3415 1073 3481 penitus
1095 3430 1280 3469 amore
1307 3415 1605 3483 diligimus,
1624 3424 1683 3468 et
1710 3415 1923 3481 placere
1954 3412 2174 3479 cupien-

598 3502 743 3559 tibus
768 3506 929 3557 ntnlta
956 3521 1079 3561 sese
1113 3522 1289 3560 rt-rum
1321 3510 1473 3575 c0pia
1517 3508 1908 3562 subministret.
1940 3507 2052 3560 Huc
2084 3521 2177 3559 ac—

603 3593 743 3649 cedit
792 3597 935 3664 quod
976 3607 1034 3650 ttt
1080 3612 1303 3667 qumque
1353 3599 1417 3651 in-
1460 3609 1707 3652 mentem:
1743 3600 1995 3652 venerint
2026 3596 2172 3665 inju-

598 3686 783 3740 dicata
808 3696 971 3755 atque
996 3688 1156 3741 etiam
1200 3688 1512 3755 incastigata
1563 3698 1893 3757 promuntur,
1932 3689 2175 3758 quando-

599 3778 819 3847 quidam
839 3779 975 3847 apud
1001 3779 1110 3835 cari
1140 3780 1377 3849 pectoris
1394 3792 1661 3835 secretum
1687 3780 1817 3835 nihil
1843 3792 1927 3837 est
1949 3781 2170 3849 periculi

599 3870 836 3937 proferre
876 3871 1025 3941 quod.
1056 3874 1278 3927 sentias.
1326 3871 1419 3927 Est
1458 3871 1619 3942 igitur
1652 3873 1816 3939 ntilti,
1862 3890 1982 3929 cum
2027 3883 2170 3927 tuam

600 3963 1035 4019 lienevo‘entiam.
1066 3979 1281 4033 specto,
1319 3980 1549 4034 pronum
1586 3981 1745 4021 omne
1771 3975 1950 4037 atque,
1998 3976 2055 4020 ut
2099 3967 2173 4021 ita

599 4054 805 4122 dicam,
846 4052 1253 4124 voluptarium,
1275 4057 1419 4127 quod
1464 4058 1515 4112 itt
1558 4067 1661 4111 tum
1694 4060 2060 4128 prmscriptum
2088 4058 2174 4127 ju-

600 4146 885 4200 cunditzttis
931 4148 1269 4216 impenditur.
1316 4149 1421 4203 Sed
1471 4164 1590 4203 cum
1634 4160 1832 4204 memet
1884 4150 2000 4219 ipse
2048 4165 2173 4218 per-

528 4232 531 4233 ⁷
602 4238 795 4302 pondo,
819 4253 1006 4291 vereor
1034 4254 1101 4293 ne
1128 4239 1388 4307 impurato
1420 4239 1625 4294 muneri
1653 4256 1750 4309 par
1771 4255 1891 4294 esse
1918 4256 2021 4293 non
2053 4254 2175 4308 pos-

606 4328 738 4389 sim,
768 4338 816 4380 ot
850 4328 1147 4383 deﬁcientis
1180 4330 1341 4398 culpa
1375 4332 1426 4383 in
1471 4330 1805 4383 adhortantis
1839 4330 1995 4382 cedat
2036 4329 2174 4395 injuc

606 4416 757 4468 tiam.
802 4417 915 4483 Qll‘i
973 4418 1031 4469 tit
1066 4427 1127 4469 ttt
1162 4418 1253 4471 tibi
1300 4420 1459 4471 etiam
1499 4427 1655 4488 atque
1687 4418 1845 4471 etiam
1886 4418 2175 4486 provideo.-

2280 3228 2427 3282 tione
2465 3226 2645 3280 dicere
2687 3224 2943 3290 instituit,
2974 3234 3171 3279 rectam
3217 3225 3420 3279 ordinis
3468 3226 3605 3281 viam
3651 3225 3863 3282 scilicet

2278 3318 2553 3383 insistens,
2582 3325 2643 3369 nt'
2664 3332 2769 3368 noti
2792 3319 2962 3368 solum
2992 3315 3237 3383 exemplo
3260 3315 3431 3382 qualis
3459 3327 3605 3371 esset
3627 3319 3863 3385 partium.

2277 3410 2608 3465 enumeratio
2641 3407 2950 3477 perduceret
2973 3450 2985 3471 ,
3032 3420 3227 3461 verum
3268 3405 3477 3459 ratione
3517 3421 3737 3473 quoque
3764 3421 3853 3459 os-

2280 3500 2515 3554 tenderet
2565 3497 2831 3566 quomodo
2882 3498 3112 3565 partium
3160 3497 3564 3552 enumeratione
3610 3497 3665 3554 in
3699 3511 3854 3566 argu-

2279 3589 2696 3645 mentationibus
2722 3598 2867 3641 esset
2893 3588 3165 3642 utendum.

2352 3680 2638 3733 Partitione
2667 3690 2835 3732 autent
2865 3680 2937 3731 sic
2967 3679 3212 3733 utendum
3240 3688 3339 3739 est,
3359 3681 3552 3732 nullam
3576 3688 3627 3730 ut
3654 3690 3852 3749 portent

2277 3772 2554 3833 relinquas,
2590 3771 2707 3822 utsi
2734 3771 2915 3839 puniri
2947 3771 3065 3822 velis
3104 3771 3340 3835 tutelam,
3372 3769 3633 3822 inscienter
3662 3769 3851 3837 facias,

2279 3863 2323 3916 si
2355 3860 2513 3913 ullam
2555 3862 2932 3929 prwtzrntittas.
2970 3863 3032 3913 At
3070 3862 3112 3913 si
3156 3862 3562 3930 :tipttlotionnnt,
3594 3868 3677 3912 aut
3708 3861 3853 3930 judi-

2280 3957 2474 4011 ciorum
2505 3956 2777 4024 formulam
2810 3956 3048 4024 partiare,
3085 3972 3185 4006 non
3219 3966 3291 4007 est
3328 3956 3503 4007 vitium
3540 3956 3593 4007 in
3641 3970 3696 4007 re
3737 3955 3857 4022 inﬁ-

2280 4051 2388 4103 nita
2420 4050 2795 4117 prmtermitlere
2822 4049 3034 4117 aliquid.
3076 4049 3227 4111 Quod
3258 4050 3389 4100 idem
3422 4049 3471 4099 in
3508 4049 3753 4101 divisione
3782 4048 3855 4099 vi-

2282 4144 2463 4195 tiosum
2494 4152 2583 4195 est.
2621 4139 2928 4192 Formarum
2970 4141 3104 4191 enim
3136 4150 3299 4191 certus
3341 4150 3415 4191 est
3460 4154 3717 4200 numerus,
3744 4152 3857 4203 qua!

2283 4236 2464 4301 cuique
2508 4236 2677 4288 oenrri
2721 4233 3076 4302 subjiriuntur.
3119 4230 3355 4284 Portium
3393 4230 3678 4283 distributio
3716 4244 3849 4291 σαμε

2280 4333 2353 4375 est
2381 4323 2649 4387 inﬁnitior,
2691 4332 2935 4389 tanquam
2962 4322 3195 4373 rivorum
3225 4340 3255 4373 a
3290 4327 3427 4388 fonte
3456 4322 3711 4375 deductio.
3747 4317 3856 4371 ita—

2278 4428 2377 4474 que
2405 4412 2457 4464 in
2502 4411 2739 4464 oratoriis
2778 4413 2970 4463 artibus
3010 4411 3302 4477 antestimtis
3342 4427 3521 4479 genere
3564 4412 3856 4480 proposito,

602 4505 728 4556 dum
774 4506 877 4567 sit,
921 4522 1007 4572 no,
1056 4508 1159 4561 tttis
1200 4508 1315 4575 ipse
1354 4508 1591 4561 moribus
1638 4506 1971 4569 emendatus,
2010 4506 2178 4562 nostri

2282 4514 2401 4570 φη(
2451 4506 2560 4573 ejus
2599 4508 2776 4570 forma:
2817 4504 2957 4566 sint,
2994 4504 3317 4573 subjungitur
3361 4503 3625 4565 absolute;
3663 4514 3713 4555 at
3742 4517 3859 4555 cum

601 4588 822 4661 alicujus
877 4594 1077 4647 erroris
1131 4598 1392 4650 sarcinam
1446 4596 1604 4650 feras.
1658 4595 1804 4649 Nosti
1855 4597 2173 4651 oblatrantis

602 4700 811 4737 morsus
841 4686 1073 4751 invidim,
1104 4687 1245 4739 nosti
1276 4703 1432 4753 quatn
1465 4685 1718 4741 facillime
1766 4688 1815 4738 in
1841 4686 2172 4741 difﬁcillimis

602 4778 775 4829 causis
806 4776 940 4830 livor
964 4777 1218 4844 judicium
1265 4772 1417 4833 ferat.
1465 4780 1657 4845 Quaeso
1688 4778 1844 4847 igitur
1872 4790 2167 4834 extremam

602 4876 781 4919 nostr.»
836 4869 982 4934 operi
1030 4884 1243 4921 manum
1305 4871 1603 4923 communis
1650 4870 1846 4938 negotii
1905 4872 2173 4926 studiosus

602 4955 864 5022 irnpon:i3,
896 4957 1033 5008 abun
1058 4957 1216 5010 lautia
1250 4972 1487 5019 reseces,
1532 4960 1729 5013 hiantia
1759 4962 2041 5028 suppleas,
2085 4976 2174 5013 cr-

602 5055 709 5097 rata
756 5045 1139 5111 reprehendas,
1170 5047 1243 5100 sis
1274 5056 1543 5114 postremo
1583 5049 1751 5103 nostri
1811 5051 2005 5103 laboris
2037 5060 2173 5103 tute-

600 5150 701 5199 qm)
729 5131 830 5187 adh
856 5136 1115 5189 trtationis
1144 5146 1396 5202 assertor,
1425 5153 1541 5189 t-ttm
1579 5140 1869 5205 prtesertim
1907 5155 1990 5192 me
2018 5154 2173 5192 secu-

601 5240 715 5277 ront
744 5240 1014 5292 peractum
1040 5226 1227 5281 reddat
1246 5228 1505 5293 officium,
1531 5238 1581 5283 te
1606 5230 1761 5282 amici
1792 5229 1959 5297 pttdor
1984 5232 2175 5299 dignus

601 5318 765 5383 possit
808 5320 1117 5384 convenire,
1152 5319 1195 5373 si
1241 5320 1503 5386 dlSpIit‘el.
1540 5322 1642 5375 Sed
1690 5322 1803 5374 ltzrc
1844 5322 1994 5384 alias,
2034 5339 2173 5378 nunc

598 5407 775 5476 operis
804 5412 1035 5475 suscepti
1063 5410 1332 5462 ira-mitem
1362 5425 1761 5478 persequantur.
1790 5412 2051 5475 Quoniam
2087 5414 2170 5465 lo-

599 5513 780 5550 eortttn
825 5497 875 5550 in
912 5496 1041 5565 ipsis
1082 5500 1149 5551 dc
1187 5500 1380 5567 quibus
1411 5500 1665 5567 quaeritur
1712 5502 1952 5554 terminis
1999 5504 2171 5555 inita:-

601 5589 828 5642 rcntium
850 5630 865 5650 ,
894 5589 979 5640 alii
1010 5602 1131 5642 sunt
1161 5606 1187 5641 :t
1223 5601 1351 5647 toto.
1385 5591 1469 5642 alii
1500 5606 1526 5642 a
1559 5592 1811 5659 partibus,
1840 5594 1927 5646 alii
1971 5610 1999 5644 a
2026 5606 2170 5657 nota,

602 5678 686 5729 alii
714 5696 780 5732 ex
820 5678 1044 5741 adfertis,
1080 5680 1145 5734 de
1174 5694 1239 5734 eo
1268 5680 1477 5746 quidem
1516 5682 1630 5734 loco
1660 5684 1746 5751 qui
1775 5698 1802 5733 ιι
1843 5694 1951 5736 toto
1980 5696 2058 5737 cst
2078 5728 2091 5749 ,
2122 5697 2175 5736 et

602 5767 651 5821 in
686 5767 997 5820 definitione
1043 5780 1121 5820 cst
1164 5770 1502 5834 constitutus,
1554 5772 1884 5827 sufficienter
1923 5773 2177 5829 disseruit

2281 4597 2344 4648 de
2387 4596 2694 4648 ornamentis
2732 4594 2995 4647 verborum
3040 4597 3500 4662 sententiarumque
3537 4595 3851 4662 pracipitur,

2277 4703 2391 4757 quo?
2431 4697 2671 4739 uocantur
2712 4692 2987 4756 σχήματα,
3020 4702 3115 4740 non
3167 4688 3226 4754 ﬁt
3263 4686 3415 4739 idem.
3470 4686 3566 4741 Res
3609 4688 3743 4738 enim
3784 4693 3859 4739 est

2278 4778 2634 4845 in/mitior,'ut
2662 4793 2724 4830 ea:
2762 4777 2854 4829 hoc
2883 4762 3082 4847 quoque
3119 4778 3429 4846 intelligatur
3467 4779 3607 4846 quod
3642 4779 3851 4830 velimus

2278 4868 2409 4920 infer
2426 4867 3109 4935 partitionemetdivisionem
3124 4869 3382 4921 interesse.
3402 4866 3703 4935 Quanquam
3721 4868 3851 4919 enim

2286 4958 2529 5010 vocabula
2560 4974 2715 5025 prope
2736 4959 2868 5009 ίάιηι
2900 4959 3061 5011 valere
3089 4960 3372 5022 vidcantur,
3399 4970 3598 5021 tamen,
3630 4957 3746 5025 quia
3776 4971 3856 5008 res

2284 5047 2601 5112 di/Iertbmtt,
2637 5050 2841 5101 nomina
2871 5050 3022 5101 etiam
3047 5049 3238 5101 distare
3264 5052 3545 5101 voluerunt.

2353 5142 2555 5193 Sensus
2592 5140 2893 5206 ltujusmodi
2924 5151 3021 5193 est.
3085 5141 3278 5194 Rerum
3308 5157 3378 5209 qu
3400 5158 3426 5188 υ
3461 5141 3701 5207 partibus
3727 5155 3854 5192 con-

2278 5230 2591 5297 jungttnutr,
2630 5230 2747 5283 aliae
2776 5232 2988 5299 quidem
3023 5247 3247 5299 paucae,
3280 5234 3371 5285 sed
3420 5234 3570 5286 facile
3609 5232 3855 5299 intelligi-

2282 5320 2421 5373 biles
2468 5320 3079 5389 comprehensibilesqtte
3118 5333 3292 5389 partes
3324 5322 3538 5386 hebent,
3578 5323 3697 5375 alue
3727 5337 3854 5375 vero

2282 5411 2459 5478 plures
2508 5413 2880 5480 intellectuqne
2911 5412 3172 5468 difficiles.
3227 5414 3281 5466 In
3313 5412 3397 5467 his
3428 5415 3584 5479 ititnr
3613 5414 3854 5480 partibus

2280 5517 2398 5570 qua:
2428 5512 2548 5556 sunt
2578 5518 2755 5571 paucae
2789 5519 2848 5555 ac
2891 5505 3043 5558 facile
3074 5506 3172 5559 sub
3204 5506 3600 5574 intelligentiam
3628 5506 3848 5571 cadunt,

2281 5595 2363 5647 vel
2400 5597 2679 5648 maximum
2715 5597 2893 5649 vitium
2922 5607 3031 5659 est,
3075 5599 3115 5650 si
3159 5599 3434 5667 partiendo
3463 5600 3658 5666 aliquid
3689 5600 3855 5652 relin~

2281 5694 2488 5748 quatur.
2559 5686 2613 5737 In
2668 5685 2747 5737 Itis
2786 5700 2908 5739 vero
2947 5703 3188 5754 quarunt,
3228 5698 3283 5739 ut
3322 5690 3433 5755 ipse
3474 5689 3569 5751 ait,
3600 5690 3860 5743 intinitior

2284 5794 2535 5833 tttttncrus
2565 5789 2665 5846 csl,
2713 5789 2765 5835 et
2815 5782 3084 5837 confusior
3122 5786 3417 5853 perspectio
3485 5785 3658 5840 minus
3700 5787 3857 5844 vitio-
