4248 6272
356 321 494 387 “09

1168 323 1236 380 IN
1273 322 1521 401 TOPICA
1560 316 1915 378 CICERONIS
1952 315 2471 378 COMMENTABIA.
2515 323 2644 379 LIB.
2687 321 2772 380 IV.

3484 322 3625 381 illo

349 464 466 503 sum
512 459 615 513 est,
658 449 707 503 si
743 462 847 519 qua
888 445 1215 503 dividentem
1267 458 1390 513 pars
1441 442 1493 496 in
1536 437 1937 494 enumeratione
1964 437 2311 507 Acupatur;
2380 440 2430 493 in
2486 440 2746 495 divisione
2776 441 2918 495 enim
2981 440 3225 495 vitiosum
3272 448 3355 495 est
3422 439 3620 508 aliquid

352 548 658 606 prietereat.
710 540 797 594 Fit
835 547 1013 593 autem
1057 537 1159 589 hoc
1210 549 1314 588 non
1358 532 1531 586 solum
1571 546 1665 599 per
1708 544 1799 583 eas
1849 543 1936 583 res

350 646 469 697 quae
510 630 778 699 aliquibus
805 630 1044 697 partibus
1082 634 1350 687 constant,
1374 638 1558 677 verum
1602 621 1760 673 etiam
1791 634 1936 686 saepe

352 737 446 788 per
488 732 664 788 partes
708 722 851 790 ipsas
890 733 1021 788 quas
1064 719 1117 771 in
1157 715 1531 771 distributione
1571 715 1845 782 partimur,
1879 721 1936 765 ut

352 818 395 866 si
429 814 660 867 hominis
690 828 882 881 corpus
920 810 1145 864 velimus
1189 808 1458 862 intellectu
1503 820 1565 858 ac
1607 804 1810 858 ratione
1841 816 1935 871 per

354 906 566 973 propria
618 906 853 959 membra
904 902 1247 971 disjungere,
1302 900 1558 953 faciemus
1607 898 1700 964 ita,
1749 905 1931 963 eaput,

352 995 627 1061 humeros,
674 1010 881 1059 manus,
930 999 1224 1055 thoracem,
1266 1001 1528 1054 ventrem,
1578 1002 1729 1042 suras
1773 997 1936 1056 atque

353 1088 539 1156 pedes.
595 1087 658 1140 Et
701 1087 950 1154 quoniam
1001 1082 1232 1152 majores
1282 1088 1458 1149 [utartes
1502 1078 1827 1146 sumpsimus
1866 1075 1933 1154 ad

349 1178 719 1245 dividendum,
764 1178 962 1231 idcirco
1008 1176 1135 1229 nihil
1172 1173 1586 1242 praetermissum
1632 1185 1752 1224 esse
1790 1169 1937 1223 vide-

351 1280 456 1335 tur;
492 1280 545 1323 at
574 1271 616 1324 si
649 1269 1035 1323 minutissimas
1069 1266 1356 1335 particulas
1389 1278 1791 1334 persequamur,
1827 1274 1933 1315 tum

349 1365 490 1419 oculi
518 1377 749 1433 quoque,
774 1371 827 1417 et
849 1362 1008 1424 labia,
1039 1368 1094 1415 et
1124 1374 1301 1422 nares,
1333 1368 1492 1426 atque
1518 1372 1696 1421 aures,
1726 1370 1939 1409 earum-

351 1468 455 1523 que
480 1463 660 1523 partes
692 1450 1074 1520 persequendae
1115 1460 1258 1511 sunt,
1291 1448 1448 1515 idque
1494 1448 1544 1499 in
1578 1456 1687 1499 toto
1712 1460 1937 1513 corpore

353 1549 653 1604 faciendum
684 1556 787 1611 est,
819 1546 1117 1614 eodemque
1144 1543 1308 1598 modo
1336 1542 1606 1597 difficilior
1638 1542 1739 1593 erit
1768 1540 1939 1607 parti-

355 1641 451 1704 tio,
484 1651 601 1692 cunt
630 1638 699 1691 sit
723 1637 951 1705 partium
981 1648 1234 1688 numerus
1265 1632 1541 1685 inﬁnitior.
1568 1630 1724 1698 Saepe
1752 1630 1932 1694 etiam,

355 1737 417 1781 ut
452 1726 650 1781 dictum
691 1732 794 1791 est,
836 1740 923 1778 res
966 1725 1094 1793 ipsae
1150 1722 1239 1776 his
1272 1722 1513 1790 partibus
1551 1720 1749 1789 juncta:
1791 1730 1933 1782 sunt,

2046 529 2483 598 praetermittere,
2532 531 2582 583 in
2634 530 2911 599 partitione
2964 532 3321 586 membrorum
3379 531 3623 585 minime.

2042 620 2116 673 ita
2146 619 2447 687 exemplum
2479 620 2545 674 de
2576 621 2750 674 tutelis
2780 622 2826 674 ei
2860 622 3129 689 partitiOui
3160 621 3621 676 accorumodatum

2043 713 2209 777 dedit,
2260 727 2377 781 quae
2417 712 2819 767 esttlivisiouis.
2870 713 2939 765 At
2984 714 3028 766 si
3068 713 3381 767 divisionem
3438 712 3621 776 facias,

2042 806 2093 860 id
2117 815 2199 861 est
2223 808 2510 860 formarum
2556 820 2582 857 a
2616 820 2811 873 genere
2846 807 3207 873 partitionem,
3241 820 3504 859 summum
3538 812 3622 856 est

2044 896 2224 950 vitium
2257 897 2450 964 aliquid
2484 896 2914 965 praetermittere,
2955 896 3203 963 quoniam
3243 911 3360 948 cum
3393 896 3458 947 sit
3502 894 3622 946 fitti-

2044 998 2125 1041 tus
2157 987 2443 1040 formarunt
2488 999 2769 1047 numerus,
2805 986 2847 1038 si
2882 984 3003 1052 quid
3035 985 3289 1038 omissum
3319 986 3417 1047 sit,
3456 986 3622 1038 insci-

2042 1081 2111 1132 tia
2146 1079 2449 1148 prarteritur
2481 1095 2493 1127 :
2525 1088 2581 1131 ut
2611 1078 2653 1130 si
2685 1076 2947 1130 oratorias
2975 1076 3298 1145 qumstiones
3341 1077 3392 1129 in
3426 1077 3623 1129 fortnas

2044 1169 2283 1223 dividere
2308 1169 2551 1232 velimus,
2586 1168 2825 1221 dicemus
2865 1180 3080 1221 omnem
3126 1166 3443 1219 rhetoricau
3478 1181 3625 1235 qua:-

2043 1262 2289 1327 sionem,
2321 1270 2411 1314 aut
2438 1260 2503 1314 de
2535 1261 2673 1313 facto
2702 1274 2843 1324 esse,
2869 1269 2958 1312 aut
2984 1258 3051 1313 de
3081 1259 3331 1326 qualitate
3365 1258 3504 1315 faeti.
3536 1266 3627 1311 aut

2044 1357 2111 1410 de
2140 1358 2375 1410 nomine.
2427 1356 2497 1410 At
2527 1356 2569 1409 si
2598 1356 2925 1409 locutionum
2958 1354 3153 1421 ﬁguras
3206 1350 3625 1405 settlenliut‘ttttt-

2044 1464 2147 1517 q-e
2194 1448 2527 1510 distribuant,
2582 1462 2684 1499 non
2737 1448 2860 1509 erit,
2912 1456 2968 1498 nt
3013 1446 3211 1498 dictum
3262 1457 3362 1506 est,
3417 1445 3623 1504 vitium,

2050 1544 2277 1595 transire
2318 1542 2537 1608 aliquid,
2581 1540 3006 1609 quandoquidem
3055 1539 3434 1591 sententiarum
3487 1540 3633 1588 inter

2046 1649 2103 1687 se
2149 1644 2306 1701 atque
2349 1633 2671 1686 locutionum
2705 1634 2884 1699 figura:
2926 1642 2979 1685 et
3020 1632 3365 1698 multiplices,
3400 1643 3449 1684 et
3480 1631 3623 1682 vat-ia

2044 1726 2250 1778 ratione
2288 1724 2533 1776 diversm.
2584 1723 2677 1776 llic
2714 1737 2924 1791 quoque
2966 1724 3251 1789 figurarum
3298 1731 3475 1788 partes
3515 1736 3617 1771 non

358 1832 580 1886 quarum
622 1831 723 1869 non
764 1816 833 1869 Sil
862 1814 1031 1868 faeilis
1070 1815 1352 1881 ἱηερεοιίο,
1378 1816 1443 1865 ἰιι
1474 1812 1515 1865 Si
1547 1812 1666 1880 quis
1709 1811 1935 1877 Slipllla-
1965 1812 2016 1872 Β
2046 1819 2117 1871 ita
2152 1818 2397 1871 videntur
2427 1817 2591 1885 accipi
2626 1832 2811 1884 posse,
2841 1815 3285 1884 quemadmodum
3322 1815 3499 1879 totius,
3533 1816 3625 1866 sed

358 1911 555 1961 tionem
588 1915 643 1961 et
665 1905 985 1974 judiciorum
1014 1903 1271 1957 formulas
1293 1903 1572 1970 partiatur,
1597 1903 1677 1957 vel
1702 1902 1863 1956 etiam
1892 1904 1937 1956 si

359 1999 551 2067 ﬁguras
580 1999 852 2067 loquendi,
885 2012 1001 2066 quae
1031 2001 1289 2067 σχήματα
1312 1994 1485 2050 Graeci
1517 2007 1741 2058 vocant,
1769 1995 1937 2049 dividi

358 2106 576 2145 necesse
605 2091 692 2145 sit.
721 2090 814 2143 Hic
844 2090 1004 2157 igitur
1035 2089 1081 2141 si
1112 2089 1236 2157 quid
1268 2089 1685 2155 prmtermissum
1715 2088 1801 2151 sit,
1830 2102 1937 2140 non

357 2185 461 2239 (‘l‘il
494 2185 678 2238 vitium
706 2184 1003 2251 partientis,
1033 2182 1155 2251 quia
1187 2182 1416 2249 partium
1448 2190 1634 2235 natura
1661 2179 1937 2247 multiplex

357 2276 554 2345 saepius
595 2272 836 2328 obtendit
875 2286 1136 2327 errorem.
1178 2272 1248 2326 At
1285 2272 1337 2326 si-
1372 2272 1489 2340 quis
1517 2286 1683 2340 genus
1712 2270 1935 2335 dividat,

358 2366 715 2435 perniciosum
736 2373 822 2418 est
848 2363 1080 2433 aliquam
1101 2362 1381 2433 praeterire
1404 2360 1653 2427 formam,
1680 2363 1935 2431 quoniam

356 2458 647 2533 formarum
679 2456 827 2510 finita
855 2455 1126 2524 quantitas
1151 2462 1255 2510 est.
1310 2454 1443 2509 Nam
1482 2455 1605 2523 quia
1635 2470 1851 2521 semper
1882 2456 1935 2508 in

356 2552 683 2609 contrarium
713 2549 1040 2614 dividuntur,
1072 2556 1162 2603 aut
1196 2549 1314 2602 dua:
1339 2555 1464 2602 sunt
1491 2562 1702 2616 semper
1727 2548 1938 2614 Species

355 2647 588 2716 generis,
629 2655 720 2699 aut
757 2652 886 2709 tres,
919 2652 975 2698 et
1019 2651 1143 2697 tunc
1186 2650 1316 2706 tres,
1342 2655 1465 2695 cum
1502 2655 1565 2695 ea
1612 2640 1786 2702 tertia,
1818 2656 1938 2709 qua:

357 2722 601 2802 sumitur,
632 2752 695 2791 ex
719 2736 1106 2792 contrariorum
1134 2735 1479 2801 permistione
1497 2732 1793 2801 perficitur,
1811 2742 1864 2787 ut
1890 2735 1938 2788 si

355 2832 591 2885 colorem
609 2829 930 2891 dividamus,
954 2826 1239 2883 dicendum
1262 2834 1345 2880 est
1364 2822 1679 2879 ita.Coloris
1697 2826 1836 2878 aliud
1855 2837 1939 2880 est

356 2924 556 2987 allium,
587 2921 731 2975 aliud
760 2922 990 2991 nigrum,
1020 2918 1163 2974 aliud
1195 2917 1450 2973 medium.
1503 2917 1669 2986 idque
1698 2917 1935 2971 medium

354 3026 421 3067 ex
451 3011 556 3065 albi
585 3011 781 3065 coloris
805 3024 866 3064 ac
892 3010 1024 3078 nigri
1053 3008 1427 3063 commistione
1455 3006 1802 3074 conjunctum
1828 3017 1933 3073 est,

352 3105 597 3174 quamvis
636 3105 688 3159 in
720 3103 1015 3171 quamlibet
1042 3102 1202 3155 aliam
1247 3099 1445 3155 coloris
1484 3102 1717 3166 speciem
1760 3109 1936 3154 trans-

2049 1920 2104 1963 ut
2176 1910 2384 1976 species
2437 1908 2647 1975 generis
2695 1925 2707 1959 :
2769 1922 3096 1975 unaquteque
3149 1908 3286 1959 cuitu
3342 1906 3625 1973 figunmuut

2046 2016 2165 2069 quae
2195 1999 2412 2053 inﬁnita:
2441 2009 2584 2065 sunt,
2614 2001 2758 2053 velut
2790 1999 2969 2066 figura:
2998 2000 3258 2066 generalis
3286 1998 3492 2065 species
3523 2008 3624 2059 est,

2044 2093 2188 2161 quod
2237 2106 2520 2159 possumus
2562 2092 2859 2159 intelligere
2898 2106 2960 2144 ex
2993 2091 3073 2143 his
3117 2090 3293 2143 verbis
3328 2090 3622 2153 rhetorum,

2047 2186 2135 2240 ubi
2164 2186 2232 2240 de
2260 2186 2562 2239 elocutione
2608 2194 2883 2238 tractatur.
2941 2184 3108 2236 Nuilae
3154 2198 3379 2251 namque
3409 2192 3529 2235 sunt
3560 2184 3623 2234 fi-

2043 2294 2295 2350 gurarum
2327 2286 2505 2346 partes
2534 2293 2651 2346 quae
2684 2278 2877 2345 figuras
2907 2278 3150 2343 jungaut,
3196 2274 3265 2327 ita
3314 2289 3371 2327 ut
3398 2274 3622 2342 singula:

2046 2372 2227 2439 figura:
2270 2384 2463 2423 nomen
2502 2368 2816 2421 universatis
2843 2366 3025 2435 ﬁgura:
3062 2381 3166 2419 non
3201 2366 3403 2434 possint
3431 2366 3624 2418 admit-

2046 2474 2178 2517 tere.
2224 2461 2328 2515 Sed
2372 2463 2527 2527 objici
2570 2461 2720 2513 nobis
2756 2468 2965 2525 latest:
3003 2461 3066 2512 lit
3104 2458 3370 2528 quomodo
3402 2456 3623 2512 inﬁnita!

2044 2565 2167 2610 sunt
2198 2556 2400 2623 figurae,
2426 2556 2468 2607 si
2500 2554 2708 2621 species
2732 2552 2892 2606 sunt?
2920 2554 3021 2607 Sed
3048 2551 3383 2619 respondebo
3412 2552 3619 2619 leviter,

2047 2644 2356 2699 Elocutione
2404 2652 2621 2706 mutata,
2672 2644 2890 2713 figurant
2937 2658 3147 2712 quoque
3201 2644 3412 2708 mutari,
3462 2652 3620 2711 atquo

2044 2736 2243 2789 idcirco
2298 2735 2349 2787 in
2410 2743 2672 2803 potestate
2728 2748 2846 2787 esse
2895 2733 3119 2788 dicentis
3172 2734 3366 2803 figuras
3426 2736 3620 2797 facere,

2042 2842 2174 2895 quas
2197 2826 2241 2879 is
2263 2826 2349 2894 qui
2389 2834 2579 2878 traCtat
2625 2824 2859 2889 difficile,
2915 2832 3200 2892 antequam
3250 2824 3395 2888 fiant,
3449 2835 3623 2892 potest

2042 2931 2361 2987 agnoscere;
2394 2917 2474 2968 ita:
2506 2931 2631 2968 vero
2676 2931 2778 2968 non
2821 2916 3255 2970 substantialibus
3302 2916 3620 2984 quihusdmt

2043 3008 2353 3062 differentiis
2410 3008 2830 3071 constituuntur,
2885 3006 2977 3059 sed
3032 3007 3208 3075 potius
3254 3006 3621 3059 accidentibus

2044 3104 2395 3166 exoticantur.
2453 3100 2602 3156 Unde
2634 3100 2690 3153 ﬁt
2729 3111 2783 3152 ut
2824 3112 2930 3154 tum
2971 3100 3271 3153 communis
3303 3101 3531 3152 ιιυιιιίητε
3564 3100 3616 3152 iit

352 3192 574 3258 feratur,
605 3207 700 3247 seu
731 3176 1004 3261 purpurei,
1034 3206 1130 3246 seu
1158 3190 1330 3255 rubri,
1364 3203 1457 3244 seu
1487 3189 1692 3243 viridis.
1750 3188 1935 3259 Itaque
1966 3181 2012 3243 C
2043 3195 2455 3263 signiﬁcationes
2490 3193 2704 3262 partitio
2736 3192 2849 3245 ﬁeri
2884 3192 3141 3253 videatur,
3188 3206 3306 3243 cum
3340 3191 3505 3260 figura
3536 3189 3620 3243 di-

351 3284 395 3335 si
438 3283 541 3338 tale
585 3292 668 3338 est
705 3282 844 3351 quod
888 3282 1102 3348 dividis,
1150 3280 1393 3348 talesque
1434 3289 1561 3333 sunt
1590 3288 1768 3348 partes
1785 3296 1939 3361 ‘quas

351 3372 415 3427 ad
444 3372 760 3428 divisionem
792 3373 979 3440 sumis,
1010 3385 1141 3441 quas
1166 3385 1274 3424 non
1305 3369 1599 3424 difficulter
1629 3370 1931 3437 intelligen-

358 3465 426 3518 tia
478 3463 931 3535 comprebendas,
976 3463 1162 3517 vitium
1206 3462 1342 3527 erit,
1394 3462 1435 3514 si
1478 3462 1600 3530 quid
1647 3462 1930 3528 omiseris,

350 3554 493 3608 velut
521 3554 564 3609 si
597 3554 789 3609 tutelas
818 3553 1086 3622 partiaris.
1120 3552 1307 3605 Tutela
1334 3554 1531 3620 quippe
1562 3559 1790 3620 quatuor
1820 3552 1933 3606 fere

351 3644 522 3699 modis
547 3653 651 3708 est,
678 3653 769 3699 aut
795 3645 936 3699 enim
964 3657 1059 3713 per
1080 3642 1554 3711 consanguinitatis
1576 3642 1798 3712 gradum
1826 3654 1928 3709 est,

350 3744 439 3790 aut
475 3744 785 3803 patronatus
818 3735 940 3803 jure
975 3734 1235 3799 defertur,
1279 3742 1368 3788 aut
1414 3742 1735 3790 testamento
1765 3736 1932 3803 patris

350 3834 494 3881 tutor
531 3826 763 3895 eligitur,
798 3833 891 3879 aut
918 3825 1105 3879 urbani
1146 3827 1392 3893 praetoris
1415 3825 1790 3897 jurisdictione
1817 3826 1930 3881 for-

352 3931 549 3984 mat-ur,
579 3928 634 3973 et
663 3928 789 3973 sunt
816 3919 1035 3973 forsitan
1060 3920 1264 3986 plures,
1295 3919 1392 3975 sed
1436 3936 1577 3975 nunc
1623 3922 1739 3974 ista:
1784 3920 1931 3975 suffi-

352 4014 516 4069 ciunt.
552 4013 645 4066 llic
674 4012 834 4081 igitur
872 4023 928 4067 et
956 4026 1138 4081 paucas
1169 4022 1370 4082 partes,
1412 4023 1465 4068 ct
1496 4014 1647 4068 facile
1687 4028 1932 4078 compre-

352 4104 667 4159 hensibiles.
714 4105 781 4157 At
816 4103 858 4157 si
888 4103 1287 4173 stipulationum
1329 4104 1586 4159 formulas
1625 4113 1679 4158 et
1703 4104 1933 4173 judicio-

350 4212 467 4252 rum
518 4195 977 4265 comprehendere
1024 4196 1174 4263 velis,
1223 4197 1473 4265 quoniam
1520 4196 1699 4250 inultae
1747 4196 1796 4248 iu
1849 4196 1934 4250 his

350 4298 705 4357 partessunt,
737 4302 843 4342 non
874 4287 977 4342 erit
1004 4287 1252 4342 vitiosum
1295 4289 1339 4342 si
1384 4287 1510 4357 quid
1557 4288 1835 4353 omiseris;
1875 4288 1927 4340 in

352 4388 603 4448 promptu
621 4390 843 4433 veroest
858 4379 1161 4448 exemplum
1196 4378 1449 4446 partium,
1483 4379 1625 4447 quod
1652 4377 1721 4433 de
1751 4379 1931 4433 tutelis

351 4479 434 4525 est
475 4468 701 4536 dictum,
731 4470 901 4539 magis
940 4473 1083 4526 enim
1127 4479 1187 4525 ut
1220 4485 1389 4540 genus
1425 4471 1480 4525 in
1524 4471 1742 4536 formas,
1773 4486 1931 4540 quam

2042 3289 2259 3354 viditur,
2291 3287 2465 3356 potius
2491 3301 2648 3356 quam
2686 3286 2897 3355 generis
2936 3287 2988 3338 in
3014 3283 3249 3353 species;
3282 3283 3458 3335 omnia
3489 3299 3623 3336 vero

2041 3379 2334 3447 signiﬁcata
2404 3378 2658 3446 cujusque
2719 3374 2949 3429 nominis
3009 3373 3271 3427 divisione
3319 3371 3613 3437 includere,

2038 3475 2257 3529 difﬁcile
2297 3482 2411 3536 est,
2462 3472 2585 3541 quia
2637 3486 2767 3525 nova
2819 3472 3130 3540 plerumque
3183 3469 3473 3536 finguntur,
3519 3468 3616 3521 sed

2040 3582 2108 3619 ne
2133 3566 2183 3618 id
2208 3566 2419 3634 quidem
2448 3578 2624 3617 rerum
2655 3563 2790 3615 ratio
2817 3561 3092 3629 permittit.
3120 3558 3250 3612 Nam
3283 3573 3616 3628 unaquaeque

2040 3657 2207 3727 ﬁgura
2256 3658 2519 3725 generalis
2552 3655 2736 3720 figura:
2767 3655 2980 3707 nomine
3021 3662 3074 3706 et
3113 3651 3421 3705 definitione
3464 3666 3617 3705 com-

2038 3749 2409 3818 prehenditur.
2443 3748 2771 3814 Quocunque
2797 3746 2937 3799 enim
2969 3745 3126 3797 modo
3153 3745 3316 3812 figura
3345 3744 3617 3809 definitur,

2036 3840 2227 3894 eadem
2269 3841 2368 3893 erit
2417 3838 2655 3891 definitio
2718 3836 2874 3888 etiam
2944 3834 3363 3901 uniuscujusque
3413 3834 3618 3902 figurae.

2037 3930 2167 3995 Quae.
2199 3944 2283 3983 res
2338 3940 2762 3994 unamquamque
2791 3924 3008 3992 ﬁgurant
3066 3924 3385 3976 universalis
3439 3926 3621 3992 figura:

2038 4022 2274 4087 speciem
2321 4034 2439 4072 esse
2480 4017 2734 4070 declarat.
2794 4015 3024 4068 Univoca
3066 4016 3205 4066 enim
3251 4023 3374 4066 sunt
3413 4016 3622 4081 Species

2038 4122 2096 4166 et
2120 4126 2305 4180 genus.
2339 4109 2439 4163 Sed
2470 4120 2548 4161 est
2578 4106 2705 4159 illud
2739 4106 2933 4165 terius,
2964 4105 3302 4171 partitionem
3333 4105 3621 4171 ﬁgurarum

2037 4205 2105 4255 ad
2148 4202 2501 4255 elocutionem
2536 4180 2718 4265 [ipsum
2752 4195 2985 4248 'l'ullsuut
3021 4194 3284 4257 retulisse,
3317 4193 3466 4262 cujus
3501 4208 3621 4261 pars

2041 4293 2287 4362 qtttedam
2317 4300 2397 4344 est
2428 4291 2613 4357 figura,
2648 4304 2750 4340 non
2795 4285 3019 4354 species.
3062 4285 3225 4337 Variis
3255 4284 3397 4338 enim
3442 4284 3621 4337 multi-

2042 4389 2374 4458 plicihusque
2442 4386 2622 4455 ligans
2684 4384 2914 4437 elocutio
2980 4383 3241 4437 luculenta
3299 4381 3621 4437 coatexitur.

2043 4482 2099 4534 Si
2144 4480 2260 4547 quis
2302 4478 2460 4547 igitur
2499 4476 2851 4531 elocutionem
2910 4474 3091 4543 partiri
3137 4472 3261 4526 velit
3307 4473 3357 4525 in
3405 4472 3620 4540 figuras,

350 4571 408 4616 υἱ
451 4556 620 4616 mium
665 4562 719 4616 in
746 4572 943 4631 Palles.
980 4563 1139 4617 “Mla
1176 4562 1347 4617 (“Visa
1385 4571 1486 4618 θεῖε
1534 4562 1666 4617 Nam
1697 4563 1810 4617 Sive
1841 4578 1939 4632 ρει·
1967 4546 2351 4640 Dnongenus
2391 4570 2441 4621 in
2481 4569 2711 4636 species,
2755 4566 2848 4619 sed
2889 4574 3055 4618 totum
3095 4564 3295 4619 secabit
3339 4565 3388 4617 iu
3422 4574 3622 4633 partes.

350 4654 869 4724 consanguiuitatem
898 4655 971 4709 sit
995 4662 1164 4719 tutor,
1184 4656 1298 4709 sive
1330 4663 1641 4723 patronatus
1663 4655 1803 4725 jure,
1823 4655 1937 4711 sive

350 4746 561 4800 cmteris
602 4745 798 4813 modis,
830 4748 1093 4816 integrum
1146 4745 1324 4801 tutelae
1360 4747 1450 4814 jus
1476 4746 1655 4811 habet,
1699 4749 1837 4815 quod
1882 4749 1934 4802 iu

350 4838 574 4908 singulis
612 4839 855 4908 partibus
895 4854 999 4893 non
1039 4838 1177 4893 solet
1218 4840 1462 4905 evenire,
1510 4848 1565 4892 ut
1607 4838 1766 4892 totius
1798 4839 1937 4893 inte-

349 4944 505 4999 grum
552 4931 769 5001 capiant
813 4945 1032 4986 nomen.
1084 4931 1189 4986 Sed
1233 4942 1289 4986 ut
1331 4932 1657 4987 conveniens
1696 4932 1939 4986 videatur

350 5023 681 5090 exemplum,
735 5022 1075 5091 requirenda:
1103 5032 1228 5076 sunt
1269 5023 1404 5078 tales
1448 5023 1728 5078 tutelarum
1760 5032 1940 5093 partes

348 5129 466 5183 quas
484 5114 685 5184 junctae
712 5115 911 5171 tutelas
930 5114 1149 5171 efﬁcere
1180 5118 1403 5185 possint,
1430 5132 1534 5171 non
1566 5133 1683 5187 qua:
1711 5118 1938 5188 singula;

349 5205 533 5260 Iutelte
580 5206 799 5261 nomine
844 5208 1213 5276 designentur,
1259 5210 1400 5278 qttod
1452 5211 1633 5263 nescio
1676 5225 1743 5263 an
1793 5211 1940 5279 quis-

350 5310 513 5364 quam
536 5296 886 5364 jurisperitia:
930 5298 1201 5367 professor
1244 5300 1377 5357 tales
1407 5303 1583 5353 tutela:
1612 5309 1788 5367 partes
1817 5302 1936 5355 edi-

350 5383 511 5435 lli-rit.
546 5384 897 5441 Merobaudes
926 5402 1059 5442 vero
1083 5387 1269 5443 rhetor
1298 5391 1369 5443 ita
1402 5389 1805 5457 intelligendum
1837 5406 1937 5460 pu-

351 5469 502 5532 tavit,
533 5481 593 5526 ut
631 5472 686 5527 id
725 5475 869 5542 quod
911 5475 1007 5540 ait,
1035 5476 1327 5532 Partitione
1359 5478 1435 5532 sic
1463 5478 1719 5532 utendum
1749 5489 1850 5547 est,
1884 5491 1942 5533 ut

351 5563 552 5618 nullam
607 5574 818 5634 partem
872 5568 1274 5635 prastermittas,
1306 5570 1372 5623 de
1402 5570 1663 5622 divisione
1717 5570 1936 5637 dixerit,

351 5655 401 5711 id
450 5664 532 5709 est
572 5657 640 5711 de
683 5672 784 5710 una
830 5665 983 5726 parte
1027 5660 1314 5727 pr0positae
1354 5660 1670 5727 partitionis.
1711 5660 1840 5714 Nam
1885 5671 1939 5716 et

352 5748 547 5804 divisio
600 5758 655 5804 et
701 5763 797 5820 per
842 5749 1082 5806 membra
1128 5751 1475 5820 distributio,
1538 5751 1752 5822 partitio
1803 5769 1939 5809 nun-

2050 4663 2177 4729 Qute
2207 4674 2325 4715 cum
2362 4660 2433 4713 ita
2475 4659 2601 4720 sint,
2649 4672 2714 4711 ex
2750 4658 2850 4709 hoc
2885 4671 3093 4724 quoque
3129 4663 3350 4722 apparet
3378 4654 3499 4723 quid
3546 4655 3626 4707 in-

2053 4753 2204 4806 tersit
2241 4752 2377 4804 inter
2407 4750 2719 4803 divisionem
2758 4749 3225 4816 partitionemque,
3259 4762 3377 4799 cum
3412 4747 3625 4815 partitio

2050 4844 2314 4898 interdum
2346 4842 2462 4894 talis
2493 4842 2582 4905 sit,
2614 4850 2670 4893 ut
2699 4841 2741 4892 si
2768 4840 2891 4907 quid
2922 4838 2972 4892 in
3002 4854 3062 4892 ea
3092 4839 3502 4907 praetermissum
3533 4840 3622 4903 sit,

2052 4936 2181 4989 nihil
2225 4934 2411 4988 aﬁ‘erat
2443 4932 2575 4985 vitii.
2657 4931 2856 4985 Divisio
2895 4944 3023 4985 vero
3054 4930 3342 4983 formarunt
3377 4932 3493 4983 talis
3524 4941 3624 4995 est,

2050 5037 2107 5082 ut
2152 5030 2202 5081 in
2253 5042 2314 5081 ea
2368 5041 2474 5081 non
2520 5033 2679 5094 queat
2724 5024 2923 5093 aliquid
2972 5025 3087 5078 siue
3136 5024 3289 5090 culpa
3344 5023 3620 5091 prmteriri.

2048 5120 2201 5188 Quod
2252 5119 2447 5173 factum
2490 5126 2591 5182 est,
2641 5125 2698 5171 ut
2742 5117 2864 5185 quia
2911 5130 2996 5170 res
3039 5114 3386 5180 diﬁ‘erebant,
3414 5115 3623 5167 diversa

2048 5215 2210 5266 etiam
2251 5209 2510 5265 vocabula
2559 5207 2718 5261 rebus
2754 5208 2892 5261 inter
2930 5220 2987 5261 se
3013 5205 3333 5260 distantibus
3376 5205 3622 5259 videreu-

2049 5316 2152 5359 tur.

2118 5392 2289 5447 Multa
2336 5394 2487 5446 etiam
2528 5409 2589 5446 ea:
2626 5391 2883 5445 notatione
2923 5401 3213 5453 sinuantur,
3256 5409 3313 5443 ea
3348 5404 3421 5445 est
3452 5404 3625 5445 niuem

2046 5500 2161 5537 cum
2189 5498 2252 5535 ea:
2278 5486 2320 5534 vi
2354 5483 2569 5534 nominis
2619 5486 2967 5551 argumentum
3010 5479 3230 5545 elicitur,
3274 5499 3425 5551 quam
3455 5480 3624 5535 (ἓνωεὶ

2044 5576 2373 5647 ἐτυμολογῖαν
2412 5576 2692 5645 appellunt,
2738 5576 2790 5627 id
2827 5584 2898 5627 est
2935 5575 3132 5627 rerbum
3172 5590 3232 5628 ea“.
3260 5576 3408 5630 verbo
3438 5576 3622 5628 verilo-

2043 5672 2234 5740 quium.
2284 5667 2395 5720 Nos
2433 5680 2597 5721 autcm
2636 5669 2901 5720 novitatem
2939 5668 3069 5721 verbi
3114 5686 3210 5722 uou
3245 5672 3367 5722 satis
3399 5671 3504 5740 (ιριί
3539 5670 3623 5739 fu-

2042 5762 2252 5831 gientes,
2291 5775 2451 5833 genus
2489 5758 2586 5813 hoc
2613 5761 2919 5817 notationem
2960 5762 3301 5834 appellamus,
3348 5766 3466 5834 quia
3497 5773 3621 5821 sunt
