4248 6272
624 268 788 338 11η

1834 280 1942 333 ΑΝ.
1983 277 2188 331 MANL.
2229 275 2377 331 SEV.
2422 277 2644 335 BUETII

3754 277 3895 333 1112

622 404 767 455 verba
803 418 968 456 rerum
992 410 1142 454 ποια».
1172 399 1347 465 Itaque
1374 398 1468 451 hoc
1491 400 1619 451 idem
1637 398 1927 450 Aristoteles
1953 396 2202 465 σύμξολον
2232 394 2278 449 Α
2309 405 2431 459 pars
2463 394 2693 447 medium
2718 392 2998 462 signiﬁcat,
3037 393 3246 447 tullium
3274 408 3402 448 vero
3436 394 3589 448 nihil.
3621 393 3684 446 Et
3712 393 3894 463 legiti-

622 495 867 563 appellat,
912 493 1046 559 quod
1070 489 1249 543 Latine
1287 500 1359 542 est
1404 496 1545 543 nota.
1594 489 1699 543 Sed
1743 505 1856 541 cum
1900 487 2207 557 intelligitur

621 588 743 656 quid
785 584 1070 654 signi/icet,
1124 586 1290 637 minus
1340 583 1675 636 laborandum
1725 592 1799 635 est
1856 583 1918 633 de
1979 581 2201 632 nomine.

623 677 793 729 Multa
842 676 998 743 rgitnr
1053 677 1105 729 in
1134 740 1135 743 η
1164 676 1470 745 disputando
1519 675 1778 727 notatione
1832 673 2102 725 eliciuntur
2142 686 2204 722 ea:

618 768 784 829 verbo,
810 778 861 819 ut
891 783 1005 819 cum
1034 767 1281 836 queritur
1318 766 1688 830 postliminium
1709 764 1829 832 quid
1857 764 1942 825 sit,
1967 778 2067 814 non
2089 761 2203 812 dico

618 875 730 923 autc
760 860 860 911 sint
905 861 1222 929 postliminii.
1272 859 1410 913 Nam
1453 860 1505 911 id
1548 861 1745 911 caderet
1785 859 1837 909 in
1884 856 2199 918 divisionem,

616 966 727 1017 qua:
762 953 875 1003 talis
907 963 976 1004 est
1006 968 1025 1005 :
1066 951 1389 1005 Postliminio
1436 952 1645 1004 redeunt
1673 953 1800 1013 lucc,
1833 952 2005 1013 homo,
2037 948 2198 1011 navis,

615 1046 785 1097 mulus
833 1045 1165 1110 clitellarius,
1213 1064 1403 1114 equus,
1451 1064 1580 1116 equa
1629 1063 1742 1115 qua:
1790 1049 1937 1114 frena
1978 1046 2201 1112 recipere

614 1136 765 1192 solet.
811 1136 917 1192 Sed
956 1155 1069 1190 cum
1100 1140 1257 1204 ipsius
1290 1139 1586 1206 postliminii
1614 1142 1685 1190 vis
1715 1139 1980 1206 qumritur,
2008 1147 2054 1190 et
2084 1150 2199 1188 ver-

617 1227 735 1279 brtm
775 1232 936 1296 ipsum
972 1239 1198 1294 notatur,
1231 1231 1283 1282 in
1313 1247 1412 1299 quo
1440 1230 1650 1284 Servius
1678 1239 1848 1283 noster
1880 1236 1955 1294 (ut
1995 1226 2199 1297 opinor)

616 1320 750 1372 ni/ril
788 1332 931 1389 putat
963 1339 1069 1374 esse
1099 1323 1379 1376 notandum
1411 1324 1510 1377 nisi
1543 1335 1673 1394 post,
1708 1334 1754 1376 et
1783 1324 2034 1375 liminium
2062 1323 2197 1375 illud

616 1412 999 1478 productionem
1041 1430 1145 1467 esse
1184 1414 1340 1478 verbi,
1369 1415 1473 1466 vult
1510 1426 1563 1467 ut
1606 1416 1659 1467 in
1686 1416 1923 1482 ﬁnitimo,
1951 1414 2196 1484 legitimo,

614 1504 843 1555 wditimo
870 1522 971 1557 non
1014 1506 1338 1577 plus'inesse
1387 1507 1563 1557 timum
1608 1522 1760 1573 quam
1810 1506 1862 1558 in
1912 1506 2197 1559 meditullio

638 1596 843 1648 ullium.
884 1597 1098 1649 Scevola
1139 1608 1311 1650 autem
1357 1597 1576 1666 P.ﬁlr'us
1616 1601 1855 1667 junctum
1898 1607 2199 1666 putatesse

614 1689 846 1749 verbum,
886 1696 938 1738 ut
973 1688 1035 1739 sit
1064 1681 1114 1739 in
1146 1705 1201 1740 eo
1231 1698 1277 1740 et
1313 1700 1447 1756 post,
1481 1698 1526 1741 et
1558 1690 1729 1751 limen,
1763 1700 1815 1740 ut
1844 1705 1959 1758 qua:
1986 1705 2017 1740 a
2054 1688 2197 1741 nobis

2311 500 2451 536 mum
2478 485 2843 538 ctazditimum
2877 485 3144 539 similiter.
3210 485 3264 538 In
3299 487 3537 555 utrisque
3587 486 3751 551 enim,
3803 487 3893 541 lex

2310 578 2400 643 ibi,
2434 578 2575 632 mdes
2608 578 2697 642 ibi,
2724 578 2940 646 aliquid,
2979 580 3165 633 timum
3190 595 3319 634 vero
3359 580 3493 633 nihil
3552 581 3767 633 omnino
3794 579 3894 633 de-
3955 619 3962 646 .

2306 671 2501 738 signat.
2560 669 2614 722 ld
2671 686 2796 723 vero
2846 685 3037 723 nomen
3109 671 3252 739 quod
3302 682 3388 725 cst
3470 672 3892 739 postliminium,
3952 678 3960 708 ³

2308 762 2530 817 Scevola
2570 762 2625 815 P.
2679 763 2815 815 ﬁlius
2865 779 2927 816 ex
2959 763 3218 817 adverbio
3268 776 3388 832 post
3432 774 3485 817 et
3516 765 3695 818 limine
3744 772 3896 832 potat

2312 872 2433 911 esse
2487 859 2862 923 compositum,
2901 873 3022 909 nam
3067 857 3188 925 quia
3237 858 3303 912 ad
3346 858 3483 913 idem
3542 859 3700 911 limen
3747 857 3896 926 quod

2309 950 2455 1017 prius
2499 950 2713 1018 reliquit
2770 949 3063 1004 revertitur
3109 951 3151 1004 is
3198 952 3285 1018 qui
3334 951 3665 1019 postliminio
3727 951 3892 1019 redit,

2309 1036 2510 1093 idcirco
2538 1055 2600 1094 ex
2632 1040 2872 1108 utrisque
2920 1040 3399 1108 signiﬁcationibus
3450 1042 3741 1095 arbitratur
3793 1058 3897 1096 no-

2309 1146 2575 1191 menesse
2634 1132 3013 1199 compositum.
3069 1131 3409 1200 Quaacunque
3456 1132 3597 1186 enim
3646 1148 3675 1185 a
3726 1132 3898 1187 nobis

2306 1222 2602 1276 abalienata
2634 1222 2696 1275 ad
2723 1222 2927 1276 hostem
2984 1225 3323 1290 perveniunt,
3351 1238 3471 1276 cum
3521 1238 3549 1275 a
3606 1233 3790 1275 nostro
3820 1222 3899 1274 Ii-

2307 1319 2450 1372 mine
2505 1317 2755 1381 exierint,
2809 1318 2853 1371 si
2895 1327 3013 1386 post
3039 1318 3102 1371 ad
3152 1317 3288 1370 idem
3322 1317 3480 1371 limen
3529 1326 3895 1384 revertantur,

2306 1409 2645 1483 postliminio
2673 1409 2915 1463 redeunt.
2952 1408 3231 1476 Quomodo
3259 1409 3420 1464 etiam
3462 1407 3690 1461 Mancini
3731 1422 3891 1461 causa

2304 1501 2517 1556 delendi
2555 1508 2760 1569 potest,
2792 1516 2948 1568 quem
2968 1491 3347 1569 cnm’populus
3388 1499 3660 1553 Romanus
3688 1500 3759 1552 ob
3792 1499 3890 1553 lte-

2307 1594 2407 1645 dus
2437 1594 2575 1646 male
2604 1593 2763 1646 ictum
2797 1592 3059 1654 dedisset,
3093 1591 3278 1645 hostes
3329 1607 3452 1645 eum
3491 1592 3764 1660 suscipere
3792 1605 3887 1644 no-

2305 1686 2488 1739 luere?
2536 1685 2625 1753 qui
2655 1699 2776 1737 cum
2808 1699 3059 1738 reversus
3093 1692 3257 1748 esset,
3294 1683 3623 1752 postliminio
3665 1682 3886 1737 rediisse

613 1779 836 1830 alienata
878 1789 1015 1847 sunt,
1060 1796 1174 1832 cum
1216 1785 1281 1831 ad
1311 1781 1503 1833 hostem
1533 1781 1866 1849 pervenerint,
1913 1789 1958 1832 et
2003 1796 2063 1832 ea:
2103 1796 2195 1833 suo
2225 1758 2272 1817 Β
2303 1776 2597 1831 videbatur.
2625 1776 2826 1830 Idcirco
2872 1777 2993 1845 quia
3052 1776 3097 1830 si
3145 1792 3266 1831 cum
3326 1775 3506 1829 hostes
3559 1774 3887 1844 recepissent

614 1880 854 1938 tanquam
893 1873 1064 1926 limine
1105 1876 1340 1939 exferint,
1380 1874 1498 1927 hinc
1537 1890 1595 1926 ea
1641 1890 1756 1925 cum
1800 1874 2040 1926 redierint
2086 1883 2195 1940 post

614 1964 678 2012 ad
713 1963 843 2015 idem
874 1966 1045 2026 limen,
1078 1965 1391 2035 postliminio
1430 1967 1697 2018 videantur
1726 1966 1953 2019 rediisse.
2001 1966 2113 2030 Quo
2144 1966 2195 2018 in

613 2069 792 2121 genere
816 2056 964 2107 etiam
992 2055 1222 2108 Mancini
1247 2073 1402 2109 causa
1432 2058 1635 2125 defendi
1664 2066 1848 2125 potest,
1882 2054 2194 2122 postliminio

614 2144 837 2209 rediisse,
876 2148 1102 2199 tledrtum
1142 2165 1241 2200 non
1284 2164 1410 2214 esse,
1436 2148 1677 2217 quoniam
1714 2164 1815 2200 non
1846 2149 1912 2200 sit
1943 2157 2191 2216 receptus.

615 2235 752 2288 Nam
793 2254 950 2306 neque
990 2239 1326 2303 deditionem,
1362 2255 1519 2307 neque
1557 2240 1875 2293 donationem
1914 2239 2023 2291 sine
2050 2254 2196 2292 exce-

616 2329 787 2393 ptione
828 2330 1043 2399 intelligi
1076 2348 1237 2397 posse.
1980 2386 1983 2391 .

688 2420 812 2473 l’ost
839 2424 1300 2477 enumerationem
1326 2424 1554 2491 partium
1604 2432 1751 2478 recto
1780 2423 1965 2477 ordine
1993 2423 2062 2477 de
2093 2437 2191 2476 no-

582 2540 585 2543 ι
617 2514 819 2567 talione
845 2516 1145 2582 perpendit.
1177 2516 1387 2569 Notatio
1415 2516 1577 2585 igitur
1608 2525 1688 2569 est
1719 2516 1930 2584 quoties
1975 2529 2037 2568 ex
2072 2522 2196 2567 nota

618 2607 789 2675 aliqua
815 2608 914 2672 rei,
939 2624 1057 2676 quite
1086 2609 1243 2661 dubia
1267 2618 1369 2671 est,
1406 2609 1611 2675 capitur
1636 2616 2030 2675 argumentum.
2062 2605 2196 2660 Nota

619 2714 750 2751 vero
770 2710 853 2750 est
876 2714 994 2767 quae
1021 2715 1132 2754 rem
1158 2716 1423 2767 quamque
1446 2700 1706 2770 designat.
1731 2700 1847 2765 Quo
1871 2700 1928 2753 ﬁt
1964 2710 2020 2753 ut
2040 2714 2199 2753 omne

622 2804 818 2843 nomen
854 2798 979 2843 nota
1008 2792 1111 2854 sit,
1168 2790 1365 2844 idcirco
1419 2791 1558 2860 quod
1603 2802 1780 2844 notam
1832 2793 1955 2844 lacit
1985 2805 2098 2844 rem
2132 2789 2199 2843 de

620 2898 721 2950 qua
753 2882 1091 2950 praedicatur,
1118 2883 1168 2935 id
1203 2882 1543 2936 Aritstoteles
1583 2884 1835 2954 σύμϐολον
1884 2881 2196 2935 nominavit.

620 2972 698 3025 Ex
730 2973 1005 3027 notatione
1054 2987 1230 3027 autem
1287 2975 1517 3027 sumitur
1575 2982 1944 3043 argumentum
1992 2972 2199 3041 quelies

620 3063 821 3130 aliquid
851 3080 916 3117 ex
946 3067 1238 3127 notatione,
1278 3064 1328 3118 id
1356 3074 1437 3119 est
1470 3066 1702 3119 nominis
1737 3064 2195 3131 interpretatione,

621 3158 905 3226 collgitur.
996 3157 1366 3226 lnterpretatio
1425 3174 1552 3212 vero
1608 3159 1833 3212 nominis
1902 3135 2276 3229 ἐτυμολογίας

624 3248 830 3313 (ἶνίιιοθ.
866 3252 1050 3305 Latine
1075 3254 1432 3321 veriloquium
1458 3260 1816 3319 nuncupatur;
1844 3250 2033 3320 ἔτυμον
2055 3251 2199 3304 enim

623 3356 808 3397 verum
841 3343 1122 3411 signiﬁcat,
1152 3344 1300 3415 λαγός
1325 3344 1647 3398 orationem.
1680 3344 1784 3399 Sed
1810 3343 1932 3410 quia
1966 3342 2016 3396 id
2062 3344 2203 3395 veri-

624 3432 864 3500 loquium
914 3434 1088 3486 minus
1126 3434 1178 3488 in
1234 3450 1330 3488 usu
1363 3435 1530 3488 Latini
1569 3436 1835 3489 sermonis
1884 3435 2197 3498 habebatur,

626 3523 1070 3590 interpretatione
1099 3526 1333 3578 nominis
1362 3529 1687 3578 notationem
1720 3526 1921 3579 Tullius
1946 3525 2197 3591 appellat.

624 3613 700 3666 Ea
739 3624 820 3666 est
851 3615 1174 3682 lmjusrnodi,
1225 3624 1278 3667 ut
1309 3616 1353 3667 si
1400 3631 1608 3682 quaeras
1647 3616 1770 3684 quid
1820 3604 1903 3668 est
1931 3616 2198 3683 postlimi-

624 3705 793 3777 nium.
830 3703 882 3756 ln
931 3719 1033 3771 qua
1066 3706 1368 3770 quaestione
1419 3718 1522 3757 non
1576 3704 1704 3757 illud
1752 3704 1960 3758 videtur
2004 3704 2201 3773 inquiri

624 3812 741 3862 qua:
772 3810 856 3847 res
880 3795 1207 3861 postliminio
1240 3805 1594 3857 revertantur,
1630 3795 1730 3849 hoc
1776 3796 1915 3849 enim
1962 3797 2015 3849 in
2057 3796 2202 3850 divi-

623 3872 829 3943 SEOnem
855 3886 1087 3949 caderet,
1122 3886 1171 3938 id
1194 3896 1275 3939 est
1298 3902 1480 3939 earum
1512 3887 1748 3940 omnium
1775 3902 1951 3941 rerum
1980 3901 2202 3942 enume-

621 3981 881 4032 rationem
909 3994 1025 4045 qua:
1059 3988 1177 4046 post
1210 3978 1410 4033 liminio
1438 3979 1659 4033 redemit
1694 3980 2007 4047 postularet.
2045 3978 2204 4033 Velut

626 4071 669 4121 si
702 4073 770 4122 ita
797 4068 1106 4145 Idicauius:
1146 4069 1476 4122 Postliminio
1526 4070 1751 4123 redeunt
1796 4071 1978 4137 Immo,
2028 4072 2221 4135 navis,.

625 4162 798 4215 nmlus
826 4161 1163 4227 clitellarius,
1198 4178 1389 4231 equus,
1417 4178 1550 4229 equa
1582 4179 1697 4232 qua:
1744 4162 1923 4218 frenos
1960 4165 2202 4233 recipere

624 4256 784 4320 solet,
823 4253 875 4307 id
903 4262 988 4307 est
1012 4252 1232 4321 domita,
1269 4262 1764 4309 nunc'enumeratre
1797 4267 1921 4310 sunt
1961 4272 2048 4311 res
2080 4272 2200 4326 qua:

624 4347 955 4412 postliminio
1014 4354 1370 4399 revertantur.
1426 4350 1491 4399 At
1544 4362 1662 4399 cum
1715 4349 1854 4415 quod
1909 4348 1979 4400 sit
2025 4350 2197 4417 ipsum

619 4438 930 4503 postliminii
958 4437 1048 4506 jus
1096 4438 1371 4506 quaeritur,
1426 4447 1602 4506 potest
1631 4454 1694 4491 ex
1755 4438 1921 4506 ipsius
1967 4438 2198 4492 nominis

2303 1871 2540 1925 deditum
2573 1871 2851 1937 acivibus,
2902 1870 3111 1925 etiamsi
3164 1885 3271 1939 quo
3305 1869 3464 1923 modo
3514 1869 3582 1921 ah
3636 1868 3873 1922 hostibus

2301 1962 2597 2031 eliugisset,
2648 1977 2754 2017 non
2787 1961 3063 2016 videretur
3096 1959 3427 2028 postliminio
3469 1973 3749 2028 regressus
3789 1957 3880 2026 qui

2296 2053 2498 2122 judicio
2540 2053 2740 2108 civium
2791 2054 2935 2107 omni
2981 2052 3241 2108 libertatis
3279 2051 3401 2120 jure
3450 2051 3642 2106 fuisset
3669 2060 3881 2113 exutus;

2300 2148 2396 2202 sed
2443 2148 2695 2217 quoniam
2732 2162 2831 2201 nec
2875 2145 3094 2213 deditio,
3154 2159 3253 2199 nec
3306 2144 3473 2209 datio,
3509 2159 3604 2197 nec
3642 2142 3879 2207 donatio,

2302 2250 2499 2311 praeter
2520 2240 2888 2308 acceptionem
2910 2239 3125 2295 videtur
3147 2252 3306 2307 posse
3334 2237 3647 2301 consistere,
3684 2236 3884 2288 idcirco

2301 2335 2390 2401 qui
2434 2349 2539 2387 non
2588 2333 2657 2387 sit
2701 2342 3003 2401 susceptus,
3037 2346 3104 2383 ne
3134 2329 3347 2384 deditus
3390 2328 3597 2397 quidem
3650 2325 3879 2394 intelligi

2303 2427 2492 2495 possit.
2551 2424 2715 2479 Recte
2756 2439 2883 2491 ergo
2934 2423 3208 2477 Mancinus
3248 2421 3338 2490 qui
3394 2434 3495 2473 non
3547 2416 3751 2471 deditus

2306 2517 2558 2579 hostium,
2592 2517 2634 2570 si
2663 2531 2727 2570 ea
2781 2515 2857 2568 uti
2888 2514 3111 2582 vellent,
3174 2519 3493 2580 pervenerat
3541 2517 3882 2577 potestatem,

2304 2610 2351 2663 is
2371 2623 2491 2663 cum
2516 2609 2570 2670 in
2598 2610 2823 2676 patriam
2842 2606 3121 2671 remeavit,
3156 2604 3279 2674 jure
3298 2601 3624 2674 postliminio
3648 2592 3891 2655 rediisse

2304 2699 2557 2754 defensus
2588 2708 2691 2753 est.
3803 2688 3813 2699 ’

2377 2792 2621 2861 Sequitur
2645 2791 2688 2844 is
2713 2788 2853 2843 locus
2874 2789 2959 2858 qui
2988 2796 3184 2841 constat
3225 2801 3287 2839 ex
3312 2785 3390 2838 Itis
3428 2783 3579 2838 rebus
3627 2798 3739 2851 qua:
3760 2796 3887 2851 quo-

2305 2885 2579 2937 dammodo
2627 2882 2827 2950 aﬂ‘ectae
2853 2888 2972 2934 sunt
2997 2880 3062 2933 ad
3091 2879 3145 2931 id
3172 2877 3236 2932 de
3265 2894 3365 2947 quo
3392 2875 3689 2945 ambigitur,
3732 2888 3882 2942 quem

2306 2978 2459 3031 modo
2490 2977 2599 3030 dixi
2634 2978 2686 3029 in
2714 2976 2884 3043 plures
2910 2982 3076 3045 partes
3104 2972 3455 3026 distributum.
3489 2967 3649 3034 Cuius
3686 2968 3883 3033 primus

2306 3080 2381 3125 est
2408 3072 2547 3124 locus
2576 3085 2639 3122 ex
2686 3068 3066 3138 conjugatione,
3108 3079 3261 3136 quam
3294 3062 3465 3117 (ἐνωεὶ
3513 3066 3757 3133 συζυγίαν
3803 3074 3885 3113 vo-

2309 3173 2445 3227 cant,
2477 3163 2724 3231 ﬁnitimus
2777 3161 3044 3225 notationi,
3080 3160 3141 3213 de
3167 3175 3267 3228 qua
3316 3158 3469 3210 modo
3496 3156 3685 3209 dictum
3712 3164 3804 3219 est,
3832 3160 3887 3205 ut

2308 3258 2352 3311 si
2374 3273 2558 3325 aquam
2579 3256 2805 3328 pluviam
2827 3270 2939 3307 eam
2968 3253 3118 3306 modo
3146 3251 3541 3322 intelligeremus
3567 3265 3719 3319 quam
3741 3246 3887 3298 imbri

2312 3348 2572 3401 collectam
2600 3346 2910 3409 videremus,
2935 3343 3127 3397 veniret
3168 3341 3383 3408 Matius,
3410 3341 3518 3410 qui,
3547 3341 3670 3409 quia
3707 3339 3884 3406 conju-

2311 3447 2429 3509 gata
2485 3438 2635 3490 verba
2676 3447 2837 3490 essent
2878 3436 3047 3506 pluvia
3095 3443 3141 3488 et
3170 3433 3426 3505 pluendo,
3459 3432 3646 3485 diceret
3690 3443 3885 3483 onmem

2309 3545 2497 3599 aquam
2519 3537 2749 3598 aportere
2770 3529 2935 3581 arceri
2963 3543 3076 3597 qua:
3102 3525 3325 3595 pluendo
3359 3526 3613 3579 crevisset.

2381 3619 2514 3673 Cum
2548 3619 2719 3673 locrrm
2761 3618 2850 3687 qui
2883 3619 3010 3686 ipsis
3058 3617 3124 3671 de
3177 3616 3370 3685 quibus
3415 3616 3671 3685 quatritur
3711 3612 3886 3667 inhae-

2309 3720 2453 3767 reret
2497 3712 2547 3763 in
2573 3718 2799 3779 quatuor
2825 3707 3155 3762 differentias
3183 3722 3344 3776 supra
3370 3705 3656 3770 distribuit,
3686 3718 3715 3756 a
3747 3710 3881 3768 toto,

2310 3801 2378 3856 ab
2404 3800 2809 3855 enumeratione
2839 3799 3088 3868 partium,
3146 3814 3175 3850 a
3206 3807 3350 3861 nota,
3383 3797 3451 3851 ab
3480 3795 3697 3860 allectis,
3748 3806 3883 3862 qum

2311 3894 2451 3947 niam
2499 3894 2785 3963 diligenter
2841 3892 2909 3947 de
2938 3892 3300 3961 superioribus
3351 3890 3521 3945 tribus
3552 3889 3706 3960 paulo
3759 3896 3887 3943 ante

2313 3987 2577 4051 tractavit,
2613 4001 2753 4041 nunc
2782 3996 3025 4055 quartum
3055 3985 3250 4047 locum,
3285 3984 3335 4039 id
3358 3994 3439 4038 est
3466 3983 3673 4047 affecta,
3701 3997 3884 4050 perse-

2310 4079 2509 4148 quitur.
2543 4078 2611 4133 Et
2638 4078 2888 4147 quoniam
2943 4076 3091 4130 locus
3148 4076 3215 4129 ab
3265 4073 3469 4129 allectis
3518 4076 3570 4129 in
3624 4076 3885 4144 plurimas

2309 4168 2637 4224 differentias
2665 4169 2986 4230 solvebatur,
3035 4182 3257 4236 quarum
3304 4167 3473 4235 prima
3513 4182 3545 4219 a
3589 4165 3880 4235 coniugatis

2309 4263 2582 4329 proposita
2612 4268 2715 4322 est,
2752 4258 2978 4325 primum
3033 4257 3267 4326 loquitur
3315 4257 3383 4312 de
3412 4258 3733 4327 conjugatis,
3765 4271 3880 4324 qua:

2310 4350 2533 4403 multum
2564 4364 2592 4401 a
2620 4349 2895 4402 notatione
2926 4363 3031 4401 non
3063 4348 3335 4403 diﬁ‘erunt.
3366 4347 3497 4402 Nam
3526 4350 3649 4418 quia
3683 4348 3883 4403 notatio

2309 4459 2375 4496 ex
2403 4442 2456 4495 vi
2487 4441 2716 4495 nominis
2749 4441 2992 4504 trahitur,
3020 4442 3252 4509 itemque
3292 4441 3597 4510 conjugatio
3638 4442 3909 4496 similitu-t

621 4528 1063 4599 interpretatione
1118 4530 1388 4597 cognosci.
1448 4529 1785 4584 Postliminio
1847 4532 1993 4585 enim
2058 4512 2281 4597 reditD
2307 4534 2431 4589 dine
2484 4532 2723 4588 vocabuli
2780 4533 3110 4598 continetur,
3166 4533 3382 4602 aliquod
3427 4517 3569 4587 inter
3613 4548 3674 4587 se
3718 4531 3883 4588 veluti

619 4622 860 4690 quisquis
889 4629 1074 4688 captus
1102 4624 1166 4675 ah
1199 4623 1440 4677 hosribus
1483 4623 1549 4676 ad
1580 4624 1804 4692 patriam
1844 4624 2193 4689 remeaverit;

621 4708 852 4778 namque
882 4710 1005 4765 dum
1037 4712 1398 4780 captivitatem
1428 4713 1659 4768 hostium
1689 4713 1907 4782 patitur,
1936 4712 2024 4782 jus
2065 4714 2196 4769 civis

621 4805 844 4867 amittit;
877 4804 1052 4857 omnia
1078 4806 1342 4873 verojura
1394 4806 1602 4874 recipit,
1657 4806 1702 4860 si
1738 4806 2063 4873 postliminio
2110 4822 2196 4862 re-

619 4904 877 4947 vertatur.
912 4894 1051 4963 Ergo
1076 4909 1140 4947 ex
1165 4895 1437 4948 notatione
1469 4896 1700 4949 nominis
1723 4897 1792 4949 ita
1816 4896 1905 4964 jus
1927 4897 2197 4965 postlimi—

617 4986 688 5037 nii
722 4986 1021 5038 clarescere
1053 4994 1243 5054 potest,
1280 4994 1335 5039 ut
1356 4986 1477 5055 quia
1508 5002 1720 5056 semper
1762 4997 1882 5057 post
1910 4989 1962 5042 id
1984 4990 2193 5058 signiﬁ—

617 5088 767 5131 catur
791 5077 934 5143 quod
972 5088 1115 5131 retro
1158 5076 1515 5146 relinquitur,
1571 5080 1883 5148 postliminii
1935 5082 2194 5137 vocabulo

616 5170 858 5239 quaedam
891 5170 1130 5226 reversio
1161 5170 1509 5241 signiﬁcatur,
1536 5182 1593 5227 ut
1619 5174 1839 5229 Servius
1864 5174 2073 5244 probat,
2102 5177 2192 5246 qui

615 5277 677 5316 ex
733 5262 994 5316 adverbio
1035 5273 1156 5332 post
1187 5262 1295 5317 vim
1340 5264 1569 5319 nominis
1617 5266 2021 5334 interpretatur,
2069 5268 2194 5323 reli-

611 5370 770 5423 quam
817 5354 1060 5409 vocabuli
1106 5366 1311 5425 partem
1356 5357 1774 5426 protractionern
1825 5373 1946 5413 esse
1994 5359 2192 5413 contir-

610 5457 800 5508 znans;
834 5460 954 5498 nam
992 5446 1043 5498 in
1068 5460 1132 5500 eo
1153 5447 1293 5514 quod
1324 5456 1406 5502 est
1424 5448 1836 5516 postliminium,
1861 5466 1924 5503 ex
1956 5464 2020 5502 co
2048 5450 2189 5517 quod

614 5544 731 5597 post
761 5536 965 5589 dictum
996 5546 1077 5591 est
1106 5538 1858 5606 interpretationemnominis
1914 5542 2094 5605 sumit,
2128 5541 2192 5593 li-

614 5622 841 5677 minium
874 5641 1000 5679 vero
1028 5643 1356 5694 supervacuo
1402 5640 1549 5699 putat
1577 5646 1697 5685 esse
1736 5631 2069 5700 productum.
2107 5630 2186 5683 Ad

613 5710 804 5769 horum
830 5716 1108 5776 nominum
1137 5718 1385 5790 formam,
1412 5722 1798 5788 meditullium;
1843 5723 2010 5793 prima
2042 5722 2187 5779 enim

2308 4623 2601 4679 conﬁniurn
2655 4630 2855 4678 tenent.
2910 4623 3015 4678 Sed
3064 4624 3165 4677 hoc
3218 4624 3462 4688 interest,
3512 4622 3636 4692 quia
3681 4622 3884 4677 nutatio

2309 4715 2645 4784 expositione
2676 4714 2928 4777 nominis,
2967 4714 3272 4782 conjugalio
3317 4712 3673 4768 similitudine
3724 4726 3914 4771 voca-,

2308 4804 2415 4857 buli
2438 4820 2498 4859 ac
2520 4805 2853 4859 derivatione
2895 4804 3188 4871 perﬁcitur.
3242 4805 3307 4857 Et
3333 4802 3582 4872 quoniam
3632 4801 3801 4856 facilis
3829 4810 3881 4856 et

2306 4895 2581 4950 intellectu
2605 4904 2657 4949 et
2688 4904 2913 4950 tractatu
2943 4895 3090 4949 locus
3120 4905 3223 4962 est,
3259 4903 3461 4949 tantum
3519 4909 3718 4964 ponere
3765 4895 3882 4946 sul-

2307 4989 2417 5043 ﬁcit
2444 4987 2935 5058 exemplum,quod
2974 4999 3057 5043 est
3105 4986 3450 5057 hujusmodi:
3506 4990 3657 5056 Aqua
3700 4986 3881 5056 pluvia

2300 5090 2520 5148 estquae
2546 5080 2778 5147 pluendo
2801 5080 3065 5150 colligitur
3109 5088 3163 5133 et
3211 5080 3422 5134 crescit.
3482 5077 3723 5133 Pluendo
3752 5092 3880 5132 vero

2301 5182 2461 5241 atque
2506 5172 2681 5241 pluvia
2728 5172 3010 5241 conjugata
3066 5180 3208 5225 sunt.
3241 5171 3298 5224 ln
3325 5186 3432 5225 uno
3460 5171 3605 5225 enim
3652 5169 3876 5223 eodem-

2300 5278 2405 5332 que
2434 5264 2699 5318 vocahulo
2727 5263 2969 5318 diversus
2994 5264 3270 5317 nominum
3305 5263 3580 5337 terminus
3614 5261 3877 5318 diﬂ‘eren-

2302 5355 2428 5408 tiam
2460 5355 2604 5411 facit.
2653 5355 2781 5410 Item
2820 5372 2831 5407 :
2870 5355 2964 5409 lus
2996 5362 3082 5409 est
3106 5362 3296 5424 aquam
3330 5354 3561 5423 pluviam
3584 5354 3786 5417 arceri,
3820 5353 3874 5408 id

2298 5456 2400 5510 est,
2436 5456 2490 5500 ut
2515 5446 2559 5499 si
2607 5447 2657 5500 in
2688 5446 2912 5516 alicujus
2960 5461 3087 5515 agro
3125 5446 3297 5514 pluvia
3325 5460 3461 5514 aqua
3491 5445 3790 5515 colligatur,
3821 5454 3877 5499 et

2294 5539 2349 5591 in
2371 5539 2591 5593 alterius
2623 5553 2806 5607 agrum
2839 5538 3054 5603 defluat,
3087 5552 3253 5607 eaque
3283 5537 3442 5592 vieini
3498 5537 3741 5605 lrugibus
3770 5552 3873 5590 no-

2294 5632 2461 5683 citura
2494 5638 2828 5694 concrescat,
2858 5638 3040 5683 arceat
3067 5644 3184 5683 eam
3212 5629 3320 5683 suis
3351 5628 3549 5683 ﬁnibus
3580 5629 3670 5682 ille
3697 5627 3785 5697 qui
3820 5626 3873 5679 id

2293 5735 2387 5778 sua
2418 5730 2567 5792 putat
2590 5722 2849 5785 interesse
2878 5736 2943 5778 ne
2974 5719 3189 5777 deﬂuat.
3237 5720 3293 5779 Si
3325 5720 3518 5779 ﬂuvius
3556 5719 3719 5790 igitur
3754 5717 3871 5792 plu-
