4248 6272
376 338 510 394 “l3

1215 350 1279 405 IN
1320 351 1563 407 TOPICA
1603 352 1962 414 CICERONIS
2002 360 2518 426 COMMENTARIA.
2564 372 2671 428 LIB
2708 373 2791 431 IV.

3502 385 3634 440 1114

373 455 455 508 Via
486 460 735 525 ετθνθτίιι
764 462 1020 531 quaeritur
1070 479 1134 517 ³η
1163 464 1357 520 debeat
1397 469 1592 533 arceri,
1645 472 1949 540 τεεροηόρι,
1983 477 2035 534 Α
2060 491 2163 530 non
2192 497 2408 537 nocens.
2440 485 2690 545 Nocentis
2716 505 2927 561 quoque
2954 492 3148 561 duplex
3178 496 3382 564 species
3401 508 3502 566 eSt,
3531 499 3633 553 alia

373 548 568 615 inquit,
598 549 811 619 Mutius,
842 556 1094 622 quoniam
1116 571 1251 625 aqua
1281 560 1459 627 pluvia
1493 575 1519 613 a
1555 561 1788 628 pluendo
1813 564 1951 618 dicta

374 638 464 704 sit,
498 640 716 698 lluvium
746 660 989 715 quoque,
1036 649 1126 717 qui
1168 650 1397 717 pluendo
1450 654 1705 723 creverit,
1761 670 1950 725 aquam

371 744 495 787 esse
516 735 769 805 pluviam,
798 747 955 809 atque
984 741 1153 795 arceri
1184 741 1391 798 deberi.
1616 738 1621 745 ’

445 822 570 879 Cum
598 837 769 883 autem
797 846 828 883 a
850 847 1030 900 genere
1082 832 1295 887 ducetur
1319 844 1693 904 argumentum,
1736 855 1836 893 non
1859 842 1953 893 erit

372 934 572 974 necesse
594 922 647 973 id
674 938 832 991 usque
868 940 899 975 α
938 925 1106 994 capite
1142 941 1425 993 arcessere,
1460 945 1594 999 διξερε
1636 931 1787 984 etiam
1826 934 1953 986 citra

371 1011 506 1076 licet,
531 1013 807 1068 dummodo
827 1031 982 1084 supra
1006 1018 1050 1071 si
1069 1019 1208 1088 quod
1237 1021 1455 1073 sumitur
1474 1037 1626 1090 quam
1650 1024 1703 1075 id
1722 1026 1789 1076 ad
1814 1025 1954 1094 quod

369 1103 606 1168 sumitur,
641 1111 695 1155 ut
724 1120 857 1170 aqua
900 1107 1074 1173 pluuia
1106 1109 1287 1163 ultimo
1315 1126 1497 1181 genere
1518 1128 1579 1165 ea
1630 1122 1700 1167 est
1747 1131 1861 1183 qua:
1890 1116 1953 1170 de

369 1190 492 1241 caelo
518 1192 716 1246 veniens
746 1196 925 1249 crescit
969 1197 1139 1266 imbri,
1168 1200 1258 1253 sed
1308 1203 1546 1271 prapiore
1590 1203 1701 1256 loco
1753 1205 1805 1257 in
1849 1220 1950 1275 quo

366 1283 513 1349 quasi
529 1286 620 1354 jus
642 1286 852 1339 arcendi
881 1288 1195 1343 continetur.
1244 1289 1414 1344 lienus
1458 1300 1550 1357 est,
1598 1309 1733 1363 aqua
1778 1296 1950 1361 pluvia

366 1392 572 1442 nocens,
597 1379 706 1445 ejus
736 1381 934 1450 generis
965 1381 1164 1448 formte,
1196 1382 1297 1437 loci
1324 1385 1465 1447 vitio,
1497 1395 1543 1439 et
1566 1401 1722 1439 manu
1744 1403 1946 1453 nocens,
1972 1394 1975 1397 ’

365 1485 582 1537 quorum
610 1471 773 1526 altera
801 1473 1015 1542 jubetur
1046 1476 1109 1529 ab
1151 1476 1344 1530 arbitro
1379 1478 1618 1544 coerceri,
1653 1479 1816 1532 altera
1847 1496 1949 1533 non

368 1561 589 1631 iubetur.
1516 1576 1521 1579 “

441 1650 587 1705 Talis
626 1667 879 1722 generum
911 1656 1319 1727 specieremque
1349 1659 1665 1729 intelligitur
1693 1675 1813 1716 esse
1854 1677 1950 1717 na-

377 1752 519 1816 tura,
552 1754 606 1797 nt
635 1760 754 1799 cum
805 1748 1128 1816 colliguntur
1156 1750 1241 1805 vel
1296 1752 1454 1806 etiam
1495 1752 1824 1819 dividuntur,
1879 1754 1947 1807 ab

2060 588 2243 637 manu,
2274 575 2375 629 alia
2408 576 2557 629 vitio.
2591 578 2697 633 Sed
2729 595 2864 649 aqua
2895 584 3070 651 pluvia
3102 601 3260 640 manu
3293 603 3487 644 nocens
3526 601 3627 655 cst,

2059 677 2177 732 qum
2202 664 2268 717 ita
2298 665 2416 720 loco
2457 666 2636 736 aliquo
2667 674 2954 740 excipitur,
3002 686 3057 729 ut
3086 675 3207 731 inde
3258 679 3527 746 proﬂuens
3557 683 3625 735 vi-

2057 756 2179 811 cino
2210 769 2424 826 noceat,
2456 761 2499 815 si
2531 761 2679 816 locus
2709 764 2755 817 is
2787 781 2892 820 non
2918 768 2987 822 sit
3011 771 3323 825 naturaliter
3361 773 3502 838 talis,
3534 774 3628 826 sed

2058 860 2219 902 manu
2272 852 2505 906 hominis
2555 854 2880 923 excipienda:
2922 875 3075 935 aqua:
3124 860 3279 917 fuerit
3304 876 3629 933 apparatus;

2057 939 2185 994 vitio
2212 956 2360 1006 vero,
2394 944 2605 1013 quoties
2635 947 2949 1002 naturaliter
2981 952 3051 1003 ita
3091 966 3211 1006 sese
3258 953 3407 1007 locus
3447 954 3628 1021 habet,

2055 1036 2115 1081 ut
2144 1033 2390 1098 excipere
2421 1045 2611 1101 aquam
2642 1034 2808 1103 possit
2834 1047 2887 1090 et
2918 1053 3113 1094 nocere
3144 1041 3336 1095 vicino.
3372 1045 3426 1097 Si
3474 1046 3632 1114 igitur

2054 1121 2173 1190 ejus
2204 1139 2355 1191 aquae
2402 1139 2559 1194 quam
2591 1128 2711 1196 quis
2738 1130 2907 1185 arceri
2954 1132 3103 1199 velit,
3133 1149 3199 1188 ne
3237 1134 3337 1189 sibi
3368 1147 3575 1203 noceat,
3600 1153 3627 1190 a

2053 1211 2231 1266 vicino
2258 1229 2427 1282 genus
2450 1217 2581 1270 velit
2609 1219 2913 1287 exquirere,
2944 1237 3046 1276 non
3078 1239 3297 1282 necesse
3339 1234 3423 1281 est
3447 1228 3514 1282 ab
3551 1229 3630 1281 ul-

2054 1303 2187 1358 timo
2218 1321 2385 1376 usque
2432 1322 2627 1377 genere
2669 1310 2965 1379 deducere,
3025 1324 3083 1368 ut
3133 1316 3275 1371 dicat
3324 1332 3477 1385 aqum
3515 1319 3632 1386 ejus

2053 1409 2211 1462 quam
2244 1398 2363 1466 quis
2394 1401 2518 1454 velit
2565 1404 2738 1457 arceri
2797 1420 2965 1474 genus
3004 1421 3124 1463 esse
3150 1424 3340 1477 aquam
3372 1410 3625 1477 pluviam,

2053 1486 2147 1541 sed
2175 1497 2347 1556 potest
2376 1490 2426 1544 id
2456 1493 2595 1559 quod
2650 1494 2867 1564 inquirit
2893 1512 3060 1566 genus
3099 1500 3251 1567 paulo
3281 1499 3503 1557 inferius
3546 1502 3629 1556 in-

2050 1583 2261 1647 venire,
2295 1594 2350 1662 ut
2384 1586 2539 1654 hujus
2563 1603 2713 1659 aqua:
2756 1606 2912 1659 quam
2940 1594 3111 1648 arceri
3150 1595 3416 1650 desiderat
3454 1596 3506 1652 id
3537 1610 3630 1666 ge-

2052 1686 2153 1727 nus
2174 1689 2293 1729 esse
2320 1676 2481 1743 dicat,
2511 1680 2650 1747 quod
2683 1689 2765 1734 est
2787 1695 2926 1750 aqua
2956 1684 3133 1752 pluvia
3156 1701 3375 1742 nocens.
3408 1688 3558 1755 Quod
3580 1688 3626 1744 si

2051 1782 2219 1837 genus
2247 1771 2546 1839 proximum
2577 1783 2801 1842 quaerat,
2834 1775 2963 1830 illud
2986 1778 3181 1847 poterit
3207 1778 3461 1835 adhibere
3480 1782 3625 1850 qu'od

368 1833 654 1891 Ῐηάίνίάυίδ
685 1853 780 1907 per
810 1841 1017 1909 SPeCies
1062 1850 1116 1896 θῑ
1144 1856 1340 1910 Senem
1370 1856 1540 1913 usque
1592 1846 1656 1897 ad
1709 1845 1947 1899 maxima
1978 1839 2026 1899 Β
2055 1871 2138 1915 est
2170 1876 2303 1929 aqua
2330 1862 2503 1930 pluvia
2530 1879 2689 1919 manu
2734 1881 2953 1934 nocens,
2987 1867 3088 1923 hoc
3117 1844 3258 1923 enim
3286 1871 3457 1926 arceri
3507 1872 3629 1940 quis

368 1941 564 1994 genera
595 1931 766 1997 possit
789 1932 1028 1996 ascendi,
1056 1932 1289 2003 itemque
1320 1949 1350 1989 a
1380 1935 1635 1989 maximis
1658 1936 1948 2006 generibus

366 2033 463 2087 per
493 2019 627 2074 infra
676 2024 845 2092 posita
898 2040 1095 2093 genera
1129 2042 1296 2096 usque
1323 2028 1389 2082 ad
1442 2028 1714 2083 individua
1771 2031 1949 2085 valeat

366 2125 487 2164 esse
513 2110 824 2169 descensus.
855 2115 914 2170 Id
961 2131 1092 2171 vero
1145 2134 1251 2172 uno
1302 2121 1505 2175 clarum
1536 2122 1629 2176 liet
1674 2123 1944 2191 exemplo.

364 2198 552 2254 Cicero
580 2204 775 2273 quippe
830 2205 1161 2262 individuum
1191 2216 1295 2276 est,
1335 2210 1493 2279 hujus
1521 2212 1729 2281 species
1761 2213 1941 2281 homo,

364 2286 521 2357 hujus
547 2308 714 2362 genus
744 2286 963 2362 animal,
1022 2298 1180 2368 hujus
1208 2302 1459 2370 superius
1504 2318 1675 2372 genus
1704 2314 1787 2359 est
1827 2320 1946 2358 cor-

365 2396 464 2451 pus
505 2387 817 2455 animatum,
863 2401 918 2445 et
946 2392 1230 2462 silougius
1258 2396 1540 2463 ascendas,
1571 2413 1768 2468 corpus
1801 2399 1939 2454 alte-

364 2474 475 2527 rius
500 2491 666 2544 genus
690 2480 949 2546 invenies,
984 2483 1029 2537 si
1076 2486 1333 2553 prolixius
1363 2487 1661 2556 egrediare,
1693 2489 1944 2544 substan-

364 2569 435 2621 tia
460 2570 632 2625 ultimi
675 2572 790 2628 loco
837 2578 1050 2644 generis
1096 2579 1355 2635 occurrit.
1398 2581 1532 2634 Cum
1581 2581 1740 2650 igitur
1775 2584 1940 2637 multa

363 2660 471 2716 sint
495 2678 709 2731 genera,
744 2667 787 2721 si
820 2668 1101 2737 cujuslibet
1143 2674 1338 2741 speciei
1370 2689 1536 2743 genus
1563 2676 1939 2743 assignandum

363 2752 451 2817 sit,
479 2770 581 2808 non
608 2772 827 2813 necesse
859 2760 981 2822 crit,
1006 2761 1197 2830 inquit,
1249 2764 1479 2819 maxima
1511 2774 1565 2819 et
1623 2768 1940 2836 principalia

362 2857 557 2910 genera
605 2860 819 2916 semper
862 2852 1193 2919 exquirere,
1252 2868 1438 2908 verum
1492 2869 1679 2909 eorum
1727 2872 1938 2927 quoque

363 2933 562 3002 aliquid
591 2951 709 3006 qua:
741 2940 796 2992 in
847 2942 1027 2994 medio
1082 2943 1250 2998 locata
1283 2954 1408 3000 sunt
1455 2947 1730 3016 oportebit
1786 2951 1938 3005 adhi-

361 3025 511 3093 bere,
535 3029 621 3083 illa
654 3041 826 3086 tamen
879 3035 1085 3090 ratione
1124 3048 1367 3104 servata,
1421 3049 1477 3093 ut
1525 3054 1738 3110 semper
1767 3058 1941 3113 genus

361 3119 606 3187 superius
653 3123 725 3175 sit
773 3139 836 3177 eo
866 3126 931 3178 ad
961 3126 1102 3195 quod
1135 3128 1454 3196 praedicatur
1502 3140 1560 3185 ut
1590 3147 1777 3202 genus.
1828 3133 1936 3187 Ex-

362 3220 532 3264 trema
559 3213 754 3282 quippe
776 3214 985 3270 inscitia
1006 3228 1106 3282 est,
1141 3219 1184 3272 si
1214 3219 1340 3273 dum
1370 3236 1541 3291 genus
1569 3235 1781 3292 semper
1833 3239 1930 3279 na-
1963 3213 2009 3277 C

360 3311 480 3357 tura
511 3306 789 3372 Speciebus
841 3309 1068 3379 propriis
1096 3322 1508 3382 superponatur,
1562 3315 1678 3371 loco
1722 3319 1932 3386 generis
2016 3318 2020 3323 ’

361 3396 412 3451 id
443 3399 583 3468 quod
614 3411 696 3455 est
740 3398 959 3457 inferius
1005 3406 1316 3461 collocetur.
1374 3406 1628 3474 Quocirca
1684 3410 1932 3465 vitiosum

358 3503 461 3558 est,
492 3494 536 3546 si
569 3493 689 3563 quis
719 3497 961 3565 corporis
990 3513 1155 3567 genus
1182 3498 1324 3553 dicat
1353 3514 1472 3555 esse
1515 3516 1710 3569 corpus
1732 3504 1934 3559 anima-

359 3593 491 3637 tum.
515 3585 628 3652 Quo
664 3586 721 3640 ﬁt
753 3596 809 3641 ut
836 3589 880 3643 si
903 3588 969 3643 ad
1016 3594 1250 3659 speciem
1297 3592 1589 3661 aptandum
1614 3604 1695 3649 est
1742 3611 1932 3665 genus,

360 3693 683 3749 eorumque:
728 3682 1004 3750 superiora
1049 3693 1175 3738 sunt
1206 3684 1408 3753 aliquid
1453 3697 1716 3756 aptemus,
1749 3696 1934 3744 etnon

361 3770 462 3824 erit
484 3786 705 3827 necesse
732 3774 974 3829 ultimum
1015 3790 1229 3845 semper
1258 3791 1428 3845 genus
1464 3776 1739 3846 adhibere,
1786 3789 1842 3833 ut
1890 3780 1936 3835 si

362 3865 563 3920 homini
610 3883 776 3936 genus
832 3872 1104 3939 proprium
1157 3888 1477 3943 praeponere
1528 3876 1777 3942 velimus,
1829 3891 1935 3931 non

362 3972 581 4014 necesse
603 3969 685 4015 est
714 3970 770 4015 ut
796 3963 1147 4017 substantiam
1178 3980 1574 4035 praeponamus,
1598 3968 1689 4021 sed
1720 3969 1802 4022 vel
1824 3983 1938 4023 cor-

360 4065 483 4121 pus,
531 4052 617 4106 vel
644 4067 841 4122 corpus
884 4056 1201 4125 animatum,
1233 4060 1317 4113 vel
1360 4060 1502 4129 quod
1551 4061 1779 4114 maxime
1823 4059 1936 4113 ﬁeri

360 4152 577 4215 oportet
618 4145 840 4209 animal.
894 4146 983 4201 Illa
1014 4149 1153 4203 enim
1195 4163 1409 4219 semper
1438 4165 1637 4222 genera
1678 4153 1936 4206 sumenda

358 4246 502 4304 sunt,
523 4252 857 4308 quaecunque
879 4240 1118 4309 proxima
1150 4240 1334 4297 formis
1350 4243 1649 4309 adhaerent,
1683 4259 1855 4315 eaque
1882 4246 1935 4300 in

359 4332 675 4388 definitione
700 4336 932 4390 maxime
956 4336 1323 4404 requiruntur,
1370 4338 1465 4392 sed
1507 4338 1560 4393 in
1589 4348 1935 4410 argumenta-

360 4423 594 4480 tionibus
635 4425 767 4479 nihil
820 4426 997 4481 dill‘ert
1051 4436 1229 4482 utrum
1282 4428 1585 4497 proximum
1632 4431 1822 4497 eligas,
1868 4444 1937 4483 an

358 4516 607 4581 superius
633 4531 819 4586 genus.
847 4517 977 4572 Nam
1006 4519 1257 4585 quoniam
1280 4533 1343 4573 ex
1370 4520 1666 4574 continenti
1694 4520 1752 4573 lit
1782 4535 1938 4591 argu-

2053 1952 2261 2022 cogitur
2291 1955 2432 2021 quod
2463 1971 2621 2009 manu
2675 1957 2732 2009 ﬁt
2770 1958 3009 2011 noxium.
3042 1958 3193 2024 Quod
3225 1972 3355 2014 vero
3394 1959 3494 2014 loci
3528 1960 3628 2014 lor-

2052 2055 2138 2095 ma
2170 2042 2253 2095 vel
2285 2043 2412 2097 vitio
2437 2044 2885 2100 iucommodit‘atis
2917 2047 3113 2117 aliquid
3142 2059 3408 2117 apportat,
3440 2065 3626 2105 arcere

2050 2146 2157 2185 non
2181 2134 2406 2201 cogitur.
2439 2134 2589 2201 Quod
2618 2134 2795 2192 autem
2845 2137 3093 2203 diximus,
3123 2137 3240 2209 ejus
3286 2155 3435 2209 aquae
3463 2156 3622 2209 quam

2049 2224 2217 2277 arceri
2253 2234 2499 2292 oporteat
2527 2242 2693 2293 genus
2746 2242 2865 2283 esse
2921 2243 3112 2298 aquam
3170 2231 3399 2298 pluviam
3458 2248 3617 2288 manu

2049 2325 2356 2379 nocentem,
2400 2315 2471 2369 ita
2496 2316 2893 2386 intelligendum
2925 2329 3027 2386 est,
3059 2322 3102 2375 si
3130 2336 3262 2390 aqua
3290 2338 3407 2391 quae
3450 2324 3619 2379 arceri

2048 2406 2209 2461 debet
2257 2407 2479 2476 plurima
2526 2408 2624 2463 sub
2669 2424 2727 2463 se
2774 2410 2933 2466 habet
2983 2412 3248 2467 individua
3304 2423 3358 2468 et
3400 2416 3617 2483 similia,

2050 2508 2174 2551 tune
2197 2498 2337 2553 enim
2356 2499 2567 2555 demum
2590 2499 2706 2570 ejus
2736 2516 2886 2571 aqua:
2914 2518 3030 2572 quae
3060 2505 3230 2559 arceri
3266 2505 3445 2573 debet,
3477 2524 3613 2576 aqua

2047 2590 2226 2658 pluvia
2258 2607 2417 2646 manu
2449 2607 2647 2647 nocens
2670 2608 2838 2662 genus
2861 2610 2980 2649 esse
3005 2598 3214 2663 poterit.
3240 2598 3388 2663 Quod
3419 2599 3463 2652 si
3481 2613 3615 2668 aqua

2046 2701 2167 2755 qua:
2218 2686 2388 2740 arceri
2416 2686 2574 2741 debet
2616 2686 2670 2741 in
2702 2687 2847 2741 nulla
2877 2687 3147 2742 individua
3176 2689 3474 2755 diducatur,
3506 2692 3617 2761 ipsa

2045 2788 2130 2833 est
2168 2777 2461 2845 individua,
2497 2794 2595 2834 nec
2623 2789 2704 2833 est
2757 2779 2872 2847 ejus
2915 2795 3085 2849 genus
3117 2796 3252 2851 aqua
3300 2782 3479 2851 pluvia
3521 2798 3617 2837 no-

2043 2884 2170 2926 cens
2212 2886 2393 2938 manu,
2424 2872 2516 2926 sed
2539 2871 2764 2940 species.
2794 2871 2946 2937 Quod
2976 2873 3019 2926 si
3050 2872 3135 2927 cui
3164 2873 3430 2941 paululum
3465 2874 3615 2928 vide-

2042 2974 2128 3018 tur
2156 2963 2455 3031 obscurius,
2495 2964 2595 3043 hic
2624 2966 2669 3019 si
2700 2981 2792 3021 eos
2821 2966 3235 3021 commentarios
3270 2982 3405 3036 quos
3432 2967 3497 3022 de
3523 2983 3614 3038 ge-
3658 3012 3659 3015 η

2042 3071 2193 3124 nere,
2223 3056 2425 3125 specie,
2452 3055 2774 3121 dill'erentia,
2828 3058 3064 3127 proprio,
3120 3067 3277 3127 atque
3329 3058 3610 3124 accidenti,

2039 3148 2464 3216 composuimus,
2514 3148 2664 3203 libris
2707 3148 2942 3218 quinque
2995 3149 3230 3220 digestos
3284 3150 3606 3220 inspexerit,

2040 3241 2171 3296 nihil
2201 3240 2389 3294 horum
2423 3241 2619 3309 poterit
2643 3240 2915 3296 incurrere
2943 3254 3050 3309 quo
3077 3242 3287 3311 caliget.

2112 3330 2385 3385 Commode.
2411 3332 2563 3385 etiam
2596 3339 2840 3383 tractatur
2880 3331 2987 3383 ἠως
3012 3333 3382 3401 argumentatio
3410 3351 3524 3403 qute
3550 3351 3610 3389 ex

2038 3441 2218 3495 genere
2258 3426 2497 3491 sumitur,
2546 3439 2659 3476 cum
2705 3439 2767 3476 ea:
2812 3434 2913 3477 toto
2962 3439 3260 3493 persequare
3305 3436 3471 3496 partes
3518 3427 3611 3480 lica

2039 3520 2191 3570 modo
2224 3532 2241 3572 :
2274 3514 2333 3571 Si
2361 3516 2507 3568 dolus
2546 3515 2713 3568 malus
2763 3524 2857 3580 est,
2904 3532 3019 3569 cum
3062 3515 3206 3569 aliud
3242 3520 3430 3587 agitur,
3470 3520 3612 3573 aliud

2038 3609 2334 3673 simulatur,
2362 3621 2655 3660 enumerare
2681 3605 2795 3659 licet
2814 3606 2995 3674 quibus
3024 3607 3077 3658 id
3109 3607 3270 3659 modis
3300 3608 3410 3675 ﬁat,
3435 3602 3612 3661 deinde

2040 3700 2095 3753 in
2140 3714 2311 3753 eorum
2352 3698 2575 3767 aliquem
2616 3697 2670 3749 id
2706 3696 2839 3766 quod
2878 3713 3064 3766 arguas
3105 3695 3222 3750 dolo
3259 3695 3613 3768 malefactum

2040 3791 2315 3844 includere.
2370 3788 2521 3855 Quod
2574 3804 2731 3858 genus
2787 3788 3072 3860 argumenti
3118 3790 3367 3859 imprimis
3407 3790 3613 3860 [irinum

2042 3880 2200 3932 videri
2227 3878 2376 3931 solet.
2568 3900 2571 3905 -
2830 3866 2833 3871 λ

2116 3972 2321 4025 Dictum
2353 3980 2435 4024 est
2464 3969 2908 4038 quemadmodum
2944 3986 3107 4040 genus
3150 3971 3213 4024 ad
3254 3974 3484 4041 speciem
3516 3974 3611 4029 de-

2042 4064 2160 4116 beat
2208 4062 2401 4130 aptari,
2435 4069 2592 4128 atque
2630 4062 2679 4113 in
2710 4075 2775 4114 eo
2816 4065 3181 4130 praescriptum
3210 4074 3290 4116 est
3345 4072 3402 4116 ut
3432 4066 3530 4117 nisi
3562 4065 3611 4119 id

2044 4152 2184 4222 quod
2215 4162 2298 4206 est
2328 4150 2572 4220 superius
2600 4150 2841 4204 adhiberi
2894 4166 2997 4205 non
3042 4151 3252 4206 debeat.
3295 4153 3443 4207 Nunc
3486 4154 3612 4207 illul

2042 4245 2371 4314 adjungitur,
2404 4242 2850 4314 quemadmodum
2896 4243 3013 4314 ejus
3062 4244 3186 4307 loci,
3228 4246 3314 4315 qui
3354 4261 3380 4297 a
3422 4261 3613 4316 genere

2041 4336 2277 4402 ducitur,
2331 4334 2383 4388 in
2432 4333 2893 4402 argumentatione
2948 4333 3277 4389 commodior
3323 4349 3449 4388 usus
3497 4350 3613 4391 csse

2042 4428 2235 4497 possit.
2269 4427 2697 4496 Quotiescunque
2737 4426 2878 4480 enim
2925 4427 2991 4481 de
3032 4442 3089 4481 re
3118 4426 3295 4495 aliqua
3324 4426 3612 4492 dubitatur,

2042 4521 2110 4587 si,
2158 4520 2293 4574 laeta
2338 4519 2549 4587 generis
2597 4517 2824 4586 alicujus
2852 4517 3136 4582 divisione,
3164 4518 3261 4573 sub
3298 4518 3473 4587 aliqua
3503 4517 3612 4587 ejus

358 4609 615 4661 mentatio
637 4650 652 4673 ,
682 4608 800 4677 plus
827 4610 1071 4664 continet
1098 4610 1147 4663 id
1175 4610 1315 4679 quod
1354 4621 1436 4665 est
1473 4613 1718 4681 superius
1748 4628 1935 4683 genus.
1964 4592 2019 4653 Ρ
2045 4613 2262 4681 generis
2293 4620 2441 4679 parte
2471 4610 2521 4662 id
2554 4609 2620 4663 de
2646 4623 2752 4678 quo
2780 4608 3065 4678 ambigitur
3094 4611 3421 4679 potuerimus
3451 4610 3611 4665 inclu-

357 4697 618 4764 Quocirca
642 4701 685 4754 si
710 4700 777 4755 de
806 4700 1024 4757 homine
1052 4701 1250 4771 aliquid
1273 4703 1581 4773 ambigitur,
1616 4713 1673 4759 et
1712 4721 1741 4758 a
1768 4721 1939 4775 gene~

356 4804 415 4843 re
436 4791 841 4858 argumentandi
863 4793 1281 4859 sumiturlocus,
1324 4794 1578 4864 quidquid
1623 4796 1689 4851 de
1715 4797 1938 4855 animali

355 4880 581 4944 dicetur,
614 4880 665 4935 id
692 4882 852 4936 etiam
905 4883 971 4938 de
1006 4885 1224 4941 homine
1266 4886 1660 4956 praedicabitur.
1712 4890 1829 4956 Quo
1877 4888 1938 4943 lit

354 4980 412 5026 ut
434 4974 477 5027 si
507 4974 633 5043 quid
688 4975 847 5029 etiam
902 4976 970 5031 de
1022 4977 1259 5032 animato
1311 4993 1537 5047 corpore
1593 4981 1937 5049 prtedicetur,

352 5064 493 5119 idem
523 5065 686 5121 etiam
716 5066 783 5122 de
804 5067 1021 5124 homine
1043 5070 1145 5124 dici
1171 5073 1361 5141 possit.
1383 5072 1452 5127 Ut
1473 5072 1633 5142 igitur
1654 5088 1939 5145 argumen-

353 5158 583 5212 tationes
629 5174 694 5214 ex
746 5160 1005 5228 proximis
1053 5165 1341 5232 generibus
1371 5165 1525 5231 liunt,
1558 5167 1628 5219 ita
1662 5168 1824 5221 etiam
1872 5183 1937 5221 ex

350 5249 575 5303 alterius
616 5253 941 5308 constitutis.
993 5253 1099 5310 Sed
1150 5254 1206 5308 in
1241 5256 1323 5309 his
1371 5257 1619 5310 omnibus
1675 5258 1803 5311 illud
1853 5268 1933 5312 est

351 5339 493 5406 quod
518 5341 749 5397 maxime
772 5344 1223 5400 considerandum
1248 5349 1476 5413 videtur,
1506 5364 1574 5403 ne
1605 5349 1656 5402 id
1688 5349 1828 5417 quod
1853 5361 1935 5405 est

353 5429 583 5483 interius
637 5434 904 5499 saperiori
963 5450 1307 5505 praeponatur
1363 5451 1423 5495 ut
1474 5455 1662 5509 genus.
1718 5442 1933 5495 Etsen-

354 5522 517 5577 tentia
566 5524 783 5594 quidem
831 5529 951 5583 talis
995 5541 1094 5584 est.
1127 5532 1279 5597 Quod
1330 5548 1457 5586 vero
1504 5532 1571 5586 ad
1628 5533 1928 5602 exemplum

349 5612 562 5679 attinet,
592 5614 949 5672 declarabitur
993 5620 1094 5674 hoc
1126 5623 1325 5677 modo:
1356 5624 1433 5678 Sit
1475 5638 1608 5692 aqua
1651 5624 1823 5692 pluvia
1868 5640 1930 5680 ea

348 5722 469 5775 qua:
500 5708 706 5775 dejecta
741 5708 808 5762 de
829 5712 969 5764 coelo
1012 5713 1169 5767 imbri
1196 5716 1483 5783 colligitur,
1520 5715 1674 5784 hujus
1724 5717 1931 5784 Species

348 5801 545 5873 duplex
587 5810 690 5868 est;
725 5801 827 5859 alia
856 5805 1000 5863 enim
1028 5820 1162 5864 aoua
1219 5808 1396 5881 pluvia
1447 5824 1643 5869 nocens
1682 5819 1783 5883 est,
1830 5811 1932 5870 alia

2046 4706 2195 4773 dere,
2226 4715 2348 4759 tunc
2374 4719 2403 4757 a
2432 4718 2629 4773 genere
2659 4711 2883 4756 tractum
2914 4716 3033 4757 esse
3074 4712 3438 4772 argumentum
3472 4703 3608 4759 vide-

2047 4806 2133 4851 tur
2160 4796 2258 4850 hoc
2287 4794 2443 4849 modo
2474 4810 2487 4846 ε
2517 4794 2597 4849 Sit
2621 4793 2777 4847 dolus
2799 4795 2989 4859 malus,
3012 4794 3223 4864 quando
3251 4796 3390 4851 aliud
3421 4796 3610 4865 agitur.

2045 4890 2186 4945 aliud
2216 4888 2515 4945 simulatur.
2551 4885 2718 4955 llujus
2745 4902 2873 4957 ergo
2902 4888 2946 4942 si
2977 4888 3183 4955 species
3209 4888 3532 4954 dividantur,
3563 4897 3611 4946 et

2046 4984 2096 5038 id
2124 4983 2265 5053 quod
2297 4982 2491 5036 factum
2523 4997 2642 5037 esse
2671 4984 2938 5050 arguimus
2990 4980 3147 5036 alicui
3184 4997 3365 5038 earum
3406 4983 3611 5051 specie-

2044 5092 2162 5130 rum
2225 5091 2342 5144 quae
2393 5090 2422 5127 a
2468 5074 2590 5127 dolo
2641 5074 2779 5126 malo
2822 5073 3062 5128 deducta:
3107 5084 3232 5128 sunt
3287 5075 3611 5144 potuerimus

2040 5171 2359 5241 adjungere,
2414 5167 2668 5237 quidquid
2719 5167 2785 5221 de
2833 5167 2956 5221 dolo
3008 5166 3147 5221 malo
3201 5166 3609 5233 existimabltur,

2040 5262 2180 5314 idem
2215 5263 2374 5315 etiam
2407 5260 2471 5313 de
2512 5275 2571 5313 ca
2604 5275 2660 5312 re
2688 5275 2844 5328 quam
2875 5259 3142 5327 arguitnus
3174 5272 3391 5313 necesse
3418 5268 3499 5313 est
3525 5258 3609 5328 ju-

2041 5353 2229 5419 dicari,
2263 5361 2317 5405 et
2346 5351 2541 5405 factum
2571 5360 2652 5405 est
2679 5358 3046 5421 argumentum
3075 5366 3104 5403 a
3140 5365 3352 5419 genere.
3382 5350 3512 5404 Nam
3542 5351 3610 5405 do

2039 5458 2144 5512 quo
2172 5442 2425 5511 quaeritur
2455 5442 2658 5509 species
2687 5452 2791 5508 est,
2825 5450 2875 5496 et
2909 5440 2961 5494 id
2998 5454 3028 5493 a
3057 5454 3160 5509 quo
3203 5441 3425 5497 sumitur
3454 5456 3609 5512 argus

2042 5542 2279 5589 mentum
2315 5548 2481 5601 genus
2514 5540 2617 5595 est,
2649 5533 2850 5587 scilicet
2892 5541 2947 5584 ut
2985 5533 3029 5585 si
3071 5534 3141 5584 ita
3172 5532 3428 5601 contingit
3454 5531 3606 5587 dolus

2039 5626 2242 5689 malus;
2276 5625 2425 5677 locus
2460 5638 2583 5676 vero
2614 5623 2697 5678 hic
2732 5623 2798 5677 ab
2829 5637 2893 5677 eo
2927 5623 3015 5691 qui
3044 5631 3127 5677 est
3155 5638 3184 5676 a
3218 5624 3445 5691 partium
3474 5639 3606 5677 cun.

2040 5718 2337 5773 meratione
2379 5714 2621 5768 diversus
2647 5723 2749 5768 est.
2795 5715 2901 5770 Nec
2930 5716 2972 5770 si
3000 5730 3375 5781 euumeramugs
3408 5729 3605 5786 partes,

2039 5810 2095 5871 id
2124 5817 2209 5869 est
2236 5805 2437 5866 formas
2460 5813 2554 5866 aut.
2580 5807 2811 5883 species,
2845 5809 3042 5871 idcirco
3058 5827 3175 5887 non
3206 5827 3235 5868 a
3263 5825 3481 5886 genere,
3512 5809 3605 5873 sed
