4248 6272
544 382 678 439 1115

1766 380 1873 438 AN.
1917 378 2125 436 MANL.
2165 376 2317 434 επεν.
2353 375 2581 435 BOETll

3676 381 3841 437 1116

544 506 613 559 ab
647 504 1050 573 enumeratione
1072 504 1299 574 partium
1325 504 1538 558 ducitur
1560 511 1953 573 argumentum.
1985 500 2127 567 Quo-
2158 495 2210 559 Α
2240 493 2684 559 Quemadmodum
2728 494 2769 545 si
2812 494 2861 545 in
2896 493 3014 546 urbe
3043 494 3105 547 de
3132 494 3319 563 finibus
3347 499 3691 552 controversia
3720 512 3815 566 est,

548 598 649 652 lies
670 597 810 651 enim
836 598 947 665 ipsa
974 596 1201 666 partium
1225 597 1626 651 enumeratione
1653 596 1851 649 utimur
1878 592 1942 646 ad
1972 607 2129 660 argu-

550 688 951 752 mentationem,
981 697 1106 740 tunc
1129 687 1197 740 ab
1222 687 1410 741 eadem
1447 686 1730 756 partitione
1756 692 2128 754 argumentum

551 786 777 831 tractum
805 778 1199 844 eSSedicimus,
1233 789 1289 833 ut
1320 779 1421 833 hoc
1448 778 1607 831 modo
1634 796 1645 830 :
1674 776 1729 832 Si
1764 777 2127 842 fundamenta,

551 876 605 922 et
635 868 883 937 parietes,
909 880 962 924 et
988 880 1182 925 tectum
1209 872 1385 935 liabet,
1424 881 1475 924 it
1503 870 1812 923 habitationi
1844 878 1926 922 est
1960 868 2131 934 desti-

551 970 705 1013 natus
737 961 902 1025 locus,
934 961 1123 1015 domus
1148 972 1249 1016 est.
1270 962 1385 1030 ipsa
1412 962 1570 1031 igitur
1594 960 1875 1030 partitione
1898 966 2129 1026 utentes,

553 1052 769 1105 domum
805 1066 926 1107 esse
966 1053 1327 1121 probavimus.
1370 1053 1591 1119 Quoties
1632 1068 1763 1105 vero
1800 1052 1898 1105 sub
1938 1064 2135 1119 genere

551 1141 751 1209 aliquid
799 1136 1170 1197 collocandum
1219 1156 1332 1208 est,
1363 1145 1655 1211 divisisque
1702 1142 1938 1211 partibus
1980 1141 2135 1195 alicui

553 1248 739 1287 eorum
768 1250 887 1303 quas
919 1249 946 1286 a
972 1250 1164 1303 genere
1210 1235 1549 1289 deducuntur
1580 1234 1630 1287 id
1660 1234 1725 1286 de
1749 1249 1855 1302 quo
1881 1234 2140 1302 qumritur

554 1337 925 1392 aggregamus,
952 1334 1008 1378 ut
1037 1326 1136 1379 hoc
1163 1326 1321 1379 modo
1347 1344 1359 1379 :
1383 1326 1437 1379 Si
1462 1323 1775 1379 Ciceronem
1800 1325 1995 1378 animal
2020 1338 2141 1378 esse

558 1426 941 1482 monstremus,
970 1418 1215 1472 dicemus
1248 1422 1314 1470 ita
1349 1418 1561 1472 :Omne
1601 1417 1798 1470 animal
1844 1425 1935 1468 aut
1975 1416 2140 1470 ratio-

558 1506 677 1561 nale
706 1516 807 1576 est,
840 1517 928 1562 aut
971 1509 1307 1570 irrationale;
1354 1510 1447 1563 scd
1491 1505 1681 1562 Cicero
1727 1506 2000 1559 rationalis
2037 1512 2139 1558 est.

560 1597 756 1650 animai
792 1599 951 1666 igitur
986 1608 1067 1652 est
1096 1614 1109 1651 :
1141 1614 1242 1651 non
1284 1599 1569 1666 partitione
1611 1598 1807 1650 utimur
1838 1595 2145 1666 principali-

567 1696 648 1740 ter
673 1688 738 1740 ad
764 1698 1132 1756 argumentum
1160 1690 1613 1751 constituendum,
1638 1688 1730 1741 sed
1757 1687 1954 1740 idcirco
1976 1700 2145 1756 genus

562 1774 863 1843 divisimus,
898 1792 953 1831 ut
995 1780 1046 1833 in
1079 1779 1423 1847 uuaqualibet
1452 1779 1724 1832 divisione
1756 1777 1805 1831 id
1836 1777 1976 1846 quod
2010 1778 2145 1829 nite-

2232 585 2349 652 quia
2379 586 2507 654 ﬁnes
2544 585 2707 653 magis
2754 603 2995 656 agrorum
3037 587 3269 639 videntur
3312 602 3417 641 esse
3460 605 3617 658 quam
3656 592 3818 657 urbis,

2233 677 2422 745 finibus
2449 678 2682 747 regendis
2716 679 2939 749 adjicere
2984 678 3234 731 arbitrum
3279 696 3383 732 non
3430 682 3631 751 possis;
3668 685 3739 736 sic
3778 686 3826 737 si

2234 783 2366 833 aqua
2415 769 2586 835 pluvia
2630 768 2681 820 in
2733 767 2853 821 urbe
2896 778 3059 831 nocet,
3107 771 3349 838 quoniam
3392 788 3472 824 res
3513 783 3621 827 tota
3662 778 3825 845 utetng

2236 875 2477 927 agrorum
2502 869 2573 912 est
2602 876 2745 930 aqua?
2776 859 2963 927 pluvia:
2993 863 3249 931 arcendae,
3281 863 3507 932 adjicere
3536 883 3638 919 non
3666 869 3831 935 possis

2237 951 2505 1003 arbitrum.
2540 950 2620 1003 Eat
2651 952 2825 1004 eodem
2854 952 3209 1006 similitudinis
3249 953 3358 1007 loco
3396 958 3553 1009 etiam
3597 962 3831 1024 exenipla

2239 1051 2531 1106 sumuntur,
2558 1050 2611 1094 ut
2637 1040 2847 1096 Crassus
2878 1043 2928 1105 in
2951 1042 3175 1097 Curiana
3203 1061 3362 1098 causa
3389 1050 3633 1116 exemplis
3662 1050 3832 1113 pluri-

2243 1134 2336 1187 mis
2368 1150 2487 1187 mus
2524 1145 2615 1197 est,
2660 1151 2815 1203 agens
2854 1136 2916 1188 de
2942 1152 3001 1189 eo
3031 1137 3119 1205 qui
3148 1146 3445 1189 testamento
3474 1139 3548 1191 sic
3573 1139 3828 1192 barredem

2242 1226 2567 1293 instituisset,
2597 1236 2649 1278 ut
2680 1227 2723 1279 si
2753 1227 2895 1295 ﬁlius
2927 1237 3075 1281 natus
3103 1238 3226 1281 esset
3263 1230 3321 1281 in
3348 1229 3517 1282 decem
3547 1232 3822 1294 mensibus,

2245 1319 2386 1386 isque
2441 1328 2664 1371 mortuus
2720 1320 3016 1388 priusquam
3060 1322 3113 1370 in
3157 1335 3303 1372 suam
3350 1324 3557 1373 tutelam
3593 1321 3826 1385 emisset,

2246 1411 2496 1464 secundus
2528 1412 2685 1465 Itwres
2722 1412 3069 1465 hwredilatem
3098 1411 3423 1477 obtinuisset;
3461 1429 3576 1482 quae
3615 1431 3837 1467 comme-

2248 1501 2463 1555 moratio
2491 1503 2837 1573 exemplorum
2865 1502 3045 1568 valuit,
3082 1519 3237 1569 eaque
3276 1520 3363 1555 vos
3398 1504 3450 1555 in
3479 1507 3834 1573 respondendo

2248 1594 2323 1646 uti
2352 1594 2571 1646 multum
2597 1594 2789 1647 soletis.
2822 1591 2975 1647 Ficta
3016 1594 3169 1647 etiam
3211 1596 3445 1662 exempla
3480 1594 3834 1647 similitudinis

2252 1687 2434 1740 habent
2461 1687 2583 1751 vim,
2611 1688 2700 1739 sed
2742 1703 2798 1739 ea
2838 1688 3059 1739 oratoria
3108 1686 3269 1755 magis
3310 1700 3425 1738 sunt
3461 1703 3615 1755 quam
3652 1697 3834 1750 vestra,

2252 1794 2542 1847 quanquam
2572 1762 2645 1829 uti
2674 1778 2827 1831 etiam
2856 1794 2943 1831 vos
2972 1777 3170 1842 soletis,
3201 1778 3288 1830 sed
3328 1776 3423 1830 hoc
3453 1778 3607 1830 modo
3632 1791 3651 1831 :
3676 1776 3839 1848 Finge

562 1864 751 1920 bamur
782 1868 1065 1923 ostendere
1098 1880 1278 1939 posset
1315 1869 1536 1934 includi,
1576 1869 1625 1922 id
1669 1878 1751 1923 est
1778 1876 1835 1922 ut
1865 1867 1914 1922 id
1945 1868 2011 1921 de
2039 1882 2143 1936 quo
2174 1868 2220 1928 Β
2249 1870 2503 1939 mancipio
2542 1870 2765 1938 aliquem
2811 1870 3010 1923 dedisse
3049 1868 3103 1921 id
3143 1869 3279 1937 quod
3308 1869 3565 1937 mancipio
3594 1869 3707 1921 dari
3738 1886 3838 1922 non

564 1957 835 2013 dubitatur
866 1961 917 2013 in
950 1961 1210 2029 assumpti
1249 1960 1578 2015 continentia
1617 1961 1831 2029 generis
1874 1960 2147 2028 redigere-

565 2057 668 2113 tur,
719 2052 897 2119 itaque
943 2050 1011 2125 de
1046 2067 1110 2106 eo
1159 2065 1251 2120 per
1288 2052 1500 2120 generis
1540 2059 1780 2105 naturam
1814 2050 1947 2103 lides
1974 2049 2144 2103 ﬁeret.

565 2138 658 2194 Sic
693 2154 823 2211 ergo
861 2157 891 2195 a
938 2156 1133 2212 genere
1171 2142 1305 2197 facta
1350 2141 1736 2211 argumentatio
1766 2140 1886 2210 jure
1916 2141 2146 2194 dicetur.

567 2232 811 2303 Amplius
851 2234 923 2289 ita
968 2236 1198 2304 partium
1226 2235 1560 2289 enumeratio
1588 2234 1753 2288 totius
1782 2232 1997 2287 allicere
2025 2233 2153 2286 sub-

568 2328 821 2382 stantiam
850 2327 1011 2395 solet,
1042 2329 1156 2384 sive
1200 2328 1328 2382 illud
1371 2328 1673 2383 universale
1722 2326 1810 2392 sit,
1861 2334 1919 2379 ut
1958 2340 2147 2395 genus,

569 2416 682 2471 sive
712 2416 943 2486 partium
986 2416 1367 2486 conjunctione
1404 2416 1722 2485 completur,
1768 2426 1824 2469 ut
1856 2427 2043 2469 lotutn.
2084 2418 2157 2467 At

571 2520 701 2562 vero
728 2506 843 2562 haec
869 2507 1065 2561 divisio
1094 2508 1307 2576 generis
1333 2508 1384 2561 in
1415 2506 1567 2577 cujus
1599 2516 1749 2576 parte
1789 2507 2037 2576 qua-libet
2066 2506 2155 2560 illa

573 2612 664 2653 res
689 2598 757 2653 de
783 2612 886 2668 qua
912 2599 1254 2654 contenditur
1280 2599 1603 2654 includenda
1629 2609 1733 2663 est,
1764 2614 1868 2654 non
1896 2599 1945 2653 id
1969 2598 2156 2663 cllicit,

580 2700 639 2743 ut
673 2688 837 2744 totius
877 2691 1173 2745 substantia
1214 2692 1589 2759 constituatur,
1624 2695 1719 2747 sed
1763 2702 1817 2747 ut
1858 2692 1985 2746 illud
2018 2691 2161 2761 quod

584 2780 895 2867 approbare
920 2783 1209 2853 quaerimus
1254 2784 1389 2839 intra
1434 2800 1600 2855 genus
1646 2784 1959 2840 collocetur.
1991 2784 2161 2851 Quem

548 2864 1058 2959 argumentationis
1098 2876 1313 2932 modum
1358 2877 1625 2947 imprimis
1672 2877 1743 2931 M.
1788 2875 1993 2931 Tullius
2034 2876 2168 2930 Vali-
2244 2864 2248 2869 ’

578 2964 705 3020 dum
734 2980 857 3023 esse
883 2967 1182 3024 conllrmat.
1218 2968 1311 3024 illa
1341 2969 1486 3024 enim
1528 2970 1707 3040 regula
1759 2970 1887 3025 satis
1930 2983 2053 3023 vera
2085 2977 2167 3023 est

578 3067 739 3127 atque
764 3060 1086 3128 necessaria,
1113 3061 1241 3129 Quae
1259 3061 1326 3117 de
1352 3074 1550 3132 genere
1576 3061 1956 3131 praedicantur,
1979 3061 2164 3115 eadem

581 3151 647 3205 de
668 3152 859 3221 specie
884 3153 1056 3208 modis
1081 3154 1330 3209 omnibus
1360 3154 1660 3223 praedicari.
1688 3152 1824 3211 lllud
1848 3167 1976 3208 vero
1998 3153 2164 3222 quaeri

2254 1970 2440 2029 potest,
2468 1978 2586 2013 num
2617 1960 2816 2013 idcirco
2844 1960 2898 2012 id
2928 1963 3039 2032 ejus
3069 1962 3260 2029 factum
3290 1968 3361 2012 est
3392 1958 3478 2027 qui
3505 1961 3698 2029 accepit
3713 1960 3840 2011 ?Aut

2254 2069 2377 2106 num
2407 2053 2449 2105 is
2479 2053 2565 2123 qui
2596 2052 2850 2120 mancipio
2880 2052 3040 2110 dedit.
3074 2052 3132 2103 ob
3174 2067 3285 2103 eam
3324 2066 3429 2103 rem
3467 2067 3522 2104 se
3568 2050 3843 2121 obligavit?

2257 2144 2323 2197 In
2352 2146 2445 2197 hoc
2473 2160 2651 2214 genere
2679 2144 2966 2197 oratoribus
3011 2152 3053 2196 et
3096 2143 3414 2213 philosOphis
3451 2160 3741 2197 concessum
3770 2155 3845 2198 est

2257 2248 2312 2290 ut
2342 2248 2480 2290 muta
2506 2239 2655 2290 etiam
2685 2238 2978 2307 loquantur,
3009 2245 3063 2288 ut
3094 2238 3281 2289 mortui
3308 2238 3381 2290 'ab
3409 2237 3586 2307 inferis
3618 2240 3845 2291 arciten-

2259 2340 2362 2391 tur,
2391 2338 2445 2381 ut
2473 2330 2670 2398 aliquid
2703 2334 2843 2399 quod
2869 2330 2980 2396 ﬁeri
3016 2329 3157 2382 nullo
3201 2330 3351 2383 modo
3388 2331 3561 2399 possit,
3594 2331 3844 2399 augenda:

2260 2424 2334 2474 rei
2362 2423 2526 2491 gratia
2554 2423 2776 2487 dicatur,
2821 2431 2875 2475 ut
2923 2423 3232 2487 minuenda,
3263 2441 3377 2493 qua:
3410 2425 3681 2494 hyperbole
3709 2425 3841 2477 dici-

2264 2526 2366 2579 tur,
2414 2523 2461 2567 et
2509 2515 2669 2567 multa
2713 2515 2969 2567 mirabilia
3006 2516 3131 2568 alia.
3180 2516 3287 2571 Sed
3335 2518 3482 2569 latior
3524 2526 3594 2570 est
3632 2532 3845 2586 campus

2263 2604 2495 2670 illorum,
2513 2606 2700 2659 eisdem
2724 2616 2891 2659 tamen
2909 2623 2972 2660 ea:
2994 2607 3116 2660 locis
3145 2609 3223 2677 (ut
3247 2617 3365 2660 ante
3390 2608 3519 2676 dixi)
3542 2619 3585 2661 et
3603 2608 3659 2660 in
3686 2607 3852 2661 maxi-

2268 2698 2363 2750 mis
2391 2707 2436 2751 et
2466 2700 2518 2750 in
2546 2698 2764 2751 minimis
2792 2700 3157 2768 quwstionibus
3198 2713 3503 2769 argumenta
3545 2702 3761 2756 ducunt.

2353 2789 2427 2843 De
2463 2788 2831 2842 similitudinis
2872 2791 2989 2844 loco
3033 2790 3188 2858 plane
3233 2800 3395 2860 atque
3415 2793 3663 2859 expedite
3688 2793 3858 2847 disse-

2274 2881 2399 2949 ruit,
2418 2895 2741 2949 omnemque
2758 2880 2969 2945 aperuit
2990 2880 3343 2945 intellectum,
3366 2881 3771 2935 similitudinum
3785 2882 3855 2934 di.

2273 2971 2461 3025 videns
2521 2970 2740 3059 formas,
2795 2971 3227 3040 prmscripsitque
3279 2972 3619 3039 apertissime
3664 2972 3861 3041 quibus

2273 3067 2443 3135 magis
2475 3082 2541 3120 ex
2559 3066 2905 3119 similitudine
2927 3075 3237 3134 argumenta
3261 3066 3655 3135 contingerent,
3684 3065 3733 3118 id
3755 3075 3856 3130 est,

2275 3140 2606 3227 philosophis
2673 3166 2833 3227 atque
2900 3159 3251 3224 oratoribus;
3324 3161 3523 3213 etenim
3568 3159 3865 3214 similitudo

586 3243 813 3310 perutile
856 3252 959 3313 est,
1003 3259 1128 3299 cum
1179 3243 1381 3314 aliquid
1432 3246 1498 3299 de
1546 3244 1954 3313 particularibus
2004 3245 2163 3298 rebus
2190 3236 2239 3299 C
2273 3248 2713 3318 persuasionibus
2735 3249 2947 3304 videtur
2974 3249 3417 3318 aptissima.Nam
3449 3253 3589 3321 quod
3620 3252 3671 3304 in
3705 3267 3862 3306 unam

582 3335 836 3401 probatur
873 3351 939 3390 ex
987 3340 1321 3407 superposita
1366 3337 1605 3407 proxima
1654 3338 1856 3406 specie,
1894 3345 1952 3389 ut
1990 3337 2036 3389 si
2068 3336 2169 3389 So-

582 3438 783 3484 cratem
829 3431 1143 3487 rationalem
1190 3447 1310 3487 esse
1364 3434 1743 3502 approbemus,
1796 3432 2046 3501 quoniam
2098 3431 2170 3485 sit

584 3516 764 3585 homo,
797 3533 919 3574 cum
969 3521 1039 3575 sit
1079 3521 1241 3577 homo
1287 3522 1585 3589 rationalis,
1634 3532 1811 3575 utrum
1856 3537 1921 3575 es
1969 3536 2170 3589 genere

585 3621 651 3660 an
682 3623 744 3663 ex
774 3609 946 3663 forma
980 3620 1348 3680 argumentum
1390 3612 1607 3663 ductum
1654 3624 1775 3665 esse
1820 3610 2168 3664 arbitremur.

585 3698 718 3753 Nam
745 3700 790 3755 si
816 3699 1057 3755 dicamus
1085 3716 1150 3755 ex
1179 3715 1397 3769 genere,
1424 3702 1607 3755 ultima
1629 3701 1837 3771 species
1861 3715 2031 3771 genus
2050 3715 2172 3757 esse

588 3803 693 3843 non
724 3799 923 3859 potest;
945 3790 988 3844 si
1018 3805 1084 3846 ex
1113 3791 1315 3861 specie,
1343 3792 1738 3862 superpositum
1764 3806 1931 3860 genus
1960 3807 2173 3862 semper

586 3884 798 3951 species
835 3884 1064 3952 probare
1100 3883 1394 3940 desiderat.
1444 3885 1698 3942 Socrates
1732 3900 1863 3942 vero
1896 3885 1983 3941 cui
2014 3885 2172 3941 ﬁdem

590 3983 811 4043 praestat
840 3974 1019 4042 homo,
1043 3976 1295 4045 quoniam
1317 3977 1594 4033 rationalis
1616 3987 1718 4045 est,
1742 3993 1912 4049 genus
1943 3977 2173 4034 hominis

591 4077 695 4117 non
736 4073 838 4129 est,
865 4065 959 4120 sed
989 4065 1273 4122 dicendum
1316 4079 1399 4123 est
1430 4068 1683 4138 quoniam
1726 4068 1871 4124 velut
1905 4085 1934 4123 a
1975 4083 2176 4139 genere

592 4164 816 4212 tractum
841 4158 1109 4215 videbitur
1129 4171 1524 4229 argumentum.
1551 4160 1682 4216 Nam
1711 4177 1776 4217 ex
1803 4177 1999 4232 genere
2023 4161 2175 4231 quasi

589 4264 657 4302 cx
687 4252 982 4305 continenti
1026 4260 1185 4321 atque
1222 4252 1489 4320 ampliori,
1524 4262 1579 4306 et
1614 4253 1679 4306 de
1712 4253 2011 4308 substantia
2041 4252 2175 4307 lides

590 4342 865 4409 praedicati
909 4342 1165 4397 ducitur:
1201 4357 1362 4412 quam
1411 4351 1611 4398 sortem
1655 4343 1723 4397 ad
1767 4359 1865 4398 sua
1905 4343 2172 4398 individua

590 4433 824 4500 speciem
853 4447 1011 4487 nemo
1050 4432 1259 4501 dubitat
1293 4433 1560 4503 obtinere,
1590 4448 1712 4488 nam
1738 4442 1795 4490 et
1818 4433 2056 4502 continet
2085 4449 2170 4501 ea,

590 4531 645 4576 et
670 4521 737 4577 de
767 4537 951 4578 eorum
981 4523 1277 4579 substantia
1305 4523 1646 4594 praedicatur.

666 4612 969 4668 Similitudo
1016 4616 1267 4686 sequitur,
1300 4629 1413 4685 quia
1451 4616 1551 4671 late
1588 4623 1748 4685 patet,
1776 4614 1868 4669 sed
1898 4615 2181 4669 oratoribus

590 4713 638 4756 et
679 4704 994 4775 philosophis
1028 4707 1188 4777 magis
1216 4721 1367 4777 quam
1396 4707 1555 4762 vobis.
1594 4705 1709 4760 Etsi
1737 4708 1871 4760 enim
1901 4723 2073 4761 oumes
2102 4708 2181 4760 lo-

593 4796 639 4848 ci
676 4798 775 4849 sint
806 4798 1031 4852 onmium
1076 4800 1486 4868 disputationum
1519 4800 1589 4853 ad
1612 4810 1910 4873 argumenta
1941 4802 2185 4873 suppedi-

594 4890 776 4956 tanda,
806 4900 975 4951 tamen
1016 4892 1133 4946 aliis
1161 4893 1591 4963 disputationibus
1630 4894 1977 4948 abundantius
2007 4912 2187 4951 occur-

591 4993 735 5049 runt,
764 4984 880 5038 aliis
920 4986 1208 5057 angustius.
1250 4984 1435 5057 Itaque
1479 5002 1661 5057 genera
1690 4986 1781 5041 tibi
1806 4997 1928 5041 nota
1956 4990 2076 5056 sint,
2103 4990 2189 5042 ubi

592 5082 766 5127 autem
789 5075 869 5129 his
893 5085 1058 5146 utare,
1087 5077 1391 5147 qumtiones
1418 5078 1546 5145 ipsa:
1574 5085 1622 5131 te
1646 5077 2007 5131 admonebunt.
2053 5078 2187 5134 Sum‘

593 5166 729 5219 enim
756 5166 1120 5222 similitudines
1147 5183 1262 5233 qua:
1300 5184 1362 5223 ea:
1402 5168 1639 5239 pluribus
1676 5168 2037 5222 collationibus
2074 5186 2188 5240 per—

593 5259 799 5310 ueniunt
818 5274 918 5329 quo
947 5258 1141 5324 volunt,
1169 5258 1266 5312 hoc
1290 5258 1443 5312 modo
1464 5273 1484 5311 :
1508 5256 1569 5312 Si
1596 5266 1732 5311 tutor
1761 5258 1917 5327 ﬁdem
1941 5268 2187 5329 pra’stare

594 5349 756 5417 debet,
784 5350 829 5405 si
854 5352 1045 5419 socius,
1074 5351 1121 5406 si
1158 5352 1243 5405 cui
1272 5350 1557 5415 mandaris,
1584 5351 1629 5405 si
1658 5350 1746 5419 qui
1772 5349 2019 5419 ﬁduciam
2039 5368 2187 5405 acce-

596 5444 749 5512 perit,
778 5445 921 5499 debet
951 5447 1103 5501 etiam
1131 5456 1456 5518 procurator.
1493 5443 1620 5498 Herc
1650 5460 1714 5498 ea:
1754 5443 1985 5514 pluribus
2016 5460 2189 5515 perve-

596 5534 740 5588 niens
758 5551 859 5604 quo
883 5536 989 5592 vult
1013 5538 1304 5608 appellatur
1331 5536 1582 5601 inductio,
1606 5550 1719 5607 qua
1744 5533 1919 5590 erce
1946 5538 2188 5607 ἆπαγωγὴ

594 5626 910 5693 nominatur,
946 5645 1047 5699 qua
1083 5630 1361 5698 plurimum
1391 5638 1463 5684 est
1495 5646 1617 5684 usus
1651 5629 1704 5681 in
1739 5626 2053 5682 sermonibus
2081 5627 2189 5680 suis

599 5714 861 5772 Socrates.
892 5720 1123 5774 Alterum
1158 5721 1511 5775 similitudinis
1540 5736 1700 5790 genus
1730 5717 2000 5772 collatione
2028 5717 2191 5772 sumi-

599 5808 705 5867 tur,
731 5816 847 5857 cum
873 5822 975 5861 una
1000 5824 1081 5863 res
1103 5811 1214 5878 ani,
1241 5824 1336 5879 par
1367 5812 1484 5881 pari
1512 5817 1859 5882 comparatur,
1885 5808 1980 5864 hoc
2001 5809 2189 5865 modo:

1930 5900 1941 5903 _
1960 5899 1996 5905 —
2009 5896 2083 5906 ,κη-⁷

1087 5964 1128 5983 ἃ.

2274 3341 2359 3394 vel
2387 3339 2566 3407 plures
2597 3350 2745 3392 extra
2770 3354 2887 3393 eam
2915 3341 2981 3393 de
3007 3356 3107 3408 qua
3132 3341 3391 3409 qumritur
3434 3350 3647 3395 causam
3672 3340 3861 3395 cadere

2280 3431 2439 3495 solet,
2476 3431 2631 3483 facile
2660 3430 2804 3484 credi
2834 3438 3010 3499 potest
3038 3432 3087 3484 in
3116 3447 3232 3484 eam
3264 3448 3476 3500 quoque
3521 3432 3589 3486 de
3618 3447 3718 3502 qua
3747 3446 3863 3484 am-

2281 3520 2476 3589 bigitur
2524 3523 2834 3574 convenire.
2892 3521 3094 3576 Idcirco
3151 3537 3215 3577 ex
3274 3522 3630 3577 similitudine
3683 3532 3867 3577 tractas

2276 3610 2767 3677 argumentationes
2834 3625 3080 3679 magnum
3134 3610 3437 3665 oratoribus
3502 3626 3655 3665 usum
3726 3625 3866 3679 prta-

2277 3709 2443 3766 stant,
2468 3699 2798 3769 pliilosophis
2830 3716 3072 3770 quoque,
3107 3702 3353 3769 quoniam
3400 3716 3504 3755 non
3535 3701 3585 3754 in
3617 3700 3866 3754 omnibus

2277 3792 2662 3863 quaestionibus
2715 3794 3171 3849 demonstratione
3193 3804 3431 3863 utuntur,
3461 3794 3549 3849 sed
3577 3793 3866 3860 aliquoties

2279 3884 2587 3938 verisimilia
2619 3883 2897 3953 colligunt,
2915 3899 3021 3954 quo
3046 3884 3096 3938 id
3118 3884 3323 3938 facilius
3346 3885 3698 3953 persuadeant
3718 3884 3867 3955 quod

2282 3975 2528 4030 nituntur
2576 3976 2863 4028 ostendere
2891 4014 2905 4037 ,
2957 3973 3246 4028 similitudo
3277 3989 3455 4029 rerum
3491 3989 3638 4042 stupe
3675 3984 3756 4027 est
3787 3975 3868 4027 in-

2282 4066 2543 4137 quirenda
2568 4106 2582 4131 ,
2616 4074 2776 4135 atque
2810 4064 3009 4117 idcirco
3058 4064 3205 4118 locus
3247 4079 3275 4117 a
3308 4062 3653 4118 similitudine
3690 4069 3866 4115 orato-

2283 4158 2434 4212 ribus
2483 4159 2715 4212 maxime
2741 4156 3185 4227 pliilosoiiliisque
3217 4156 3487 4221 conducit,
3517 4168 3618 4209 non
3686 4162 3863 4207 tamen

2284 4249 2434 4302 solis.
2459 4249 2659 4303 Omnes
2699 4249 2966 4311 enimloci
2993 4262 3304 4302 communes
3318 4258 3442 4301 sunt
3471 4246 3721 4316 cujusque
3750 4260 3866 4298 ma-

2286 4341 2456 4406 teriae,
2486 4340 2579 4393 sed
2609 4341 2663 4393 in
2685 4340 2803 4393 aliis
2833 4342 3052 4395 uberius
3076 4339 3335 4403 incidunt,
3373 4340 3424 4392 in
3458 4338 3575 4392 aliis
3596 4337 3872 4405 augustius

2284 4430 2646 4485 inveniuntur.
2708 4429 2971 4497 Quocirca
3014 4431 3241 4501 cognitis
3263 4439 3421 4498 atquc
3462 4437 3585 4481 ante
3611 4427 3871 4496 perceptis

2284 4523 2416 4576 locis
2442 4522 2764 4590 quaestiones
2793 4522 2921 4589 ipsa:
2967 4536 3085 4591 qua:
3114 4520 3479 4576 tractabuntur
3508 4518 3699 4589 quibus
3734 4518 3865 4571 locis

2207 4603 2264 4663 Ῑ)
2289 4616 2572 4671 utidebeat
2618 4615 2870 4669 solertem
2896 4615 3130 4668 animum
3146 4623 3393 4683 poterunt
3411 4614 3723 4666 admonere.
3750 4609 3873 4664 0m-

2290 4709 2373 4763 nis
2398 4722 2525 4761 vero
2558 4705 2849 4761 similitudo
2882 4704 3073 4773 duplex
3098 4713 3179 4757 est
3205 4719 3219 4758 :
3250 4712 3340 4755 aut
3368 4702 3508 4756 enim
3538 4715 3601 4755 ex
3633 4698 3871 4769 pluribus

2292 4796 2592 4852 similitudo
2618 4796 2888 4865 colligitur
2912 4835 2925 4860 ,
2971 4804 3025 4848 et
3054 4793 3287 4847 inductio
3331 4801 3690 4860 nuncupatur,
3734 4791 3875 4858 quod

2294 4887 2469 4942 ϐραξρί
2493 4889 2755 4959 ἐπαγωγὴν
2779 4883 3079 4945 nominaut,
3113 4892 3202 4936 aut
3232 4882 3453 4952 singulm
3485 4896 3571 4936 res
3605 4896 3700 4949 per
3730 4880 3875 4934 simi«

2295 4979 2577 5032 litudinem
2606 4969 3005 5045 comparantur.
3041 4977 3116 5027 Ac
3148 4974 3292 5040 prior
3318 4973 3532 5042 quidem
3568 4972 3876 5041 liujusmodi

2296 5082 2381 5126 est
2415 5088 2430 5124 :
2464 5069 2521 5124 Si
2550 5078 2692 5121 tutor
2715 5067 2871 5122 ﬁdem
2900 5078 3155 5135 prtesmre
3182 5063 3362 5129 debet,
3395 5064 3439 5117 si
3471 5063 3649 5118 socius
3674 5103 3688 5126 ,
3722 5063 3765 5116 si
3796 5065 3877 5116 cui

2294 5159 2630 5216 mandaveris
2656 5198 2673 5225 ,
2702 5159 2747 5211 si
2778 5158 2867 5228 qui
2897 5156 3141 5210 ﬁduciam
3175 5155 3476 5223 acceperit,
3528 5153 3690 5207 debet
3717 5154 3899 5229 etiam,

2294 5261 2632 5324 procurator.
2687 5251 2818 5304 Nam
2846 5264 2965 5303 cum
2995 5250 3045 5302 in
3095 5248 3347 5317 pluribus
3368 5247 3525 5302 rebus
3556 5247 3686 5300 lides
3743 5260 3877 5313 prze-

2292 5345 2427 5399 stari
2452 5342 2669 5409 debeat,
2702 5356 2912 5409 unaque
2948 5340 3241 5394 similitudo
3265 5340 3335 5394 sit
3363 5340 3415 5392 in
3448 5337 3549 5392 fide
3573 5337 3874 5407 prmstanda

2297 5447 2402 5487 tam
2437 5436 2681 5487 intutore
2706 5446 2861 5502 quam
2875 5432 3043 5496 socio,
3063 5440 3221 5500 atque
3235 5444 3300 5484 eo
3321 5430 3405 5484 cui
3428 5425 3736 5483 mandatum
3773 5428 3863 5490 sit,

2296 5540 2470 5594 eoque
2497 5523 2847 5595 quiliduciam
2864 5525 3163 5591 acceperit,
3188 5522 3347 5575 debet
3370 5521 3557 5575 eadem
3582 5517 3879 5574 similitudo

2298 5618 2635 5689 procuratori
2667 5617 2824 5671 etiam
2849 5616 3161 5671 convenire.
3214 5615 3483 5670 Fiduciam
3520 5630 3647 5669 vero
3678 5613 3878 5681 accepit

2297 5714 2600 5780 cuicunque
2636 5725 2722 5764 res
2772 5710 2948 5779 aliqua
2997 5710 3363 5778 mancipatur,
3398 5716 3453 5761 ut
3504 5721 3621 5762 eam
3676 5704 3870 5759 manci-

2298 5803 2448 5877 ραιιῆ
2489 5802 2860 5872 remancipot,
2893 5801 3039 5856 Velut
3066 5801 3110 5856 si
3159 5800 3277 5871 quis
3326 5808 3535 5872 tempus
3567 5798 3783 5857 dubiun‘:
3815 5788 3879 5849 ii-
