4248 6272
309 401 450 457 1117

1110 470 1115 471 γ
1160 392 1224 448 IN
1265 388 1513 448 TOPICA
1534 372 1898 443 CICERONIS
1936 381 2456 440 COMMENTARIA.
2500 378 2610 435 LIB
2653 378 2739 435 IV.

3445 369 3584 429 1118

310 529 464 569 mens
490 512 663 569 amico
693 508 981 581 potentiori
1020 506 1240 561 fundum
1285 504 1575 572 mancipet,
1612 508 1671 556 ut.
1694 496 1740 556 ei
1770 512 1890 555 cum
1921 497 1975 558 Α
1998 495 2101 552 loci
2124 509 2334 565 quoque
2361 498 2799 562 argumentorum
2831 485 3169 540 diversarum
3191 484 3581 553 actiumiqtms-

312 618 522 674 tempus
548 604 688 674 quod
716 612 1021 671 suspectum
1054 608 1135 655 est
1187 596 1504 667 praeterierit
1536 593 1752 657 reddat;
1778 594 1890 647 tunc

310 694 637 762 mancipatio
667 692 943 746 liduciaria
982 691 1308 755 nominatur,
1368 688 1569 742 idcirco
1598 684 1741 755 quod
1772 699 1887 739 res-

314 786 538 841 tituendi
571 786 700 840 ﬁdes
732 783 1107 851 interponitur.
1148 782 1260 835 Hac
1296 780 1665 834 similitudinis
1699 779 1895 831 collec-

314 878 460 932 tione
491 878 777 946 plurimum
821 874 1070 929 Socrates
1122 887 1242 926 esse
1289 886 1416 925 usus
1465 870 1677 934 dicitur,
1736 878 1794 921 nt
1842 869 1895 922 in

315 968 553 1024 Platonis
623 970 956 1035 aliorumque
995 964 1113 1033 ejus
1165 974 1490 1018 sectatorum
1536 962 1898 1018 voluminibus

312 1062 598 1117 invenitur.
628 1062 848 1127 Quoties
893 1074 1023 1113 vero
1052 1075 1152 1111 una
1186 1072 1275 1111 res
1306 1060 1396 1111 uni
1430 1057 1506 1111 rei
1533 1071 1626 1125 per
1652 1055 1900 1109 similitu—

311 1150 490 1211 dinvm
521 1163 880 1221 comparatur,
916 1152 1017 1206 hoc
1037 1151 1195 1205 modo
1218 1150 1895 1217 eolligiturargumentum.

312 1247 685 1317 Regendorum
719 1245 901 1299 finium
934 1243 1119 1297 arbitri
1151 1258 1270 1296 esse
1299 1242 1569 1302 dit-untur,
1600 1238 1693 1317 qui
1719 1236 1899 1291 liualia

313 1340 474 1410 litigia
503 1339 842 1400 discernunt,
872 1346 932 1389 ut
958 1336 1000 1389 si
1036 1335 1192 1389 fuerit
1218 1333 1285 1387 de
1311 1332 1506 1386 finibus
1528 1342 1645 1385 orta
1679 1340 1903 1383 conten-

312 1434 386 1488 tio
411 1475 425 1497 ,
471 1447 655 1487 eorum
689 1427 1227 1484 dirimaturarbitrio.
1255 1425 1358 1479 Sed
1407 1424 1537 1478 lines
1572 1424 1623 1477 in
1650 1436 1899 1492 agrorum

314 1534 518 1579 tantum
560 1522 817 1578 limitibus
848 1536 968 1574 esse
988 1520 1255 1581 dicuntur,
1296 1518 1679 1572 arbitriautem
1718 1514 1900 1567 finium

313 1616 672 1688 regendorum
706 1615 758 1667 in
791 1613 1009 1667 civitate
1039 1626 1158 1666 esse
1206 1627 1309 1665 non
1362 1620 1603 1678 possunt.
1641 1609 1772 1663 ltem
1816 1622 1905 1660 ar-

314 1709 421 1762 ceri
477 1721 667 1776 aquam
700 1706 749 1758 in
782 1704 922 1773 agris
956 1714 1159 1757 tantum
1186 1702 1288 1756 dici
1320 1703 1478 1765 solet,
1507 1700 1670 1755 ubisi
1708 1714 1773 1753 ex
1812 1698 1905 1751 ali-

315 1812 420 1866 quo
456 1795 575 1851 loco
605 1809 738 1864 aqua
771 1792 946 1863 pluvia
972 1792 1274 1862 colligatur,
1298 1800 1363 1845 et
1393 1791 1635 1872 detinens
1679 1790 1732 1844 in
1762 1803 1903 1843 cam-

1997 587 2225 643 tionibus
2238 582 2728 640 accommodentur.

2072 679 2315 748 Sequitur
2340 674 2733 729 similitudinem
2759 668 3070 735 (li/ferentia,
3106 680 3187 719 m
3217 663 3438 716 maxime
3463 679 3583 716 con-

1997 773 2159 825 traria
2193 769 2466 839 superiori,
2492 767 2579 820 sed
2609 776 2681 819 est
2730 765 2955 836 ejusdem
2984 760 3243 832 facultatis
3270 758 3515 811 dissimile
3541 766 3589 809 et

2001 867 2165 919 simile
2197 863 2453 925 inuenire;
2475 864 2585 926 eius
2611 860 2809 929 generis
2842 859 2951 911 lucc
2982 866 3098 909 sunt
3121 870 3149 908 :'
3171 854 3291 907 Non
3342 852 3591 916 quemad-

2001 957 2211 1008 modum
2236 953 2370 1023 quod
2397 953 2596 1005 mulieri
2620 950 2799 1004 debeas
2841 959 2975 1002 recte
3005 948 3101 1016 ipsi
3132 946 3338 999 mulieri
3370 946 3479 996 sine
3512 958 3591 992 m-

2006 1054 2114 1097 tore
2150 1051 2355 1096 auctore
2404 1042 2590 1105 solvas,
2615 1040 2685 1092 ita
2715 1040 2850 1109 quod
2891 1037 3088 1107 pupillo
3128 1044 3219 1090 aut
3263 1032 3477 1105 pupilla:
3503 1032 3592 1083 de-

2003 1136 2121 1189 beas
2154 1145 2286 1187 recte
2306 1134 2466 1204 possis
2498 1132 2673 1185 eodem
2700 1132 2848 1183 modo
2863 1130 3075 1183 solvere.

2076 1226 2327 1295 Ejusdem
2374 1224 2642 1278 facultatis
2686 1230 2763 1276 est
2822 1220 3204 1275 similitudines
3232 1215 3593 1270 ditl’erentias-

2006 1334 2111 1388 que
2134 1331 2461 1386 cognoscere
2487 1332 2501 1378 ;
2530 1316 2618 1384 qui
2640 1315 2793 1369 enim
2817 1315 2919 1367 scit
2950 1311 3074 1381 quid
3094 1311 3165 1365 sit
3218 1310 3380 1372 idem,
3430 1322 3591 1363 nosse

2007 1414 2203 1482 poterit
2223 1410 2347 1480 quid
2378 1409 2445 1462 sit
2466 1409 2754 1463 diversum.
2782 1405 2970 1460 Omnis
2998 1402 3429 1458 verosimilitudo
3452 1395 3590 1455 ide'm

2007 1504 2207 1574 aliquid
2239 1518 2361 1559 esse
2383 1501 2700 1566 constituit,
2744 1501 2885 1567 quod
2932 1498 3083 1554 enim
3124 1498 3263 1551 idem
3295 1507 3377 1549 εει
3404 1509 3595 1548 secun-

2009 1596 2137 1651 dum
2165 1596 2480 1664 qualitatem
2510 1634 2523 1657 ,
2576 1594 2625 1646 id
2660 1592 2836 1646 simile
2865 1606 2986 1646 esse
3034 1604 3253 1645 necesse
3278 1596 3381 1643 est.
3410 1585 3597 1641 Omnis

2008 1692 2204 1761 quippe
2230 1704 2317 1744 res
2336 1698 2429 1742 aut
2467 1688 2762 1742 substantia
2787 1686 2991 1739 eaedem
3019 1692 3163 1749 sunt,
3197 1690 3286 1736 aut
3312 1678 3594 1755 qualitate,

2009 1795 2102 1840 aut
2145 1784 2376 1839 caeteris
2414 1778 2863 1850 medicamentis.
2893 1776 3045 1845 Quod
3072 1776 3115 1830 si
3149 1777 3217 1828 ita
3248 1781 3351 1839 est,
3393 1780 3449 1826 et
3477 1771 3592 1824 ani-

314 1862 413 1957 pos
464 1887 623 1942 vicini
654 1862 863 1955 pascua
897 1885 1144 1952 frugesve
1199 1862 1509 1952 corrumpat
1530 1924 1544 1948 ,
1599 1882 1783 1937 arbitri
1816 1897 1904 1934 ειε-
1934 1862 1985 1928 Β
2011 1891 2130 1931 mus
2161 1875 2461 1946 intelligere
2493 1873 2595 1927 lioc
2626 1872 2765 1926 idem
2801 1872 2852 1924 in
2885 1870 3127 1939 pluribus
3168 1866 3595 1937 prazdicamentis

314 1977 501 2033 cenda:
530 1992 682 2047 aqua:
720 1992 753 2030 a
797 1975 1192 2045 magistratibus
1220 1976 1609 2029 statuebantur.
1636 1974 1905 2040 Quaeritur

315 2051 442 2139 ergo
465 2083 532 2122 an
556 2068 606 2122 in
631 2067 760 2122 urbe
776 2066 1019 2122 arcenda:
1040 2080 1193 2135 aqua:
1215 2064 1473 2120 arbitrum
1500 2065 1775 2134 possimus
1790 2065 1907 2117 adi-

315 2175 460 2229 gere.
497 2158 564 2213 Et
594 2170 961 2229 argumentum
995 2158 1203 2226 capitur
1231 2173 1300 2212 ex
1324 2156 1694 2211 similitudine.
1723 2156 1778 2210 Si
1813 2170 1905 2210 re-

321 2253 619 2320 gendorum
656 2251 861 2315 linium,
893 2250 1013 2319 quia
1030 2250 1199 2303 solius
1216 2250 1327 2318 agri
1345 2256 1491 2312 sunt,
1527 2249 1579 2302 in
1604 2250 1735 2303 urbe
1764 2247 1909 2301 arbi-

317 2349 459 2394 trum
493 2340 707 2410 adigere
740 2355 845 2393 non
894 2340 1088 2407 possis,
1125 2354 1191 2394 ne
1207 2355 1359 2408 aqum
1385 2338 1600 2408 quidem
1632 2338 1905 2404 arcendze,

317 2427 437 2496 quia
464 2429 701 2482 solorum
733 2443 852 2483 esse
875 2428 1084 2483 videtur
1104 2443 1379 2499 agrorum,
1414 2427 1465 2482 in
1487 2429 1619 2482 urbe
1646 2428 1905 2482 arbitrum

320 2518 492 2589 pessis
523 2521 760 2592 adigere.
783 2520 880 2577 llic
906 2522 1067 2591 igitur
1095 2538 1195 2576 una
1222 2538 1309 2577 res
1341 2524 1427 2576 uni
1460 2523 1535 2576 rei
1558 2522 1909 2576 similitudine

318 2611 602 2679 e‘0njuncta
631 2620 733 2667 est.
766 2610 841 2665 Ex
869 2613 1058 2667 eodem
1087 2612 1246 2667 etiam
1271 2612 1641 2667 similitudinis
1673 2612 1791 2667 loco
1817 2612 1907 2666 illa

324 2704 461 2757 Sinni
493 2702 682 2758 Cicero
714 2704 963 2773 proponit
992 2721 1106 2774 quae
1136 2714 1398 2760 vocantur
1438 2705 1710 2774 exempla,
1745 2704 1913 2760 veluti

329 2792 555 2849 Crassus
586 2796 635 2847 in
669 2810 827 2849 causa
850 2795 1098 2860 Curiana,
1125 2812 1243 2866 qua:
1266 2796 1363 2849 fuit
1388 2795 1695 2864 huiusmodi
1731 2812 1741 2847 ε
1771 2795 1903 2861 Qui.

319 2884 443 2940 dam
473 2894 835 2954 prtegnantem
869 2900 1088 2939 uxorem
1140 2884 1451 2951 relinquens
1489 2884 1707 2953 scripsit
1736 2883 1907 2937 haere-

321 2974 441 3029 dem
475 2974 847 3041 pos-thumum,
889 2975 1046 3043 eique
1075 2975 1235 3028 alium
1265 2974 1537 3029 substituit
1585 2975 1901 3041 secundum,

321 3064 619 3135 quiCurius
648 3065 958 3132 vocabatur,
982 3081 1044 3119 ea
1070 3065 1398 3131 conditione,
1428 3074 1485 3119 ut
1509 3066 1551 3118 si
1569 3066 1905 3133 postliumus,

320 3156 413 3224 qui
468 3156 605 3209 intra
651 3170 867 3213 menses
893 3156 1080 3233 decem
1114 3156 1389 3223 proximos
1422 3166 1752 3221 nasceretur,
1782 3165 1909 3210 ante

2010 1978 2207 2038 potest.
2233 1966 2339 2023 Sed
2370 1981 2493 2020 cum
2546 1965 2647 2019 hoc
2675 1966 2847 2033 ipsum
2904 1962 3042 2016 idem
3084 1961 3135 2014 in
3170 1960 3597 2029 praedicamentis

2010 2070 2183 2124 notat,
2236 2060 2426 2113 eodem
2468 2056 2628 2110 modo
2658 2057 2713 2107 in
2739 2055 2941 2108 eisdem
2975 2051 3403 2121 praedicamentis
3454 2044 3595 2115 quod

2010 2155 2281 2209 diversum
2306 2159 2391 2207 est
2417 2152 2672 2213 intuetur;
2703 2147 2998 2201 sedsimile
3032 2146 3171 2199 idem
3202 2152 3305 2207 est,
3339 2141 3597 2195 differen-

2012 2246 2082 2297 tia
2116 2258 2242 2296 vero
2275 2242 2563 2295 diversum.
2599 2239 2739 2291 Idem
2768 2237 2929 2306 igitur
2950 2237 3160 2289 animus
3189 2234 3482 2299 eademque
3518 2232 3598 2283 in-

2013 2334 2306 2403 telligentia
2349 2329 2754 2386 similitudinem
2788 2326 3261 2395 diiiereutiamque
3304 2324 3597 2393 cognoscit.

2014 2424 2446 2479 Dift‘erentiarum
2476 2436 2599 2475 vero
2629 2424 2809 2475 multa;
2840 2428 2969 2471 sunt.
2991 2417 3218 2485 species;
3252 2414 3371 2469 alim
3400 2415 3603 2482 quippe

2012 2530 2135 2573 sunt
2199 2517 2574 2572 substantiales
2601 2555 2615 2578 ,
2653 2522 2712 2567 ut
2768 2511 2970 2565 homini
3019 2508 3298 2573 rationale,
3335 2507 3456 2561 alia:
3492 2494 3605 2559 non

2016 2610 2421 2673 substantiales,
2456 2609 2557 2661 sed-
2580 2604 2993 2673 inseparabiles,
3019 2612 3083 2655 uti
3105 2600 3313 2670 nigrum
3358 2596 3603 2666 Ethiopi-

2015 2710 2174 2769 atque
2202 2713 2384 2762 corvo;
2412 2698 2535 2751 alia}
2564 2712 2701 2751 vero-
2721 2695 2948 2750 mobiles
2971 2707 3145 2763 neque
3172 2699 3510 2754 constantes,
3542 2694 3598 2741 ut

2014 2796 2234 2854 sedere,
2285 2798 2447 2852 stare,
2500 2796 2555 2841 et
2584 2787 2961 2856 hujuscemodi
2986 2795 3194 2839 creterte
3224 2781 3416 2851 quibus
3441 2789 3493 2834 et
3531 2780 3601 2832 ab

2013 2884 2132 2937 aliis
2160 2883 2464 2936 hominibus
2491 2890 2543 2934 et
2572 2896 2600 2932 a
2632 2880 2785 2934 nobis
2811 2878 2943 2947 ipsis
2973 2892 3115 2946 saepe
3144 2876 3433 2929 distamus.
3470 2873 3598 2924 Item

2014 2974 2331 3028 differentia:
2358 2973 2474 3026 alim
2500 2972 2678 3040 aliquo
2709 2971 2877 3024 modo
2913 2978 3036 3022 sunt
3072 2981 3333 3036 generum.
3359 2963 3600 3018 divisibi-

2015 3067 2112 3130 les,
2144 3065 2262 3118 alia:
2289 3064 2467 3132 aliquo
2491 3064 2648 3115 modo
2670 3061 2970 3129 specierum
3002 3058 3379 3117 constitutum:
3411 3053 3505 3108 sed
3550 3053 3605 3107 si.

2014 3176 2044 3215 a
2068 3160 2433 3215 constitutivis
2462 3166 2847 3227 argumentum
2871 3156 3116 3221 ducatur,
3159 3154 3304 3207 velut
3325 3168 3351 3204 a
3402 3164 3609 3219 genere

320 3254 624 3300 moreretur
671 3261 829 3315 quam
861 3247 913 3300 in
944 3232 1092 3301 suam
1125 3248 1345 3302 tutelam
1379 3248 1734 3314 pervenisset,
1767 3248 1907 3303 idem
1937 3228 1983 3291 ε
2016 3252 2246 3307 ducitur.
2280 3251 2411 3304 Nam
2451 3252 2593 3304 sicut
2618 3265 2785 3319 genus
2806 3249 3045 3304 continet
3070 3247 3328 3315 speciem,
3355 3245 3429 3298 ita
3449 3243 3634 3297 differo

319 3345 445 3392 ante
471 3337 645 3392 obiret
670 3338 836 3404 diem,
862 3353 1018 3405 quam
1040 3346 1414 3391 testamentum
1440 3336 1562 3406 jure
1590 3336 1767 3391 facere
1786 3352 1906 3405 pos-

319 3439 423 3509 set,
464 3431 734 3485 secundus
761 3431 933 3486 meres
961 3431 1275 3485 succederet
1309 3446 1322 3493 ;
1348 3430 1488 3498 quod
1515 3431 1558 3483 si
1589 3430 1653 3483 ad
1693 3430 1742 3482 id
1771 3438 1903 3484 tem-

319 3534 417 3590 pus
444 3522 776 3592 pervenisset
803 3538 930 3593 quo,
956 3522 1065 3591 jatn
1098 3522 1472 3591 firmojudicio
1498 3523 1548 3575 in
1580 3537 1731 3575 suam
1768 3533 1906 3577 tute-

320 3611 423 3666 lam
450 3623 716 3684 receptus,
745 3612 870 3683 jure
893 3612 1037 3668 civili
1084 3612 1332 3666 instituto
1364 3619 1547 3681 posset
1576 3612 1791 3666 luerede
1813 3612 1906 3666 de-

321 3703 486 3776 fungi,
517 3706 784 3761 secundus
827 3705 998 3760 hmres
1024 3750 1038 3773 ,
1074 3704 1125 3758 id
1150 3713 1232 3759 est
1255 3702 1471 3770 Curius,
1509 3720 1613 3757 non
1639 3705 1902 3759 succede-

320 3805 420 3855 ret.
455 3811 572 3866 quce
598 3807 820 3851 vocatur
841 3797 1148 3850 substitutio
1168 3796 1445 3865 pupillaris
1475 3813 1486 3847 :
1514 3796 1794 3863 quaesitum
1823 3805 1907 3850 est

320 3900 388 3940 an
418 3890 621 3940 valeret
651 3888 721 3939 ita
758 3887 999 3940 instituta
1040 3887 1195 3941 ratio.
1239 3885 1493 3949 Crassus,
1530 3886 1691 3953 igitur
1738 3886 1904 3939 multa

322 3982 544 4053 protulit
588 3981 853 4049 exempla,
885 3982 1078 4051 quibus
1123 3981 1193 4033 ita
1233 3981 1505 4033 institutus
1558 3979 1730 4032 lueres
1768 3979 1906 4030 obti-

323 4072 505 4127 nuisse
535 4072 920 4133 bmreditatem,
957 4088 1073 4141 qua:
1102 4072 1469 4140 exemplorum
1503 4084 1901 4124 commemora-

321 4165 398 4219 tio
425 4164 631 4233 judiees
666 4164 846 4218 movit.
879 4164 1014 4217 Dicit
1036 4165 1193 4216 etiam
1226 4163 1370 4232 ipsos
1397 4176 1609 4231 quoque
1636 4160 1903 4230 juriscou-

319 4258 487 4312 sultos
517 4258 591 4311 uti
625 4260 817 4325 saepius
840 4255 1121 4324 exmnplis,
1154 4256 1316 4310 veluti
1343 4270 1462 4308 cum
1492 4254 1725 4322 tingitur.
1752 4252 1801 4306 id
1823 4261 1906 4305 est

321 4351 663 4419 imaginatur,
704 4350 1018 4417 propositio,
1049 4356 1106 4401 ut
1156 4362 1309 4401 casus
1342 4346 1409 4400 de
1439 4362 1544 4415 quo
1587 4345 1761 4415 agitur
1810 4358 1903 4411 per

318 4442 723 4495 similitudinem
757 4441 1104 4507 intelligatur,
1140 4440 1237 4492 hoc
1265 4437 1425 4491 modo
1461 4456 1470 4488 :
1512 4437 1568 4491 Si
1608 4436 1728 4505 quis
1758 4436 1900 4488 enim

318 4530 660 4604 iurisperitus
715 4530 929 4599 adjiciat
972 4530 1021 4583 id
1077 4530 1215 4599 quod
1252 4546 1356 4582 non
1402 4529 1520 4596 jure
1567 4534 1903 4583 contractum

2017 3344 2200 3397 rentia:
2238 3342 2516 3396 continent
2538 3339 2763 3407 species.
2798 3339 2940 3394 Sane
2969 3339 3013 3391 si
3043 3336 3354 3391 differentiae
3396 3335 3600 3389 consti-

2016 3435 2196 3487 tutivae
2227 3442 2283 3487 ut
2308 3448 2503 3501 genera
2528 3432 2916 3501 intelligentur,
2946 3430 3078 3483 ﬁdes
3106 3429 3171 3481 ab
3203 3428 3285 3481 bis
3307 3430 3369 3481 ad
3412 3443 3472 3479 ea
3500 3442 3596 3496 up-

2014 3524 2213 3579 tabitur
2243 3540 2361 3594 qua:
2387 3523 2739 3578 constituunt.
2786 3522 2912 3575 ilice
2951 3521 3099 3574 enim
3138 3520 3318 3572 talium
3347 3516 3599 3570 differen-

2014 3617 2214 3671 tiarum-
2236 3617 2398 3670 veluti
2429 3615 2616 3669 formae
2645 3613 2886 3682 qumdam
2917 3623 3062 3667 sunt.
3092 3611 3187 3665 Sin
3218 3626 3344 3666 vero
3374 3610 3484 3683 sint
3510 3607 3598 3662 dio

2011 3706 2273 3772 visibiles,
2291 3706 2551 3776 siquidem
2576 3706 2640 3758 ad
2664 3721 2725 3759 ea
2747 3704 3040 3773 probanda,
3062 3705 3115 3759 id
3139 3713 3221 3759 est
3242 3717 3459 3774 genera,
3476 3715 3595 3766 qua:

2012 3794 2277 3863 dividunt,
2307 3814 2489 3853 earum
2538 3798 2749 3851 ducitur
2781 3798 2931 3861 ﬁdes,
2967 3812 2997 3849 a
3029 3797 3203 3849 forma
3227 3788 3601 3864 argumentum

2014 3891 2129 3945 ﬁeri
2168 3891 2396 3956 videtur,
2430 3907 2551 3944 nam
2596 3891 2730 3944 tales
2761 3889 3078 3943 differentiae
3101 3904 3286 3941 eorum
3318 3904 3434 3956 quae
3459 3887 3601 3942 divi-

2014 3983 2212 4036 duntur
2242 3983 2427 4037 forma:
2451 3982 2693 4051 quredam
2724 3992 2868 4036 sunt.
2899 3982 3050 4047 Quod
3075 3982 3118 4034 si
3143 3982 3209 4035 ad
3232 3996 3294 4036 ea
3326 3983 3596 4049 probanda

2014 4076 2320 4128 referuntur
2367 4090 2484 4142 quae
2544 4074 2594 4125 in
2648 4071 2971 4127 contrariam
3028 4081 3229 4140 partem
3261 4087 3429 4139 genus
3460 4072 3599 4125 divi—

2012 4167 2188 4229 dunt,
2231 4173 2359 4219 tune
2393 4165 2606 4232 proprie
2657 4178 2684 4215 a
2721 4161 3031 4217 dill‘eri-ntia-
3076 4164 3199 4217 lierir
3227 4172 3598 4232 argumentum

2012 4257 2253 4323 videtur,
2288 4255 2412 4325 quia
2443 4254 2732 4308 contraria:
2748 4253 2913 4309 veluti
2938 4254 3257 4309 differentias
3288 4269 3602 4325 comparan-

2016 4361 2125 4404 tur.
2177 4348 2331 4416 Quod
2372 4363 2501 4403 vero
2533 4346 2598 4401 ad
2634 4347 2937 4418 exemplum
2986 4349 3178 4403 attinet
3204 4347 3367 4402 Tullii
3422 4347 3604 4414 hujus-

2012 4442 2154 4495 modi
2185 4450 2267 4497 est
2294 4456 2308 4495 :
2344 4439 2593 4494 Mulieres
2621 4438 2915 4509 antiquitus
2945 4450 3201 4509 perpetua
3241 4438 3400 4492 tutela
3454 4445 3603 4492 tene-

2012 4532 2223 4596 bantur,
2262 4532 2449 4600 pupilli
2480 4532 2606 4585 item
2636 4532 2736 4585 sub
2765 4531 3030 4585 tutoribus
3052 4541 3224 4602 agunt
3252 4547 3266 4595 ;
3296 4530 3388 4585 sed
3417 4530 3604 4585 mulie-

320 4634 401 4679 est
452 4623 648 4676 nullius
698 4637 817 4677 esse
870 4622 1148 4686 momenti,
1196 4621 1551 4690 adbibeatque
1599 4622 1905 4689 exemplum
1937 4608 1993 4668 D
2016 4625 2165 4679 ribus
2195 4626 2237 4677 si
2261 4623 2385 4693 quid
2413 4622 2653 4676 debitum
2687 4622 2896 4685 fuisset,
2928 4622 3049 4675 sine
3072 4621 3263 4681 tutoris
3288 4621 3604 4676 auctoritate

321 4715 450 4780 tale,
486 4715 627 4766 velut
674 4714 718 4767 si
766 4715 883 4783 quis
916 4729 1025 4767 rem
1060 4729 1162 4766 non
1219 4712 1449 4781 mancipi
1497 4714 1901 4781 mancipavcrit,

322 4818 446 4858 num
481 4804 681 4858 idcirco
732 4814 823 4857 aut
852 4821 962 4858 rem
1005 4804 1276 4869 alienavit,
1308 4813 1398 4856 aut
1422 4819 1481 4858 se
1524 4820 1615 4859 reo
1646 4804 1785 4859 facto
1814 4821 1908 4874 po-

321 4895 421 4948 tuit
442 4895 744 4965 obligasse?
776 4896 1014 4961 minime,
1049 4897 1188 4965 quod
1222 4897 1361 4950 enim
1390 4894 1631 4964 nonjure
1661 4906 1907 4950 contrac—

320 4995 431 5040 tum
488 4998 570 5040 est
617 4985 687 5039 nil
741 4988 935 5041 retinet
985 4987 1269 5041 firmitatis.
1331 4987 1395 5039 Et
1447 4985 1545 5039 alia
1605 4986 1905 5057 liujusmodi

320 5075 460 5146 apud
512 5077 853 5147 jurisperitos
895 5077 1278 5145 inveniuntur,
1332 5078 1385 5132 in
1417 5079 1611 5147 quibus
1657 5089 1907 5133 oratores

320 5174 555 5227 maxime
586 5175 784 5238 valent,
814 5174 1004 5243 quibus
1042 5174 1202 5228 etiam
1236 5173 1286 5227 in
1320 5182 1524 5226 tantum
1584 5172 1787 5243 fingere
1837 5173 1902 5227 li-

319 5274 425 5333 cet,
461 5276 716 5321 nteorum
745 5267 987 5321 oratione
1016 5266 1178 5320 etiam
1212 5266 1405 5319 mortui
1440 5279 1584 5333 saepe
1616 5265 1682 5317 ab
1717 5262 1905 5318 inferis

320 5356 642 5421 excitentur,
675 5356 815 5425 quod
834 5355 1038 5410 Tullius
1062 5356 1112 5409 in
1142 5370 1203 5407 ea
1235 5354 1356 5409 facit
1382 5354 1621 5408 oratione
1653 5367 1753 5424 qua
1785 5356 1907 5408 Cte-

319 5448 450 5503 lium
480 5449 735 5504 defendit.
763 5448 866 5505 Sed
895 5448 1067 5513 latior,
1096 5448 1285 5517 inquit,
1314 5446 1625 5500 estillorum
1661 5459 1901 5515 campus,

317 5544 369 5598 id
401 5553 480 5600 est
523 5553 794 5598 oratorum
823 5586 837 5608 ,
879 5544 1072 5613 quibus
1089 5544 1303 5610 spatiari
1348 5557 1409 5595 ac
1456 5540 1704 5609 det-rigari
1735 5542 1855 5597 licet
1893 5560 1904 5595 :

319 5652 419 5693 nec
469 5637 671 5692 ideirco
727 5638 906 5691 minus
964 5639 1174 5692 cmteris
1216 5651 1428 5706 quoque
1472 5635 1812 5690 facultatibus
1839 5636 1909 5689 si-

317 5727 649 5783 militudines
704 5739 963 5796 prosunt,
1021 5730 1269 5797 quoniam
1335 5727 1521 5781 eadem
1585 5737 1903 5796 argumenta

317 5819 564 5874 maximis
618 5820 955 5890 minimisque
983 5820 1157 5875 causis
1209 5817 1559 5885 conveniunt;
1597 5833 1699 5890 quo
1743 5821 1801 5875 lit
1854 5829 1910 5876 ut

2018 4723 2226 4782 poterat
2247 4714 2403 4777 solvi,
2434 4713 2648 4782 pupillis
2669 4727 2797 4766 vero
2827 4711 3066 4767 minime.
3093 4713 3233 4783 Ergo
3258 4712 3306 4768 si
3336 4720 3605 4783 quaeratur

2016 4825 2081 4862 an
2114 4807 2165 4861 id
2196 4806 2335 4876 quod
2358 4806 2620 4861 debeatur
2644 4806 2842 4875 pupillo
2863 4806 3103 4873 cuilibet,
3124 4815 3382 4862 renuente
3399 4813 3599 4869 tutore,

2018 4901 2185 4969 possit
2204 4899 2429 4965 exsolvi,
2446 4914 2474 4952 a
2495 4898 2794 4953 dill'erentia
2818 4898 3047 4953 sumitur
3066 4907 3459 4970 argumentum,
3488 4898 3601 4952 sic:

2014 4993 2130 5048 Non
2162 4993 2296 5047 sicut
2336 4991 2543 5046 mulieri
2596 4991 2714 5046 sine
2761 4991 2963 5046 tutoris
2998 4992 3319 5048 auctoritate
3363 4990 3602 5045 debitum

2020 5086 2196 5153 possis
2224 5083 2524 5146 exsolvere,
2540 5082 2729 5138 eodem
2762 5082 3067 5148 modo,nisi
3094 5085 3386 5139 auctoritas
3410 5082 3605 5136 tut‘oris

2018 5178 2332 5240 accesserit,
2362 5176 2568 5245 pupillo
2607 5175 2821 5231 solvere
2848 5176 2989 5245 quod
3021 5176 3219 5233 debeas
3247 5177 3451 5245 possis;
3499 5176 3605 5231 illa:

2018 5270 2161 5324 enim
2193 5276 2445 5336 perpetua
2472 5267 2654 5333 tutela,
2686 5267 2846 5322 etiam
2869 5277 3123 5336 provecta
3150 5270 3258 5339 jam
3277 5278 3453 5336 mtate,
3474 5285 3603 5326 con-

2021 5364 2276 5425 tinentur,
2322 5360 2532 5413 illorum
2586 5360 2764 5414 tutelae
2812 5370 2994 5415 certus
3033 5376 3295 5416 annorum
3343 5378 3602 5418 numerus

2022 5454 2308 5511 terminum
2334 5452 2489 5519 facit;
2523 5463 2683 5521 atque
2718 5454 2917 5507 idcirco
2938 5454 3075 5506 solvi
3105 5454 3308 5522 pupillo
3336 5457 3451 5510 sine
3474 5472 3601 5510 auc-

2019 5548 2233 5602 toritate
2258 5560 2362 5599 non
2396 5544 2610 5611 poterit.
2647 5544 2833 5597 Dillert
2848 5546 2989 5599 enim
3012 5560 3233 5613 persona
3267 5548 3546 5605 mulierum
3570 5565 3598 5602 a

2016 5650 2242 5709 persona
2268 5634 2610 5705 pupillorum,
2640 5634 2720 5688 vel
2740 5635 2790 5688 in
2818 5649 2882 5689 eo
2902 5635 3043 5704 quod
3075 5638 3255 5704 pupilli
3281 5656 3383 5693 non
3410 5655 3600 5710 per-pe-

2017 5739 2103 5783 tua
2130 5736 2384 5798 reguntur
2403 5725 2587 5790 tutela,
2614 5725 2868 5781 mulieres
2890 5742 3016 5780 vero
3036 5740 3324 5795 perpetua;
3352 5732 3430 5786 vel
3454 5731 3596 5800 quod

1958 5896 1966 5904 .
2014 5822 2249 5896 pupillus
2280 5819 2480 5877 nullum
2506 5832 2618 5876 sua
2640 5819 2718 5877 rei
2740 5819 3173 5878 administrandae
3199 5824 3441 5883 utilitatis
3452 5804 3727 5903 judif
