4248 6272
610 381 745 436 1119

1860 377 1968 431 AN.
2012 376 2219 434 nlANL.
2259 376 2410 433 SEV.
2450 374 2672 433 BOETll

3744 376 3883 434 “‘20

610 491 1593 565 ciumhanerepotest,eumsitaliqnis
1611 491 2189 558 mulieribus,etsinon
2217 496 2268 555 Α
2296 496 2435 562 quod
2468 501 2725 562 prmterea
2757 492 2934 548 inesse
2964 492 3278 561 corporibus
3310 491 3499 562 possit.
3549 492 3618 548 At
3666 507 3724 548 ea
3755 510 3876 564 qua:

611 591 816 651 firmus,
848 589 898 642 in
926 586 1239 656 explicanda
1273 584 1547 639 familiaris
1565 584 1641 638 rei
1671 584 1897 639 utilitate
1927 585 2192 640 delectus.

591 702 596 743 ς
680 682 931 753 Deinceps
983 681 1125 735 locus
1151 690 1227 734 est
1269 681 1356 749 qui
1385 697 1415 733 a
1446 670 1702 733 contrario
1724 680 1933 734 dicitur.
1979 679 2199 733 Contra-

610 774 802 826 riorum
826 782 993 825 autem
1014 788 1199 842 genera
1219 781 1340 824 sunt
1370 771 1548 838 plura;
1597 786 1753 823 unum
1780 784 1956 823 eorum
1978 786 2093 841 qua:
2146 773 2197 824 in

609 864 784 916 eodem
805 879 986 934 genere
1023 864 1300 933 plurimum
1325 860 1592 928 differunt,
1626 868 1681 913 ut
1708 860 1964 930 sapientia
1983 900 1997 924 ,
2030 861 2198 914 stulti-

613 954 727 1017 tia;
768 956 945 1007 eodem
982 965 1151 1007 autent
1176 970 1357 1024 genere
1400 953 1677 1018 dicuntur,
1722 952 1902 1022 quibus
1929 942 2202 1021 propasitis

615 1058 911 1109 occurrunt,
944 1055 1183 1115 tanquam
1203 1063 1229 1099 e
1256 1047 1463 1116 regione
1484 1046 1709 1115 quadam
1737 1046 2013 1110 contraria,
2040 1056 2095 1100 ut
2123 1062 2204 1099 ce-

617 1136 802 1190 leritati
827 1138 1059 1204 tarditas,
1088 1155 1191 1190 non
1231 1137 1488 1205 debilitas,
1519 1153 1583 1191 ea:
1608 1137 1792 1208 quibus
1821 1138 2095 1191 contrariis
2119 1154 2205 1191 ar-

617 1238 856 1297 gumenta
886 1230 1011 1281 talia
1041 1230 1286 1282 existunt.
1336 1228 1399 1284 Si
1423 1229 1695 1283 stultitiam
1725 1230 1972 1301 fugimus,
2004 1230 2205 1299 sapien-

616 1318 739 1371 tiam
767 1335 1059 1387 sequamur;
1085 1330 1131 1373 et
1154 1320 1446 1386 bonitatem,
1477 1322 1522 1376 si
1553 1322 1802 1375 malitiam
1825 1336 1844 1376 :
1867 1321 1976 1375 haec
1998 1339 2113 1393 quae
2142 1338 2206 1376 ea:

618 1411 792 1462 eodem
818 1427 996 1479 genere
1017 1412 1427 1475 contrariasunt,
1461 1412 1790 1482 appellantur
1810 1412 2050 1465 adversa.
2073 1412 2206 1467 Sunt

618 1501 723 1554 alia
752 1504 1009 1556 contraria
1055 1519 1167 1572 qua:
1208 1504 1463 1571 privantia
1499 1503 1614 1558 licet
1655 1504 1970 1573 appellemus
2001 1505 2202 1576 Latine,

620 1591 796 1645 Grasse
811 1593 1132 1661 appellantur
1156 1595 1448 1665 στερητικαὶ.
1474 1591 1781 1663 Prtepositio
1801 1595 1935 1647 enim
1962 1594 2014 1648 in
2040 1595 2207 1664 privat

620 1684 824 1737 verbum
853 1700 912 1737 ea
948 1687 995 1738 vi
1025 1702 1180 1755 quant
1222 1686 1425 1739 haberet
1458 1686 1501 1739 si
1532 1688 1583 1740 in
1618 1687 1911 1756 praepositio
1938 1703 2040 1740 non
2076 1688 2206 1757 {uis-

620 1785 717 1840 set,
748 1786 803 1828 ut
851 1777 1099 1847 dignitas,
1128 1779 1431 1849 indignitas,
1483 1780 1801 1846 humanitas,
1830 1780 2202 1849 inhumanitas,

2302 585 2355 638 in
2390 585 2689 654 privatione
2716 594 2769 640 et
2799 584 2984 639 habitu
3030 593 3195 651 sunt,
3244 594 3303 638 ut
3344 587 3561 641 caecitas
3601 595 3657 641 et
3700 588 3884 654 visus,

2304 679 2506 732 distant
2534 679 2748 748 quidem
2794 679 2862 733 ab
2904 678 2987 733 his
3025 678 3308 733 contrariis
3348 694 3468 748 qua:
3507 679 3765 735 claudunt
3790 680 3889 736 ali‘

2302 784 2462 839 quam
2493 770 2872 835 medietatem,
2904 768 3047 839 quod
3093 770 3205 839 ipsa
3250 770 3593 826 medietatem
3638 787 3745 826 non
3792 758 3888 826 ha-

2303 862 2431 916 bent
2458 881 2473 929 ;
2504 863 2569 918 ab
2601 863 2684 916 his
2713 878 2843 917 vero
2877 863 3163 917 contrariis
3192 863 3445 918 dilTerunt
3471 880 3589 932 qua:
3627 874 3751 918 sunt
3790 864 3889 918 im-

2303 952 2579 1015 mediata,
2638 953 2894 1023 quoniam
2952 953 3145 1009 horum
3202 956 3619 1009 contrariorum
3654 955 3888 1010 alterum
3962 988 3969 994 -

2304 1034 2521 1111 semper
2550 1044 2796 1114 subjecto
2841 1044 3019 1099 inesse
3065 1054 3181 1111 est,
3227 1054 3285 1100 ut
3321 1044 3529 1112 corpori
3573 1045 3890 1112 gravitatem

2307 1136 2393 1190 vel
2443 1136 2755 1200 levitatem;
2806 1135 3162 1202 privationem
3214 1150 3345 1190 vero
3388 1145 3442 1190 et
3488 1134 3724 1189 habitum
3776 1150 3891 1190 non

2309 1239 2547 1294 semper,
2580 1233 2637 1278 ut
2667 1239 2789 1279 cum
2822 1225 2892 1279 sit
2922 1224 3132 1279 habitus
3175 1224 3388 1294 quidem
3434 1227 3611 1291 visus,
3657 1226 3894 1294 privatio

2307 1324 2487 1371 autem
2516 1316 2768 1381 caecitas,
2802 1330 2909 1371 non
2952 1331 3111 1372 omne
3150 1317 3292 1387 quod
3336 1317 3504 1371 videri
3544 1325 3750 1386 potest,
3794 1326 3893 1372 aut

2310 1404 2472 1471 videt,
2508 1415 2599 1461 aut
2627 1421 2829 1462 caecum
2859 1414 2943 1461 est
2977 1423 2990 1459 :
3025 1405 3198 1461 infans
3225 1408 3424 1478 quippe
3454 1408 3690 1463 nondum
3717 1402 3893 1464 editus

2306 1514 2481 1570 neque
2509 1500 2676 1568 videt,
2703 1501 2826 1569 quia
2855 1499 3090 1555 nondum
3136 1504 3400 1570 processit
3441 1503 3492 1555 in
3535 1502 3675 1569 luce,
3717 1516 3890 1572 neque

2308 1608 2483 1649 caseus
2509 1602 2619 1660 est,
2645 1594 2769 1663 quia
2800 1592 3034 1647 nondum
3064 1592 3249 1648 habuit
3277 1594 3473 1659 visum,
3502 1609 3659 1663 quem
3694 1594 3892 1664 potuis-

2311 1692 2396 1738 set
2425 1684 2698 1739 amittere.
2731 1683 2875 1738 Idem
2904 1684 2971 1739 de
3000 1684 3192 1739 catulis
3219 1685 3323 1739 dici
3357 1694 3566 1754 potest,
3595 1688 3683 1756 qui
3712 1686 3891 1742 Statim

2312 1775 2427 1829 nati
2458 1782 2731 1844 nequeunt
2754 1775 2983 1840 intueri,
3017 1792 3141 1830 nam
3172 1785 3297 1830 tunc
3330 1791 3424 1832 eos
3466 1793 3565 1832 nec
3607 1793 3775 1833 οπεος
3815 1779 3893 1833 di—

620 1876 669 1920 et
697 1880 879 1920 ctetera
906 1870 1104 1938 generis
1130 1870 1381 1941 ejusdem,
1414 1886 1634 1936 quorum
1659 1871 1896 1924 tractatio
1929 1881 2003 1924 est
2027 1873 2207 1926 eadem
2237 1865 2287 1926 B
2313 1881 2437 1921 cere
2468 1881 2753 1935 possumus
2773 1906 2789 1933 ,
2823 1881 2923 1921 nec
2953 1867 3217 1924 videntes.
3266 1869 3328 1921 Et
3373 1878 3649 1935 postremo
3675 1879 3894 1924 contra-

621 1974 735 2029 quae
757 1961 1076 2030 superiorum
1099 2006 1113 2029 ,
1155 1978 1270 2032 qua:
1294 1964 1506 2017 adversa
1527 1964 1657 2016 dixi.
1691 1962 1831 2016 Nam
1869 1965 1972 2017 alia
2013 1980 2210 2034 quoque

624 2061 744 2104 sunt
793 2054 1165 2106 contrariorum
1208 2069 1411 2123 genera,
1443 2056 1578 2108 velut
1625 2070 1684 2108 ea
1714 2071 1825 2123 qua:
1872 2072 1987 2109 cum
2034 2055 2208 2127 aliqua

624 2149 976 2213 conferuntur,
997 2154 1051 2197 ut
1080 2144 1321 2214 duplunt,
1354 2146 1618 2215 simplum,
1651 2147 1837 2209 multa,
1870 2164 2056 2218 pauca,
2100 2149 2213 2202 lon-

628 2252 770 2306 gunt,
797 2237 962 2302 breve,
994 2241 1188 2309 majus,
1213 2238 1401 2291 minus.
1438 2238 1573 2293 Sunt
1603 2239 1757 2292 etiam
1779 2240 1884 2293 alia
1910 2241 2059 2294 valde
2083 2257 2211 2295 eon-

627 2330 785 2381 traria
811 2346 925 2399 qua:
950 2331 1275 2401 appellantur
1316 2332 1575 2401 negantia,
1606 2347 1666 2383 ea
1712 2334 2005 2403 ἀποφατικὰ
2047 2330 2217 2385 Grteci

628 2426 886 2474 contraria
908 2422 1152 2476 aientibus
1186 2427 1226 2487 ‘,
1260 2432 1316 2475 ut
1346 2423 1391 2477 si
1421 2423 1515 2475 hoc
1543 2433 1638 2489 est,
1661 2422 1796 2476 illud
1826 2439 1929 2475 non
1956 2432 2045 2477 est.
2079 2423 2215 2487 Quid

628 2512 762 2566 enim
778 2529 904 2581 opus
916 2516 1147 2585 exentplo
1165 2516 1277 2568 est?
1298 2525 1494 2567 tantum
1515 2514 1835 2585 intelligatur
1855 2518 1907 2568 in
1919 2524 2216 2585 argumento

630 2605 902 2672 quaerendo
927 2606 1196 2659 contrariis
1222 2606 1453 2659 omnibus
1482 2608 1740 2659 contraria
1766 2622 1866 2660 non
1882 2607 2164 2662 convenire.

707 2696 925 2763 Divisio,
958 2697 1274 2753 differentia:
1312 2698 1455 2766 loco,
1496 2714 1639 2753 nunc
1681 2700 1749 2754 de
1780 2701 2065 2755 contrariis
2102 2698 2216 2756 tra-

637 2794 764 2842 ctat.
819 2788 997 2853 Quare
1043 2789 1121 2843 uti
1170 2804 1348 2845 rerum
1398 2790 1532 2844 ordo
1582 2789 1780 2845 clarius
1836 2790 2214 2861 colliquescat,

635 2894 803 2950 pauca
850 2880 981 2936 mihi
1030 2898 1095 2937 ex
1149 2884 1441 2939 Aristotele
1489 2886 1750 2940 sumenda
1800 2894 1925 2941 sunt
1965 2900 2085 2955 quas
2126 2886 2217 2942 ille

636 2973 720 3028 vir
743 2974 981 3030 omnium
1012 2976 1168 3047 longe
1196 2976 1539 3033 doctissimus
1571 2980 1639 3034 de
1671 2982 1768 3034 hac
1807 2979 2072 3035 divisione
2109 2988 2217 3035 tra-

643 3066 840 3134 ctavit,
871 3085 1171 3141 quanquam
1202 3071 1269 3126 Μ.
1315 3072 1523 3128 Tullius
1572 3089 1633 3128 re
1677 3074 1891 3142 quidem
1939 3073 2215 3129 Aristoteli

641 3160 754 3217 fere
781 3165 1082 3230 consentit,
1114 3166 1208 3221 sed
1252 3166 1320 3220 ab
1350 3181 1416 3221 eo
1462 3168 1733 3221 nominum
1778 3167 2217 3235 interpretatione

2315 1958 2391 2013 ria
2420 1972 2637 2026 semper
2668 1959 2717 2011 in
2750 1960 2862 2013 suis
2906 1958 3250 2027 qualitatibus
3295 1960 3747 2027 considerantur;
3790 1960 3898 2029 pri-

2316 2051 2559 2104 vationes
2588 2058 2765 2103 autem
2788 2090 2803 2114 ,
2837 2064 2941 2103 non
2973 2051 3112 2117 quod
3145 2050 3276 2120 ipsa:
3302 2052 3410 2106 sint
3436 2052 3634 2122 aliquid
3656 2094 3671 2117 ,
3705 2054 3797 2107 sed
3830 2068 3895 2108 ex

2318 2138 2529 2194 habitus
2558 2140 2797 2194 absentia
2816 2140 3176 2210 colliguntur;
3207 2157 3381 2212 neque
3406 2143 3551 2198 enim
3580 2145 3790 2199 Caecitas
3814 2153 3897 2200 est

2318 2231 2517 2302 aliquid
2539 2274 2553 2298 ,
2601 2233 2695 2287 sed
2725 2250 2751 2286 a
2783 2234 2925 2288 visus
2954 2234 3265 2303 intelligitur
3294 2237 3547 2292 abscessu
3584 2256 3597 2291 :
3625 2249 3729 2293 tam
3763 2255 3892 2293 vero

2320 2323 2549 2393 privatio
2582 2339 2739 2394 quam
2768 2326 3122 2380 contrarietas
3163 2326 3345 2382 dill‘ert
3374 2342 3404 2381 a
3432 2329 3702 2383 relationis
3730 2344 3901 2397 oppo-

2320 2417 2544 2482 sitione,
2579 2432 2643 2470 eo
2674 2417 2813 2486 quod
2847 2433 3023 2487 neque
3050 2421 3350 2488 contraria,
3394 2436 3563 2489 neque
3603 2422 3902 2491 privatoria

2319 2508 2477 2563 simul
2520 2523 2643 2563 esse
2686 2519 2939 2578 possunt;
2988 2511 3130 2565 idem
3173 2513 3315 2566 enim
3360 2512 3411 2565 in
3451 2526 3555 2565 uno
3601 2511 3905 2580 eodemque

2327 2612 2606 2673 tempore,
2635 2619 2742 2659 uno
2773 2604 3074 2675 eodemque
3101 2606 3153 2660 in
3187 2606 3306 2661 loco
3346 2606 3521 2661 album
3559 2616 3613 2662 et
3652 2609 3904 2677 nigrum,

2322 2697 2510 2751 videns
2535 2706 2587 2752 et
2619 2712 2822 2753 caecum
2850 2713 2969 2753 esse
3000 2715 3106 2753 non
3150 2700 3380 2770 poterit;
3417 2700 3510 2755 sed
3540 2701 3759 2756 relative
3789 2717 3819 2755 a
3847 2718 3908 2757 se

2324 2798 2597 2859 nequeunt
2642 2791 2911 2859 separari,
2958 2806 3131 2861 neque
3175 2792 3318 2847 enim
3368 2802 3542 2860 potest
3590 2808 3710 2848 esse
3761 2794 3906 2849 filius

2323 2882 2439 2936 sine
2473 2895 2653 2951 patre,
2701 2897 2803 2937 nec
2844 2897 3063 2952 servus,
3108 2884 3153 2937 si
3198 2884 3450 2938 dominus
3493 2900 3600 2940 non
3647 2886 3733 2939 sit.
3782 2888 3906 2940 Am-

2324 2974 2465 3043 plius
2492 3015 2507 3041 ,
2540 2974 2807 3028 contraria
2835 2974 2915 3030 ad“
2934 2989 2993 3030 se
3019 2983 3072 3029 et
3100 2975 3389 3044 privatoria
3432 2992 3539 3030 non
3579 2976 3907 3032 referuntur.

2323 3063 2493 3119 Nemo
2523 3064 2663 3119 enim
2693 3064 2821 3120 dicit
2850 3064 3033 3119 album
3063 3065 3239 3135 nigri,
3280 3066 3367 3122 vel
3412 3067 3619 3137 nigrum
3652 3067 3787 3132 albi,
3823 3070 3908 3124 vel

2323 3162 2621 3214 caecitatem
2652 3160 2829 3228 visus,
2859 3160 2944 3215 vel
2981 3160 3149 3215 visum
3188 3161 3467 3231 czecitatis.
3509 3154 3639 3228 Quae
3685 3178 3813 3217 vero
3857 3163 3909 3219 in

622 3251 884 3308 .diversus
916 3264 1017 3310 est.
1047 3256 1178 3310 Nam
1210 3272 1328 3326 quae
1362 3257 1677 3313 Aristoteles
1720 3260 1959 3327 Opposita
1983 3299 1997 3323 ,
2041 3258 2093 3313 id
2137 3268 2219 3315 est
2249 3248 2293 3309 C
2325 3254 2587 3308 relatione
2617 3263 2741 3308 sunt
2772 3256 2943 3323 posita
2971 3253 3167 3323 in'ipsa
3208 3255 3485 3311 relationis
3532 3256 3909 3325 przedicatione

646 3346 997 3417 ἀντικείμενα,
1028 3357 1202 3416 vocat,
1253 3365 1315 3404 ea
1363 3350 1568 3406 Tullius
1622 3354 1893 3408 contraria
1941 3353 2216 3420 nominat;

554 3502 569 3514 .
644 3434 738 3487 sed
784 3435 898 3490 hare
950 3439 1106 3506 paulo
1162 3442 1451 3508 posterius.
1516 3443 1666 3497 Nunc
1696 3444 1998 3499 Aristotelis
2028 3445 2220 3501 divisio

642 3526 1030 3581 consideretur.
1064 3528 1447 3598 Oppositorum
1491 3532 1651 3601 igitur
1677 3535 1971 3587 secundum
2017 3534 2222 3589 Aristo-

642 3616 799 3669 telem
832 3616 933 3691 alia
963 3629 1088 3673 sunt
1112 3621 1418 3687 contraria,
1462 3623 1566 3676 alia
1609 3624 1838 3693 privatio
1879 3635 1933 3681 et
1973 3625 2218 3694 habitus,

643 3708 744 3761 alia
776 3709 1027 3773 relativa,
1056 3711 1161 3763 alia
1187 3712 1630 3769 contradictoria.
1663 3716 1943 3771 Contraria
1970 3717 2219 3787 quidem,

644 3807 703 3850 ut
748 3798 924 3852 album
970 3809 1128 3869 atque
1172 3801 1416 3871 nigrum;
1459 3803 1675 3859 habitus
1715 3821 1845 3860 vero
1875 3816 1929 3860 et
1963 3807 2220 3875 privatio,

643 3896 699 3941 ut
728 3888 876 3943 visus
904 3900 958 3945 et
981 3891 1230 3959 caecitas,
1262 3893 1494 3963 dignitas
1535 3906 1590 3952 et
1632 3897 1958 3968 indignitas;
2002 3900 2225 3956 relativa

644 3992 793 4047 vero,
824 3991 883 4037 ut
915 3994 1081 4049 pater,
1103 3985 1270 4052 ﬁlius,
1298 3988 1567 4058 dominus,
1604 4007 1794 4047 servus
1820 4010 1834 4057 ;
1867 3995 2227 4051 contradicto-

644 4076 756 4139 rla,
783 4083 838 4128 ut
863 4085 946 4129 est
971 4076 1118 4143 dies,
1150 4095 1255 4153 non
1286 4090 1370 4135 est
1398 4082 1516 4138 dies
1543 4102 1555 4136 :
1592 4085 1781 4141 horum
1811 4089 2051 4144 omnium
2084 4091 2218 4146 tales

648 4162 787 4218 inter
812 4180 870 4219 se
897 4165 1212 4225 differentia:
1240 4174 1669 4231 considerantur.
1706 4178 1837 4232 Nam
1864 4174 2227 4249 quae-eontra-

645 4254 723 4309 ria
754 4266 911 4321 sunt,
950 4261 1144 4327 partim
1176 4262 1405 4317 mediata
1438 4276 1563 4320 sunt
1584 4307 1598 4331 ,
1653 4268 1846 4336 partim
1890 4286 2016 4325 vero
2047 4272 2225 4328 medio

646 4357 851 4401 carent.
880 4347 1105 4405 Mediata
1137 4361 1295 4420 sunt,
1328 4362 1386 4407 ut
1413 4356 1591 4409 album
1615 4398 1629 4421 ,
1674 4360 1881 4427 nigrum
1912 4376 1925 4411 :
1959 4372 2039 4414 est
2077 4363 2220 4415 enim

571 4506 573 4508 η
647 4434 837 4492 horum
868 4441 1074 4495 medius
1100 4443 1323 4512 qttilibet
1346 4446 1481 4500 alius
1505 4448 1674 4516 color,
1707 4461 1763 4502 ut
1786 4450 1980 4506 rubens
2008 4454 2088 4506 vel
2116 4454 2227 4520 pal-

647 4527 876 4594 lidus,et
898 4530 1088 4587 horum
1107 4538 1499 4591 contrariorum
1524 4555 1630 4594 non
1656 4556 1879 4597 necesse
1901 4552 1981 4597 est
1999 4545 2224 4600 alterum

648 4634 863 4688 semper
890 4622 1068 4691 inesse
1098 4627 1432 4695 corporibus.
1464 4629 1645 4700 Neque
1675 4633 1817 4685 enim
1848 4648 2007 4687 omne
2036 4650 2231 4703 corpus

650 4719 740 4763 aut
769 4712 947 4767 album
976 4724 1067 4769 aut
1098 4716 1310 4783 nigrum
1341 4728 1461 4787 est;
1491 4723 1585 4776 sed
1616 4722 1899 4792 aliquoties
1943 4724 1992 4778 in
2036 4725 2227 4782 horum

652 4802 937 4858 medietate
960 4815 1044 4860 est
1083 4812 1433 4865 constitutum
1456 4852 1470 4877 ,
1498 4824 1553 4867 ut
1591 4815 1663 4867 sit
1707 4815 1925 4871 rubrum
1960 4820 2040 4872 vel
2085 4820 2233 4887 palli-

649 4894 798 4948 dum.
832 4897 1141 4955 lmmediala
1171 4917 1302 4957 vero
1341 4908 1610 4961 contraria
1661 4919 1785 4962 sunt
1829 4927 2054 4979 quorum
2101 4912 2232 4966 nihil

650 4987 887 5043 medium
922 4993 1117 5057 poterit
1146 4994 1411 5065 inveniri,
1446 5007 1505 5053 ut
1532 4999 1767 5069 gravitas
1794 5011 1846 5054 et
1878 5002 2063 5055 levitas
2092 5019 2108 5057 :
2138 5004 2233 5058 lto-

653 5093 770 5132 rum
799 5082 943 5149 enim
976 5083 1107 5136 nihil
1137 5095 1218 5138 est
1250 5087 1505 5143 medium.
1552 5088 1680 5143 Nam
1726 5105 1843 5158 qua:
1891 5091 2024 5144 levia
2071 5103 2230 5162 sunt,

654 5183 868 5224 sursum
896 5171 1158 5241 feruntur,
1188 5192 1307 5245 qua:
1336 5180 1511 5249 gravia
1537 5220 1551 5245 ,
1582 5181 1851 5234 deorsum.
1881 5183 2030 5249 Quod
2057 5194 2232 5241 autem

654 5261 725 5315 sit
752 5277 947 5334 corpus
997 5267 1137 5335 quod
1188 5284 1361 5337 neque
1399 5286 1610 5324 sursum
1655 5288 1827 5342 neque
1865 5274 2112 5330 deorsum
2155 5276 2235 5333 fec

651 5364 823 5422 ratur,
855 5357 987 5411 nihil
1021 5361 1216 5429 poterit
1250 5364 1497 5417 inveniri.
1530 5363 1635 5417 Sed
1669 5366 1976 5420 immediate
2021 5378 2235 5423 contra-

654 5448 735 5501 ria
762 5448 885 5502 talia
918 5460 1069 5515 sunt,
1107 5462 1157 5506 ut
1188 5453 1411 5508 alterum
1442 5467 1627 5510 eorum
1664 5458 1760 5511 cui
1793 5469 1965 5527 potest
1996 5460 2237 5516 accidere

652 5551 865 5606 semper
900 5540 1156 5596 inhaereat
1178 5585 1192 5607 ,
1223 5556 1276 5599 ut
1307 5548 1358 5599 in
1386 5547 1662 5616 proposito
1691 5551 1937 5617 superius
1968 5551 2234 5620 exemplo.

653 5626 885 5683 Necesse
932 5642 1013 5683 est
1068 5635 1208 5687 enim
1260 5652 1419 5690 omne
1471 5654 1665 5706 corpus
1713 5641 1795 5695 vel
1824 5640 1939 5694 leve
1982 5656 2103 5695 esse
2152 5642 2237 5696 vel

653 5731 817 5787 grave
837 5760 851 5783 ,
885 5721 1005 5787 quia
1037 5723 1223 5778 levitas
1252 5736 1306 5779 et
1334 5730 1567 5795 gravitas
1597 5731 1827 5785 medium
1861 5747 1968 5786 non
2000 5730 2232 5804 habent,

720 5848 735 5869 ·
774 5838 1144 5903 Legendumne,
1168 5860 1224 5896 ea
1247 5859 1449 5906 smnus
1474 5851 1655 5901 ercis
1672 5851 1943 5907 aientibus?

2322 3345 2644 3414 consistunt,
2662 3355 2716 3398 ut
2729 3346 2949 3415 duplum
2964 3346 3189 3412 dimidii,
3204 3346 3455 3402 dominus
3469 3348 3634 3414 servi,
3648 3356 3700 3402 et
3712 3358 3907 3402 uetera

2322 3435 2387 3489 ad
2412 3436 2552 3490 hunc
2568 3437 2806 3490 modum.
2828 3437 2955 3490 Tam
2976 3452 3101 3491 vero
3123 3439 3389 3493 contraria
3412 3454 3570 3508 quam
3596 3441 3753 3493 etiam
3774 3438 3909 3493 rela-

2324 3527 2499 3582 tiones
2525 3527 2781 3584 dill‘erunt
2803 3546 2831 3583 a
2856 3531 3385 3596 contradictionibus,
3410 3534 3664 3602 quoniam
3693 3545 3906 3588 contra-

2324 3620 2585 3675 dictiones
2616 3620 2832 3689 quidem
2854 3636 3067 3691 semper
3097 3624 3148 3676 in
3165 3623 3750 3690 orationeconsistuut,
3776 3633 3830 3678 et
3857 3624 3909 3681 in

2325 3712 2488 3767 altera
2513 3726 2694 3767 earum
2718 3725 2866 3782 parte
2884 3720 3099 3779 veritas,
3118 3716 3167 3768 in
3192 3718 3357 3772 altera
3386 3717 3589 3771 falsitas
3608 3717 3907 3780 invenitur;

2326 3806 2592 3859 contraria
2620 3818 2750 3859 vero
2776 3814 2829 3860 et
2868 3806 3151 3874 privatoria
3186 3815 3241 3861 et
3266 3808 3560 3862 relationes
3604 3808 3652 3861 iu
3698 3808 3909 3875 simpli-

2327 3898 2479 3953 cibus
2511 3900 2749 3967 partibus
2778 3900 3036 3954 orationis
3066 3900 3333 3955 invenitur
3350 3901 3459 3974 [an.
3480 3898 3905 3971 inveniuntur”,

2327 4000 2381 4044 et
2411 3990 2463 4045 in
2497 3991 2578 4045 his
2603 4008 2772 4061 neque
2799 3991 2995 4047 veritas
3022 4008 3192 4062 neque
3218 3992 3419 4047 falsitas
3444 3994 3602 4048 inest.
3630 3993 3762 4048 Nam
3790 4008 3910 4048 cum

2328 4080 2449 4136 dico
2470 4083 2679 4147 album,
2706 4083 2935 4152 nigrum,
2959 4084 3195 4149 caecitas,
3220 4083 3386 4149 visus,
3412 4083 3678 4146 dominus,
3704 4096 3911 4149 servus,

2328 4170 2597 4239 simplices
2623 4172 2879 4225 orationis
2912 4182 3089 4239 partes
3118 4180 3270 4238 sunt,
3296 4188 3468 4242 neque
3490 4187 3665 4227 verum
3683 4212 3697 4237 ,
3726 4185 3907 4239 neque

2331 4262 2663 4315 mendacium
2694 4262 3060 4329 continentes;
3086 4264 3136 4317 in
3159 4264 3485 4333 simplicibus
3510 4262 3646 4318 enim
3672 4264 3915 4331 partibus

2330 4352 2587 4405 orationis
2608 4354 2801 4407 veritas
2821 4352 2905 4406 vel
2928 4352 3130 4407 falsitas
3154 4356 3295 4409 nulla
3317 4366 3397 4410 est
3416 4365 3438 4407 :’
3456 4370 3576 4409 cum
3600 4363 3772 4409 autent
3796 4354 3916 4410 dico

2331 4442 2446 4496 dies
2475 4453 2592 4509 est,
2627 4442 2742 4497 dies
2771 4458 2875 4499 non
2920 4454 3027 4511 est,
3064 4456 3303 4516 utraeque
3348 4448 3779 4516 propositiones,
3813 4461 3929 4502 una

2334 4533 2388 4587 in
2422 4532 2809 4598 afﬁrmatione,
2835 4535 3001 4589 altera
3032 4537 3082 4590 in
3114 4540 3396 4608 negatione
3422 4539 3592 4606 posita
3611 4579 3626 4605 ,
3651 4540 3917 4592 orationes

2257 4614 2481 4679 Dsunt.
2534 4627 2640 4681 Sed
2676 4629 2743 4680 M.
2781 4627 2987 4682 Tullius
3035 4644 3138 4683 non
3185 4641 3291 4683 tam
3336 4631 3570 4700 propriis
3615 4630 3917 4683 nominibus

2335 4731 2491 4784 quam
2526 4718 2823 4785 notioribus
2854 4719 3061 4784 utitur;
3095 4720 3168 4773 ait
3202 4721 3344 4774 enim
3385 4722 3777 4775 contrariorum
3816 4720 3917 4773 alia

2338 4823 2462 4862 esse
2492 4825 2610 4878 quze
2640 4810 2867 4864 adversa
2903 4823 3184 4878 vocantur,
3219 4813 3317 4867 alia
3348 4830 3466 4883 qua:
3496 4814 3789 4883 privantia,
3818 4814 3918 4868 alia

2339 4918 2456 4971 quae
2489 4904 2541 4956 in
2573 4906 2974 4973 comparatione
3005 4915 3151 4969 sunt,
3188 4905 3291 4957 alia
3335 4920 3453 4973 quae
3498 4904 3693 4959 aientia
3734 4914 3787 4957 et
3828 4920 3917 4959 ne-

2340 4997 2519 5065 gant’a
2568 5008 2973 5065 nuncupantur.
3026 4997 3130 5052 Sed
3179 5013 3296 5067 qua:
3340 4997 3605 5051 contraria
3650 4996 3920 5061 nominat,

2341 5089 2586 5156 opposita
2614 5089 2798 5143 verius
2827 5090 3171 5153 dicerentur;
3208 5105 3326 5158 qua:
3355 5089 3579 5143 adversa
3601 5088 3765 5156 dicit,
3789 5103 3921 5140 con-

2341 5181 2626 5234 trariorum
2660 5181 2851 5235 melius
2880 5180 3213 5250 susciperent
3258 5194 3450 5234 nomen
3478 5197 3492 5246 ;
3524 5194 3643 5248 quae
3672 5180 3721 5231 in
3754 5178 3921 5231 colla-

2347 5276 2493 5329 tione
2539 5275 2818 5341 nominat,
2866 5289 2929 5329 ea
2977 5274 3198 5329 relativo
3242 5273 3325 5328 vel
3371 5273 3437 5328 ad
3481 5271 3680 5340 aliquid
3727 5271 3923 5325 certius

2343 5376 2666 5421 vocarentur
2688 5385 2699 5420 :
2720 5365 2813 5421 sed
2845 5374 3021 5420 utatur
3051 5365 3355 5419 nominibus
3388 5375 3445 5418 ut
3473 5364 3647 5429 volet,
3678 5362 3804 5415 dum
3838 5376 3922 5415 res

2347 5458 2475 5526 ipsa:
2515 5467 2662 5514 certa
2705 5458 3043 5527 proprietatis
3087 5473 3195 5512 suae
3242 5457 3449 5512 ratione
3474 5458 3793 5527 signentur;
3828 5464 3923 5506 nos

2346 5565 2475 5603 vero
2509 5551 2561 5604 in
2595 5551 2812 5605 caeteris
2844 5564 2979 5620 quos
3008 5548 3271 5603 edidimus
3301 5548 3451 5603 libris
3488 5562 3554 5602 eo
3597 5543 3922 5613 nuncupavi.

2348 5658 2464 5695 mus
2494 5644 2686 5706 modo,
2719 5659 2824 5711 quo
2867 5642 3112 5710 superius
3156 5641 3207 5695 in
3253 5640 3556 5697 Aristotelis
3600 5638 3798 5692 dictum
3846 5646 3955 5695 est.

2346 5732 2623 5789 divisione.
2658 5732 2962 5789 Secundum
2980 5732 3051 5788 Μ.
3079 5732 3307 5788 Tullium
3340 5734 3497 5804 igitur
3526 5731 3925 5787 contrariorum
