4258 6270
356 350 487 410 1121

1213 336 1278 392 IN
1316 335 1564 393 TOPICA
1602 332 1963 389 CICERONIS
2002 333 2530 393 COMMENTARIA.
2575 333 2808 391 ΜΒΝ.

3470 340 3627 397 1122

352 466 453 519 alia
483 467 609 517 sunt
639 457 861 513 adversa
882 495 898 521 ,
930 463 987 509 ut
1025 452 1290 521 sapientia
1311 492 1325 517 ,
1366 450 1627 513 stultitia;
1671 449 1775 502 alia
1820 447 1931 517 pri-
1962 449 2015 509 Α
2042 447 2433 504 ﬁrmationibus
2466 461 2516 506 et
2545 455 2917 523 negationibus
2948 457 3121 527 posita
3151 463 3307 520 snnt,
3338 461 3397 509 ut
3436 454 3480 509 si
3522 457 3626 513 hoc

352 558 529 611 vantia
561 596 576 621 ,
606 564 665 608 ut
694 551 925 620 dignitas
952 558 1006 603 et
1043 546 1371 617 indignitas;
1406 544 1505 597 alia
1539 558 1656 613 qua:
1688 559 1807 597 cum
1842 542 1945 596 ali-

352 664 463 720 quo
510 644 887 707 conferuntur,
936 648 994 694 ut
1034 637 1289 707 duplum,
1335 633 1631 703 simplum;
1679 632 1785 686 alia
1827 646 1949 701 quas

353 742 693 814 appellantur
741 735 1021 807 negantia,
1068 749 1099 788 e
1138 731 1406 787 contrario
1447 729 1710 784 aientibus
1750 728 1948 783 consti-

355 848 511 904 tuta,
545 843 604 889 ut
634 835 679 888 si
724 831 825 885 hoc
869 838 982 895 est,
1026 826 1158 882 illud
1205 840 1311 879 non
1354 832 1456 879 est.
1506 822 1744 878 Adversa
1786 822 1948 890 igitur

354 939 481 984 sunt
510 941 628 998 quae
651 966 666 990 ,
697 924 795 977 sub
826 936 934 976 uno
960 935 1158 992 genere
1202 920 1372 987 posita
1398 957 1413 981 ,
1459 916 1751 986 plurimum
1794 914 1948 969 diﬂ'e-

354 1028 511 1083 runt,
546 1026 601 1071 ut
629 1016 844 1079 album,
904 1010 1146 1083 nigrum,
1194 1023 1313 1079 qua:
1357 1022 1387 1062 a
1429 1022 1487 1062 se
1531 1006 1820 1075 plurimum
1866 1004 1950 1059 di-

354 1117 503 1165 stant
531 1107 631 1162 sub
662 1121 769 1161 uno
800 1117 998 1175 genere
1028 1102 1233 1170 posita,
1263 1098 1317 1154 id
1345 1108 1431 1154 est
1454 1098 1554 1152 sub
1580 1097 1781 1151 colore.
1814 1095 1945 1150 Item

356 1199 618 1258 celeritati
652 1197 877 1250 tarditas
904 1194 1129 1247 adversa
1172 1201 1290 1257 est,
1339 1190 1527 1259 positis
1568 1188 1807 1257 utrisque
1846 1186 1944 1241 sub

356 1300 502 1347 motu
530 1333 544 1357 ,
600 1302 772 1356 neque
820 1286 962 1340 enim
1010 1281 1273 1338 celeritati
1319 1280 1566 1335 debilitas
1617 1277 1937 1349 opponenda

354 1391 454 1447 est,
483 1382 607 1452 quia
634 1377 900 1433 debilitati
933 1377 1080 1428 tirma
1109 1373 1355 1427 valetudo
1381 1371 1649 1426 contraria
1666 1367 1942 1438 est,'quod

354 1479 408 1531 in
438 1475 702 1530 divisione
731 1471 913 1526 omisit
942 1468 1157 1535 Cicero,
1189 1466 1283 1522 sed
1309 1466 1495 1521 docuit
1527 1465 1777 1534 exemplo
1803 1480 1818 1529 ;
1851 1463 1939 1517 illa

356 1583 571 1637 quoque
609 1564 863 1618 dicuntur
904 1560 1161 1623 adversa,
1211 1572 1364 1626 quae,
1412 1557 1464 1611 in
1508 1556 1737 1611 diversis
1781 1569 1930 1624 gene-

356 1659 505 1713 ribus
537 1657 673 1720 sita,
708 1653 992 1723 plurimum
1024 1666 1051 1703 a
1086 1664 1145 1703 se
1192 1648 1499 1716 discrepare
1547 1646 1936 1716 intelliguntur,

358 1756 416 1802 ut
443 1744 718 1816 sapientia:
750 1742 991 1795 stultitia.
1022 1738 1117 1793 Illa
1145 1740 1285 1792 enim
1317 1737 1417 1790 sub
1443 1751 1638 1807 genere
1669 1737 1792 1789 boni
1818 1743 1935 1802 est,

2051 547 2167 601 est,
2202 538 2331 592 illud
2362 555 2466 595 non
2499 553 2608 605 est,
2642 538 2805 600 veluti
2840 549 2883 602 si
2914 548 3026 603 dies
3055 557 3165 612 est,
3213 563 3318 602 nox
3363 563 3467 602 non
3509 560 3621 615 est,

2052 638 2211 698 atque
2261 630 2397 685 hanc
2438 635 2829 702 oppositionem
2878 638 3065 695 Cicero
3116 641 3267 696 Valde
3320 642 3450 696 dicit
3503 657 3624 699 esse

2050 722 2397 778 contrariam.
2434 725 2509 781 Ex
2541 728 2731 796 quibus
2762 732 3014 787 omnibus
3045 734 3338 789 secundum
3372 736 3621 803 superius

2049 812 2253 867 dictum
2286 816 2501 870 modum
2546 832 2981 889 argumentorum
3012 828 3233 880 facultas
3260 837 3371 891 est,
3404 844 3524 881 nam
3557 844 3621 883 ex

2048 902 2283 959 relativis
2315 909 2599 963 contrariis
2629 912 2699 964 ita
2730 913 2992 969 sumimus
3021 927 3422 987 argumentum:
3458 922 3499 973 si
3532 935 3624 987 pa-

2049 1000 2129 1046 ter
2160 1002 2274 1061 est,
2311 995 2423 1050 ﬁeri
2454 1013 2561 1051 non
2593 1009 2769 1069 potest
2798 1004 2925 1073 quin
2955 1006 3002 1058 ei
3034 1006 3172 1059 titius
3200 1009 3287 1060 sit.
3323 1008 3624 1079 Exuegan—

2050 1083 2191 1138 tibus
2220 1096 2399 1142 autem
2428 1104 2547 1172 qua:
2574 1094 2865 1167 ἀποφατικὰ
2905 1096 3000 1169 (ut
3029 1098 3141 1166 ait)
3189 1099 3360 1154 Grtcci
3404 1113 3622 1172 vocant,

2048 1175 2123 1229 ita
2155 1193 2167 1229 :
2202 1178 2247 1231 si
2276 1181 2358 1233 sol
2386 1169 2547 1249 supra
2583 1193 2779 1239 terram
2812 1187 2941 1251 luit,
2975 1204 3077 1243 nox
3110 1205 3228 1245 esse
3274 1207 3380 1246 non
3427 1197 3621 1262 potuit,

2047 1265 2164 1320 hate
2204 1268 2348 1323 enim
2379 1270 2669 1329 afﬁrmatio
2702 1276 2846 1331 illam
2880 1282 3095 1347 perimit
3134 1284 3501 1357 negationem;
3532 1301 3624 1341 cur

2044 1372 2176 1411 vero
2208 1358 2323 1415 haec
2353 1365 2602 1435 negantia
2634 1380 2757 1422 esse
2794 1371 3129 1425 constituerit
3172 1374 3470 1429 mirandum
3518 1387 3619 1433 est.

2043 1452 2178 1506 Nam
2213 1469 2333 1523 qua;
2385 1459 2632 1528 negantia
2679 1471 2803 1516 sunt
2855 1464 3120 1518 aientibus
3164 1480 3522 1538 opponuntur,
3568 1478 3625 1527 et

2048 1543 2209 1600 simul
2243 1563 2363 1603 esse
2396 1566 2498 1603 non
2540 1563 2796 1624 possunt,
2832 1565 2888 1609 ut
2918 1555 3059 1611 diem
3091 1573 3210 1613 esse
3239 1576 3302 1614 ac
3340 1562 3480 1616 diem
3514 1579 3622 1619 non

2044 1649 2200 1700 esse,
2232 1637 2332 1690 hoc
2366 1654 2491 1692 vero
2518 1654 2852 1711 consequens
2898 1655 2979 1712 est
3023 1660 3144 1701 cum
3186 1647 3259 1703 ita
3306 1650 3533 1719 dicatur,
3575 1656 3621 1710 si

2045 1724 2149 1779 hoc
2180 1737 2295 1794 est,
2331 1729 2459 1782 illud
2492 1746 2598 1784 non
2629 1732 2737 1797 est,
2771 1741 2827 1787 ut
2851 1734 2896 1789 si
2928 1735 3045 1790 dies
3071 1746 3183 1803 est,
3220 1755 3323 1793 nox
3364 1757 3470 1796 non
3513 1752 3617 1797 est.

359 1843 475 1897 haec
514 1854 641 1895 vero
668 1838 766 1891 sub
792 1836 953 1900 mali,
983 1848 1283 1903 quanquam
1307 1830 1607 1898 hujusmodi
1636 1829 1937 1897 exemplum
1969 1819 2016 1881 Β
2044 1818 2217 1885 Αιίιυθ
2258 1818 2676 1875 θίίίῖηὶθιίοηθιη
2723 1824 3172 1895 ηθειιιίοηεωίιυθ
3214 1828 3418 1884 Tullius
3466 1832 3621 1888 Valde

356 1933 709 2005 privationem
740 1930 917 2001 potius
948 1937 1192 1997 Spectare
1220 1926 1498 1988 videatur;
1540 1938 1659 1977 nam
1708 1922 1933 1980 stultitia

358 2026 586 2099 privatio
615 2034 696 2079 est
728 2022 1035 2092 sapientiae,
1068 2034 1167 2074 nec
1195 2019 1483 2088 quidquam
1516 2025 1596 2069 est
1625 2015 1771 2068 aliud
1802 2015 1941 2069 stul-

357 2120 474 2175 titia
520 2117 620 2172 nisi
667 2112 943 2183 sapientia:
991 2123 1046 2167 et
1087 2110 1313 2165 rationis
1358 2108 1637 2171 absentia;
1684 2106 1778 2160 sed
1822 2120 1942 2176 qua:

360 2213 469 2268 sint
516 2225 634 2279 qua:
674 2206 937 2278 privantia
983 2204 1172 2258 Cicero
1218 2202 1487 2271 appellat,
1539 2198 1801 2269 posterius
1843 2199 1941 2253 de-

360 2303 697 2363 monstrabo.
728 2303 802 2356 Ex
833 2301 916 2354 his
946 2297 1186 2354 adversis
1212 2295 1312 2350 hoc
1344 2294 1502 2348 modo
1530 2293 1762 2347 sitmitur
1786 2307 1944 2361 argu-

360 2408 622 2453 mentum.
666 2394 724 2449 Si
766 2391 1047 2448 stultitiam
1091 2389 1351 2459 lugimus,
1396 2384 1712 2453 sapientiam
1756 2397 1946 2452 sequa-

360 2500 517 2553 mur;
550 2488 594 2541 si
626 2485 920 2540 bonitatem
963 2482 1295 2551 appetimus,
1346 2477 1608 2532 malitiam
1654 2475 1942 2545 fugiamus,

362 2591 665 2649 quanquam
710 2574 914 2629 malitia
954 2584 1188 2640 quoque,
1211 2567 1502 2637 secundum
1541 2565 1786 2620 eumdem
1828 2578 1944 2617 mo-

365 2672 493 2727 dum
541 2670 633 2740 qui
674 2668 923 2737 superius
964 2665 1139 2718 dictus
1180 2672 1295 2727 est,
1344 2660 1734 2731 privationibus
1780 2659 1948 2728 possit

366 2762 606 2835 adiungi.
652 2758 922 2815 Privantia
951 2771 1079 2811 vero
1112 2754 1404 2810 secundum
1434 2754 1746 2807 Ciceronem
1786 2760 1945 2817 sunt,

366 2870 486 2924 qua:
510 2851 693 2906 Graece
732 2850 1018 2921 στερητικά
1056 2845 1409 2915 appellantur,
1444 2858 1562 2933 qua:
1596 2841 1796 2933 habent
1826 2855 1944 2933 eam

368 2956 578 3019 partem
611 2944 869 2999 orationis
900 2940 1241 3012 praepositam
1268 2981 1282 3004 ,
1314 2950 1433 3006 quae
1462 2931 1584 2988 cum
1614 2932 1772 2987 fuerit
1803 2931 1949 3001 adje-

372 3049 459 3095 cta
486 3080 500 3105 ,
530 3052 745 3107 semper
777 3034 893 3089 fere
937 3030 1135 3100 aliquid
1163 3030 1330 3084 demit
1360 3036 1416 3081 ut
1445 3043 1508 3081 ea
1539 3026 1660 3097 (in)
1692 3026 1951 3094 przeposi-

368 3132 475 3196 tio;
508 3131 625 3184 haec
652 3128 793 3183 enim
823 3126 1025 3197 syllaba
1052 3123 1135 3176 cui
1164 3121 1322 3175 fuerit
1347 3118 1588 3187 apposita
1608 3157 1623 3182 ,
1651 3116 1817 3171 demit
1842 3115 1950 3171 fere

2045 1906 2179 1962 dicit
2205 1925 2325 1965 esse
2352 1914 2712 1981 contrariam,
2746 1916 2840 1970 sed
2872 1920 2926 1971 in
2956 1918 3056 1973 hac
3096 1925 3477 1991 consequentia
3521 1940 3620 1981 ne-

2046 2013 2246 2070 queunt
2284 2019 2403 2059 esse
2442 2008 2749 2062 contraria:
2783 2024 2907 2064 nam
2950 2012 3093 2081 quod
3130 2023 3214 2070 est
3250 2031 3616 2087 consequens,

2045 2094 2371 2148 contrarium
2404 2112 2507 2150 non
2540 2108 2638 2152 est.

2116 2207 2191 2259 Ab
2216 2209 2476 2279 adjunctis
2508 2221 2675 2264 autent
2696 2216 2846 2283 posui
2883 2216 3110 2285 equidem
3140 2223 3431 2288 exemplum
3464 2227 3619 2291 paulo

2046 2306 2187 2363 ante,
2216 2300 2376 2353 multa
2416 2301 2632 2374 adjungi
2655 2309 2769 2370 q’ua:
2791 2308 3115 2377 suscipienda
3135 2321 3322 2380 essent,
3346 2314 3390 2368 si
3411 2319 3621 2371 statuis-

2047 2403 2214 2442 semus
2232 2391 2472 2463 exedicto
2488 2395 2765 2447 secundum
2782 2412 2869 2449 eas
2886 2398 3083 2454 tabulas
3100 2406 3470 2471 possessionem.
3479 2411 3619 2476 dari,

2047 2498 2174 2552 quas
2209 2483 2253 2535 is
2296 2484 2606 2559 instituisset
2637 2490 2717 2539 cui
2771 2494 3055 2546 testamenti
3085 2497 3242 2563 factio
3296 2500 3443 2553 nulla
3473 2512 3621 2557 esset.

2050 2574 2155 2629 Sed
2178 2577 2315 2628 locus
2340 2575 2385 2628 is
2421 2577 2581 2649 magis
2622 2579 2690 2631 ad
2732 2584 3104 2651 conjecturales
3134 2602 3317 2643 causas
3352 2607 3465 2659 qua:
3510 2609 3624 2648 vcr-

2048 2674 2230 2719 santur
2261 2666 2314 2717 in
2338 2664 2556 2734 judiciis
2585 2669 2744 2734 valet,
2770 2687 2887 2724 cum
2908 2677 3154 2743 qureritur
3173 2680 3296 2749 quid
3321 2692 3409 2734 aut
3439 2685 3523 2749 sit,
3540 2693 3626 2740 aut

2050 2757 2288 2822 evenerit,
2322 2767 2406 2810 aut
2446 2762 2677 2827 futurum
2698 2763 2786 2828 sit,
2814 2773 2904 2815 aut
2927 2767 3051 2833 quid
3074 2774 3281 2824 omnino
3304 2774 3415 2838 ﬁeri
3449 2776 3626 2844 possit.

2050 2850 2121 2900 Ac
2143 2849 2240 2902 loci
2267 2850 2468 2917 quidem
2509 2853 2669 2923 ipsius
2702 2854 2926 2924 formula
2963 2861 3082 2914 talis
3116 2871 3206 2915 est.
3252 2864 3504 2921 Admonet
3533 2885 3627 2923 au-

2050 2946 2150 2991 tem
2194 2940 2275 2992 hic
2314 2941 2455 2994 locus
2505 2952 2560 2995 ut
2603 2956 2860 3011 quwratur
2888 2949 3012 3017 quid
3049 2962 3166 3005 ante
3193 2968 3320 3021 rem,
3364 2958 3487 3026 quid
3515 2975 3629 3013 cum

2050 3045 2122 3091 re,
2148 3031 2270 3097 quid
2296 3042 2404 3099 post
2427 3050 2532 3087 rem
2560 3039 2813 3102 evenerit;
2838 3039 2967 3093 nihil
2992 3042 3087 3095 hoc
3112 3045 3179 3096 ad
3196 3047 3309 3116 jus.
3328 3047 3409 3101 Ad
3431 3048 3632 3105 Cicero-

2056 3134 2171 3172 nem
2192 3121 2448 3190 inquiebat
2481 3122 2662 3179 Gallus
2691 3136 2863 3180 noster
2885 3170 2899 3193 ,
2929 3132 2975 3183 si
2999 3134 3113 3201 quis
3139 3137 3205 3187 ad
3227 3151 3344 3188 eum
3377 3140 3499 3207 quid
3527 3143 3629 3196 tale

370 3185 574 3292 aliqtiid
605 3236 671 3275 ex
702 3235 765 3273 ea
807 3185 870 3271 vi'
901 3231 1059 3286 quam
1089 3223 1233 3269 esset
1280 3226 1367 3267 res
1400 3211 1649 3280 quaelibet
1679 3209 1948 3274 habitura,
1975 3185 2022 3251 ο
2054 3211 2319 3275 retulerat,
2364 3227 2419 3265 ut
2460 3215 2522 3267 de
2552 3218 2689 3283 facta
2731 3231 3076 3288 quaereretur;
3130 3234 3186 3277 tu
3238 3185 3406 3281 tamen
3435 3232 3633 3298 patiare

371 3316 416 3371 si
450 3316 502 3367 in
530 3312 788 3384 syllabam
819 3307 1163 3379 prtepositam
1193 3319 1297 3358 non
1329 3304 1589 3371 haberet,
1620 3310 1679 3355 ut
1706 3300 1951 3353 humani-

371 3408 464 3463 tati
495 3404 898 3473 inhumanitas:
933 3402 984 3454 in
1034 3412 1264 3467 namque
1310 3395 1595 3464 praeposita
1641 3392 1693 3447 id
1739 3392 1804 3446 de
1847 3406 1953 3460 quo

379 3498 574 3552 dicitur
640 3492 971 3548 humanitate
1012 3488 1270 3558 privavit,
1318 3494 1375 3539 ut
1412 3485 1676 3553 dignitas,
1725 3481 1955 3550 indigni-

374 3599 487 3653 tas;
516 3596 569 3642 et
594 3584 803 3639 Tullius
829 3581 1041 3651 quidem
1072 3593 1134 3632 ea
1161 3586 1365 3631 tantum
1396 3574 1661 3645 privantia
1687 3585 1807 3627 esse
1830 3584 1956 3624 con-

377 3680 584 3743 ﬁrmat,
636 3676 686 3730 in
734 3673 1141 3743 quibuscunque
1192 3668 1395 3739 syllaba
1438 3667 1539 3721 ista
1585 3666 1952 3735 praeponitur:

376 3772 693 3843 privantium
721 3770 917 3837 quippe
949 3776 1137 3821 natura
1168 3763 1463 3818 secundum
1510 3760 1743 3816 Tullium
1793 3761 1954 3829 hujus

377 3864 593 3936 syllabae
648 3862 1155 3915 commemoratione
1214 3856 1439 3921 linitur;
1503 3869 1532 3908 a
1589 3853 1971 3927 Peripateticis.

379 3970 508 4008 vero
551 3952 854 4020 accepimus
885 3949 1208 4017 privationes
1252 3958 1389 4000 cum’
1418 3946 1748 4016 simplicibus
1788 3947 1961 4000 nomi-

380 4044 560 4109 nibus,
599 4051 708 4095 tum
742 4040 1042 4109 privatoriis
1072 4038 1291 4110 syllabis
1332 4037 1504 4092 elferri
1529 4080 1543 4103 ,
1588 4053 1708 4092 cum
1757 4038 1962 4105 simpli-

384 4136 537 4191 cibus
568 4133 905 4197 nominibus,
939 4141 995 4183 ut
1025 4131 1270 4198 caecitas,
1302 4145 1421 4184 cum
1463 4129 1793 4199 privantibus
1832 4143 1962 4184 vero

381 4225 636 4297 syllabis,
673 4234 731 4278 ut
772 4223 1088 4293 indignitas,
1124 4216 1508 4274 inhumanitas.
1544 4219 1837 4286 Quocirca,
1871 4234 1962 4274 se-

382 4316 613 4372 cundum
644 4315 715 4369 M.
742 4313 974 4367 Tullium
994 4356 1007 4378 ,
1039 4312 1251 4365 caecitas
1278 4324 1384 4363 non
1412 4310 1515 4363 erit
1542 4310 1769 4378 privatio
1792 4309 1959 4375 visus,

384 4408 477 4463 sed
516 4408 566 4461 ei
610 4405 923 4469 adversum,
972 4412 1129 4473 atque
1170 4403 1369 4457 idcirco
1413 4403 1632 4456 forsitan
1682 4403 1963 4456 stultitiam

384 4502 525 4555 inter
555 4497 773 4551 adversa
803 4497 1140 4562 numeravit,
1173 4495 1427 4565 quoniam
1455 4509 1558 4548 non
1589 4493 1749 4548 habet
1776 4495 1825 4546 in
1854 4492 1966 4564 syl-

2057 3303 2252 3355 nullum
2278 3320 2309 3356 a
2348 3320 2428 3357 me
2450 3306 2575 3359 artis
2600 3307 2848 3364 institutis
2877 3313 3042 3367 locum
3067 3319 3339 3385 praeteriri,
3368 3336 3429 3373 ne
3449 3321 3493 3373 si
3504 3322 3633 3377 nihil

2058 3393 2153 3445 nisi
2180 3394 2315 3460 quod
2348 3397 2416 3449 ad
2459 3404 2506 3449 te
2534 3400 2783 3467 pertineat
2816 3403 3139 3459 scribendum
3169 3411 3389 3477 putaris,
3421 3412 3633 3468 nimium

2061 3496 2107 3541 te
2150 3504 2325 3542 antare
2354 3491 2545 3544 videar.
2578 3491 2672 3546 Est
2704 3495 2858 3564 igitur
2884 3514 3070 3567 magna
3106 3518 3168 3555 ea:
3209 3513 3352 3571 parte
3376 3506 3515 3560 locus
3556 3509 3635 3564 hic

2060 3583 2332 3645 oratorius,
2354 3598 2456 3635 non
2477 3585 2627 3637 modo
2653 3600 2753 3639 non
2778 3588 3281 3660 iurisconsultorum,
3314 3598 3403 3650 sed
3429 3614 3492 3653 ne
3522 3602 3636 3670 plri-

2062 3671 2392 3743 losophorum
2436 3676 2659 3744 quidem.
2710 3680 2842 3755 Ante
2879 3697 2987 3734 rem
3013 3685 3147 3738 enim
3187 3699 3488 3756 qureruntur
3524 3709 3637 3761 qua:

2063 3763 2188 3816 talia
2231 3774 2372 3830 sunt,
2427 3779 2731 3837 apparatus,
2781 3772 3056 3841 colloquia,
3100 3777 3261 3844 locus,
3310 3784 3638 3839 constitutum

2064 3858 2380 3924 convivium;
2426 3877 2541 3913 cum
2579 3877 2636 3914 re
2685 3872 2853 3917 (uitem
2886 3867 3069 3935 pedum
3117 3872 3354 3939 crepitus,
3397 3880 3639 3945 strepitus

2066 3947 2351 4012 hominum,
2376 3965 2643 4018 corporum
2672 3953 2881 4018 umbrte,
2911 3965 2960 4008 et
2981 3957 3025 4009 si
3043 3958 3168 4025 quid
3179 3961 3430 4028 ejusmodi
3449 3976 3521 4018 est
3544 3983 3561 4026 ;
3588 3976 3641 4019 at

2068 4048 2181 4106 post
2204 4054 2334 4101 rem,
2364 4038 2551 4107 pallor,
2582 4040 2761 4105 rubor,
2803 4044 3055 4113 titubatio,
3092 4056 3139 4099 et
3169 4049 3214 4100 si
3241 4065 3339 4118 qua
3364 4053 3468 4105 alia
3496 4056 3642 4123 signa

2069 4127 2474 4181 conturbationis
2489 4140 2537 4182 et
2558 4132 2895 4186 conscientia}.
2922 4132 3178 4191 Praeterea
3196 4141 3467 4196 restinctus
3488 4146 3642 4216 ignis,

2068 4219 2273 4291 gladius
2325 4232 2589 4286 cruentus,
2641 4235 2924 4295 ceteraque
2974 4244 3089 4297 quae
3141 4233 3476 4301 suspicionem
3519 4240 3643 4306 [arti

2070 4323 2277 4380 possunt
2305 4328 2520 4367 ηιουενε.

2142 4405 2242 4471 Qui
2275 4407 2344 4459 sit
2375 4406 2441 4461 ab
2497 4406 2761 4476 adjunctis
2799 4409 2947 4465 locus
2989 4411 3141 4467 brevi
3188 4416 3432 4483 superius
3489 4435 3644 4476 tuon-

2072 4498 2256 4549 stravit
2281 4500 2549 4567 exemplo,
2581 4514 2647 4554 eo
2681 4501 2881 4556 scilicet
2912 4518 3018 4572 quo
3053 4506 3190 4559 dixit
3220 4524 3234 4560 :
3267 4508 3323 4562 Si
3351 4513 3644 4570 secundum

384 4590 563 4644 labam
595 4604 657 4642 ex
700 4602 800 4655 qua
843 4588 1170 4657 privationes
1215 4586 1541 4641 arbitrantur
1582 4585 1834 4641 existere.
1886 4586 1963 4641 Ex
1994 4565 2048 4625 Ῑ)
2076 4588 2320 4641 mulieris
2348 4565 2623 4658 nunquam
2654 4593 2827 4658 capite
2851 4594 3127 4651 diminuta:
3159 4599 3362 4654 tabulas
3385 4607 3648 4672 possessio

385 4680 576 4750 quibus
605 4678 795 4734 eodem
827 4677 1011 4745 modo,
1046 4684 1104 4730 ut
1132 4679 1184 4732 in
1214 4679 1459 4747 superius
1484 4677 1672 4748 positis
1698 4677 1961 4743 adversis,

386 4781 699 4844 argumenta
728 4771 1036 4826 ducuntur:
1063 4770 1512 4825 Inhumanitatem
1547 4786 1888 4836 aversemur,
1918 4771 1965 4826 si

391 4865 695 4918 humanitas
725 4862 1084 4917 consectanda
1113 4869 1214 4917 est.
1252 4861 1343 4915 Illa
1388 4876 1518 4915 vero
1562 4861 1865 4925 contraria,
1908 4870 1967 4915 ut

388 4958 462 5011 ait
487 4955 695 5009 Tullius
722 5000 734 5021 ,
761 4969 878 5024 quae
900 4968 1023 5007 cum
1046 4953 1228 5026 aliquo
1253 4952 1625 5020 conferuntur,
1652 4953 1773 5005 talia
1804 4960 1963 5021 sunt,

389 5058 446 5102 ut
473 5047 689 5114 duplum
719 5030 919 5116 simpli.
964 5045 1021 5099 ld
1054 5046 1386 5100 tantumdem
1417 5055 1499 5100 est
1530 5055 1779 5115 tanquam
1812 5046 1853 5100 si
1888 5045 1969 5100 di-

388 5147 537 5192 ceret
566 5137 789 5207 duplum
819 5136 1058 5203 dimidii,
1085 5138 1336 5207 simplum
1361 5137 1500 5192 enim
1525 5136 1669 5206 dupli
1694 5137 1971 5191 dimidium

390 5241 501 5295 est,
531 5242 583 5285 et
615 5239 766 5301 pater
809 5230 934 5294 lilii;
962 5245 1131 5300 eaque
1153 5238 1280 5304 sunt
1305 5245 1520 5299 semper
1547 5231 1932 5299 reciprocantia
1952 5274 1969 5299 ,

392 5322 671 5390 aliquoties
699 5321 915 5391 quidem
946 5322 1177 5390 septimo
1206 5337 1364 5388 casu,
1411 5323 1695 5393 aliquoties
1724 5338 1853 5377 vero
1882 5337 1974 5395 ge-

394 5415 588 5478 nitivo,
620 5429 743 5467 nam
776 5414 917 5465 tilius
944 5414 1109 5481 patris
1138 5423 1221 5467 est
1257 5414 1397 5468 illius
1425 5424 1481 5469 et
1511 5425 1660 5484 pater
1689 5414 1831 5481 lilii,
1858 5415 1974 5469 Ιιεεο

395 5506 687 5559 secundum
716 5506 1006 5575 genitivum
1040 5508 1325 5561 conversio
1356 5516 1467 5575 est,
1502 5518 1556 5562 et
1596 5508 1812 5577 duplum
1847 5508 1977 5563 sim-

397 5597 491 5667 plo
519 5595 734 5666 duplum
768 5608 882 5665 est,
915 5600 1030 5654 haec
1073 5599 1370 5653 secundum
1422 5601 1704 5669 septimum
1751 5616 1975 5665 casum;

400 5698 527 5745 sunt
555 5692 714 5746 etiam
746 5709 863 5761 qua:
894 5694 1232 5757 accusativo,
1276 5699 1337 5746 ut
1375 5707 1539 5762 pauca
1586 5695 1649 5747 ad
1697 5696 1893 5760 multa,
1926 5702 1981 5749 et

403 5799 651 5855 magnum
683 5785 745 5840 ad
779 5801 1023 5857 parvum.
1056 5784 1188 5841 Item
1221 5786 1464 5857 negantia
1497 5795 1622 5842 sunt
1650 5802 1769 5856 qum
1811 5788 1862 5841 in
1905 5784 1985 5840 af-

2077 4676 2340 4730 bonorum
2371 4677 2614 4743 daretur,
2630 4693 2964 4750 consequens
2986 4699 3107 4739 esse
3123 4697 3182 4740 ut
3206 4692 3495 4747 secundum
3522 4711 3650 4764 (μιθ-

2076 4782 2179 4837 que
2209 4782 2501 4835 puerorum
2544 4777 2600 4823 et
2637 4784 2919 4826 servorum
2980 4774 3188 4831 tabulas
3234 4784 3503 4849 possessio
3536 4802 3653 4854 per.

2077 4859 2400 4917 mitteretur.
2440 4858 2544 4914 Sed
2576 4874 2720 4914 nunc
2775 4862 3000 4918 formam
3035 4866 3201 4934 ipsam
3242 4880 3296 4924 et
3336 4876 3487 4942 quasi
3534 4879 3653 4933 sub-

2075 4949 2277 5017 jectum
2312 4950 2412 5004 loci
2446 4961 2746 5006 monstrare
2772 4955 3044 5023 proponit,
3068 4973 3185 5026 quas
3214 4970 3296 5015 est
3321 4962 3654 5032 huiusmodi:

2078 5042 2162 5096 Ab
2193 5043 2462 5111 adjunctis
2489 5044 2632 5099 enim
2660 5045 2808 5101 locus
2839 5056 2939 5114 est,
2968 5064 3087 5105 cum
3131 5068 3199 5107 ex
3232 5068 3297 5109 eo
3345 5058 3484 5125 quod
3530 5074 3655 5129 pro-

2080 5133 2293 5200 ponitur
2321 5135 2523 5203 aliquid
2558 5136 2699 5191 aliud
2734 5139 2815 5193 vel
2862 5155 3007 5207 esse,
3053 5143 3136 5198 vel
3167 5144 3360 5211 luisse,
3400 5150 3484 5204 vel
3513 5151 3661 5205 futu-

2078 5238 2197 5278 rum
2222 5240 2344 5281 esse
2378 5229 2840 5296 argumentatione
2887 5232 3155 5303 colligitur
3178 5273 3194 5299 ,
3248 5245 3305 5289 ut
3345 5238 3398 5290 in
3429 5254 3494 5293 eo
3545 5244 3660 5311 ipso

2080 5318 2219 5387 quod
2246 5317 2448 5373 dudum
2480 5324 2657 5389 posuit
2701 5324 2970 5397 exemplo.
3004 5327 3346 5395 Approbatur
3373 5333 3515 5385 enim
3553 5350 3661 5389 non

2080 5408 2279 5463 debere
2305 5411 2595 5465 secundum
2626 5413 2864 5467 mulieris
2893 5430 3161 5484 nunquam
3184 5421 3359 5487 capite
3384 5422 3662 5481 diminuta:

2088 5502 2293 5557 tabulas
2315 5503 2575 5558 bonorum
2615 5508 3005 5573 possessionem
3043 5509 3181 5578 dari,
3207 5513 3329 5581 quia
3350 5515 3394 5568 si
3424 5514 3475 5569 id
3502 5517 3664 5574 fuerit

2086 5596 2342 5666 positum,
2396 5598 2445 5652 id
2478 5596 2712 5652 futurum
2758 5608 2858 5665 est,
2905 5610 2962 5655 ut
3018 5603 3313 5658 secundum
3374 5621 3664 5675 puerorum

2088 5705 2299 5760 quoque
2323 5707 2385 5745 ac
2414 5706 2689 5746 servorum
2721 5692 2926 5748 tabulas
2953 5695 3213 5750 bonorum
3238 5701 3512 5765 possessio
3547 5716 3666 5771 per-

2092 5783 2353 5838 mittatur.
2387 5783 2532 5841 Talia
2567 5800 2696 5841 vero
2724 5794 2847 5841 sunt
2877 5803 2995 5856 quae
3020 5789 3271 5847 dicuntur
3313 5793 3581 5862 adjuncta,
3608 5803 3669 5856 ut
