  <div class='ocr_page' id='page_1' title='image "/cluster/home/n/w/nwhite01/storage/ocr_20150623/64/hvd.32044073505265/567.png"; bbox 0 0 4248 6272; ppageno 0'>
   <div class='ocr_carea' id='block_1_1' title="bbox 618 384 755 444">
    <p class='ocr_par' dir='ltr' id='par_1_1' title="bbox 618 384 755 444">
     <span class='ocr_line' id='line_1_1' title="bbox 618 384 755 444; baseline -0.015 0"><span class='ocrx_word' id='word_1_1' title='bbox 618 384 755 444; x_wconf 67' lang='lat'><strong>“23</strong></span> 
     </span>
    </p>
   </div>
   <div class='ocr_carea' id='block_1_2' title="bbox 1856 376 2669 451">
    <p class='ocr_par' dir='ltr' id='par_1_2' title="bbox 1856 376 2669 451">
     <span class='ocr_line' id='line_1_2' title="bbox 1856 376 2669 451; baseline 0.005 -20"><span class='ocrx_word' id='word_1_2' title='bbox 1856 376 1962 432; x_wconf 79' lang='lat' dir='ltr'><strong>AN.</strong></span> <span class='ocrx_word' id='word_1_3' title='bbox 2004 376 2209 431; x_wconf 83' lang='lat' dir='ltr'><strong>.‘llANL.</strong></span> <span class='ocrx_word' id='word_1_4' title='bbox 2251 377 2403 434; x_wconf 69' lang='lat' dir='ltr'><strong>sev.</strong></span> <span class='ocrx_word' id='word_1_5' title='bbox 2450 379 2669 451; x_wconf 73' lang='lat' dir='ltr'><strong>nomn</strong></span> 
     </span>
    </p>
   </div>
   <div class='ocr_carea' id='block_1_3' title="bbox 3756 380 3898 435">
    <p class='ocr_par' dir='ltr' id='par_1_3' title="bbox 3756 380 3898 435">
     <span class='ocr_line' id='line_1_3' title="bbox 3756 380 3898 435; baseline -0.021 0"><span class='ocrx_word' id='word_1_6' title='bbox 3756 380 3898 435; x_wconf 63' lang='grc'><strong>1124</strong></span> 
     </span>
    </p>
   </div>
   <div class='ocr_carea' id='block_1_4' title="bbox 615 480 3899 566">
    <p class='ocr_par' dir='ltr' id='par_1_4' title="bbox 615 480 3899 566">
     <span class='ocr_line' id='line_1_4' title="bbox 615 480 3899 566; baseline -0.003 -8"><span class='ocrx_word' id='word_1_7' title='bbox 615 504 759 559; x_wconf 88' lang='lat' dir='ltr'><strong>circa</strong></span> <span class='ocrx_word' id='word_1_8' title='bbox 804 515 917 555; x_wconf 91' lang='lat' dir='ltr'><strong>rem</strong></span> <span class='ocrx_word' id='word_1_9' title='bbox 965 498 1078 553; x_wconf 77' lang='lat' dir='ltr'><strong>fere</strong></span> <span class='ocrx_word' id='word_1_10' title='bbox 1115 511 1234 566; x_wconf 72' lang='lat' dir='ltr'><strong>quae</strong></span> <span class='ocrx_word' id='word_1_11' title='bbox 1273 493 1535 565; x_wconf 65' lang='lat' dir='ltr'><strong>quaeritur</strong></span> <span class='ocrx_word' id='word_1_12' title='bbox 1590 492 1967 556; x_wconf 71' lang='lat' dir='ltr'><strong>inveniantur,</strong></span> <span class='ocrx_word' id='word_1_13' title='bbox 2025 494 2683 562; x_wconf 82' lang='lat' dir='ltr'><strong>nequeAconseqnitur,</strong></span> <span class='ocrx_word' id='word_1_14' title='bbox 2737 503 2793 548; x_wconf 87' lang='grc' dir='ltr'><strong>ιιι</strong></span> <span class='ocrx_word' id='word_1_15' title='bbox 2834 480 2889 548; x_wconf 49' lang='grc' dir='ltr'>ἐἰ</span> <span class='ocrx_word' id='word_1_16' title='bbox 2942 507 3109 560; x_wconf 86' lang='lat' dir='ltr'><strong>ponas</strong></span> <span class='ocrx_word' id='word_1_17' title='bbox 3166 493 3436 546; x_wconf 83' lang='lat' dir='ltr'><strong>hominem</strong></span> <span class='ocrx_word' id='word_1_18' title='bbox 3488 494 3665 547; x_wconf 91' lang='lat' dir='ltr'><strong>statim</strong></span> <span class='ocrx_word' id='word_1_19' title='bbox 3698 494 3899 547; x_wconf 80' lang='lat' dir='ltr'><strong>animal</strong></span> 
     </span>
    </p>
   </div>
   <div class='ocr_carea' id='block_1_5' title="bbox 618 584 2204 656">
    <p class='ocr_par' dir='ltr' id='par_1_5' title="bbox 618 584 2204 656">
     <span class='ocr_line' id='line_1_5' title="bbox 618 584 2204 656; baseline -0.009 -7"><span class='ocrx_word' id='word_1_20' title='bbox 618 604 1043 649; x_wconf 72' lang='lat' dir='ltr'><strong>tamen&#39;necesse</strong></span> <span class='ocrx_word' id='word_1_21' title='bbox 1074 589 1143 642; x_wconf 89' lang='lat' dir='ltr'><strong>sit</strong></span> <span class='ocrx_word' id='word_1_22' title='bbox 1162 590 1209 642; x_wconf 91' lang='lat' dir='ltr'><strong>ei</strong></span> <span class='ocrx_word' id='word_1_23' title='bbox 1234 603 1449 656; x_wconf 86' lang='lat' dir='ltr'><strong>semper</strong></span> <span class='ocrx_word' id='word_1_24' title='bbox 1478 586 1785 650; x_wconf 71' lang='lat' dir='ltr'><strong>adhzerere;</strong></span> <span class='ocrx_word' id='word_1_25' title='bbox 1810 594 1863 638; x_wconf 86' lang='lat' dir='ltr'><strong>et</strong></span> <span class='ocrx_word' id='word_1_26' title='bbox 1888 584 2055 637; x_wconf 80' lang='lat' dir='ltr'><strong>forma</strong></span> <span class='ocrx_word' id='word_1_27' title='bbox 2083 584 2204 653; x_wconf 88' lang='lat' dir='ltr'><strong>qui-</strong></span> 
     </span>
    </p>
   </div>
   <div class='ocr_carea' id='block_1_6' title="bbox 619 675 2206 752">
    <p class='ocr_par' dir='ltr' id='par_1_6' title="bbox 619 675 2206 752">
     <span class='ocr_line' id='line_1_6' title="bbox 619 675 2206 752; baseline -0.007 -13"><span class='ocrx_word' id='word_1_28' title='bbox 619 683 920 752; x_wconf 83' lang='lat' dir='ltr'><strong>.‘letnltujtts</strong></span> <span class='ocrx_word' id='word_1_29' title='bbox 952 682 1052 735; x_wconf 89' lang='lat' dir='ltr'><strong>loci</strong></span> <span class='ocrx_word' id='word_1_30' title='bbox 1080 682 1202 733; x_wconf 90' lang='lat' dir='ltr'><strong>talis</strong></span> <span class='ocrx_word' id='word_1_31' title='bbox 1248 688 1350 742; x_wconf 88' lang='lat' dir='ltr'><strong>est,</strong></span> <span class='ocrx_word' id='word_1_32' title='bbox 1385 690 1439 732; x_wconf 92' lang='lat' dir='ltr'><strong>ut</strong></span> <span class='ocrx_word' id='word_1_33' title='bbox 1481 678 1617 731; x_wconf 88' lang='lat' dir='ltr'><strong>hanc</strong></span> <span class='ocrx_word' id='word_1_34' title='bbox 1669 691 1880 746; x_wconf 86' lang='lat' dir='ltr'><strong>quoque</strong></span> <span class='ocrx_word' id='word_1_35' title='bbox 1927 675 2206 729; x_wconf 80' lang='lat' dir='ltr'><strong>diilinitio-</strong></span> 
     </span>
    </p>
   </div>
   <div class='ocr_carea' id='block_1_7' title="bbox 620 769 2203 843">
    <p class='ocr_par' dir='ltr' id='par_1_7' title="bbox 620 769 2203 843">
     <span class='ocr_line' id='line_1_7' title="bbox 620 769 2203 843; baseline -0.008 -12"><span class='ocrx_word' id='word_1_36' title='bbox 620 792 739 831; x_wconf 90' lang='lat' dir='ltr'><strong>nent</strong></span> <span class='ocrx_word' id='word_1_37' title='bbox 768 775 933 842; x_wconf 85' lang='lat' dir='ltr'><strong>possit</strong></span> <span class='ocrx_word' id='word_1_38' title='bbox 959 773 1261 827; x_wconf 75' lang='lat' dir='ltr'><strong>admittere.</strong></span> <span class='ocrx_word' id='word_1_39' title='bbox 1295 772 1373 825; x_wconf 85' lang='lat' dir='ltr'><strong>Ab</strong></span> <span class='ocrx_word' id='word_1_40' title='bbox 1410 770 1676 839; x_wconf 90' lang='lat' dir='ltr'><strong>adiunctis</strong></span> <span class='ocrx_word' id='word_1_41' title='bbox 1711 769 1856 822; x_wconf 87' lang='lat' dir='ltr'><strong>locus</strong></span> <span class='ocrx_word' id='word_1_42' title='bbox 1877 777 1959 821; x_wconf 90' lang='lat' dir='ltr'><strong>est</strong></span> <span class='ocrx_word' id='word_1_43' title='bbox 1986 782 2105 820; x_wconf 92' lang='lat' dir='ltr'><strong>cum</strong></span> <span class='ocrx_word' id='word_1_44' title='bbox 2136 781 2203 843; x_wconf 77' lang='lat' dir='ltr'><strong>ex</strong></span> 
     </span>
    </p>
   </div>
   <div class='ocr_carea' id='block_1_8' title="bbox 576 859 2206 937">
    <p class='ocr_par' dir='ltr' id='par_1_8' title="bbox 576 859 2206 937">
     <span class='ocr_line' id='line_1_8' title="bbox 576 859 2206 937; baseline -0.007 -15"><span class='ocrx_word' id='word_1_45' title='bbox 576 883 587 901; x_wconf 67' lang='grc' dir='ltr'><strong>ι</strong></span> <span class='ocrx_word' id='word_1_46' title='bbox 618 869 905 937; x_wconf 86' lang='lat' dir='ltr'><strong>aliquibus,</strong></span> <span class='ocrx_word' id='word_1_47' title='bbox 933 880 1048 933; x_wconf 65' lang='lat' dir='ltr'><strong>quae</strong></span> <span class='ocrx_word' id='word_1_48' title='bbox 1076 874 1201 919; x_wconf 91' lang='lat' dir='ltr'><strong>sunt</strong></span> <span class='ocrx_word' id='word_1_49' title='bbox 1231 863 1469 931; x_wconf 78' lang='lat' dir='ltr'><strong>proxima</strong></span> <span class='ocrx_word' id='word_1_50' title='bbox 1508 862 1589 915; x_wconf 87' lang='lat' dir='ltr'><strong>eis</strong></span> <span class='ocrx_word' id='word_1_51' title='bbox 1631 860 1698 914; x_wconf 90' lang='lat' dir='ltr'><strong>de</strong></span> <span class='ocrx_word' id='word_1_52' title='bbox 1728 860 1921 928; x_wconf 85' lang='lat' dir='ltr'><strong>quibus</strong></span> <span class='ocrx_word' id='word_1_53' title='bbox 1944 859 2206 928; x_wconf 70' lang='lat' dir='ltr'><strong>quaeritur</strong></span> 
     </span>
    </p>
   </div>
   <div class='ocr_carea' id='block_1_9' title="bbox 619 952 2205 1027">
    <p class='ocr_par' dir='ltr' id='par_1_9' title="bbox 619 952 2205 1027">
     <span class='ocr_line' id='line_1_9' title="bbox 619 952 2205 1027; baseline -0.006 -14"><span class='ocrx_word' id='word_1_54' title='bbox 619 961 801 1023; x_wconf 84' lang='lat' dir='ltr'><strong>rebus,</strong></span> <span class='ocrx_word' id='word_1_55' title='bbox 836 958 887 1011; x_wconf 90' lang='lat' dir='ltr'><strong>id</strong></span> <span class='ocrx_word' id='word_1_56' title='bbox 919 956 1060 1027; x_wconf 86' lang='lat' dir='ltr'><strong>quod</strong></span> <span class='ocrx_word' id='word_1_57' title='bbox 1091 957 1348 1024; x_wconf 62' lang='lat' dir='ltr'><strong>quaeritur</strong></span> <span class='ocrx_word' id='word_1_58' title='bbox 1386 955 1465 1006; x_wconf 84' lang='lat' dir='ltr'><strong>vel</strong></span> <span class='ocrx_word' id='word_1_59' title='bbox 1499 954 1684 1015; x_wconf 80' lang='lat' dir='ltr'><strong>fusse,</strong></span> <span class='ocrx_word' id='word_1_60' title='bbox 1722 954 1804 1006; x_wconf 89' lang='lat' dir='ltr'><strong>vel</strong></span> <span class='ocrx_word' id='word_1_61' title='bbox 1836 967 1977 1013; x_wconf 89' lang='lat' dir='ltr'><strong>esse,</strong></span> <span class='ocrx_word' id='word_1_62' title='bbox 2010 953 2092 1005; x_wconf 92' lang='lat' dir='ltr'><strong>vel</strong></span> <span class='ocrx_word' id='word_1_63' title='bbox 2119 952 2205 1004; x_wconf 81' lang='lat' dir='ltr'><strong>iu-</strong></span> 
     </span>
    </p>
   </div>
   <div class='ocr_carea' id='block_1_10' title="bbox 620 1045 2208 1117">
    <p class='ocr_par' dir='ltr' id='par_1_10' title="bbox 620 1045 2208 1117">
     <span class='ocr_line' id='line_1_10' title="bbox 620 1045 2208 1117; baseline -0.007 -10"><span class='ocrx_word' id='word_1_64' title='bbox 620 1064 801 1107; x_wconf 89' lang='lat' dir='ltr'><strong>turum</strong></span> <span class='ocrx_word' id='word_1_65' title='bbox 835 1067 956 1107; x_wconf 88' lang='lat' dir='ltr'><strong>esse</strong></span> <span class='ocrx_word' id='word_1_66' title='bbox 990 1059 1354 1112; x_wconf 77' lang='lat' dir='ltr'><strong>monstratur;</strong></span> <span class='ocrx_word' id='word_1_67' title='bbox 1386 1048 1475 1117; x_wconf 89' lang='lat' dir='ltr'><strong>qui</strong></span> <span class='ocrx_word' id='word_1_68' title='bbox 1525 1048 1674 1101; x_wconf 84' lang='lat' dir='ltr'><strong>luens</strong></span> <span class='ocrx_word' id='word_1_69' title='bbox 1707 1056 1789 1098; x_wconf 86' lang='lat' dir='ltr'><strong>est</strong></span> <span class='ocrx_word' id='word_1_70' title='bbox 1831 1045 2208 1112; x_wconf 88' lang='lat' dir='ltr'><strong>conjecturali-</strong></span> 
     </span>
    </p>
   </div>
   <div class='ocr_carea' id='block_1_11' title="bbox 622 1134 2207 1199">
    <p class='ocr_par' dir='ltr' id='par_1_11' title="bbox 622 1134 2207 1199">
     <span class='ocr_line' id='line_1_11' title="bbox 622 1134 2207 1199; baseline -0.008 -1"><span class='ocrx_word' id='word_1_71' title='bbox 622 1145 719 1199; x_wconf 89' lang='lat' dir='ltr'><strong>bus</strong></span> <span class='ocrx_word' id='word_1_72' title='bbox 750 1142 927 1196; x_wconf 86' lang='lat' dir='ltr'><strong>causis</strong></span> <span class='ocrx_word' id='word_1_73' title='bbox 951 1143 1181 1193; x_wconf 65' lang='lat' dir='ltr'><strong>maxime</strong></span> <span class='ocrx_word' id='word_1_74' title='bbox 1212 1138 1571 1192; x_wconf 81' lang='lat' dir='ltr'><strong>necessarius.</strong></span> <span class='ocrx_word' id='word_1_75' title='bbox 1614 1136 1745 1189; x_wconf 84' lang='lat' dir='ltr'><strong>Cum</strong></span> <span class='ocrx_word' id='word_1_76' title='bbox 1779 1137 1921 1189; x_wconf 88' lang='lat' dir='ltr'><strong>enim</strong></span> <span class='ocrx_word' id='word_1_77' title='bbox 1965 1134 2029 1187; x_wconf 90' lang='lat' dir='ltr'><strong>de</strong></span> <span class='ocrx_word' id='word_1_78' title='bbox 2066 1134 2207 1187; x_wconf 80' lang='lat' dir='ltr'><strong>iacto</strong></span> 
     </span>
    </p>
   </div>
   <div class='ocr_carea' id='block_1_12' title="bbox 623 1224 2208 1304">
    <p class='ocr_par' dir='ltr' id='par_1_12' title="bbox 623 1224 2208 1304">
     <span class='ocr_line' id='line_1_12' title="bbox 623 1224 2208 1304; baseline -0.006 -17"><span class='ocrx_word' id='word_1_79' title='bbox 623 1234 901 1304; x_wconf 66' lang='lat' dir='ltr'><strong>quaeritur,</strong></span> <span class='ocrx_word' id='word_1_80' title='bbox 931 1242 1039 1283; x_wconf 91' lang='lat' dir='ltr'><strong>tum</strong></span> <span class='ocrx_word' id='word_1_81' title='bbox 1067 1230 1113 1283; x_wconf 91' lang='lat' dir='ltr'><strong>si</strong></span> <span class='ocrx_word' id='word_1_82' title='bbox 1145 1230 1195 1282; x_wconf 92' lang='lat' dir='ltr'><strong>id</strong></span> <span class='ocrx_word' id='word_1_83' title='bbox 1230 1231 1422 1281; x_wconf 85' lang='lat' dir='ltr'><strong>iactum</strong></span> <span class='ocrx_word' id='word_1_84' title='bbox 1468 1238 1549 1280; x_wconf 81' lang='lat' dir='ltr'><strong>est</strong></span> <span class='ocrx_word' id='word_1_85' title='bbox 1603 1226 1743 1295; x_wconf 89' lang='lat' dir='ltr'><strong>quod</strong></span> <span class='ocrx_word' id='word_1_86' title='bbox 1781 1225 2074 1292; x_wconf 76' lang='lat' dir='ltr'><strong>dubitatur,</strong></span> <span class='ocrx_word' id='word_1_87' title='bbox 2117 1224 2208 1292; x_wconf 85' lang='lat' dir='ltr'><strong>qui</strong></span> 
     </span>
    </p>
   </div>
   <div class='ocr_carea' id='block_1_13' title="bbox 623 1317 2204 1388">
    <p class='ocr_par' dir='ltr' id='par_1_13' title="bbox 623 1317 2204 1388">
     <span class='ocr_line' id='line_1_13' title="bbox 623 1317 2204 1388; baseline -0.008 -8"><span class='ocrx_word' id='word_1_88' title='bbox 623 1327 706 1380; x_wconf 79' lang='lat' dir='ltr'><strong>vel</strong></span> <span class='ocrx_word' id='word_1_89' title='bbox 729 1326 906 1388; x_wconf 80' lang='lat' dir='ltr'><strong>fuerit,</strong></span> <span class='ocrx_word' id='word_1_90' title='bbox 935 1325 1013 1376; x_wconf 69' lang='lat' dir='ltr'><strong>vel</strong></span> <span class='ocrx_word' id='word_1_91' title='bbox 1048 1322 1139 1386; x_wconf 87' lang='lat' dir='ltr'><strong>sit,</strong></span> <span class='ocrx_word' id='word_1_92' title='bbox 1175 1321 1256 1374; x_wconf 88' lang='lat' dir='ltr'><strong>vel</strong></span> <span class='ocrx_word' id='word_1_93' title='bbox 1287 1320 1520 1373; x_wconf 79' lang='lat' dir='ltr'><strong>futurum</strong></span> <span class='ocrx_word' id='word_1_94' title='bbox 1552 1318 1641 1385; x_wconf 86' lang='lat' dir='ltr'><strong>sit,</strong></span> <span class='ocrx_word' id='word_1_95' title='bbox 1670 1317 2005 1372; x_wconf 83' lang='lat' dir='ltr'><strong>considerari</strong></span> <span class='ocrx_word' id='word_1_96' title='bbox 2036 1318 2204 1371; x_wconf 81' lang='lat' dir='ltr'><strong>solet:</strong></span> 
     </span>
    </p>
   </div>
   <div class='ocr_carea' id='block_1_14' title="bbox 626 1408 2206 1481">
    <p class='ocr_par' dir='ltr' id='par_1_14' title="bbox 626 1408 2206 1481">
     <span class='ocr_line' id='line_1_14' title="bbox 626 1408 2206 1481; baseline -0.006 -10"><span class='ocrx_word' id='word_1_97' title='bbox 626 1418 789 1472; x_wconf 87' lang='lat' dir='ltr'><strong>multa</strong></span> <span class='ocrx_word' id='word_1_98' title='bbox 814 1414 955 1468; x_wconf 89' lang='lat' dir='ltr'><strong>enim</strong></span> <span class='ocrx_word' id='word_1_99' title='bbox 987 1423 1108 1466; x_wconf 90' lang='lat' dir='ltr'><strong>sunt</strong></span> <span class='ocrx_word' id='word_1_100' title='bbox 1139 1426 1256 1481; x_wconf 65' lang='lat' dir='ltr'><strong>qua:</strong></span> <span class='ocrx_word' id='word_1_101' title='bbox 1302 1412 1587 1478; x_wconf 77' lang='lat' dir='ltr'><strong>unicuique</strong></span> <span class='ocrx_word' id='word_1_102' title='bbox 1632 1408 1881 1477; x_wconf 87' lang='lat' dir='ltr'><strong>adjuncta</strong></span> <span class='ocrx_word' id='word_1_103' title='bbox 1915 1409 1993 1461; x_wconf 86' lang='lat' dir='ltr'><strong>rei</strong></span> <span class='ocrx_word' id='word_1_104' title='bbox 2029 1410 2206 1462; x_wconf 81' lang='lat' dir='ltr'><strong>vario-</strong></span> 
     </span>
    </p>
   </div>
   <div class='ocr_carea' id='block_1_15' title="bbox 625 1500 2206 1570">
    <p class='ocr_par' dir='ltr' id='par_1_15' title="bbox 625 1500 2206 1570">
     <span class='ocr_line' id='line_1_15' title="bbox 625 1500 2206 1570; baseline -0.006 -8"><span class='ocrx_word' id='word_1_105' title='bbox 625 1524 743 1562; x_wconf 87' lang='lat' dir='ltr'><strong>rum</strong></span> <span class='ocrx_word' id='word_1_106' title='bbox 799 1516 991 1560; x_wconf 83' lang='lat' dir='ltr'><strong>eventu</strong></span> <span class='ocrx_word' id='word_1_107' title='bbox 1049 1514 1349 1570; x_wconf 85' lang='lat' dir='ltr'><strong>temporum</strong></span> <span class='ocrx_word' id='word_1_108' title='bbox 1406 1502 1749 1568; x_wconf 86' lang='lat' dir='ltr'><strong>colliguntur.</strong></span> <span class='ocrx_word' id='word_1_109' title='bbox 1808 1501 2011 1553; x_wconf 89' lang='lat' dir='ltr'><strong>Idcirco</strong></span> <span class='ocrx_word' id='word_1_110' title='bbox 2064 1500 2206 1553; x_wconf 91' lang='lat' dir='ltr'><strong>enim</strong></span> 
     </span>
    </p>
   </div>
   <div class='ocr_carea' id='block_1_16' title="bbox 625 1590 2206 1668">
    <p class='ocr_par' dir='ltr' id='par_1_16' title="bbox 625 1590 2206 1668">
     <span class='ocr_line' id='line_1_16' title="bbox 625 1590 2206 1668; baseline -0.007 -16"><span class='ocrx_word' id='word_1_111' title='bbox 625 1599 751 1668; x_wconf 91' lang='lat' dir='ltr'><strong>qttid</strong></span> <span class='ocrx_word' id='word_1_112' title='bbox 783 1606 905 1651; x_wconf 84' lang='lat' dir='ltr'><strong>ante</strong></span> <span class='ocrx_word' id='word_1_113' title='bbox 930 1611 1062 1660; x_wconf 90' lang='lat' dir='ltr'><strong>rem,</strong></span> <span class='ocrx_word' id='word_1_114' title='bbox 1099 1593 1224 1662; x_wconf 92' lang='lat' dir='ltr'><strong>quid</strong></span> <span class='ocrx_word' id='word_1_115' title='bbox 1248 1608 1367 1646; x_wconf 90' lang='lat' dir='ltr'><strong>cum</strong></span> <span class='ocrx_word' id='word_1_116' title='bbox 1396 1609 1475 1655; x_wconf 89' lang='lat' dir='ltr'><strong>re,</strong></span> <span class='ocrx_word' id='word_1_117' title='bbox 1504 1590 1630 1659; x_wconf 89' lang='lat' dir='ltr'><strong>quid</strong></span> <span class='ocrx_word' id='word_1_118' title='bbox 1658 1601 1774 1657; x_wconf 85' lang='lat' dir='ltr'><strong>post</strong></span> <span class='ocrx_word' id='word_1_119' title='bbox 1806 1606 1917 1645; x_wconf 91' lang='lat' dir='ltr'><strong>rem</strong></span> <span class='ocrx_word' id='word_1_120' title='bbox 1942 1590 2206 1655; x_wconf 84' lang='lat' dir='ltr'><strong>evenerit,</strong></span> 
     </span>
    </p>
   </div>
   <div class='ocr_carea' id='block_1_17' title="bbox 624 1681 2208 1752">
    <p class='ocr_par' dir='ltr' id='par_1_17' title="bbox 624 1681 2208 1752">
     <span class='ocr_line' id='line_1_17' title="bbox 624 1681 2208 1752; baseline -0.005 -10"><span class='ocrx_word' id='word_1_121' title='bbox 624 1688 678 1742; x_wconf 87' lang='lat' dir='ltr'><strong>in</strong></span> <span class='ocrx_word' id='word_1_122' title='bbox 712 1685 1165 1752; x_wconf 88' lang='lat' dir='ltr'><strong>coniecturalibus</strong></span> <span class='ocrx_word' id='word_1_123' title='bbox 1197 1682 1374 1735; x_wconf 86' lang='lat' dir='ltr'><strong>causis</strong></span> <span class='ocrx_word' id='word_1_124' title='bbox 1398 1681 1704 1750; x_wconf 87' lang='lat' dir='ltr'><strong>inquiritur,</strong></span> <span class='ocrx_word' id='word_1_125' title='bbox 1746 1697 1867 1749; x_wconf 77' lang='lat' dir='ltr'><strong>quae</strong></span> <span class='ocrx_word' id='word_1_126' title='bbox 1925 1682 1990 1734; x_wconf 90' lang='lat' dir='ltr'><strong>ab</strong></span> <span class='ocrx_word' id='word_1_127' title='bbox 2028 1693 2208 1734; x_wconf 88' lang='lat' dir='ltr'><strong>orato-</strong></span> 
     </span>
    </p>
   </div>
   <div class='ocr_carea' id='block_1_18' title="bbox 630 1772 2207 1841">
    <p class='ocr_par' dir='ltr' id='par_1_18' title="bbox 630 1772 2207 1841">
     <span class='ocr_line' id='line_1_18' title="bbox 630 1772 2207 1841; baseline -0.006 -7"><span class='ocrx_word' id='word_1_128' title='bbox 630 1780 777 1834; x_wconf 82' lang='lat' dir='ltr'><strong>ribus</strong></span> <span class='ocrx_word' id='word_1_129' title='bbox 814 1785 1108 1831; x_wconf 86' lang='lat' dir='ltr'><strong>tractantur</strong></span> <span class='ocrx_word' id='word_1_130' title='bbox 1136 1774 1286 1837; x_wconf 90' lang='lat' dir='ltr'><strong>solis,</strong></span> <span class='ocrx_word' id='word_1_131' title='bbox 1315 1788 1486 1841; x_wconf 90' lang='lat' dir='ltr'><strong>neque</strong></span> <span class='ocrx_word' id='word_1_132' title='bbox 1511 1773 1909 1841; x_wconf 84' lang='lat' dir='ltr'><strong>iurisconsultis</strong></span> <span class='ocrx_word' id='word_1_133' title='bbox 1938 1772 1991 1825; x_wconf 92' lang='lat' dir='ltr'><strong>in</strong></span> <span class='ocrx_word' id='word_1_134' title='bbox 2022 1772 2207 1839; x_wconf 87' lang='lat' dir='ltr'><strong>huius-</strong></span> 
     </span>
    </p>
   </div>
   <div class='ocr_carea' id='block_1_19' title="bbox 2309 586 3901 655">
    <p class='ocr_par' dir='ltr' id='par_1_19' title="bbox 2309 586 3901 655">
     <span class='ocr_line' id='line_1_19' title="bbox 2309 586 3901 655; baseline -0.001 -14"><span class='ocrx_word' id='word_1_135' title='bbox 2309 603 2433 641; x_wconf 87' lang='lat' dir='ltr'><strong>esse</strong></span> <span class='ocrx_word' id='word_1_136' title='bbox 2462 602 2687 641; x_wconf 78' lang='lat' dir='ltr'><strong>neaesse</strong></span> <span class='ocrx_word' id='word_1_137' title='bbox 2710 596 2811 651; x_wconf 83' lang='lat' dir='ltr'><strong>est,</strong></span> <span class='ocrx_word' id='word_1_138' title='bbox 2849 602 2947 640; x_wconf 86' lang='lat' dir='ltr'><strong>nec</strong></span> <span class='ocrx_word' id='word_1_139' title='bbox 2974 598 3098 640; x_wconf 91' lang='lat' dir='ltr'><strong>ante</strong></span> <span class='ocrx_word' id='word_1_140' title='bbox 3132 586 3427 641; x_wconf 87' lang='lat' dir='ltr'><strong>secundum</strong></span> <span class='ocrx_word' id='word_1_141' title='bbox 3483 596 3695 655; x_wconf 83' lang='lat' dir='ltr'><strong>tempus</strong></span> <span class='ocrx_word' id='word_1_142' title='bbox 3739 587 3901 641; x_wconf 39' lang='lat' dir='ltr'><strong>homo</strong></span> 
     </span>
    </p>
   </div>
   <div class='ocr_carea' id='block_1_20' title="bbox 2310 676 3899 747">
    <p class='ocr_par' dir='ltr' id='par_1_20' title="bbox 2310 676 3899 747">
     <span class='ocr_line' id='line_1_20' title="bbox 2310 676 3899 747; baseline -0.001 -14"><span class='ocrx_word' id='word_1_143' title='bbox 2310 678 2411 733; x_wconf 89' lang='lat' dir='ltr'><strong>dici</strong></span> <span class='ocrx_word' id='word_1_144' title='bbox 2444 688 2637 746; x_wconf 62' lang='lat' dir='ltr'><strong>putest,</strong></span> <span class='ocrx_word' id='word_1_145' title='bbox 2671 688 2789 747; x_wconf 87' lang='lat' dir='ltr'><strong>post</strong></span> <span class='ocrx_word' id='word_1_146' title='bbox 2819 694 2946 731; x_wconf 81' lang='lat' dir='ltr'><strong>vero</strong></span> <span class='ocrx_word' id='word_1_147' title='bbox 2974 676 3232 745; x_wconf 87' lang='lat' dir='ltr'><strong>subsequi</strong></span> <span class='ocrx_word' id='word_1_148' title='bbox 3271 678 3488 739; x_wconf 84' lang='lat' dir='ltr'><strong>animal,</strong></span> <span class='ocrx_word' id='word_1_149' title='bbox 3536 687 3593 729; x_wconf 90' lang='grc' dir='ltr'><strong>ιιι</strong></span> <span class='ocrx_word' id='word_1_150' title='bbox 3640 688 3765 732; x_wconf 85' lang='lat' dir='ltr'><strong>ante</strong></span> <span class='ocrx_word' id='word_1_151' title='bbox 3802 678 3899 731; x_wconf 82' lang='lat' dir='ltr'><strong>:tli-</strong></span> 
     </span>
    </p>
   </div>
   <div class='ocr_carea' id='block_1_21' title="bbox 2310 768 3897 839">
    <p class='ocr_par' dir='ltr' id='par_1_21' title="bbox 2310 768 3897 839">
     <span class='ocr_line' id='line_1_21' title="bbox 2310 768 3897 839; baseline -0.002 -17"><span class='ocrx_word' id='word_1_152' title='bbox 2310 773 2429 839; x_wconf 90' lang='lat' dir='ltr'><strong>quis</strong></span> <span class='ocrx_word' id='word_1_153' title='bbox 2458 778 2753 838; x_wconf 81' lang='lat' dir='ltr'><strong>apparatus</strong></span> <span class='ocrx_word' id='word_1_154' title='bbox 2781 778 2864 823; x_wconf 89' lang='lat' dir='ltr'><strong>est</strong></span> <span class='ocrx_word' id='word_1_155' title='bbox 2893 768 3189 823; x_wconf 90' lang='lat' dir='ltr'><strong>secundum</strong></span> <span class='ocrx_word' id='word_1_156' title='bbox 3224 777 3457 833; x_wconf 86' lang='lat' dir='ltr'><strong>tempus,</strong></span> <span class='ocrx_word' id='word_1_157' title='bbox 3502 768 3770 836; x_wconf 81' lang='lat' dir='ltr'><strong>po-tetior</strong></span> <span class='ocrx_word' id='word_1_158' title='bbox 3814 770 3897 820; x_wconf 75' lang='lat' dir='ltr'><strong>ei-</strong></span> 
     </span>
    </p>
   </div>
   <div class='ocr_carea' id='block_1_22' title="bbox 2311 860 3895 931">
    <p class='ocr_par' dir='ltr' id='par_1_22' title="bbox 2311 860 3895 931">
     <span class='ocr_line' id='line_1_22' title="bbox 2311 860 3895 931; baseline -0.005 -14"><span class='ocrx_word' id='word_1_159' title='bbox 2311 864 2503 917; x_wconf 87' lang='lat' dir='ltr'><strong>l&#39;ectus.</strong></span> <span class='ocrx_word' id='word_1_160' title='bbox 2527 862 2709 931; x_wconf 88' lang='lat' dir='ltr'><strong>Itaque</strong></span> <span class='ocrx_word' id='word_1_161' title='bbox 2741 861 2851 915; x_wconf 89' lang='lat' dir='ltr'><strong>illic</strong></span> <span class='ocrx_word' id='word_1_162' title='bbox 2877 860 3251 914; x_wconf 83' lang='lat' dir='ltr'><strong>antecedentia</strong></span> <span class='ocrx_word' id='word_1_163' title='bbox 3284 873 3335 913; x_wconf 91' lang='lat' dir='ltr'><strong>et</strong></span> <span class='ocrx_word' id='word_1_164' title='bbox 3384 861 3767 929; x_wconf 78' lang='lat' dir='ltr'><strong>consequentia</strong></span> <span class='ocrx_word' id='word_1_165' title='bbox 3799 877 3895 912; x_wconf 86' lang='lat' dir='ltr'><strong>nn-</strong></span> 
     </span>
    </p>
   </div>
   <div class='ocr_carea' id='block_1_23' title="bbox 2312 952 3904 1019">
    <p class='ocr_par' dir='ltr' id='par_1_23' title="bbox 2312 952 3904 1019">
     <span class='ocr_line' id='line_1_23' title="bbox 2312 952 3904 1019; baseline -0.001 -13"><span class='ocrx_word' id='word_1_166' title='bbox 2312 954 2603 1017; x_wconf 87' lang='lat' dir='ltr'><strong>minantur,</strong></span> <span class='ocrx_word' id='word_1_167' title='bbox 2640 952 2726 1006; x_wconf 91' lang='lat' dir='ltr'><strong>hic</strong></span> <span class='ocrx_word' id='word_1_168' title='bbox 2757 961 2880 1006; x_wconf 84' lang='lat' dir='ltr'><strong>ante</strong></span> <span class='ocrx_word' id='word_1_169' title='bbox 2912 967 3050 1015; x_wconf 89' lang='lat' dir='ltr'><strong>rem,</strong></span> <span class='ocrx_word' id='word_1_170' title='bbox 3084 966 3209 1006; x_wconf 89' lang='lat' dir='ltr'><strong>cum</strong></span> <span class='ocrx_word' id='word_1_171' title='bbox 3259 968 3335 1016; x_wconf 91' lang='lat' dir='ltr'><strong>re,</strong></span> <span class='ocrx_word' id='word_1_172' title='bbox 3387 960 3440 1004; x_wconf 94' lang='lat' dir='ltr'><strong>et</strong></span> <span class='ocrx_word' id='word_1_173' title='bbox 3484 961 3598 1019; x_wconf 88' lang='lat' dir='ltr'><strong>post</strong></span> <span class='ocrx_word' id='word_1_174' title='bbox 3648 969 3782 1005; x_wconf 87' lang='lat' dir='ltr'><strong>rem.</strong></span> <span class='ocrx_word' id='word_1_175' title='bbox 3820 952 3904 1005; x_wconf 86' lang='lat' dir='ltr'><strong>ld-</strong></span> 
     </span>
    </p>
   </div>
   <div class='ocr_carea' id='block_1_24' title="bbox 2313 1043 3901 1113">
    <p class='ocr_par' dir='ltr' id='par_1_24' title="bbox 2313 1043 3901 1113">
     <span class='ocr_line' id='line_1_24' title="bbox 2313 1043 3901 1113; baseline 0 -14"><span class='ocrx_word' id='word_1_176' title='bbox 2313 1047 2459 1100; x_wconf 91' lang='lat' dir='ltr'><strong>circo</strong></span> <span class='ocrx_word' id='word_1_177' title='bbox 2489 1044 2630 1113; x_wconf 88' lang='lat' dir='ltr'><strong>quod</strong></span> <span class='ocrx_word' id='word_1_178' title='bbox 2664 1044 2788 1098; x_wconf 92' lang='lat' dir='ltr'><strong>illud</strong></span> <span class='ocrx_word' id='word_1_179' title='bbox 2820 1044 3055 1112; x_wconf 88' lang='lat' dir='ltr'><strong>quidem,</strong></span> <span class='ocrx_word' id='word_1_180' title='bbox 3090 1059 3193 1097; x_wconf 93' lang='lat' dir='ltr'><strong>non</strong></span> <span class='ocrx_word' id='word_1_181' title='bbox 3214 1043 3505 1097; x_wconf 87' lang='lat' dir='ltr'><strong>secundum</strong></span> <span class='ocrx_word' id='word_1_182' title='bbox 3540 1053 3770 1111; x_wconf 77' lang='lat' dir='ltr'><strong>tempus,</strong></span> <span class='ocrx_word' id='word_1_183' title='bbox 3805 1045 3901 1098; x_wconf 90' lang='lat' dir='ltr'><strong>sed</strong></span> 
     </span>
    </p>
   </div>
   <div class='ocr_carea' id='block_1_25' title="bbox 2313 1134 3902 1204">
    <p class='ocr_par' dir='ltr' id='par_1_25' title="bbox 2313 1134 3902 1204">
     <span class='ocr_line' id='line_1_25' title="bbox 2313 1134 3902 1204; baseline -0.003 -13"><span class='ocrx_word' id='word_1_184' title='bbox 2313 1136 2607 1191; x_wconf 80' lang='lat' dir='ltr'><strong>secundum</strong></span> <span class='ocrx_word' id='word_1_185' title='bbox 2634 1136 3083 1204; x_wconf 82' lang='lat' dir='ltr'><strong>principalitatem</strong></span> <span class='ocrx_word' id='word_1_186' title='bbox 3117 1143 3325 1187; x_wconf 72' lang='lat' dir='ltr'><strong>natura:</strong></span> <span class='ocrx_word' id='word_1_187' title='bbox 3377 1149 3552 1188; x_wconf 85' lang='lat' dir='ltr'><strong>secum</strong></span> <span class='ocrx_word' id='word_1_188' title='bbox 3589 1134 3750 1187; x_wconf 89' lang='lat' dir='ltr'><strong>simul</strong></span> <span class='ocrx_word' id='word_1_189' title='bbox 3802 1134 3902 1188; x_wconf 80' lang='lat' dir='ltr'><strong>ali-</strong></span> 
     </span>
    </p>
   </div>
   <div class='ocr_carea' id='block_1_26' title="bbox 2313 1225 3900 1299">
    <p class='ocr_par' dir='ltr' id='par_1_26' title="bbox 2313 1225 3900 1299">
     <span class='ocr_line' id='line_1_26' title="bbox 2313 1225 3900 1299; baseline -0.004 -16"><span class='ocrx_word' id='word_1_190' title='bbox 2313 1228 2441 1299; x_wconf 89' lang='lat' dir='ltr'><strong>quid</strong></span> <span class='ocrx_word' id='word_1_191' title='bbox 2501 1228 2761 1283; x_wconf 85' lang='lat' dir='ltr'><strong>trahentis</strong></span> <span class='ocrx_word' id='word_1_192' title='bbox 2807 1226 3131 1281; x_wconf 86' lang='lat' dir='ltr'><strong>antecedens</strong></span> <span class='ocrx_word' id='word_1_193' title='bbox 3180 1225 3407 1290; x_wconf 85' lang='lat' dir='ltr'><strong>dicitur,</strong></span> <span class='ocrx_word' id='word_1_194' title='bbox 3460 1240 3793 1293; x_wconf 82' lang='lat' dir='ltr'><strong>consequens</strong></span> <span class='ocrx_word' id='word_1_195' title='bbox 3843 1225 3900 1278; x_wconf 89' lang='lat' dir='ltr'><strong>id</strong></span> 
     </span>
    </p>
   </div>
   <div class='ocr_carea' id='block_1_27' title="bbox 2314 1317 3899 1393">
    <p class='ocr_par' dir='ltr' id='par_1_27' title="bbox 2314 1317 3899 1393">
     <span class='ocr_line' id='line_1_27' title="bbox 2314 1317 3899 1393; baseline -0.004 -15"><span class='ocrx_word' id='word_1_196' title='bbox 2314 1324 2456 1393; x_wconf 92' lang='lat' dir='ltr'><strong>quod</strong></span> <span class='ocrx_word' id='word_1_197' title='bbox 2486 1322 2815 1379; x_wconf 89' lang='lat' dir='ltr'><strong>antecedens</strong></span> <span class='ocrx_word' id='word_1_198' title='bbox 2848 1319 3156 1374; x_wconf 89' lang='lat' dir='ltr'><strong>comitatur.</strong></span> <span class='ocrx_word' id='word_1_199' title='bbox 3187 1318 3258 1371; x_wconf 83' lang='lat' dir='ltr'><strong>Ea</strong></span> <span class='ocrx_word' id='word_1_200' title='bbox 3286 1334 3412 1372; x_wconf 36' lang='lat' dir='ltr'><strong>\‘eru</strong></span> <span class='ocrx_word' id='word_1_201' title='bbox 3452 1334 3569 1386; x_wconf 65' lang='lat' dir='ltr'><strong>qum</strong></span> <span class='ocrx_word' id='word_1_202' title='bbox 3600 1317 3899 1371; x_wconf 87' lang='lat' dir='ltr'><strong>secundum</strong></span> 
     </span>
    </p>
   </div>
   <div class='ocr_carea' id='block_1_28' title="bbox 2315 1409 3903 1489">
    <p class='ocr_par' dir='ltr' id='par_1_28' title="bbox 2315 1409 3903 1489">
     <span class='ocr_line' id='line_1_28' title="bbox 2315 1409 3903 1489; baseline -0.008 -14"><span class='ocrx_word' id='word_1_203' title='bbox 2315 1421 2574 1489; x_wconf 91' lang='lat' dir='ltr'><strong>temporis</strong></span> <span class='ocrx_word' id='word_1_204' title='bbox 2605 1421 2839 1489; x_wconf 88' lang='lat' dir='ltr'><strong>priorem</strong></span> <span class='ocrx_word' id='word_1_205' title='bbox 2872 1414 3305 1488; x_wconf 73' lang='lat' dir='ltr'><strong>posterioremve</strong></span> <span class='ocrx_word' id='word_1_206' title='bbox 3348 1414 3613 1466; x_wconf 72' lang='lat' dir='ltr'><strong>rationem</strong></span> <span class='ocrx_word' id='word_1_207' title='bbox 3652 1409 3903 1464; x_wconf 86' lang='lat' dir='ltr'><strong>conside-</strong></span> 
     </span>
    </p>
   </div>
   <div class='ocr_carea' id='block_1_29' title="bbox 2314 1510 3894 1582">
    <p class='ocr_par' dir='ltr' id='par_1_29' title="bbox 2314 1510 3894 1582">
     <span class='ocr_line' id='line_1_29' title="bbox 2314 1510 3894 1582; baseline -0.006 -16"><span class='ocrx_word' id='word_1_208' title='bbox 2314 1524 2522 1579; x_wconf 89' lang='lat' dir='ltr'><strong>rantur,</strong></span> <span class='ocrx_word' id='word_1_209' title='bbox 2550 1512 2829 1582; x_wconf 40' lang='lat' dir='ltr'><strong>.adiuncta,</strong></span> <span class='ocrx_word' id='word_1_210' title='bbox 2863 1510 3061 1564; x_wconf 90' lang='lat' dir='ltr'><strong>idcirco</strong></span> <span class='ocrx_word' id='word_1_211' title='bbox 3109 1517 3232 1562; x_wconf 87' lang='lat' dir='ltr'><strong>ante</strong></span> <span class='ocrx_word' id='word_1_212' title='bbox 3264 1522 3401 1567; x_wconf 90' lang='lat' dir='ltr'><strong>rem,</strong></span> <span class='ocrx_word' id='word_1_213' title='bbox 3436 1520 3556 1557; x_wconf 90' lang='lat' dir='ltr'><strong>cum</strong></span> <span class='ocrx_word' id='word_1_214' title='bbox 3591 1520 3647 1557; x_wconf 92' lang='lat' dir='ltr'><strong>re</strong></span> <span class='ocrx_word' id='word_1_215' title='bbox 3692 1512 3745 1556; x_wconf 89' lang='lat' dir='ltr'><strong>et</strong></span> <span class='ocrx_word' id='word_1_216' title='bbox 3778 1513 3894 1571; x_wconf 88' lang='lat' dir='ltr'><strong>post</strong></span> 
     </span>
    </p>
   </div>
   <div class='ocr_carea' id='block_1_30' title="bbox 2314 1603 3041 1674">
    <p class='ocr_par' dir='ltr' id='par_1_30' title="bbox 2314 1603 3041 1674">
     <span class='ocr_line' id='line_1_30' title="bbox 2314 1603 3041 1674; baseline -0.007 -13"><span class='ocrx_word' id='word_1_217' title='bbox 2314 1621 2428 1661; x_wconf 91' lang='lat' dir='ltr'><strong>rem</strong></span> <span class='ocrx_word' id='word_1_218' title='bbox 2457 1621 2672 1674; x_wconf 83' lang='lat' dir='ltr'><strong>coepere</strong></span> <span class='ocrx_word' id='word_1_219' title='bbox 2704 1603 3041 1658; x_wconf 89' lang='lat' dir='ltr'><strong>vocabulum.</strong></span> 
     </span>
    </p>
   </div>
   <div class='ocr_carea' id='block_1_31' title="bbox 2386 1689 3897 1767">
    <p class='ocr_par' dir='ltr' id='par_1_31' title="bbox 2386 1689 3897 1767">
     <span class='ocr_line' id='line_1_31' title="bbox 2386 1689 3897 1767; baseline -0.005 -18"><span class='ocrx_word' id='word_1_220' title='bbox 2386 1697 2638 1767; x_wconf 82' lang='lat' dir='ltr'><strong>Deinceps</strong></span> <span class='ocrx_word' id='word_1_221' title='bbox 2665 1706 2734 1749; x_wconf 74' lang='lat' dir='ltr'><strong>est</strong></span> <span class='ocrx_word' id='word_1_222' title='bbox 2776 1698 2919 1749; x_wconf 85' lang='lat' dir='ltr'><strong>locus</strong></span> <span class='ocrx_word' id='word_1_223' title='bbox 2959 1692 3337 1745; x_wconf 78' lang='lat' dir='ltr'><strong>dialecticorum</strong></span> <span class='ocrx_word' id='word_1_224' title='bbox 3365 1689 3607 1758; x_wconf 85' lang='lat' dir='ltr'><strong>proprius</strong></span> <span class='ocrx_word' id='word_1_225' title='bbox 3638 1703 3699 1740; x_wconf 77' lang='lat' dir='ltr'><strong>ex</strong></span> <span class='ocrx_word' id='word_1_226' title='bbox 3723 1702 3897 1741; x_wconf 77' lang='lat' dir='ltr'><strong>conse-</strong></span> 
     </span>
    </p>
   </div>
   <div class='ocr_carea' id='block_1_32' title="bbox 2314 1781 3901 1859">
    <p class='ocr_par' dir='ltr' id='par_1_32' title="bbox 2314 1781 3901 1859">
     <span class='ocr_line' id='line_1_32' title="bbox 2314 1781 3901 1859; baseline -0.007 -17"><span class='ocrx_word' id='word_1_227' title='bbox 2314 1790 2581 1859; x_wconf 80' lang='lat' dir='ltr'><strong>quentibus</strong></span> <span class='ocrx_word' id='word_1_228' title='bbox 2607 1797 2655 1840; x_wconf 90' lang='lat' dir='ltr'><strong>et</strong></span> <span class='ocrx_word' id='word_1_229' title='bbox 2675 1785 3086 1838; x_wconf 68' lang='lat' dir='ltr'><strong>antecedentibus</strong></span> <span class='ocrx_word' id='word_1_230' title='bbox 3107 1792 3151 1834; x_wconf 89' lang='lat' dir='ltr'><strong>et</strong></span> <span class='ocrx_word' id='word_1_231' title='bbox 3180 1781 3607 1849; x_wconf 72' lang='lat' dir='ltr'><strong>repugnantibus,</strong></span> <span class='ocrx_word' id='word_1_232' title='bbox 3642 1796 3760 1832; x_wconf 85' lang='lat' dir='ltr'><strong>nam</strong></span> <span class='ocrx_word' id='word_1_233' title='bbox 3782 1796 3901 1831; x_wconf 85' lang='lat' dir='ltr'><strong>con-</strong></span> 
     </span>
    </p>
   </div>
   <div class='ocr_carea' id='block_1_33' title="bbox 624 1860 3900 1947">
    <p class='ocr_par' dir='ltr' id='par_1_33' title="bbox 624 1860 3900 1947">
     <span class='ocr_line' id='line_1_33' title="bbox 624 1860 3900 1947; baseline -0.002 -23"><span class='ocrx_word' id='word_1_234' title='bbox 624 1869 766 1924; x_wconf 72' lang='lat' dir='ltr'><strong>tendi</strong></span> <span class='ocrx_word' id='word_1_235' title='bbox 791 1866 1014 1936; x_wconf 83' lang='lat' dir='ltr'><strong>negotiis</strong></span> <span class='ocrx_word' id='word_1_236' title='bbox 1036 1880 1155 1918; x_wconf 91' lang='lat' dir='ltr'><strong>cum</strong></span> <span class='ocrx_word' id='word_1_237' title='bbox 1188 1863 1453 1916; x_wconf 89' lang='lat' dir='ltr'><strong>rhetorica</strong></span> <span class='ocrx_word' id='word_1_238' title='bbox 1481 1862 1730 1916; x_wconf 77' lang='lat' dir='ltr'><strong>facultate</strong></span> <span class='ocrx_word' id='word_1_239' title='bbox 1764 1861 1871 1914; x_wconf 88' lang='lat' dir='ltr'><strong>ulla</strong></span> <span class='ocrx_word' id='word_1_240' title='bbox 1898 1860 2208 1916; x_wconf 87' lang='lat' dir='ltr'><strong>communio</strong></span> <span class='ocrx_word' id='word_1_241' title='bbox 2240 1866 2291 1927; x_wconf 86' lang='lat' dir='ltr'><strong>B</strong></span> <span class='ocrx_word' id='word_1_242' title='bbox 2312 1881 2492 1947; x_wconf 68' lang='lat' dir='ltr'><strong>juncta</strong></span> <span class='ocrx_word' id='word_1_243' title='bbox 2528 1878 2591 1931; x_wconf 76' lang='lat' dir='ltr'><strong>de</strong></span> <span class='ocrx_word' id='word_1_244' title='bbox 2629 1877 2814 1947; x_wconf 71' lang='lat' dir='ltr'><strong>quibus</strong></span> <span class='ocrx_word' id='word_1_245' title='bbox 2845 1874 2999 1943; x_wconf 87' lang='lat' dir='ltr'><strong>paulo</strong></span> <span class='ocrx_word' id='word_1_246' title='bbox 3047 1882 3164 1925; x_wconf 87' lang='lat' dir='ltr'><strong>ante</strong></span> <span class='ocrx_word' id='word_1_247' title='bbox 3212 1872 3403 1922; x_wconf 81' lang='lat' dir='ltr'><strong>dictum</strong></span> <span class='ocrx_word' id='word_1_248' title='bbox 3448 1880 3542 1931; x_wconf 85' lang='lat' dir='ltr'><strong>est,</strong></span> <span class='ocrx_word' id='word_1_249' title='bbox 3578 1885 3678 1920; x_wconf 88' lang='lat' dir='ltr'><strong>non</strong></span> <span class='ocrx_word' id='word_1_250' title='bbox 3706 1885 3900 1933; x_wconf 78' lang='lat' dir='ltr'><strong>semper</strong></span> 
     </span>
    </p>
   </div>
   <div class='ocr_carea' id='block_1_34' title="bbox 626 1954 2209 2029">
    <p class='ocr_par' dir='ltr' id='par_1_34' title="bbox 626 1954 2209 2029">
     <span class='ocr_line' id='line_1_34' title="bbox 626 1954 2209 2029; baseline -0.005 -12"><span class='ocrx_word' id='word_1_251' title='bbox 626 1974 728 2028; x_wconf 90' lang='lat' dir='ltr'><strong>est,</strong></span> <span class='ocrx_word' id='word_1_252' title='bbox 759 1961 897 2029; x_wconf 86' lang='lat' dir='ltr'><strong>juris</strong></span> <span class='ocrx_word' id='word_1_253' title='bbox 926 1959 1067 2013; x_wconf 91' lang='lat' dir='ltr'><strong>enim</strong></span> <span class='ocrx_word' id='word_1_254' title='bbox 1100 1958 1301 2026; x_wconf 86' lang='lat' dir='ltr'><strong>peritus</strong></span> <span class='ocrx_word' id='word_1_255' title='bbox 1325 1958 1391 2009; x_wconf 90' lang='lat' dir='ltr'><strong>de</strong></span> <span class='ocrx_word' id='word_1_256' title='bbox 1424 1954 1553 2011; x_wconf 80' lang='lat' dir='ltr'><strong>facti</strong></span> <span class='ocrx_word' id='word_1_257' title='bbox 1594 1956 1875 2024; x_wconf 89' lang='lat' dir='ltr'><strong>qualitate,</strong></span> <span class='ocrx_word' id='word_1_258' title='bbox 1911 1971 2015 2009; x_wconf 92' lang='lat' dir='ltr'><strong>non</strong></span> <span class='ocrx_word' id='word_1_259' title='bbox 2048 1956 2209 2010; x_wconf 90' lang='lat' dir='ltr'><strong>etiam</strong></span> 
     </span>
    </p>
   </div>
   <div class='ocr_carea' id='block_1_35' title="bbox 625 2047 2211 2125">
    <p class='ocr_par' dir='ltr' id='par_1_35' title="bbox 625 2047 2211 2125">
     <span class='ocr_line' id='line_1_35' title="bbox 625 2047 2211 2125; baseline -0.006 -14"><span class='ocrx_word' id='word_1_260' title='bbox 625 2058 694 2111; x_wconf 90' lang='lat' dir='ltr'><strong>de</strong></span> <span class='ocrx_word' id='word_1_261' title='bbox 724 2057 889 2125; x_wconf 85' lang='lat' dir='ltr'><strong>ipsius</strong></span> <span class='ocrx_word' id='word_1_262' title='bbox 923 2053 1045 2107; x_wconf 76' lang='lat' dir='ltr'><strong>facti</strong></span> <span class='ocrx_word' id='word_1_263' title='bbox 1073 2053 1300 2105; x_wconf 86' lang='lat' dir='ltr'><strong>veritate</strong></span> <span class='ocrx_word' id='word_1_264' title='bbox 1332 2050 1641 2117; x_wconf 84' lang='lat' dir='ltr'><strong>respondet.</strong></span> <span class='ocrx_word' id='word_1_265' title='bbox 1676 2048 1878 2102; x_wconf 88' lang='lat' dir='ltr'><strong>Idcirco</strong></span> <span class='ocrx_word' id='word_1_266' title='bbox 1909 2050 2117 2117; x_wconf 87' lang='lat' dir='ltr'><strong>quoties</strong></span> <span class='ocrx_word' id='word_1_267' title='bbox 2144 2047 2211 2101; x_wconf 91' lang='lat' dir='ltr'><strong>ad</strong></span> 
     </span>
    </p>
   </div>
   <div class='ocr_carea' id='block_1_36' title="bbox 629 2138 2211 2214">
    <p class='ocr_par' dir='ltr' id='par_1_36' title="bbox 629 2138 2211 2214">
     <span class='ocr_line' id='line_1_36' title="bbox 629 2138 2211 2214; baseline -0.006 -11"><span class='ocrx_word' id='word_1_268' title='bbox 629 2148 840 2203; x_wconf 82' lang='lat' dir='ltr'><strong>Gallum</strong></span> <span class='ocrx_word' id='word_1_269' title='bbox 875 2146 1105 2214; x_wconf 90' lang='lat' dir='ltr'><strong>peritum</strong></span> <span class='ocrx_word' id='word_1_270' title='bbox 1129 2143 1265 2211; x_wconf 81' lang='lat' dir='ltr'><strong>juris</strong></span> <span class='ocrx_word' id='word_1_271' title='bbox 1285 2140 1409 2194; x_wconf 83' lang='lat' dir='ltr'><strong>facti</strong></span> <span class='ocrx_word' id='word_1_272' title='bbox 1431 2142 1658 2209; x_wconf 69' lang='lat' dir='ltr'><strong>quaestio</strong></span> <span class='ocrx_word' id='word_1_273' title='bbox 1681 2138 2041 2209; x_wconf 84' lang='lat' dir='ltr'><strong>deferebatur,</strong></span> <span class='ocrx_word' id='word_1_274' title='bbox 2078 2139 2211 2193; x_wconf 89' lang='lat' dir='ltr'><strong>nihil</strong></span> 
     </span>
    </p>
   </div>
   <div class='ocr_carea' id='block_1_37' title="bbox 628 2230 2214 2303">
    <p class='ocr_par' dir='ltr' id='par_1_37' title="bbox 628 2230 2214 2303">
     <span class='ocr_line' id='line_1_37' title="bbox 628 2230 2214 2303; baseline -0.006 -11"><span class='ocrx_word' id='word_1_275' title='bbox 628 2238 693 2293; x_wconf 86' lang='lat' dir='ltr'><strong>ad</strong></span> <span class='ocrx_word' id='word_1_276' title='bbox 727 2252 822 2290; x_wconf 91' lang='lat' dir='ltr'><strong>nos</strong></span> <span class='ocrx_word' id='word_1_277' title='bbox 850 2234 1141 2303; x_wconf 87' lang='lat' dir='ltr'><strong>inquiebat,</strong></span> <span class='ocrx_word' id='word_1_278' title='bbox 1170 2242 1224 2285; x_wconf 91' lang='lat' dir='ltr'><strong>et</strong></span> <span class='ocrx_word' id='word_1_279' title='bbox 1250 2232 1317 2284; x_wconf 90' lang='lat' dir='ltr'><strong>ad</strong></span> <span class='ocrx_word' id='word_1_280' title='bbox 1341 2231 1655 2285; x_wconf 83' lang='lat' dir='ltr'><strong>Ciceronem</strong></span> <span class='ocrx_word' id='word_1_281' title='bbox 1713 2231 1889 2299; x_wconf 87' lang='lat' dir='ltr'><strong>potius</strong></span> <span class='ocrx_word' id='word_1_282' title='bbox 1924 2230 2214 2284; x_wconf 87' lang='lat' dir='ltr'><strong>consulen-</strong></span> 
     </span>
    </p>
   </div>
   <div class='ocr_carea' id='block_1_38' title="bbox 630 2320 2214 2393">
    <p class='ocr_par' dir='ltr' id='par_1_38' title="bbox 630 2320 2214 2393">
     <span class='ocr_line' id='line_1_38' title="bbox 630 2320 2214 2393; baseline -0.006 -9"><span class='ocrx_word' id='word_1_283' title='bbox 630 2339 729 2393; x_wconf 71' lang='lat' dir='ltr'><strong>tes,</strong></span> <span class='ocrx_word' id='word_1_284' title='bbox 762 2330 812 2382; x_wconf 90' lang='lat' dir='ltr'><strong>id</strong></span> <span class='ocrx_word' id='word_1_285' title='bbox 840 2336 924 2382; x_wconf 90' lang='lat' dir='ltr'><strong>est</strong></span> <span class='ocrx_word' id='word_1_286' title='bbox 948 2326 1012 2378; x_wconf 78' lang='lat' dir='ltr'><strong>ad</strong></span> <span class='ocrx_word' id='word_1_287' title='bbox 1064 2324 1332 2378; x_wconf 87' lang='lat' dir='ltr'><strong>rhetorem</strong></span> <span class='ocrx_word' id='word_1_288' title='bbox 1384 2322 1717 2376; x_wconf 81' lang='lat' dir='ltr'><strong>remittebat.</strong></span> <span class='ocrx_word' id='word_1_289' title='bbox 1752 2320 1807 2375; x_wconf 91' lang='lat' dir='ltr'><strong>ln</strong></span> <span class='ocrx_word' id='word_1_290' title='bbox 1853 2337 1960 2391; x_wconf 92' lang='lat' dir='ltr'><strong>quo</strong></span> <span class='ocrx_word' id='word_1_291' title='bbox 2003 2322 2214 2375; x_wconf 85' lang='lat' dir='ltr'><strong>Tullius</strong></span> 
     </span>
    </p>
   </div>
   <div class='ocr_carea' id='block_1_39' title="bbox 631 2415 2214 2487">
    <p class='ocr_par' dir='ltr' id='par_1_39' title="bbox 631 2415 2214 2487">
     <span class='ocr_line' id='line_1_39' title="bbox 631 2415 2214 2487; baseline -0.005 -10"><span class='ocrx_word' id='word_1_292' title='bbox 631 2422 809 2487; x_wconf 75' lang='lat' dir='ltr'><strong>facere</strong></span> <span class='ocrx_word' id='word_1_293' title='bbox 840 2419 906 2474; x_wconf 81' lang='lat' dir='ltr'><strong>ad</strong></span> <span class='ocrx_word' id='word_1_294' title='bbox 934 2418 1243 2474; x_wconf 79' lang='lat' dir='ltr'><strong>Trebatium</strong></span> <span class='ocrx_word' id='word_1_295' title='bbox 1298 2418 1471 2469; x_wconf 91' lang='lat' dir='ltr'><strong>locum</strong></span> <span class='ocrx_word' id='word_1_296' title='bbox 1529 2416 1743 2469; x_wconf 89' lang='lat' dir='ltr'><strong>miscuit</strong></span> <span class='ocrx_word' id='word_1_297' title='bbox 1778 2415 1983 2483; x_wconf 87' lang='lat' dir='ltr'><strong>dicens,</strong></span> <span class='ocrx_word' id='word_1_298' title='bbox 2034 2417 2214 2482; x_wconf 84' lang='lat' dir='ltr'><strong>Quan-</strong></span> 
     </span>
    </p>
   </div>
   <div class='ocr_carea' id='block_1_40' title="bbox 631 2507 2214 2581">
    <p class='ocr_par' dir='ltr' id='par_1_40' title="bbox 631 2507 2214 2581">
     <span class='ocr_line' id='line_1_40' title="bbox 631 2507 2214 2581; baseline -0.003 -15"><span class='ocrx_word' id='word_1_299' title='bbox 631 2528 788 2581; x_wconf 81' lang='lat' dir='ltr'><strong>quam</strong></span> <span class='ocrx_word' id='word_1_300' title='bbox 819 2512 967 2565; x_wconf 90' lang='lat' dir='ltr'><strong>locus</strong></span> <span class='ocrx_word' id='word_1_301' title='bbox 997 2509 1080 2563; x_wconf 90' lang='lat' dir='ltr'><strong>hic</strong></span> <span class='ocrx_word' id='word_1_302' title='bbox 1101 2508 1167 2561; x_wconf 89' lang='lat' dir='ltr'><strong>ab</strong></span> <span class='ocrx_word' id='word_1_303' title='bbox 1208 2507 1474 2575; x_wconf 84' lang='lat' dir='ltr'><strong>adiunctis</strong></span> <span class='ocrx_word' id='word_1_304' title='bbox 1532 2507 1996 2574; x_wconf 89' lang='lat' dir='ltr'><strong>coniecturalibus</strong></span> <span class='ocrx_word' id='word_1_305' title='bbox 2038 2507 2214 2561; x_wconf 81' lang='lat' dir='ltr'><strong>causis</strong></span> 
     </span>
    </p>
   </div>
   <div class='ocr_carea' id='block_1_41' title="bbox 631 2598 2219 2667">
    <p class='ocr_par' dir='ltr' id='par_1_41' title="bbox 631 2598 2219 2667">
     <span class='ocr_line' id='line_1_41' title="bbox 631 2598 2219 2667; baseline -0.004 -9"><span class='ocrx_word' id='word_1_306' title='bbox 631 2603 863 2658; x_wconf 77' lang='lat' dir='ltr'><strong>maxime</strong></span> <span class='ocrx_word' id='word_1_307' title='bbox 933 2600 1119 2665; x_wconf 87' lang='lat' dir='ltr'><strong>utilis,</strong></span> <span class='ocrx_word' id='word_1_308' title='bbox 1188 2598 1317 2651; x_wconf 90' lang='lat' dir='ltr'><strong>nihil</strong></span> <span class='ocrx_word' id='word_1_309' title='bbox 1365 2598 1730 2651; x_wconf 89' lang='lat' dir='ltr'><strong>consultorum</strong></span> <span class='ocrx_word' id='word_1_310' title='bbox 1782 2598 1919 2666; x_wconf 81' lang='lat' dir='ltr'><strong>juris</strong></span> <span class='ocrx_word' id='word_1_311' title='bbox 1984 2599 2219 2667; x_wconf 87' lang='lat' dir='ltr'><strong>pruden-</strong></span> 
     </span>
    </p>
   </div>
   <div class='ocr_carea' id='block_1_42' title="bbox 632 2680 2217 2767">
    <p class='ocr_par' dir='ltr' id='par_1_42' title="bbox 632 2680 2217 2767">
     <span class='ocr_line' id='line_1_42' title="bbox 632 2680 2217 2767; baseline -0.001 -20"><span class='ocrx_word' id='word_1_312' title='bbox 632 2694 759 2748; x_wconf 88' lang='lat' dir='ltr'><strong>tiatn</strong></span> <span class='ocrx_word' id='word_1_313' title='bbox 810 2690 982 2767; x_wconf 74' lang='lat' dir='ltr'><strong>iuvet,</strong></span> <span class='ocrx_word' id='word_1_314' title='bbox 1012 2689 1216 2757; x_wconf 86' lang='lat' dir='ltr'><strong>patiere</strong></span> <span class='ocrx_word' id='word_1_315' title='bbox 1264 2703 1349 2743; x_wconf 88' lang='lat' dir='ltr'><strong>me</strong></span> <span class='ocrx_word' id='word_1_316' title='bbox 1375 2698 1550 2742; x_wconf 83' lang='lat' dir='ltr'><strong>tamen</strong></span> <span class='ocrx_word' id='word_1_317' title='bbox 1576 2732 1589 2757; x_wconf 81' lang='lat'><strong>,</strong></span> <span class='ocrx_word' id='word_1_318' title='bbox 1628 2680 1817 2757; x_wconf 85' lang='lat' dir='ltr'><strong>inquit,</strong></span> <span class='ocrx_word' id='word_1_319' title='bbox 1866 2691 2067 2745; x_wconf 91' lang='lat' dir='ltr'><strong>nullam</strong></span> <span class='ocrx_word' id='word_1_320' title='bbox 2096 2706 2217 2745; x_wconf 73' lang='lat' dir='ltr'><strong>ses—</strong></span> 
     </span>
    </p>
   </div>
   <div class='ocr_carea' id='block_1_43' title="bbox 632 2782 2215 2853">
    <p class='ocr_par' dir='ltr' id='par_1_43' title="bbox 632 2782 2215 2853">
     <span class='ocr_line' id='line_1_43' title="bbox 632 2782 2215 2853; baseline -0.001 -14"><span class='ocrx_word' id='word_1_321' title='bbox 632 2784 771 2853; x_wconf 84' lang='lat' dir='ltr'><strong>cepti</strong></span> <span class='ocrx_word' id='word_1_322' title='bbox 835 2782 1015 2850; x_wconf 85' lang='lat' dir='ltr'><strong>operis</strong></span> <span class='ocrx_word' id='word_1_323' title='bbox 1067 2791 1272 2849; x_wconf 86' lang='lat' dir='ltr'><strong>partem</strong></span> <span class='ocrx_word' id='word_1_324' title='bbox 1326 2782 1629 2849; x_wconf 65' lang='lat' dir='ltr'><strong>praeterire,</strong></span> <span class='ocrx_word' id='word_1_325' title='bbox 1683 2797 1747 2836; x_wconf 90' lang='lat' dir='ltr'><strong>ne</strong></span> <span class='ocrx_word' id='word_1_326' title='bbox 1795 2782 1840 2835; x_wconf 69' lang='lat' dir='ltr'><strong>si</strong></span> <span class='ocrx_word' id='word_1_327' title='bbox 1894 2784 1944 2835; x_wconf 89' lang='lat' dir='ltr'><strong>in</strong></span> <span class='ocrx_word' id='word_1_328' title='bbox 1998 2784 2097 2837; x_wconf 92' lang='lat' dir='ltr'><strong>hoc</strong></span> <span class='ocrx_word' id='word_1_329' title='bbox 2151 2784 2215 2837; x_wconf 88' lang='lat' dir='ltr'><strong>li-</strong></span> 
     </span>
    </p>
   </div>
   <div class='ocr_carea' id='block_1_44' title="bbox 632 2875 2213 2946">
    <p class='ocr_par' dir='ltr' id='par_1_44' title="bbox 632 2875 2213 2946">
     <span class='ocr_line' id='line_1_44' title="bbox 632 2875 2213 2946; baseline -0.003 -12"><span class='ocrx_word' id='word_1_330' title='bbox 632 2879 730 2935; x_wconf 86' lang='lat' dir='ltr'><strong>bro</strong></span> <span class='ocrx_word' id='word_1_331' title='bbox 782 2876 915 2931; x_wconf 84' lang='lat' dir='ltr'><strong>nihil</strong></span> <span class='ocrx_word' id='word_1_332' title='bbox 956 2885 1152 2946; x_wconf 73' lang='lat' dir='ltr'><strong>prmter</strong></span> <span class='ocrx_word' id='word_1_333' title='bbox 1198 2885 1304 2928; x_wconf 77' lang='lat' dir='ltr'><strong>tua:</strong></span> <span class='ocrx_word' id='word_1_334' title='bbox 1346 2876 1476 2927; x_wconf 85' lang='lat' dir='ltr'><strong>artis</strong></span> <span class='ocrx_word' id='word_1_335' title='bbox 1525 2875 1768 2943; x_wconf 82' lang='lat' dir='ltr'><strong>exempla</strong></span> <span class='ocrx_word' id='word_1_336' title='bbox 1822 2877 2213 2945; x_wconf 90' lang='lat' dir='ltr'><strong>conscripsero,</strong></span> 
     </span>
    </p>
   </div>
   <div class='ocr_carea' id='block_1_45' title="bbox 635 2966 2219 3040">
    <p class='ocr_par' dir='ltr' id='par_1_45' title="bbox 635 2966 2219 3040">
     <span class='ocr_line' id='line_1_45' title="bbox 635 2966 2219 3040; baseline -0.004 -13"><span class='ocrx_word' id='word_1_337' title='bbox 635 2980 742 3027; x_wconf 73' lang='lat' dir='ltr'><strong>tua:</strong></span> <span class='ocrx_word' id='word_1_338' title='bbox 787 2979 992 3026; x_wconf 88' lang='lat' dir='ltr'><strong>tantum</strong></span> <span class='ocrx_word' id='word_1_339' title='bbox 1053 2967 1241 3040; x_wconf 71' lang='lat' dir='ltr'><strong>gratire</strong></span> <span class='ocrx_word' id='word_1_340' title='bbox 1299 2968 1542 3022; x_wconf 87' lang='lat' dir='ltr'><strong>videatur</strong></span> <span class='ocrx_word' id='word_1_341' title='bbox 1588 2966 1853 3036; x_wconf 89' lang='lat' dir='ltr'><strong>addictus,</strong></span> <span class='ocrx_word' id='word_1_342' title='bbox 1922 2968 1988 3022; x_wconf 88' lang='lat' dir='ltr'><strong>ab</strong></span> <span class='ocrx_word' id='word_1_343' title='bbox 2031 2969 2219 3038; x_wconf 84' lang='lat' dir='ltr'><strong>adiun-</strong></span> 
     </span>
    </p>
   </div>
   <div class='ocr_carea' id='block_1_46' title="bbox 628 3060 2219 3131">
    <p class='ocr_par' dir='ltr' id='par_1_46' title="bbox 628 3060 2219 3131">
     <span class='ocr_line' id='line_1_46' title="bbox 628 3060 2219 3131; baseline -0.003 -10"><span class='ocrx_word' id='word_1_344' title='bbox 628 3064 730 3123; x_wconf 79' lang='lat' dir='ltr'><strong>ctis</strong></span> <span class='ocrx_word' id='word_1_345' title='bbox 781 3079 910 3120; x_wconf 88' lang='lat' dir='ltr'><strong>vero</strong></span> <span class='ocrx_word' id='word_1_346' title='bbox 963 3067 1112 3118; x_wconf 84' lang='lat' dir='ltr'><strong>locus</strong></span> <span class='ocrx_word' id='word_1_347' title='bbox 1152 3062 1244 3131; x_wconf 85' lang='lat' dir='ltr'><strong>qui</strong></span> <span class='ocrx_word' id='word_1_348' title='bbox 1284 3075 1391 3115; x_wconf 91' lang='lat' dir='ltr'><strong>non</strong></span> <span class='ocrx_word' id='word_1_349' title='bbox 1457 3060 1616 3115; x_wconf 91' lang='lat' dir='ltr'><strong>modo</strong></span> <span class='ocrx_word' id='word_1_350' title='bbox 1657 3060 2072 3129; x_wconf 89' lang='lat' dir='ltr'><strong>jtnisconsultis,</strong></span> <span class='ocrx_word' id='word_1_351' title='bbox 2125 3061 2219 3116; x_wconf 92' lang='lat' dir='ltr'><strong>sed</strong></span> 
     </span>
    </p>
   </div>
   <div class='ocr_carea' id='block_1_47' title="bbox 630 3151 2216 3224">
    <p class='ocr_par' dir='ltr' id='par_1_47' title="bbox 630 3151 2216 3224">
     <span class='ocr_line' id='line_1_47' title="bbox 630 3151 2216 3224; baseline -0.002 -14"><span class='ocrx_word' id='word_1_352' title='bbox 630 3170 699 3210; x_wconf 76' lang='lat' dir='ltr'><strong>ue</strong></span> <span class='ocrx_word' id='word_1_353' title='bbox 739 3152 1072 3224; x_wconf 86' lang='lat' dir='ltr'><strong>philosophis</strong></span> <span class='ocrx_word' id='word_1_354' title='bbox 1122 3151 1339 3222; x_wconf 83' lang='lat' dir='ltr'><strong>quidem</strong></span> <span class='ocrx_word' id='word_1_355' title='bbox 1393 3162 1589 3221; x_wconf 72' lang='lat' dir='ltr'><strong>praeter</strong></span> <span class='ocrx_word' id='word_1_356' title='bbox 1615 3161 1858 3206; x_wconf 85' lang='lat' dir='ltr'><strong>oratores</strong></span> <span class='ocrx_word' id='word_1_357' title='bbox 1908 3167 2015 3207; x_wconf 89' lang='lat' dir='ltr'><strong>non</strong></span> <span class='ocrx_word' id='word_1_358' title='bbox 2050 3162 2216 3222; x_wconf 66' lang='lat' dir='ltr'><strong>patet,</strong></span> 
     </span>
    </p>
   </div>
   <div class='ocr_carea' id='block_1_48' title="bbox 2314 1961 3899 2036">
    <p class='ocr_par' dir='ltr' id='par_1_48' title="bbox 2314 1961 3899 2036">
     <span class='ocr_line' id='line_1_48' title="bbox 2314 1961 3899 2036; baseline -0.007 -12"><span class='ocrx_word' id='word_1_359' title='bbox 2314 1971 2572 2025; x_wconf 86' lang='lat' dir='ltr'><strong>eveniunt.</strong></span> <span class='ocrx_word' id='word_1_360' title='bbox 2621 1966 2991 2036; x_wconf 81' lang='lat' dir='ltr'><strong>Consequentia</strong></span> <span class='ocrx_word' id='word_1_361' title='bbox 3036 1975 3204 2017; x_wconf 88' lang='lat' dir='ltr'><strong>autem</strong></span> <span class='ocrx_word' id='word_1_362' title='bbox 3255 1980 3474 2030; x_wconf 68' lang='lat' dir='ltr'><strong>semper.</strong></span> <span class='ocrx_word' id='word_1_363' title='bbox 3514 1961 3589 2013; x_wconf 85' lang='lat' dir='ltr'><strong>Ea</strong></span> <span class='ocrx_word' id='word_1_364' title='bbox 3619 1962 3751 2014; x_wconf 86' lang='lat' dir='ltr'><strong>enim</strong></span> <span class='ocrx_word' id='word_1_365' title='bbox 3785 1962 3899 2014; x_wconf 80' lang='lat' dir='ltr'><strong>dico</strong></span> 
     </span>
    </p>
   </div>
   <div class='ocr_carea' id='block_1_49' title="bbox 2316 2051 3900 2133">
    <p class='ocr_par' dir='ltr' id='par_1_49' title="bbox 2316 2051 3900 2133">
     <span class='ocr_line' id='line_1_49' title="bbox 2316 2051 3900 2133; baseline -0.008 -15"><span class='ocrx_word' id='word_1_366' title='bbox 2316 2064 2672 2133; x_wconf 79' lang='lat' dir='ltr'><strong>consequentia</strong></span> <span class='ocrx_word' id='word_1_367' title='bbox 2713 2077 2827 2131; x_wconf 70' lang='lat' dir='ltr'><strong>quae</strong></span> <span class='ocrx_word' id='word_1_368' title='bbox 2847 2076 2952 2113; x_wconf 83' lang='lat' dir='ltr'><strong>rem</strong></span> <span class='ocrx_word' id='word_1_369' title='bbox 2980 2057 3263 2112; x_wconf 84' lang='lat' dir='ltr'><strong>necessario</strong></span> <span class='ocrx_word' id='word_1_370' title='bbox 3292 2067 3695 2122; x_wconf 85' lang='lat' dir='ltr'><strong>consequuntur.</strong></span> <span class='ocrx_word' id='word_1_371' title='bbox 3741 2051 3900 2106; x_wconf 75' lang='lat' dir='ltr'><strong>Item-</strong></span> 
     </span>
    </p>
   </div>
   <div class='ocr_carea' id='block_1_50' title="bbox 2316 2146 3900 2228">
    <p class='ocr_par' dir='ltr' id='par_1_50' title="bbox 2316 2146 3900 2228">
     <span class='ocr_line' id='line_1_50' title="bbox 2316 2146 3900 2228; baseline -0.009 -17"><span class='ocrx_word' id='word_1_372' title='bbox 2316 2173 2415 2228; x_wconf 84' lang='lat' dir='ltr'><strong>que</strong></span> <span class='ocrx_word' id='word_1_373' title='bbox 2442 2164 2487 2208; x_wconf 87' lang='lat' dir='ltr'><strong>et</strong></span> <span class='ocrx_word' id='word_1_374' title='bbox 2528 2154 2883 2207; x_wconf 80' lang='lat' dir='ltr'><strong>antecedentia</strong></span> <span class='ocrx_word' id='word_1_375' title='bbox 2934 2162 2977 2203; x_wconf 90' lang='lat' dir='ltr'><strong>et</strong></span> <span class='ocrx_word' id='word_1_376' title='bbox 3032 2147 3395 2219; x_wconf 86' lang='lat' dir='ltr'><strong>repugnantia.</strong></span> <span class='ocrx_word' id='word_1_377' title='bbox 3449 2146 3713 2214; x_wconf 78' lang='lat' dir='ltr'><strong>Quidquid</strong></span> <span class='ocrx_word' id='word_1_378' title='bbox 3765 2147 3900 2199; x_wconf 77' lang='lat' dir='ltr'><strong>enim</strong></span> 
     </span>
    </p>
   </div>
   <div class='ocr_carea' id='block_1_51' title="bbox 2317 2239 3903 2315">
    <p class='ocr_par' dir='ltr' id='par_1_51' title="bbox 2317 2239 3903 2315">
     <span class='ocr_line' id='line_1_51' title="bbox 2317 2239 3903 2315; baseline -0.013 -14"><span class='ocrx_word' id='word_1_379' title='bbox 2317 2247 2570 2301; x_wconf 84' lang='lat' dir='ltr'><strong>antecedit</strong></span> <span class='ocrx_word' id='word_1_380' title='bbox 2598 2260 2850 2315; x_wconf 86' lang='lat' dir='ltr'><strong>quamque</strong></span> <span class='ocrx_word' id='word_1_381' title='bbox 2874 2259 3000 2304; x_wconf 87' lang='lat' dir='ltr'><strong>rem,</strong></span> <span class='ocrx_word' id='word_1_382' title='bbox 3036 2242 3087 2294; x_wconf 87' lang='lat' dir='ltr'><strong>id</strong></span> <span class='ocrx_word' id='word_1_383' title='bbox 3115 2243 3331 2292; x_wconf 71' lang='lat' dir='ltr'><strong>coltazret</strong></span> <span class='ocrx_word' id='word_1_384' title='bbox 3363 2255 3478 2290; x_wconf 84' lang='lat' dir='ltr'><strong>cum</strong></span> <span class='ocrx_word' id='word_1_385' title='bbox 3510 2255 3562 2289; x_wconf 89' lang='lat' dir='ltr'><strong>re</strong></span> <span class='ocrx_word' id='word_1_386' title='bbox 3591 2239 3903 2294; x_wconf 59' lang='lat' dir='ltr'><strong>necessaria.</strong></span> 
     </span>
    </p>
   </div>
   <div class='ocr_carea' id='block_1_52' title="bbox 2317 2328 3904 2410">
    <p class='ocr_par' dir='ltr' id='par_1_52' title="bbox 2317 2328 3904 2410">
     <span class='ocr_line' id='line_1_52' title="bbox 2317 2328 3904 2410; baseline -0.008 -14"><span class='ocrx_word' id='word_1_387' title='bbox 2317 2352 2361 2396; x_wconf 89' lang='lat' dir='ltr'><strong>et</strong></span> <span class='ocrx_word' id='word_1_388' title='bbox 2390 2340 2639 2410; x_wconf 85' lang='lat' dir='ltr'><strong>quidquid</strong></span> <span class='ocrx_word' id='word_1_389' title='bbox 2684 2346 2955 2407; x_wconf 85' lang='lat' dir='ltr'><strong>repugnat,</strong></span> <span class='ocrx_word' id='word_1_390' title='bbox 3008 2334 3063 2388; x_wconf 88' lang='lat' dir='ltr'><strong>id</strong></span> <span class='ocrx_word' id='word_1_391' title='bbox 3121 2335 3370 2404; x_wconf 78' lang='lat' dir='ltr'><strong>ejusmodi</strong></span> <span class='ocrx_word' id='word_1_392' title='bbox 3405 2343 3495 2391; x_wconf 88' lang='lat' dir='ltr'><strong>est,</strong></span> <span class='ocrx_word' id='word_1_393' title='bbox 3543 2342 3592 2383; x_wconf 86' lang='lat' dir='ltr'><strong>ut</strong></span> <span class='ocrx_word' id='word_1_394' title='bbox 3643 2328 3904 2383; x_wconf 70' lang='lat' dir='ltr'><strong>colum-(re</strong></span> 
     </span>
    </p>
   </div>
   <div class='ocr_carea' id='block_1_53' title="bbox 2318 2430 2795 2503">
    <p class='ocr_par' dir='ltr' id='par_1_53' title="bbox 2318 2430 2795 2503">
     <span class='ocr_line' id='line_1_53' title="bbox 2318 2430 2795 2503; baseline -0.008 -17"><span class='ocrx_word' id='word_1_395' title='bbox 2318 2448 2582 2503; x_wconf 79' lang='lat' dir='ltr'><strong>nunquam</strong></span> <span class='ocrx_word' id='word_1_396' title='bbox 2616 2430 2795 2498; x_wconf 76' lang='lat' dir='ltr'><strong>possit.</strong></span> 
     </span>
    </p>
   </div>
   <div class='ocr_carea' id='block_1_54' title="bbox 2394 2504 3903 2591">
    <p class='ocr_par' dir='ltr' id='par_1_54' title="bbox 2394 2504 3903 2591">
     <span class='ocr_line' id='line_1_54' title="bbox 2394 2504 3903 2591; baseline -0.007 -15"><span class='ocrx_word' id='word_1_397' title='bbox 2394 2522 2660 2591; x_wconf 70' lang='lat' dir='ltr'><strong>Expedite</strong></span> <span class='ocrx_word' id='word_1_398' title='bbox 2695 2521 3072 2591; x_wconf 87' lang='lat' dir='ltr'><strong>adiunctorum</strong></span> <span class='ocrx_word' id='word_1_399' title='bbox 3107 2518 3249 2582; x_wconf 90' lang='lat' dir='ltr'><strong>loco,</strong></span> <span class='ocrx_word' id='word_1_400' title='bbox 3291 2504 3432 2569; x_wconf 80' lang='lat' dir='ltr'><strong>nunc</strong></span> <span class='ocrx_word' id='word_1_401' title='bbox 3472 2514 3535 2567; x_wconf 91' lang='lat' dir='ltr'><strong>de</strong></span> <span class='ocrx_word' id='word_1_402' title='bbox 3578 2511 3903 2567; x_wconf 81' lang='lat' dir='ltr'><strong>anteceden-</strong></span> 
     </span>
    </p>
   </div>
   <div class='ocr_carea' id='block_1_55' title="bbox 2321 2604 3903 2680">
    <p class='ocr_par' dir='ltr' id='par_1_55' title="bbox 2321 2604 3903 2680">
     <span class='ocr_line' id='line_1_55' title="bbox 2321 2604 3903 2680; baseline -0.008 -12"><span class='ocrx_word' id='word_1_403' title='bbox 2321 2614 2462 2668; x_wconf 91' lang='lat' dir='ltr'><strong>tibus</strong></span> <span class='ocrx_word' id='word_1_404' title='bbox 2506 2622 2559 2666; x_wconf 92' lang='lat' dir='ltr'><strong>et</strong></span> <span class='ocrx_word' id='word_1_405' title='bbox 2608 2610 3061 2680; x_wconf 85' lang='lat' dir='ltr'><strong>consequentibus</strong></span> <span class='ocrx_word' id='word_1_406' title='bbox 3090 2620 3143 2662; x_wconf 90' lang='lat' dir='ltr'><strong>et</strong></span> <span class='ocrx_word' id='word_1_407' title='bbox 3190 2605 3609 2677; x_wconf 88' lang='lat' dir='ltr'><strong>repugnantibus</strong></span> <span class='ocrx_word' id='word_1_408' title='bbox 3662 2604 3903 2657; x_wconf 87' lang='lat' dir='ltr'><strong>disserit.</strong></span> 
     </span>
    </p>
   </div>
   <div class='ocr_carea' id='block_1_56' title="bbox 2321 2696 3904 2771">
    <p class='ocr_par' dir='ltr' id='par_1_56' title="bbox 2321 2696 3904 2771">
     <span class='ocr_line' id='line_1_56' title="bbox 2321 2696 3904 2771; baseline -0.004 -15"><span class='ocrx_word' id='word_1_409' title='bbox 2321 2706 2419 2771; x_wconf 88' lang='lat' dir='ltr'><strong>Qui</strong></span> <span class='ocrx_word' id='word_1_410' title='bbox 2452 2705 2601 2758; x_wconf 79' lang='lat' dir='ltr'><strong>locus</strong></span> <span class='ocrx_word' id='word_1_411' title='bbox 2631 2703 2703 2757; x_wconf 89' lang='lat' dir='ltr'><strong>sit</strong></span> <span class='ocrx_word' id='word_1_412' title='bbox 2734 2717 2873 2756; x_wconf 89' lang='lat' dir='ltr'><strong>unus</strong></span> <span class='ocrx_word' id='word_1_413' title='bbox 2904 2703 2955 2755; x_wconf 92' lang='lat' dir='ltr'><strong>in</strong></span> <span class='ocrx_word' id='word_1_414' title='bbox 2981 2701 3081 2755; x_wconf 89' lang='lat' dir='ltr'><strong>tria</strong></span> <span class='ocrx_word' id='word_1_415' title='bbox 3109 2700 3254 2753; x_wconf 91' lang='lat' dir='ltr'><strong>velut</strong></span> <span class='ocrx_word' id='word_1_416' title='bbox 3286 2698 3522 2752; x_wconf 91' lang='lat' dir='ltr'><strong>membra</strong></span> <span class='ocrx_word' id='word_1_417' title='bbox 3554 2696 3757 2750; x_wconf 78' lang='lat' dir='ltr'><strong>divisus</strong></span> <span class='ocrx_word' id='word_1_418' title='bbox 3799 2706 3904 2749; x_wconf 85' lang='lat' dir='ltr'><strong>est.</strong></span> 
     </span>
    </p>
   </div>
   <div class='ocr_carea' id='block_1_57' title="bbox 2324 2788 3907 2866">
    <p class='ocr_par' dir='ltr' id='par_1_57' title="bbox 2324 2788 3907 2866">
     <span class='ocr_line' id='line_1_57' title="bbox 2324 2788 3907 2866; baseline -0.006 -13"><span class='ocrx_word' id='word_1_419' title='bbox 2324 2798 2397 2853; x_wconf 87' lang='grc' dir='ltr'><strong>Μ.</strong></span> <span class='ocrx_word' id='word_1_420' title='bbox 2430 2796 2643 2866; x_wconf 89' lang='lat' dir='ltr'><strong>quidem</strong></span> <span class='ocrx_word' id='word_1_421' title='bbox 2665 2795 2877 2850; x_wconf 87' lang='lat' dir='ltr'><strong>Tullius</strong></span> <span class='ocrx_word' id='word_1_422' title='bbox 2903 2795 3003 2847; x_wconf 87' lang='lat' dir='ltr'><strong>loci</strong></span> <span class='ocrx_word' id='word_1_423' title='bbox 3030 2793 3186 2862; x_wconf 92' lang='lat' dir='ltr'><strong>huius</strong></span> <span class='ocrx_word' id='word_1_424' title='bbox 3210 2791 3529 2845; x_wconf 88' lang='lat' dir='ltr'><strong>vocabulum</strong></span> <span class='ocrx_word' id='word_1_425' title='bbox 3560 2790 3744 2852; x_wconf 89' lang='lat' dir='ltr'><strong>tacuit,</strong></span> <span class='ocrx_word' id='word_1_426' title='bbox 3779 2788 3907 2843; x_wconf 88' lang='lat' dir='ltr'><strong>ntihi</strong></span> 
     </span>
    </p>
   </div>
   <div class='ocr_carea' id='block_1_58' title="bbox 2323 2880 3909 2951">
    <p class='ocr_par' dir='ltr' id='par_1_58' title="bbox 2323 2880 3909 2951">
     <span class='ocr_line' id='line_1_58' title="bbox 2323 2880 3909 2951; baseline -0.006 -9"><span class='ocrx_word' id='word_1_427' title='bbox 2323 2898 2499 2943; x_wconf 89' lang='lat' dir='ltr'><strong>autent</strong></span> <span class='ocrx_word' id='word_1_428' title='bbox 2530 2898 2669 2941; x_wconf 91' lang='lat' dir='ltr'><strong>totus</strong></span> <span class='ocrx_word' id='word_1_429' title='bbox 2687 2884 3067 2941; x_wconf 83' lang='lat' dir='ltr'><strong>cenditionalis</strong></span> <span class='ocrx_word' id='word_1_430' title='bbox 3102 2883 3455 2951; x_wconf 86' lang='lat' dir='ltr'><strong>appellandus</strong></span> <span class='ocrx_word' id='word_1_431' title='bbox 3482 2881 3712 2935; x_wconf 86' lang='lat' dir='ltr'><strong>videtur.</strong></span> <span class='ocrx_word' id='word_1_432' title='bbox 3743 2880 3909 2948; x_wconf 83' lang='lat' dir='ltr'><strong>Cuius</strong></span> 
     </span>
    </p>
   </div>
   <div class='ocr_carea' id='block_1_59' title="bbox 2322 2975 3912 3049">
    <p class='ocr_par' dir='ltr' id='par_1_59' title="bbox 2322 2975 3912 3049">
     <span class='ocr_line' id='line_1_59' title="bbox 2322 2975 3912 3049; baseline -0.005 -14"><span class='ocrx_word' id='word_1_433' title='bbox 2322 2996 2442 3035; x_wconf 89' lang='lat' dir='ltr'><strong>cum</strong></span> <span class='ocrx_word' id='word_1_434' title='bbox 2492 2978 2885 3049; x_wconf 90' lang='lat' dir='ltr'><strong>promptissime</strong></span> <span class='ocrx_word' id='word_1_435' title='bbox 2925 2987 3116 3031; x_wconf 90' lang='lat' dir='ltr'><strong>natura</strong></span> <span class='ocrx_word' id='word_1_436' title='bbox 3149 2975 3425 3039; x_wconf 88' lang='lat' dir='ltr'><strong>claruerit,</strong></span> <span class='ocrx_word' id='word_1_437' title='bbox 3470 2989 3663 3028; x_wconf 89' lang='lat' dir='ltr'><strong>nomen</strong></span> <span class='ocrx_word' id='word_1_438' title='bbox 3692 2986 3912 3041; x_wconf 88' lang='lat' dir='ltr'><strong>quoque</strong></span> 
     </span>
    </p>
   </div>
   <div class='ocr_carea' id='block_1_60' title="bbox 2325 3064 3914 3140">
    <p class='ocr_par' dir='ltr' id='par_1_60' title="bbox 2325 3064 3914 3140">
     <span class='ocr_line' id='line_1_60' title="bbox 2325 3064 3914 3140; baseline -0.004 -14"><span class='ocrx_word' id='word_1_439' title='bbox 2325 3073 2393 3135; x_wconf 89' lang='lat' dir='ltr'><strong>ei,</strong></span> <span class='ocrx_word' id='word_1_440' title='bbox 2447 3071 2587 3140; x_wconf 89' lang='lat' dir='ltr'><strong>quod</strong></span> <span class='ocrx_word' id='word_1_441' title='bbox 2620 3084 2716 3123; x_wconf 91' lang='lat' dir='ltr'><strong>nos</strong></span> <span class='ocrx_word' id='word_1_442' title='bbox 2775 3069 3076 3138; x_wconf 90' lang='lat' dir='ltr'><strong>posuimus,</strong></span> <span class='ocrx_word' id='word_1_443' title='bbox 3132 3077 3281 3121; x_wconf 90' lang='lat' dir='ltr'><strong>recte</strong></span> <span class='ocrx_word' id='word_1_444' title='bbox 3322 3066 3545 3120; x_wconf 90' lang='lat' dir='ltr'><strong>inditum</strong></span> <span class='ocrx_word' id='word_1_445' title='bbox 3572 3064 3914 3120; x_wconf 72' lang='lat' dir='ltr'><strong>manifestius</strong></span> 
     </span>
    </p>
   </div>
   <div class='ocr_carea' id='block_1_61' title="bbox 2325 3154 3912 3232">
    <p class='ocr_par' dir='ltr' id='par_1_61' title="bbox 2325 3154 3912 3232">
     <span class='ocr_line' id='line_1_61' title="bbox 2325 3154 3912 3232; baseline -0.004 -16"><span class='ocrx_word' id='word_1_446' title='bbox 2325 3161 2628 3232; x_wconf 78' lang='lat' dir='ltr'><strong>apparebit.</strong></span> <span class='ocrx_word' id='word_1_447' title='bbox 2662 3158 2899 3213; x_wconf 86' lang='lat' dir='ltr'><strong>Primum</strong></span> <span class='ocrx_word' id='word_1_448' title='bbox 2934 3158 3093 3226; x_wconf 83' lang='lat' dir='ltr'><strong>igitur</strong></span> <span class='ocrx_word' id='word_1_449' title='bbox 3125 3156 3453 3226; x_wconf 89' lang='lat' dir='ltr'><strong>singularum</strong></span> <span class='ocrx_word' id='word_1_450' title='bbox 3492 3156 3720 3225; x_wconf 80' lang='lat' dir='ltr'><strong>partium</strong></span> <span class='ocrx_word' id='word_1_451' title='bbox 3772 3154 3912 3209; x_wconf 67' lang='grc' dir='ltr'><strong>(1ιῖίί-</strong></span> 
     </span>
    </p>
   </div>
   <div class='ocr_carea' id='block_1_62' title="bbox 629 3246 2306 3322">
    <p class='ocr_par' dir='ltr' id='par_1_62' title="bbox 629 3246 2297 3317">
     <span class='ocr_line' id='line_1_62' title="bbox 629 3246 2297 3317; baseline -0.002 -14"><span class='ocrx_word' id='word_1_452' title='bbox 629 3248 789 3303; x_wconf 75' lang='lat' dir='ltr'><strong>trium</strong></span> <span class='ocrx_word' id='word_1_453' title='bbox 818 3262 961 3317; x_wconf 57' lang='lat' dir='ltr'><strong>sape</strong></span> <span class='ocrx_word' id='word_1_454' title='bbox 986 3256 1285 3315; x_wconf 83' lang='lat' dir='ltr'><strong>temporum</strong></span> <span class='ocrx_word' id='word_1_455' title='bbox 1336 3247 1542 3300; x_wconf 89' lang='lat' dir='ltr'><strong>ratione</strong></span> <span class='ocrx_word' id='word_1_456' title='bbox 1590 3246 1901 3299; x_wconf 84' lang='lat' dir='ltr'><strong>tractandus</strong></span> <span class='ocrx_word' id='word_1_457' title='bbox 1953 3258 2055 3300; x_wconf 80' lang='lat' dir='ltr'><strong>eSt.</strong></span> <span class='ocrx_word' id='word_1_458' title='bbox 2086 3246 2218 3301; x_wconf 82' lang='lat' dir='ltr'><strong>Nam</strong></span> <span class='ocrx_word' id='word_1_459' title='bbox 2248 3246 2297 3312; x_wconf 86' lang='lat' dir='ltr'><strong><em>C</em></strong></span> 
     </span>
    </p>
   </div>
   <div class='ocr_carea' id='block_1_63' title="bbox 2232 3246 3909 3322">
    <p class='ocr_par' dir='ltr' id='par_1_63' title="bbox 2248 3246 3909 3322">
     <span class='ocr_line' id='line_1_63' title="bbox 2248 3246 3909 3322; baseline -0.007 -10"><span class='ocrx_word' id='word_1_460' title='bbox 2248 3246 2297 3312; x_wconf 89' lang='lat' dir='ltr'><strong><em>C</em></strong></span> <span class='ocrx_word' id='word_1_461' title='bbox 2327 3254 2462 3309; x_wconf 89' lang='lat' dir='ltr'><strong>nitio</strong></span> <span class='ocrx_word' id='word_1_462' title='bbox 2492 3251 2768 3322; x_wconf 89' lang='lat' dir='ltr'><strong>prodenda</strong></span> <span class='ocrx_word' id='word_1_463' title='bbox 2801 3261 2906 3305; x_wconf 88' lang='lat' dir='ltr'><strong>est.</strong></span> <span class='ocrx_word' id='word_1_464' title='bbox 2937 3250 3120 3319; x_wconf 84' lang='lat' dir='ltr'><strong>Itaque</strong></span> <span class='ocrx_word' id='word_1_465' title='bbox 3154 3248 3477 3303; x_wconf 89' lang='lat' dir='ltr'><strong>antecedens</strong></span> <span class='ocrx_word' id='word_1_466' title='bbox 3530 3256 3631 3311; x_wconf 87' lang='lat' dir='ltr'><strong>est,</strong></span> <span class='ocrx_word' id='word_1_467' title='bbox 3662 3262 3769 3317; x_wconf 87' lang='lat' dir='ltr'><strong>quo</strong></span> <span class='ocrx_word' id='word_1_468' title='bbox 3818 3263 3909 3315; x_wconf 86' lang='lat' dir='ltr'><strong>po-</strong></span> 
     </span>
    </p>
   </div>
   <div class='ocr_carea' id='block_1_64' title="bbox 628 3337 2213 3415">
    <p class='ocr_par' dir='ltr' id='par_1_64' title="bbox 628 3337 2213 3415">
     <span class='ocr_line' id='line_1_64' title="bbox 628 3337 2213 3415; baseline 0.001 -22"><span class='ocrx_word' id='word_1_469' title='bbox 628 3338 866 3415; x_wconf 65' lang='lat' dir='ltr'><strong>de~faeto</strong></span> <span class='ocrx_word' id='word_1_470' title='bbox 893 3340 939 3393; x_wconf 84' lang='lat' dir='ltr'><strong>si</strong></span> <span class='ocrx_word' id='word_1_471' title='bbox 967 3338 1247 3406; x_wconf 77' lang='lat' dir='ltr'><strong>quzeritur,</strong></span> <span class='ocrx_word' id='word_1_472' title='bbox 1272 3337 1401 3406; x_wconf 91' lang='lat' dir='ltr'><strong>quid</strong></span> <span class='ocrx_word' id='word_1_473' title='bbox 1444 3339 1529 3393; x_wconf 93' lang='lat' dir='ltr'><strong>vel</strong></span> <span class='ocrx_word' id='word_1_474' title='bbox 1554 3346 1679 3392; x_wconf 89' lang='lat' dir='ltr'><strong>ante</strong></span> <span class='ocrx_word' id='word_1_475' title='bbox 1730 3338 1804 3401; x_wconf 91' lang='lat' dir='ltr'><strong>id,</strong></span> <span class='ocrx_word' id='word_1_476' title='bbox 1850 3339 1933 3392; x_wconf 90' lang='lat' dir='ltr'><strong>vel</strong></span> <span class='ocrx_word' id='word_1_477' title='bbox 1974 3353 2094 3394; x_wconf 90' lang='lat' dir='ltr'><strong>cum</strong></span> <span class='ocrx_word' id='word_1_478' title='bbox 2127 3353 2213 3406; x_wconf 91' lang='lat' dir='ltr'><strong>eo,</strong></span> 
     </span>
    </p>
   </div>
   <div class='ocr_carea' id='block_1_65' title="bbox 630 3433 2214 3504">
    <p class='ocr_par' dir='ltr' id='par_1_65' title="bbox 630 3433 2214 3504">
     <span class='ocr_line' id='line_1_65' title="bbox 630 3433 2214 3504; baseline 0 -17"><span class='ocrx_word' id='word_1_479' title='bbox 630 3434 718 3489; x_wconf 78' lang='lat' dir='ltr'><strong>vel</strong></span> <span class='ocrx_word' id='word_1_480' title='bbox 746 3442 868 3502; x_wconf 87' lang='lat' dir='ltr'><strong>post</strong></span> <span class='ocrx_word' id='word_1_481' title='bbox 905 3433 957 3487; x_wconf 93' lang='lat' dir='ltr'><strong>id</strong></span> <span class='ocrx_word' id='word_1_482' title='bbox 994 3433 1150 3487; x_wconf 69' lang='lat' dir='ltr'><strong>interit</strong></span> <span class='ocrx_word' id='word_1_483' title='bbox 1180 3447 1404 3487; x_wconf 84' lang='lat' dir='ltr'><strong>necesse</strong></span> <span class='ocrx_word' id='word_1_484' title='bbox 1440 3442 1526 3487; x_wconf 91' lang='lat' dir='ltr'><strong>est</strong></span> <span class='ocrx_word' id='word_1_485' title='bbox 1586 3434 1871 3504; x_wconf 79' lang='lat' dir='ltr'><strong>vestigari.</strong></span> <span class='ocrx_word' id='word_1_486' title='bbox 1907 3434 2046 3489; x_wconf 89' lang='lat' dir='ltr'><strong>Ante</strong></span> <span class='ocrx_word' id='word_1_487' title='bbox 2100 3450 2214 3488; x_wconf 90' lang='lat' dir='ltr'><strong>rem</strong></span> 
     </span>
    </p>
   </div>
   <div class='ocr_carea' id='block_1_66' title="bbox 628 3522 2213 3597">
    <p class='ocr_par' dir='ltr' id='par_1_66' title="bbox 628 3522 2213 3597">
     <span class='ocr_line' id='line_1_66' title="bbox 628 3522 2213 3597; baseline 0.001 -20"><span class='ocrx_word' id='word_1_488' title='bbox 628 3524 843 3597; x_wconf 82' lang='lat' dir='ltr'><strong>quidem</strong></span> <span class='ocrx_word' id='word_1_489' title='bbox 866 3525 970 3579; x_wconf 89' lang='lat' dir='ltr'><strong>hoc</strong></span> <span class='ocrx_word' id='word_1_490' title='bbox 991 3522 1169 3588; x_wconf 88' lang='lat' dir='ltr'><strong>modo,</strong></span> <span class='ocrx_word' id='word_1_491' title='bbox 1198 3531 1521 3590; x_wconf 86' lang='lat' dir='ltr'><strong>apparatus;</strong></span> <span class='ocrx_word' id='word_1_492' title='bbox 1572 3524 1872 3577; x_wconf 89' lang='lat' dir='ltr'><strong>verisimile</strong></span> <span class='ocrx_word' id='word_1_493' title='bbox 1927 3531 2012 3577; x_wconf 90' lang='lat' dir='ltr'><strong>est</strong></span> <span class='ocrx_word' id='word_1_494' title='bbox 2066 3525 2213 3579; x_wconf 91' lang='lat' dir='ltr'><strong>enim</strong></span> 
     </span>
    </p>
   </div>
   <div class='ocr_carea' id='block_1_67' title="bbox 629 3613 2211 3683">
    <p class='ocr_par' dir='ltr' id='par_1_67' title="bbox 629 3613 2211 3683">
     <span class='ocr_line' id='line_1_67' title="bbox 629 3613 2211 3683; baseline -0.002 -12"><span class='ocrx_word' id='word_1_495' title='bbox 629 3613 876 3671; x_wconf 80' lang='lat' dir='ltr'><strong>eﬂ‘eeisse</strong></span> <span class='ocrx_word' id='word_1_496' title='bbox 926 3613 1156 3679; x_wconf 88' lang='lat' dir='ltr'><strong>aliquem</strong></span> <span class='ocrx_word' id='word_1_497' title='bbox 1208 3615 1350 3681; x_wconf 87' lang='lat' dir='ltr'><strong>quod</strong></span> <span class='ocrx_word' id='word_1_498' title='bbox 1402 3624 1526 3666; x_wconf 88' lang='lat' dir='ltr'><strong>ante</strong></span> <span class='ocrx_word' id='word_1_499' title='bbox 1581 3613 1926 3667; x_wconf 77' lang='lat' dir='ltr'><strong>efﬁciendum</strong></span> <span class='ocrx_word' id='word_1_500' title='bbox 1984 3616 2211 3683; x_wconf 85' lang='lat' dir='ltr'><strong>paravit,</strong></span> 
     </span>
    </p>
   </div>
   <div class='ocr_carea' id='block_1_68' title="bbox 628 3703 2218 3777">
    <p class='ocr_par' dir='ltr' id='par_1_68' title="bbox 628 3703 2218 3777">
     <span class='ocr_line' id='line_1_68' title="bbox 628 3703 2218 3777; baseline 0 -15"><span class='ocrx_word' id='word_1_501' title='bbox 628 3706 892 3777; x_wconf 79' lang='lat' dir='ltr'><strong>colloquia</strong></span> <span class='ocrx_word' id='word_1_502' title='bbox 954 3704 1069 3757; x_wconf 87' lang='lat' dir='ltr'><strong>ﬁeri</strong></span> <span class='ocrx_word' id='word_1_503' title='bbox 1117 3704 1258 3757; x_wconf 90' lang='lat' dir='ltr'><strong>enim</strong></span> <span class='ocrx_word' id='word_1_504' title='bbox 1290 3703 1461 3771; x_wconf 88' lang='lat' dir='ltr'><strong>potuit</strong></span> <span class='ocrx_word' id='word_1_505' title='bbox 1507 3711 1565 3768; x_wconf 79' lang='lat' dir='ltr'><strong>ut</strong></span> <span class='ocrx_word' id='word_1_506' title='bbox 1615 3706 1896 3771; x_wconf 86' lang='lat' dir='ltr'><strong>amaverit,</strong></span> <span class='ocrx_word' id='word_1_507' title='bbox 1929 3705 2015 3774; x_wconf 89' lang='lat' dir='ltr'><strong>qui</strong></span> <span class='ocrx_word' id='word_1_508' title='bbox 2072 3721 2218 3776; x_wconf 62' lang='lat' dir='ltr'><strong>saepe</strong></span> 
     </span>
    </p>
   </div>
   <div class='ocr_carea' id='block_1_69' title="bbox 627 3791 2217 3865">
    <p class='ocr_par' dir='ltr' id='par_1_69' title="bbox 627 3791 2217 3865">
     <span class='ocr_line' id='line_1_69' title="bbox 627 3791 2217 3865; baseline -0.002 -12"><span class='ocrx_word' id='word_1_509' title='bbox 627 3797 790 3853; x_wconf 64' lang='lat' dir='ltr'><strong>fuerit</strong></span> <span class='ocrx_word' id='word_1_510' title='bbox 840 3795 1162 3850; x_wconf 89' lang='lat' dir='ltr'><strong>collocutus.</strong></span> <span class='ocrx_word' id='word_1_511' title='bbox 1193 3792 1388 3863; x_wconf 65' lang='lat' dir='ltr'><strong>Locus,</strong></span> <span class='ocrx_word' id='word_1_512' title='bbox 1444 3791 1587 3845; x_wconf 79' lang='lat' dir='ltr'><strong>velut</strong></span> <span class='ocrx_word' id='word_1_513' title='bbox 1638 3808 1756 3847; x_wconf 93' lang='lat' dir='ltr'><strong>cum</strong></span> <span class='ocrx_word' id='word_1_514' title='bbox 1810 3795 1876 3849; x_wconf 89' lang='lat' dir='ltr'><strong>ad</strong></span> <span class='ocrx_word' id='word_1_515' title='bbox 1908 3796 2108 3865; x_wconf 88' lang='lat' dir='ltr'><strong>aliquid</strong></span> <span class='ocrx_word' id='word_1_516' title='bbox 2140 3796 2217 3851; x_wconf 83' lang='lat' dir='ltr'><strong>fa-</strong></span> 
     </span>
    </p>
   </div>
   <div class='ocr_carea' id='block_1_70' title="bbox 630 3885 2218 3959">
    <p class='ocr_par' dir='ltr' id='par_1_70' title="bbox 630 3885 2218 3959">
     <span class='ocr_line' id='line_1_70' title="bbox 630 3885 2218 3959; baseline -0.002 -13"><span class='ocrx_word' id='word_1_517' title='bbox 630 3888 879 3946; x_wconf 85' lang='lat' dir='ltr'><strong>eiendum</strong></span> <span class='ocrx_word' id='word_1_518' title='bbox 906 3894 1236 3957; x_wconf 87' lang='lat' dir='ltr'><strong>opportunus</strong></span> <span class='ocrx_word' id='word_1_519' title='bbox 1268 3885 1417 3940; x_wconf 89' lang='lat' dir='ltr'><strong>locus</strong></span> <span class='ocrx_word' id='word_1_520' title='bbox 1439 3885 1675 3959; x_wconf 88' lang='lat' dir='ltr'><strong>eligitur.</strong></span> <span class='ocrx_word' id='word_1_521' title='bbox 1702 3887 2061 3943; x_wconf 86' lang='lat' dir='ltr'><strong>Constitutum</strong></span> <span class='ocrx_word' id='word_1_522' title='bbox 2086 3905 2218 3944; x_wconf 87' lang='lat' dir='ltr'><strong>con-</strong></span> 
     </span>
    </p>
   </div>
   <div class='ocr_carea' id='block_1_71' title="bbox 629 3978 2216 4048">
    <p class='ocr_par' dir='ltr' id='par_1_71' title="bbox 629 3978 2216 4048">
     <span class='ocr_line' id='line_1_71' title="bbox 629 3978 2216 4048; baseline 0.001 -11"><span class='ocrx_word' id='word_1_523' title='bbox 629 3981 848 4048; x_wconf 75' lang='lat' dir='ltr'><strong>vivium,</strong></span> <span class='ocrx_word' id='word_1_524' title='bbox 879 3980 1023 4035; x_wconf 87' lang='lat' dir='ltr'><strong>velut</strong></span> <span class='ocrx_word' id='word_1_525' title='bbox 1075 3978 1123 4033; x_wconf 92' lang='lat' dir='ltr'><strong>si</strong></span> <span class='ocrx_word' id='word_1_526' title='bbox 1160 3979 1281 4048; x_wconf 91' lang='lat' dir='ltr'><strong>quis</strong></span> <span class='ocrx_word' id='word_1_527' title='bbox 1300 3982 1596 4033; x_wconf 85' lang='lat' dir='ltr'><strong>constituto</strong></span> <span class='ocrx_word' id='word_1_528' title='bbox 1636 3991 1758 4034; x_wconf 91' lang='lat' dir='ltr'><strong>ante</strong></span> <span class='ocrx_word' id='word_1_529' title='bbox 1789 3982 2036 4036; x_wconf 89' lang='lat' dir='ltr'><strong>convivio</strong></span> <span class='ocrx_word' id='word_1_530' title='bbox 2063 3983 2114 4037; x_wconf 93' lang='lat' dir='ltr'><strong>in</strong></span> <span class='ocrx_word' id='word_1_531' title='bbox 2149 3998 2216 4038; x_wconf 87' lang='lat' dir='ltr'><strong>eo</strong></span> 
     </span>
    </p>
   </div>
   <div class='ocr_carea' id='block_1_72' title="bbox 628 4071 2216 4145">
    <p class='ocr_par' dir='ltr' id='par_1_72' title="bbox 628 4071 2216 4145">
     <span class='ocr_line' id='line_1_72' title="bbox 628 4071 2216 4145; baseline 0.001 -16"><span class='ocrx_word' id='word_1_532' title='bbox 628 4074 821 4129; x_wconf 81' lang='lat' dir='ltr'><strong>fecisse</strong></span> <span class='ocrx_word' id='word_1_533' title='bbox 846 4071 1047 4142; x_wconf 88' lang='lat' dir='ltr'><strong>aliquid</strong></span> <span class='ocrx_word' id='word_1_534' title='bbox 1072 4083 1346 4143; x_wconf 82' lang='lat' dir='ltr'><strong>arguatur,</strong></span> <span class='ocrx_word' id='word_1_535' title='bbox 1370 4075 2038 4145; x_wconf 89' lang='lat' dir='ltr'><strong>capiaturqueconiectura</strong></span> <span class='ocrx_word' id='word_1_536' title='bbox 2065 4076 2216 4143; x_wconf 82' lang='lat' dir='ltr'><strong>facti,</strong></span> 
     </span>
    </p>
   </div>
   <div class='ocr_carea' id='block_1_73' title="bbox 629 4166 2216 4238">
    <p class='ocr_par' dir='ltr' id='par_1_73' title="bbox 629 4166 2216 4238">
     <span class='ocr_line' id='line_1_73' title="bbox 629 4166 2216 4238; baseline 0.003 -16"><span class='ocrx_word' id='word_1_537' title='bbox 629 4182 695 4222; x_wconf 77' lang='lat' dir='ltr'><strong>ex</strong></span> <span class='ocrx_word' id='word_1_538' title='bbox 722 4182 788 4221; x_wconf 90' lang='lat' dir='ltr'><strong>eo</strong></span> <span class='ocrx_word' id='word_1_539' title='bbox 820 4167 936 4236; x_wconf 88' lang='lat' dir='ltr'><strong>ipso</strong></span> <span class='ocrx_word' id='word_1_540' title='bbox 976 4166 1121 4235; x_wconf 88' lang='lat' dir='ltr'><strong>quod</strong></span> <span class='ocrx_word' id='word_1_541' title='bbox 1170 4166 1241 4219; x_wconf 87' lang='lat' dir='ltr'><strong>sit</strong></span> <span class='ocrx_word' id='word_1_542' title='bbox 1276 4167 1579 4221; x_wconf 88' lang='lat' dir='ltr'><strong>convivium</strong></span> <span class='ocrx_word' id='word_1_543' title='bbox 1627 4169 1998 4233; x_wconf 83' lang='lat' dir='ltr'><strong>constitutum,</strong></span> <span class='ocrx_word' id='word_1_544' title='bbox 2054 4180 2216 4238; x_wconf 88' lang='lat' dir='ltr'><strong>atque</strong></span> 
     </span>
    </p>
   </div>
   <div class='ocr_carea' id='block_1_74' title="bbox 629 4260 2213 4332">
    <p class='ocr_par' dir='ltr' id='par_1_74' title="bbox 629 4260 2213 4332">
     <span class='ocr_line' id='line_1_74' title="bbox 629 4260 2213 4332; baseline 0.001 -16"><span class='ocrx_word' id='word_1_545' title='bbox 629 4260 1081 4316; x_wconf 85' lang='lat' dir='ltr'><strong>horumomnium</strong></span> <span class='ocrx_word' id='word_1_546' title='bbox 1124 4268 1248 4315; x_wconf 87' lang='lat' dir='ltr'><strong>ante</strong></span> <span class='ocrx_word' id='word_1_547' title='bbox 1279 4276 1392 4313; x_wconf 92' lang='lat' dir='ltr'><strong>rem</strong></span> <span class='ocrx_word' id='word_1_548' title='bbox 1433 4262 1497 4314; x_wconf 92' lang='lat' dir='ltr'><strong>de</strong></span> <span class='ocrx_word' id='word_1_549' title='bbox 1529 4277 1629 4330; x_wconf 89' lang='lat' dir='ltr'><strong>qua</strong></span> <span class='ocrx_word' id='word_1_550' title='bbox 1683 4264 1942 4331; x_wconf 66' lang='lat' dir='ltr'><strong>qumritttr</strong></span> <span class='ocrx_word' id='word_1_551' title='bbox 1968 4266 2213 4332; x_wconf 83' lang='lat' dir='ltr'><strong>exempla</strong></span> 
     </span>
    </p>
   </div>
   <div class='ocr_carea' id='block_1_75' title="bbox 629 4350 2211 4420">
    <p class='ocr_par' dir='ltr' id='par_1_75' title="bbox 629 4350 2211 4420">
     <span class='ocr_line' id='line_1_75' title="bbox 629 4350 2211 4420; baseline 0.002 -14"><span class='ocrx_word' id='word_1_552' title='bbox 629 4361 771 4406; x_wconf 86' lang='lat' dir='ltr'><strong>sunt.</strong></span> <span class='ocrx_word' id='word_1_553' title='bbox 806 4352 938 4405; x_wconf 81' lang='lat' dir='ltr'><strong>Cum</strong></span> <span class='ocrx_word' id='word_1_554' title='bbox 968 4365 1028 4404; x_wconf 92' lang='lat' dir='ltr'><strong>re</strong></span> <span class='ocrx_word' id='word_1_555' title='bbox 1056 4364 1186 4403; x_wconf 93' lang='lat' dir='ltr'><strong>vero</strong></span> <span class='ocrx_word' id='word_1_556' title='bbox 1215 4350 1315 4403; x_wconf 91' lang='lat' dir='ltr'><strong>hoc</strong></span> <span class='ocrx_word' id='word_1_557' title='bbox 1348 4350 1509 4403; x_wconf 90' lang='lat' dir='ltr'><strong>modo</strong></span> <span class='ocrx_word' id='word_1_558' title='bbox 1538 4369 1549 4402; x_wconf 86' lang='lat'><strong>:</strong></span> <span class='ocrx_word' id='word_1_559' title='bbox 1587 4351 1786 4405; x_wconf 87' lang='lat' dir='ltr'><strong>Pedum</strong></span> <span class='ocrx_word' id='word_1_560' title='bbox 1822 4354 2079 4420; x_wconf 89' lang='lat' dir='ltr'><strong>crepitus,</strong></span> <span class='ocrx_word' id='word_1_561' title='bbox 2101 4355 2211 4409; x_wconf 85' lang='lat' dir='ltr'><strong>vel-</strong></span> 
     </span>
    </p>
   </div>
   <div class='ocr_carea' id='block_1_76' title="bbox 628 4440 2215 4513">
    <p class='ocr_par' dir='ltr' id='par_1_76' title="bbox 628 4440 2215 4513">
     <span class='ocr_line' id='line_1_76' title="bbox 628 4440 2215 4513; baseline 0.001 -16"><span class='ocrx_word' id='word_1_562' title='bbox 628 4452 686 4498; x_wconf 79' lang='lat' dir='ltr'><strong>ut</strong></span> <span class='ocrx_word' id='word_1_563' title='bbox 704 4441 758 4497; x_wconf 84' lang='lat' dir='ltr'><strong>si</strong></span> <span class='ocrx_word' id='word_1_564' title='bbox 789 4442 895 4496; x_wconf 89' lang='lat' dir='ltr'><strong>isse</strong></span> <span class='ocrx_word' id='word_1_565' title='bbox 924 4440 976 4495; x_wconf 91' lang='lat' dir='ltr'><strong>in</strong></span> <span class='ocrx_word' id='word_1_566' title='bbox 998 4440 1303 4509; x_wconf 88' lang='lat' dir='ltr'><strong>quempiam</strong></span> <span class='ocrx_word' id='word_1_567' title='bbox 1336 4440 1509 4494; x_wconf 89' lang='lat' dir='ltr'><strong>locum</strong></span> <span class='ocrx_word' id='word_1_568' title='bbox 1546 4442 1737 4510; x_wconf 85' lang='lat' dir='ltr'><strong>aliquis</strong></span> <span class='ocrx_word' id='word_1_569' title='bbox 1774 4452 2075 4510; x_wconf 88' lang='lat' dir='ltr'><strong>accusetur,</strong></span> <span class='ocrx_word' id='word_1_570' title='bbox 2121 4461 2215 4513; x_wconf 83' lang='lat' dir='ltr'><strong>pe-</strong></span> 
     </span>
    </p>
   </div>
   <div class='ocr_carea' id='block_1_77' title="bbox 630 4530 2205 4603">
    <p class='ocr_par' dir='ltr' id='par_1_77' title="bbox 630 4530 2205 4603">
     <span class='ocr_line' id='line_1_77' title="bbox 630 4530 2205 4603; baseline 0.002 -16"><span class='ocrx_word' id='word_1_571' title='bbox 630 4532 756 4587; x_wconf 90' lang='lat' dir='ltr'><strong>dum</strong></span> <span class='ocrx_word' id='word_1_572' title='bbox 798 4532 1003 4599; x_wconf 85' lang='lat' dir='ltr'><strong>crepitu</strong></span> <span class='ocrx_word' id='word_1_573' title='bbox 1046 4530 1418 4599; x_wconf 84' lang='lat' dir='ltr'><strong>deprehensus</strong></span> <span class='ocrx_word' id='word_1_574' title='bbox 1467 4546 1589 4587; x_wconf 91' lang='lat' dir='ltr'><strong>esse</strong></span> <span class='ocrx_word' id='word_1_575' title='bbox 1645 4535 1985 4603; x_wconf 87' lang='lat' dir='ltr'><strong>probabitur;</strong></span> <span class='ocrx_word' id='word_1_576' title='bbox 2045 4539 2125 4590; x_wconf 85' lang='lat' dir='ltr'><strong>vel</strong></span> <span class='ocrx_word' id='word_1_577' title='bbox 2164 4538 2205 4590; x_wconf 89' lang='lat' dir='ltr'><strong>si</strong></span> 
     </span>
    </p>
   </div>
   <div class='ocr_carea' id='block_1_78' title="bbox 2325 3339 3907 3415">
    <p class='ocr_par' dir='ltr' id='par_1_78' title="bbox 2325 3339 3907 3415">
     <span class='ocr_line' id='line_1_78' title="bbox 2325 3339 3907 3415; baseline -0.006 -14"><span class='ocrx_word' id='word_1_578' title='bbox 2325 3347 2427 3402; x_wconf 87' lang='lat' dir='ltr'><strong>sito</strong></span> <span class='ocrx_word' id='word_1_579' title='bbox 2456 3345 2600 3399; x_wconf 89' lang='lat' dir='ltr'><strong>aliud</strong></span> <span class='ocrx_word' id='word_1_580' title='bbox 2632 3358 2856 3398; x_wconf 89' lang='lat' dir='ltr'><strong>necesse</strong></span> <span class='ocrx_word' id='word_1_581' title='bbox 2895 3352 2978 3396; x_wconf 90' lang='lat' dir='ltr'><strong>est</strong></span> <span class='ocrx_word' id='word_1_582' title='bbox 3003 3349 3365 3410; x_wconf 82' lang='lat' dir='ltr'><strong>consequatur</strong></span> <span class='ocrx_word' id='word_1_583' title='bbox 3393 3358 3403 3390; x_wconf 85' lang='lat'><strong>:</strong></span> <span class='ocrx_word' id='word_1_584' title='bbox 3440 3339 3676 3415; x_wconf 82' lang='lat' dir='ltr'><strong>itemque</strong></span> <span class='ocrx_word' id='word_1_585' title='bbox 3720 3352 3907 3391; x_wconf 87' lang='lat' dir='ltr'><strong>conse-</strong></span> 
     </span>
    </p>
   </div>
   <div class='ocr_carea' id='block_1_79' title="bbox 2324 3428 3902 3506">
    <p class='ocr_par' dir='ltr' id='par_1_79' title="bbox 2324 3428 3902 3506">
     <span class='ocr_line' id='line_1_79' title="bbox 2324 3428 3902 3506; baseline -0.004 -17"><span class='ocrx_word' id='word_1_586' title='bbox 2324 3450 2492 3506; x_wconf 89' lang='lat' dir='ltr'><strong>quens</strong></span> <span class='ocrx_word' id='word_1_587' title='bbox 2538 3434 2765 3503; x_wconf 89' lang='lat' dir='ltr'><strong>alicuius</strong></span> <span class='ocrx_word' id='word_1_588' title='bbox 2795 3442 2895 3498; x_wconf 88' lang='lat' dir='ltr'><strong>est,</strong></span> <span class='ocrx_word' id='word_1_589' title='bbox 2931 3431 3072 3503; x_wconf 86' lang='lat' dir='ltr'><strong>quod</strong></span> <span class='ocrx_word' id='word_1_590' title='bbox 3121 3446 3242 3486; x_wconf 90' lang='lat' dir='ltr'><strong>esse</strong></span> <span class='ocrx_word' id='word_1_591' title='bbox 3284 3444 3507 3485; x_wconf 89' lang='lat' dir='ltr'><strong>necesse</strong></span> <span class='ocrx_word' id='word_1_592' title='bbox 3555 3440 3660 3495; x_wconf 85' lang='lat' dir='ltr'><strong>est,</strong></span> <span class='ocrx_word' id='word_1_593' title='bbox 3686 3429 3728 3481; x_wconf 93' lang='lat' dir='ltr'><strong>si</strong></span> <span class='ocrx_word' id='word_1_594' title='bbox 3772 3428 3902 3483; x_wconf 91' lang='lat' dir='ltr'><strong>illud</strong></span> 
     </span>
    </p>
   </div>
   <div class='ocr_carea' id='block_1_80' title="bbox 2323 3519 3905 3595">
    <p class='ocr_par' dir='ltr' id='par_1_80' title="bbox 2323 3519 3905 3595">
     <span class='ocr_line' id='line_1_80' title="bbox 2323 3519 3905 3595; baseline -0.006 -14"><span class='ocrx_word' id='word_1_595' title='bbox 2323 3527 2475 3595; x_wconf 88' lang='lat' dir='ltr'><strong>cuius</strong></span> <span class='ocrx_word' id='word_1_596' title='bbox 2502 3536 2583 3581; x_wconf 90' lang='lat' dir='ltr'><strong>est</strong></span> <span class='ocrx_word' id='word_1_597' title='bbox 2603 3539 2938 3594; x_wconf 90' lang='lat' dir='ltr'><strong>consequens</strong></span> <span class='ocrx_word' id='word_1_598' title='bbox 2988 3523 3331 3593; x_wconf 67' lang='lat' dir='ltr'><strong>prmeessisse</strong></span> <span class='ocrx_word' id='word_1_599' title='bbox 3370 3520 3699 3574; x_wconf 86' lang='lat' dir='ltr'><strong>constiterit.</strong></span> <span class='ocrx_word' id='word_1_600' title='bbox 3731 3519 3905 3587; x_wconf 77' lang='lat' dir='ltr'><strong>Repu-</strong></span> 
     </span>
    </p>
   </div>
   <div class='ocr_carea' id='block_1_81' title="bbox 2322 3599 3906 3688">
    <p class='ocr_par' dir='ltr' id='par_1_81' title="bbox 2322 3599 3906 3688">
     <span class='ocr_line' id='line_1_81' title="bbox 2322 3599 3906 3688; baseline -0.003 -17"><span class='ocrx_word' id='word_1_601' title='bbox 2322 3632 2493 3688; x_wconf 88' lang='lat' dir='ltr'><strong>gnans</strong></span> <span class='ocrx_word' id='word_1_602' title='bbox 2524 3628 2607 3670; x_wconf 89' lang='lat' dir='ltr'><strong>est</strong></span> <span class='ocrx_word' id='word_1_603' title='bbox 2634 3616 2775 3684; x_wconf 90' lang='lat' dir='ltr'><strong>quod</strong></span> <span class='ocrx_word' id='word_1_604' title='bbox 2805 3614 2965 3670; x_wconf 90' lang='lat' dir='ltr'><strong>simul</strong></span> <span class='ocrx_word' id='word_1_605' title='bbox 2994 3599 3114 3669; x_wconf 85' lang='lat' dir='ltr'><strong>cum</strong></span> <span class='ocrx_word' id='word_1_606' title='bbox 3145 3628 3211 3668; x_wconf 90' lang='lat' dir='ltr'><strong>eo</strong></span> <span class='ocrx_word' id='word_1_607' title='bbox 3239 3615 3321 3667; x_wconf 93' lang='lat' dir='ltr'><strong>cui</strong></span> <span class='ocrx_word' id='word_1_608' title='bbox 3382 3628 3682 3684; x_wconf 72' lang='lat' dir='ltr'><strong>repugnare</strong></span> <span class='ocrx_word' id='word_1_609' title='bbox 3713 3612 3906 3666; x_wconf 83' lang='lat' dir='ltr'><strong>dicitur</strong></span> 
     </span>
    </p>
   </div>
   <div class='ocr_carea' id='block_1_82' title="bbox 2323 3705 3902 3776">
    <p class='ocr_par' dir='ltr' id='par_1_82' title="bbox 2323 3705 3902 3776">
     <span class='ocr_line' id='line_1_82' title="bbox 2323 3705 3902 3776; baseline -0.004 -12"><span class='ocrx_word' id='word_1_610' title='bbox 2323 3724 2444 3764; x_wconf 87' lang='lat' dir='ltr'><strong>esse</strong></span> <span class='ocrx_word' id='word_1_611' title='bbox 2474 3723 2577 3761; x_wconf 87' lang='lat' dir='ltr'><strong>non</strong></span> <span class='ocrx_word' id='word_1_612' title='bbox 2610 3707 2797 3776; x_wconf 83' lang='lat' dir='ltr'><strong>possit.</strong></span> <span class='ocrx_word' id='word_1_613' title='bbox 2824 3706 3266 3760; x_wconf 86' lang='lat' dir='ltr'><strong>Antecedeutium</strong></span> <span class='ocrx_word' id='word_1_614' title='bbox 3309 3705 3487 3773; x_wconf 79' lang='lat' dir='ltr'><strong>igitur,</strong></span> <span class='ocrx_word' id='word_1_615' title='bbox 3529 3716 3689 3774; x_wconf 89' lang='lat' dir='ltr'><strong>atque</strong></span> <span class='ocrx_word' id='word_1_616' title='bbox 3712 3718 3902 3757; x_wconf 84' lang='lat' dir='ltr'><strong>Conse-</strong></span> 
     </span>
    </p>
   </div>
   <div class='ocr_carea' id='block_1_83' title="bbox 2322 3797 3900 3870">
    <p class='ocr_par' dir='ltr' id='par_1_83' title="bbox 2322 3797 3900 3870">
     <span class='ocr_line' id='line_1_83' title="bbox 2322 3797 3900 3870; baseline -0.006 -15"><span class='ocrx_word' id='word_1_617' title='bbox 2322 3800 2625 3870; x_wconf 89' lang='lat' dir='ltr'><strong>quentium,</strong></span> <span class='ocrx_word' id='word_1_618' title='bbox 2667 3807 2722 3853; x_wconf 91' lang='lat' dir='ltr'><strong>et</strong></span> <span class='ocrx_word' id='word_1_619' title='bbox 2751 3798 3183 3868; x_wconf 89' lang='lat' dir='ltr'><strong>repugnantium,</strong></span> <span class='ocrx_word' id='word_1_620' title='bbox 3210 3812 3372 3851; x_wconf 91' lang='lat' dir='ltr'><strong>unum</strong></span> <span class='ocrx_word' id='word_1_621' title='bbox 3398 3811 3521 3850; x_wconf 89' lang='lat' dir='ltr'><strong>esse</strong></span> <span class='ocrx_word' id='word_1_622' title='bbox 3555 3797 3723 3849; x_wconf 90' lang='lat' dir='ltr'><strong>locum</strong></span> <span class='ocrx_word' id='word_1_623' title='bbox 3764 3810 3900 3863; x_wconf 67' lang='lat' dir='ltr'><strong>pra:-</strong></span> 
     </span>
    </p>
   </div>
   <div class='ocr_carea' id='block_1_84' title="bbox 2321 3888 3896 3961">
    <p class='ocr_par' dir='ltr' id='par_1_84' title="bbox 2321 3888 3896 3961">
     <span class='ocr_line' id='line_1_84' title="bbox 2321 3888 3896 3961; baseline -0.003 -15"><span class='ocrx_word' id='word_1_624' title='bbox 2321 3892 2582 3958; x_wconf 81' lang='lat' dir='ltr'><strong>(liximus,</strong></span> <span class='ocrx_word' id='word_1_625' title='bbox 2634 3893 2723 3961; x_wconf 91' lang='lat' dir='ltr'><strong>qui</strong></span> <span class='ocrx_word' id='word_1_626' title='bbox 2762 3890 3030 3960; x_wconf 89' lang='lat' dir='ltr'><strong>quomodo</strong></span> <span class='ocrx_word' id='word_1_627' title='bbox 3071 3889 3140 3943; x_wconf 91' lang='lat' dir='ltr'><strong>sit</strong></span> <span class='ocrx_word' id='word_1_628' title='bbox 3174 3906 3327 3953; x_wconf 90' lang='lat' dir='ltr'><strong>unus,</strong></span> <span class='ocrx_word' id='word_1_629' title='bbox 3373 3890 3556 3959; x_wconf 88' lang='lat' dir='ltr'><strong>paucis</strong></span> <span class='ocrx_word' id='word_1_630' title='bbox 3600 3888 3896 3943; x_wconf 84' lang='lat' dir='ltr'><strong>ostendant.</strong></span> 
     </span>
    </p>
   </div>
   <div class='ocr_carea' id='block_1_85' title="bbox 2321 3984 3899 4056">
    <p class='ocr_par' dir='ltr' id='par_1_85' title="bbox 2321 3984 3899 4056">
     <span class='ocr_line' id='line_1_85' title="bbox 2321 3984 3899 4056; baseline -0.004 -16"><span class='ocrx_word' id='word_1_631' title='bbox 2321 3984 2558 4040; x_wconf 90' lang='lat' dir='ltr'><strong>Primum</strong></span> <span class='ocrx_word' id='word_1_632' title='bbox 2591 3984 2747 4056; x_wconf 82' lang='lat' dir='ltr'><strong>igitur</strong></span> <span class='ocrx_word' id='word_1_633' title='bbox 2767 3986 2892 4039; x_wconf 91' lang='lat' dir='ltr'><strong>dum</strong></span> <span class='ocrx_word' id='word_1_634' title='bbox 2939 3993 3276 4053; x_wconf 65' lang='lat' dir='ltr'><strong>quaereretur</strong></span> <span class='ocrx_word' id='word_1_635' title='bbox 3298 3996 3533 4053; x_wconf 83' lang='lat' dir='ltr'><strong>quonam</strong></span> <span class='ocrx_word' id='word_1_636' title='bbox 3574 3984 3733 4038; x_wconf 91' lang='lat' dir='ltr'><strong>modo</strong></span> <span class='ocrx_word' id='word_1_637' title='bbox 3766 3997 3899 4035; x_wconf 89' lang='lat' dir='ltr'><strong>unus</strong></span> 
     </span>
    </p>
   </div>
   <div class='ocr_carea' id='block_1_86' title="bbox 2319 4074 3896 4145">
    <p class='ocr_par' dir='ltr' id='par_1_86' title="bbox 2319 4074 3896 4145">
     <span class='ocr_line' id='line_1_86' title="bbox 2319 4074 3896 4145; baseline -0.004 -12"><span class='ocrx_word' id='word_1_638' title='bbox 2319 4086 2464 4133; x_wconf 91' lang='lat' dir='ltr'><strong>esset</strong></span> <span class='ocrx_word' id='word_1_639' title='bbox 2495 4078 2640 4131; x_wconf 92' lang='lat' dir='ltr'><strong>locus</strong></span> <span class='ocrx_word' id='word_1_640' title='bbox 2668 4092 2697 4129; x_wconf 89' lang='lat' dir='ltr'><strong>a</strong></span> <span class='ocrx_word' id='word_1_641' title='bbox 2728 4075 3202 4145; x_wconf 90' lang='lat' dir='ltr'><strong>consequentibus,</strong></span> <span class='ocrx_word' id='word_1_642' title='bbox 3236 4074 3676 4128; x_wconf 55' lang='lat' dir='ltr'><strong>antecedentibus</strong></span> <span class='ocrx_word' id='word_1_643' title='bbox 3718 4086 3771 4127; x_wconf 87' lang='lat' dir='ltr'><strong>et</strong></span> <span class='ocrx_word' id='word_1_644' title='bbox 3810 4090 3896 4127; x_wconf 88' lang='lat' dir='ltr'><strong>re-</strong></span> 
     </span>
    </p>
   </div>
   <div class='ocr_carea' id='block_1_87' title="bbox 2321 4160 3897 4239">
    <p class='ocr_par' dir='ltr' id='par_1_87' title="bbox 2321 4160 3897 4239">
     <span class='ocr_line' id='line_1_87' title="bbox 2321 4160 3897 4239; baseline -0.004 -17"><span class='ocrx_word' id='word_1_645' title='bbox 2321 4168 2678 4239; x_wconf 81' lang='lat' dir='ltr'><strong>pugnantibus</strong></span> <span class='ocrx_word' id='word_1_646' title='bbox 2713 4208 2727 4231; x_wconf 91' lang='lat'><strong>,</strong></span> <span class='ocrx_word' id='word_1_647' title='bbox 2774 4165 3059 4219; x_wconf 85' lang='lat' dir='ltr'><strong>dicebatur</strong></span> <span class='ocrx_word' id='word_1_648' title='bbox 3108 4166 3364 4233; x_wconf 88' lang='lat' dir='ltr'><strong>quoniam</strong></span> <span class='ocrx_word' id='word_1_649' title='bbox 3421 4165 3654 4233; x_wconf 85' lang='lat' dir='ltr'><strong>eiusdem</strong></span> <span class='ocrx_word' id='word_1_650' title='bbox 3699 4160 3897 4215; x_wconf 83' lang='lat' dir='ltr'><strong>mentis</strong></span> 
     </span>
    </p>
   </div>
   <div class='ocr_carea' id='block_1_88' title="bbox 2321 4253 3897 4328">
    <p class='ocr_par' dir='ltr' id='par_1_88' title="bbox 2321 4253 3897 4328">
     <span class='ocr_line' id='line_1_88' title="bbox 2321 4253 3897 4328; baseline -0.004 -14"><span class='ocrx_word' id='word_1_651' title='bbox 2321 4271 2467 4315; x_wconf 89' lang='lat' dir='ltr'><strong>esset</strong></span> <span class='ocrx_word' id='word_1_652' title='bbox 2497 4269 2655 4328; x_wconf 85' lang='lat' dir='ltr'><strong>atque</strong></span> <span class='ocrx_word' id='word_1_653' title='bbox 2703 4257 3071 4326; x_wconf 85' lang='lat' dir='ltr'><strong>intelligentiae</strong></span> <span class='ocrx_word' id='word_1_654' title='bbox 3117 4264 3224 4310; x_wconf 91' lang='lat' dir='ltr'><strong>tam</strong></span> <span class='ocrx_word' id='word_1_655' title='bbox 3270 4265 3623 4310; x_wconf 83' lang='lat' dir='ltr'><strong>consentanea</strong></span> <span class='ocrx_word' id='word_1_656' title='bbox 3676 4253 3897 4307; x_wconf 79' lang='lat' dir='ltr'><strong>sibimet</strong></span> 
     </span>
    </p>
   </div>
   <div class='ocr_carea' id='block_1_89' title="bbox 2320 4346 3896 4420">
    <p class='ocr_par' dir='ltr' id='par_1_89' title="bbox 2320 4346 3896 4420">
     <span class='ocr_line' id='line_1_89' title="bbox 2320 4346 3896 4420; baseline -0.002 -16"><span class='ocrx_word' id='word_1_657' title='bbox 2320 4368 2478 4420; x_wconf 90' lang='lat' dir='ltr'><strong>quam</strong></span> <span class='ocrx_word' id='word_1_658' title='bbox 2533 4351 2841 4405; x_wconf 86' lang='lat' dir='ltr'><strong>dissidentia</strong></span> <span class='ocrx_word' id='word_1_659' title='bbox 2893 4349 3211 4417; x_wconf 70' lang='lat' dir='ltr'><strong>praevidere,</strong></span> <span class='ocrx_word' id='word_1_660' title='bbox 3259 4349 3461 4404; x_wconf 89' lang='lat' dir='ltr'><strong>ideirco</strong></span> <span class='ocrx_word' id='word_1_661' title='bbox 3512 4346 3896 4416; x_wconf 88' lang='lat' dir='ltr'><strong>huncquoque</strong></span> 
     </span>
    </p>
   </div>
   <div class='ocr_carea' id='block_1_90' title="bbox 2320 4440 3895 4507">
    <p class='ocr_par' dir='ltr' id='par_1_90' title="bbox 2320 4440 3895 4507">
     <span class='ocr_line' id='line_1_90' title="bbox 2320 4440 3895 4507; baseline -0.003 -10"><span class='ocrx_word' id='word_1_662' title='bbox 2320 4444 2494 4498; x_wconf 88' lang='lat' dir='ltr'><strong>locum</strong></span> <span class='ocrx_word' id='word_1_663' title='bbox 2526 4460 2683 4495; x_wconf 91' lang='lat' dir='ltr'><strong>unum</strong></span> <span class='ocrx_word' id='word_1_664' title='bbox 2720 4441 2909 4495; x_wconf 90' lang='lat' dir='ltr'><strong>videri.</strong></span> <span class='ocrx_word' id='word_1_665' title='bbox 2948 4440 3452 4496; x_wconf 89' lang='lat' dir='ltr'><strong>Consentaneorum</strong></span> <span class='ocrx_word' id='word_1_666' title='bbox 3499 4456 3733 4507; x_wconf 84' lang='lat' dir='ltr'><strong>namque</strong></span> <span class='ocrx_word' id='word_1_667' title='bbox 3779 4441 3895 4493; x_wconf 78' lang='lat' dir='ltr'><strong>dna:</strong></span> 
     </span>
    </p>
   </div>
   <div class='ocr_carea' id='block_1_91' title="bbox 2320 4534 3890 4607">
    <p class='ocr_par' dir='ltr' id='par_1_91' title="bbox 2320 4534 3890 4607">
     <span class='ocr_line' id='line_1_91' title="bbox 2320 4534 3890 4607; baseline -0.006 -12"><span class='ocrx_word' id='word_1_668' title='bbox 2320 4546 2445 4595; x_wconf 85' lang='lat' dir='ltr'><strong>sunt</strong></span> <span class='ocrx_word' id='word_1_669' title='bbox 2468 4545 2662 4607; x_wconf 88' lang='lat' dir='ltr'><strong>partes,</strong></span> <span class='ocrx_word' id='word_1_670' title='bbox 2688 4534 3010 4589; x_wconf 84' lang='lat' dir='ltr'><strong>antecedens</strong></span> <span class='ocrx_word' id='word_1_671' title='bbox 3033 4551 3155 4599; x_wconf 89' lang='lat' dir='ltr'><strong>una,</strong></span> <span class='ocrx_word' id='word_1_672' title='bbox 3179 4534 3347 4589; x_wconf 88' lang='lat' dir='ltr'><strong>altera</strong></span> <span class='ocrx_word' id='word_1_673' title='bbox 3364 4548 3726 4604; x_wconf 87' lang='lat' dir='ltr'><strong>consequens.</strong></span> <span class='ocrx_word' id='word_1_674' title='bbox 3763 4534 3890 4586; x_wconf 87' lang='lat' dir='ltr'><strong>Nam</strong></span> 
     </span>
    </p>
   </div>
   <div class='ocr_carea' id='block_1_92' title="bbox 630 4614 3898 4696">
    <p class='ocr_par' dir='ltr' id='par_1_92' title="bbox 630 4614 3898 4696">
     <span class='ocr_line' id='line_1_92' title="bbox 630 4614 3898 4696; baseline -0 -18"><span class='ocrx_word' id='word_1_675' title='bbox 630 4624 797 4679; x_wconf 78' lang='lat' dir='ltr'><strong>fuisse</strong></span> <span class='ocrx_word' id='word_1_676' title='bbox 823 4622 1033 4677; x_wconf 83' lang='lat' dir='ltr'><strong>adulter</strong></span> <span class='ocrx_word' id='word_1_677' title='bbox 1072 4621 1127 4674; x_wconf 94' lang='lat' dir='ltr'><strong>in</strong></span> <span class='ocrx_word' id='word_1_678' title='bbox 1175 4622 1423 4676; x_wconf 92' lang='lat' dir='ltr'><strong>cubiculo</strong></span> <span class='ocrx_word' id='word_1_679' title='bbox 1473 4637 1539 4677; x_wconf 85' lang='lat' dir='ltr'><strong>ex</strong></span> <span class='ocrx_word' id='word_1_680' title='bbox 1584 4626 1767 4680; x_wconf 89' lang='lat' dir='ltr'><strong>umbra</strong></span> <span class='ocrx_word' id='word_1_681' title='bbox 1797 4629 2043 4696; x_wconf 88' lang='lat' dir='ltr'><strong>corporis</strong></span> <span class='ocrx_word' id='word_1_682' title='bbox 2068 4629 2207 4684; x_wconf 89' lang='lat' dir='ltr'><strong>desi-</strong></span> <span class='ocrx_word' id='word_1_683' title='bbox 2234 4614 2290 4675; x_wconf 82' lang='grc' dir='ltr'><strong>Ῑ)</strong></span> <span class='ocrx_word' id='word_1_684' title='bbox 2317 4646 2437 4685; x_wconf 86' lang='lat' dir='ltr'><strong>cum</strong></span> <span class='ocrx_word' id='word_1_685' title='bbox 2472 4630 2642 4681; x_wconf 89' lang='lat' dir='ltr'><strong>altero</strong></span> <span class='ocrx_word' id='word_1_686' title='bbox 2675 4626 3010 4695; x_wconf 66' lang='lat' dir='ltr'><strong>prtecedente</strong></span> <span class='ocrx_word' id='word_1_687' title='bbox 3050 4626 3334 4680; x_wconf 86' lang='lat' dir='ltr'><strong>comitatur</strong></span> <span class='ocrx_word' id='word_1_688' title='bbox 3364 4626 3613 4692; x_wconf 89' lang='lat' dir='ltr'><strong>alterum,</strong></span> <span class='ocrx_word' id='word_1_689' title='bbox 3666 4626 3748 4678; x_wconf 81' lang='lat' dir='ltr'><strong>illa</strong></span> <span class='ocrx_word' id='word_1_690' title='bbox 3797 4624 3898 4680; x_wconf 89' lang='lat' dir='ltr'><strong>sibi</strong></span> 
     </span>
    </p>
   </div>
   <div class='ocr_carea' id='block_1_93' title="bbox 631 4713 2211 4789">
    <p class='ocr_par' dir='ltr' id='par_1_93' title="bbox 631 4713 2211 4789">
     <span class='ocr_line' id='line_1_93' title="bbox 631 4713 2211 4789; baseline 0.002 -20"><span class='ocrx_word' id='word_1_691' title='bbox 631 4724 846 4785; x_wconf 87' lang='lat' dir='ltr'><strong>gnetur,</strong></span> <span class='ocrx_word' id='word_1_692' title='bbox 879 4713 996 4767; x_wconf 66' lang='lat' dir='ltr'><strong>haec</strong></span> <span class='ocrx_word' id='word_1_693' title='bbox 1020 4726 1142 4767; x_wconf 91' lang='lat' dir='ltr'><strong>cum</strong></span> <span class='ocrx_word' id='word_1_694' title='bbox 1184 4713 1314 4781; x_wconf 84' lang='lat' dir='ltr'><strong>ipsis</strong></span> <span class='ocrx_word' id='word_1_695' title='bbox 1338 4714 1407 4768; x_wconf 90' lang='lat' dir='ltr'><strong>de</strong></span> <span class='ocrx_word' id='word_1_696' title='bbox 1435 4716 1630 4783; x_wconf 89' lang='lat' dir='ltr'><strong>quibus</strong></span> <span class='ocrx_word' id='word_1_697' title='bbox 1661 4719 1917 4785; x_wconf 70' lang='lat' dir='ltr'><strong>qumritur</strong></span> <span class='ocrx_word' id='word_1_698' title='bbox 1949 4720 2211 4789; x_wconf 86' lang='lat' dir='ltr'><strong>inspecta,</strong></span> 
     </span>
    </p>
   </div>
   <div class='ocr_carea' id='block_1_94' title="bbox 631 4804 2212 4880">
    <p class='ocr_par' dir='ltr' id='par_1_94' title="bbox 631 4804 2212 4880">
     <span class='ocr_line' id='line_1_94' title="bbox 631 4804 2212 4880; baseline 0.004 -20"><span class='ocrx_word' id='word_1_699' title='bbox 631 4806 837 4861; x_wconf 85' lang='lat' dir='ltr'><strong>eisdem</strong></span> <span class='ocrx_word' id='word_1_700' title='bbox 863 4816 1041 4859; x_wconf 87' lang='lat' dir='ltr'><strong>tamen</strong></span> <span class='ocrx_word' id='word_1_701' title='bbox 1068 4804 1440 4873; x_wconf 85' lang='lat' dir='ltr'><strong>intelliguntur</strong></span> <span class='ocrx_word' id='word_1_702' title='bbox 1463 4807 1738 4876; x_wconf 88' lang='lat' dir='ltr'><strong>adjuncta.</strong></span> <span class='ocrx_word' id='word_1_703' title='bbox 1767 4810 1893 4863; x_wconf 82' lang='lat' dir='ltr'><strong>Post</strong></span> <span class='ocrx_word' id='word_1_704' title='bbox 1916 4827 2028 4867; x_wconf 92' lang='lat' dir='ltr'><strong>retn</strong></span> <span class='ocrx_word' id='word_1_705' title='bbox 2062 4828 2212 4880; x_wconf 91' lang='lat' dir='ltr'><strong>vero,</strong></span> 
     </span>
    </p>
   </div>
   <div class='ocr_carea' id='block_1_95' title="bbox 631 4896 2216 4968">
    <p class='ocr_par' dir='ltr' id='par_1_95' title="bbox 631 4896 2216 4968">
     <span class='ocr_line' id='line_1_95' title="bbox 631 4896 2216 4968; baseline 0.006 -18"><span class='ocrx_word' id='word_1_706' title='bbox 631 4897 677 4950; x_wconf 88' lang='lat' dir='ltr'><strong>si</strong></span> <span class='ocrx_word' id='word_1_707' title='bbox 704 4911 837 4966; x_wconf 88' lang='lat' dir='ltr'><strong>quas</strong></span> <span class='ocrx_word' id='word_1_708' title='bbox 863 4896 1209 4950; x_wconf 74' lang='lat' dir='ltr'><strong>conscientia:</strong></span> <span class='ocrx_word' id='word_1_709' title='bbox 1235 4897 1473 4951; x_wconf 88' lang='lat' dir='ltr'><strong>maculas</strong></span> <span class='ocrx_word' id='word_1_710' title='bbox 1504 4899 1693 4966; x_wconf 88' lang='lat' dir='ltr'><strong>pallor,</strong></span> <span class='ocrx_word' id='word_1_711' title='bbox 1721 4900 1905 4968; x_wconf 90' lang='lat' dir='ltr'><strong>rubor,</strong></span> <span class='ocrx_word' id='word_1_712' title='bbox 1944 4904 2216 4959; x_wconf 85' lang='lat' dir='ltr'><strong>titubatio-</strong></span> 
     </span>
    </p>
   </div>
   <div class='ocr_carea' id='block_1_96' title="bbox 632 4987 2210 5060">
    <p class='ocr_par' dir='ltr' id='par_1_96' title="bbox 632 4987 2210 5060">
     <span class='ocr_line' id='line_1_96' title="bbox 632 4987 2210 5060; baseline 0.006 -16"><span class='ocrx_word' id='word_1_713' title='bbox 632 5005 736 5060; x_wconf 78' lang='lat' dir='ltr'><strong>que</strong></span> <span class='ocrx_word' id='word_1_714' title='bbox 756 4987 1053 5058; x_wconf 86' lang='lat' dir='ltr'><strong>prodiderit</strong></span> <span class='ocrx_word' id='word_1_715' title='bbox 1079 5004 1092 5041; x_wconf 90' lang='lat'><strong>:</strong></span> <span class='ocrx_word' id='word_1_716' title='bbox 1116 4988 1403 5043; x_wconf 83' lang='lat' dir='ltr'><strong>restinctus</strong></span> <span class='ocrx_word' id='word_1_717' title='bbox 1433 4990 1739 5057; x_wconf 85' lang='lat' dir='ltr'><strong>ignis,velut</strong></span> <span class='ocrx_word' id='word_1_718' title='bbox 1766 4992 1811 5046; x_wconf 88' lang='lat' dir='ltr'><strong>si</strong></span> <span class='ocrx_word' id='word_1_719' title='bbox 1844 4996 1980 5046; x_wconf 89' lang='lat' dir='ltr'><strong>clam</strong></span> <span class='ocrx_word' id='word_1_720' title='bbox 2015 4996 2210 5053; x_wconf 82' lang='lat' dir='ltr'><strong>factum</strong></span> 
     </span>
    </p>
   </div>
   <div class='ocr_carea' id='block_1_97' title="bbox 633 5078 2212 5149">
    <p class='ocr_par' dir='ltr' id='par_1_97' title="bbox 633 5078 2212 5149">
     <span class='ocr_line' id='line_1_97' title="bbox 633 5078 2212 5149; baseline 0.006 -16"><span class='ocrx_word' id='word_1_721' title='bbox 633 5078 830 5148; x_wconf 84' lang='lat' dir='ltr'><strong>aliquid</strong></span> <span class='ocrx_word' id='word_1_722' title='bbox 861 5079 1134 5133; x_wconf 77' lang='lat' dir='ltr'><strong>exstincto</strong></span> <span class='ocrx_word' id='word_1_723' title='bbox 1163 5080 1269 5147; x_wconf 83' lang='lat' dir='ltr'><strong>igni</strong></span> <span class='ocrx_word' id='word_1_724' title='bbox 1310 5078 1539 5133; x_wconf 84' lang='lat' dir='ltr'><strong>velimus</strong></span> <span class='ocrx_word' id='word_1_725' title='bbox 1589 5083 1912 5149; x_wconf 90' lang='lat' dir='ltr'><strong>ostendere,</strong></span> <span class='ocrx_word' id='word_1_726' title='bbox 1946 5092 2004 5138; x_wconf 93' lang='lat' dir='ltr'><strong>ut</strong></span> <span class='ocrx_word' id='word_1_727' title='bbox 2046 5088 2212 5142; x_wconf 90' lang='lat' dir='ltr'><strong>tutius</strong></span> 
     </span>
    </p>
   </div>
   <div class='ocr_carea' id='block_1_98' title="bbox 632 5170 2211 5234">
    <p class='ocr_par' dir='ltr' id='par_1_98' title="bbox 632 5170 2211 5234">
     <span class='ocr_line' id='line_1_98' title="bbox 632 5170 2211 5234; baseline 0.006 -9"><span class='ocrx_word' id='word_1_728' title='bbox 632 5171 877 5225; x_wconf 77' lang='lat' dir='ltr'><strong>notitiam</strong></span> <span class='ocrx_word' id='word_1_729' title='bbox 943 5170 1387 5225; x_wconf 86' lang='lat' dir='ltr'><strong>submoventibus</strong></span> <span class='ocrx_word' id='word_1_730' title='bbox 1460 5172 1696 5227; x_wconf 88' lang='lat' dir='ltr'><strong>tenebris</strong></span> <span class='ocrx_word' id='word_1_731' title='bbox 1767 5176 2211 5234; x_wconf 87' lang='lat' dir='ltr'><strong>committeretur.</strong></span> 
     </span>
    </p>
   </div>
   <div class='ocr_carea' id='block_1_99' title="bbox 633 5264 2213 5336">
    <p class='ocr_par' dir='ltr' id='par_1_99' title="bbox 633 5264 2213 5336">
     <span class='ocr_line' id='line_1_99' title="bbox 633 5264 2213 5336; baseline 0.006 -17"><span class='ocrx_word' id='word_1_732' title='bbox 633 5264 759 5319; x_wconf 76' lang='lat' dir='ltr'><strong>Item</strong></span> <span class='ocrx_word' id='word_1_733' title='bbox 775 5264 981 5336; x_wconf 84' lang='lat' dir='ltr'><strong>gladius</strong></span> <span class='ocrx_word' id='word_1_734' title='bbox 1000 5273 1254 5318; x_wconf 86' lang='lat' dir='ltr'><strong>cruentus</strong></span> <span class='ocrx_word' id='word_1_735' title='bbox 1273 5273 1544 5332; x_wconf 89' lang='lat' dir='ltr'><strong>peractum</strong></span> <span class='ocrx_word' id='word_1_736' title='bbox 1564 5265 1767 5320; x_wconf 81' lang='lat' dir='ltr'><strong>facinus</strong></span> <span class='ocrx_word' id='word_1_737' title='bbox 1784 5278 2066 5325; x_wconf 91' lang='lat' dir='ltr'><strong>monstrat.</strong></span> <span class='ocrx_word' id='word_1_738' title='bbox 2089 5273 2213 5329; x_wconf 72' lang='lat' dir='ltr'><strong>lltcc</strong></span> 
     </span>
    </p>
   </div>
   <div class='ocr_carea' id='block_1_100' title="bbox 629 5357 2214 5429">
    <p class='ocr_par' dir='ltr' id='par_1_100' title="bbox 629 5357 2214 5429">
     <span class='ocr_line' id='line_1_100' title="bbox 629 5357 2214 5429; baseline 0.004 -15"><span class='ocrx_word' id='word_1_739' title='bbox 629 5362 806 5414; x_wconf 86' lang='lat' dir='ltr'><strong>omnia</strong></span> <span class='ocrx_word' id='word_1_740' title='bbox 831 5368 951 5429; x_wconf 58' lang='lat' dir='ltr'><strong>p&#39;tst</strong></span> <span class='ocrx_word' id='word_1_741' title='bbox 975 5374 1086 5413; x_wconf 89' lang='lat' dir='ltr'><strong>rem</strong></span> <span class='ocrx_word' id='word_1_742' title='bbox 1121 5357 1258 5412; x_wconf 80' lang='lat' dir='ltr'><strong>facto</strong></span> <span class='ocrx_word' id='word_1_743' title='bbox 1286 5357 1656 5429; x_wconf 88' lang='lat' dir='ltr'><strong>intelliguntur</strong></span> <span class='ocrx_word' id='word_1_744' title='bbox 1695 5360 1969 5429; x_wconf 85' lang='lat' dir='ltr'><strong>adiuncta,</strong></span> <span class='ocrx_word' id='word_1_745' title='bbox 1990 5374 2043 5418; x_wconf 90' lang='lat' dir='ltr'><strong>et</strong></span> <span class='ocrx_word' id='word_1_746' title='bbox 2071 5381 2214 5420; x_wconf 85' lang='lat' dir='ltr'><strong>sem-</strong></span> 
     </span>
    </p>
   </div>
   <div class='ocr_carea' id='block_1_101' title="bbox 631 5455 2213 5519">
    <p class='ocr_par' dir='ltr' id='par_1_101' title="bbox 631 5455 2213 5519">
     <span class='ocr_line' id='line_1_101' title="bbox 631 5455 2213 5519; baseline 0.005 -15"><span class='ocrx_word' id='word_1_747' title='bbox 631 5467 725 5519; x_wconf 88' lang='lat' dir='ltr'><strong>per</strong></span> <span class='ocrx_word' id='word_1_748' title='bbox 755 5459 878 5505; x_wconf 85' lang='lat' dir='ltr'><strong>ante</strong></span> <span class='ocrx_word' id='word_1_749' title='bbox 908 5467 1041 5517; x_wconf 91' lang='lat' dir='ltr'><strong>rem,</strong></span> <span class='ocrx_word' id='word_1_750' title='bbox 1068 5467 1188 5507; x_wconf 92' lang='lat' dir='ltr'><strong>cum</strong></span> <span class='ocrx_word' id='word_1_751' title='bbox 1219 5466 1298 5517; x_wconf 90' lang='lat' dir='ltr'><strong>re,</strong></span> <span class='ocrx_word' id='word_1_752' title='bbox 1330 5459 1381 5505; x_wconf 87' lang='lat' dir='ltr'><strong>et</strong></span> <span class='ocrx_word' id='word_1_753' title='bbox 1420 5461 1539 5516; x_wconf 85' lang='lat' dir='ltr'><strong>post</strong></span> <span class='ocrx_word' id='word_1_754' title='bbox 1566 5466 1701 5517; x_wconf 90' lang='lat' dir='ltr'><strong>rem,</strong></span> <span class='ocrx_word' id='word_1_755' title='bbox 1729 5455 2025 5511; x_wconf 86' lang='lat' dir='ltr'><strong>secundum</strong></span> <span class='ocrx_word' id='word_1_756' title='bbox 2050 5458 2213 5512; x_wconf 87' lang='lat' dir='ltr'><strong>ratio-</strong></span> 
     </span>
    </p>
   </div>
   <div class='ocr_carea' id='block_1_102' title="bbox 631 5543 2212 5617">
    <p class='ocr_par' dir='ltr' id='par_1_102' title="bbox 631 5543 2212 5617">
     <span class='ocr_line' id='line_1_102' title="bbox 631 5543 2212 5617; baseline 0.004 -21"><span class='ocrx_word' id='word_1_757' title='bbox 631 5558 753 5597; x_wconf 90' lang='lat' dir='ltr'><strong>nem</strong></span> <span class='ocrx_word' id='word_1_758' title='bbox 781 5553 1079 5610; x_wconf 88' lang='lat' dir='ltr'><strong>temporum</strong></span> <span class='ocrx_word' id='word_1_759' title='bbox 1119 5543 1519 5614; x_wconf 86' lang='lat' dir='ltr'><strong>intelligendum</strong></span> <span class='ocrx_word' id='word_1_760' title='bbox 1564 5554 1666 5609; x_wconf 88' lang='lat' dir='ltr'><strong>est,</strong></span> <span class='ocrx_word' id='word_1_761' title='bbox 1716 5561 1891 5617; x_wconf 91' lang='lat' dir='ltr'><strong>neque</strong></span> <span class='ocrx_word' id='word_1_762' title='bbox 1949 5549 2019 5602; x_wconf 90' lang='lat' dir='ltr'><strong>ita</strong></span> <span class='ocrx_word' id='word_1_763' title='bbox 2063 5560 2119 5602; x_wconf 80' lang='lat' dir='ltr'><strong>ut</strong></span> <span class='ocrx_word' id='word_1_764' title='bbox 2159 5551 2212 5603; x_wconf 94' lang='lat' dir='ltr'><strong>in</strong></span> 
     </span>
    </p>
   </div>
   <div class='ocr_carea' id='block_1_103' title="bbox 631 5634 2210 5703">
    <p class='ocr_par' dir='ltr' id='par_1_103' title="bbox 631 5634 2210 5703">
     <span class='ocr_line' id='line_1_103' title="bbox 631 5634 2210 5703; baseline 0.006 -17"><span class='ocrx_word' id='word_1_765' title='bbox 631 5634 1074 5688; x_wconf 86' lang='lat' dir='ltr'><strong>antecedentibus</strong></span> <span class='ocrx_word' id='word_1_766' title='bbox 1104 5644 1159 5688; x_wconf 87' lang='lat' dir='ltr'><strong>et</strong></span> <span class='ocrx_word' id='word_1_767' title='bbox 1185 5637 1656 5703; x_wconf 89' lang='lat' dir='ltr'><strong>consequentibus.</strong></span> <span class='ocrx_word' id='word_1_768' title='bbox 1691 5637 1803 5693; x_wconf 86' lang='lat' dir='ltr'><strong>Illic</strong></span> <span class='ocrx_word' id='word_1_769' title='bbox 1829 5642 1968 5693; x_wconf 90' lang='lat' dir='ltr'><strong>enim</strong></span> <span class='ocrx_word' id='word_1_770' title='bbox 2006 5652 2210 5695; x_wconf 67' lang='lat' dir='ltr'><strong>naturae</strong></span> 
     </span>
    </p>
   </div>
   <div class='ocr_carea' id='block_1_104' title="bbox 636 5723 2206 5796">
    <p class='ocr_par' dir='ltr' id='par_1_104' title="bbox 636 5723 2206 5796">
     <span class='ocr_line' id='line_1_104' title="bbox 636 5723 2206 5796; baseline 0.007 -22"><span class='ocrx_word' id='word_1_771' title='bbox 636 5727 769 5777; x_wconf 84' lang='lat' dir='ltr'><strong>ratio</strong></span> <span class='ocrx_word' id='word_1_772' title='bbox 799 5723 1190 5779; x_wconf 80' lang='lat' dir='ltr'><strong>consideratur.</strong></span> <span class='ocrx_word' id='word_1_773' title='bbox 1224 5728 1413 5779; x_wconf 85' lang='lat' dir='ltr'><strong>Omnia</strong></span> <span class='ocrx_word' id='word_1_774' title='bbox 1445 5729 1642 5796; x_wconf 87' lang='lat' dir='ltr'><strong>quippe</strong></span> <span class='ocrx_word' id='word_1_775' title='bbox 1687 5730 1841 5783; x_wconf 80' lang='lat' dir='ltr'><strong>simul</strong></span> <span class='ocrx_word' id='word_1_776' title='bbox 1895 5742 2049 5786; x_wconf 83' lang='lat' dir='ltr'><strong>sunt;</strong></span> <span class='ocrx_word' id='word_1_777' title='bbox 2087 5749 2206 5786; x_wconf 83' lang='lat' dir='ltr'><strong>nant</strong></span> 
     </span>
    </p>
   </div>
   <div class='ocr_carea' id='block_1_105' title="bbox 634 5813 2206 5889">
    <p class='ocr_par' dir='ltr' id='par_1_105' title="bbox 634 5813 2206 5889">
     <span class='ocr_line' id='line_1_105' title="bbox 634 5813 2206 5889; baseline 0.008 -25"><span class='ocrx_word' id='word_1_778' title='bbox 634 5814 773 5880; x_wconf 86' lang='lat' dir='ltr'><strong>quod</strong></span> <span class='ocrx_word' id='word_1_779' title='bbox 798 5813 1082 5879; x_wconf 80' lang='lat' dir='ltr'><strong>antecedit,</strong></span> <span class='ocrx_word' id='word_1_780' title='bbox 1132 5818 1173 5868; x_wconf 70' lang='lat' dir='ltr'><strong>ei</strong></span> <span class='ocrx_word' id='word_1_781' title='bbox 1209 5829 1437 5884; x_wconf 77' lang='lat' dir='ltr'><strong>pomum</strong></span> <span class='ocrx_word' id='word_1_782' title='bbox 1490 5819 1577 5881; x_wconf 75' lang='grc' dir='ltr'>ιιι,</span> <span class='ocrx_word' id='word_1_783' title='bbox 1627 5818 1805 5872; x_wconf 70' lang='lat' dir='ltr'><strong>statim</strong></span> <span class='ocrx_word' id='word_1_784' title='bbox 1864 5832 1941 5873; x_wconf 76' lang='lat' dir='ltr'><strong>elt</strong></span> <span class='ocrx_word' id='word_1_785' title='bbox 1983 5823 2028 5875; x_wconf 86' lang='lat' dir='ltr'><strong>id</strong></span> <span class='ocrx_word' id='word_1_786' title='bbox 2068 5821 2206 5889; x_wconf 77' lang='lat' dir='ltr'><strong>quod</strong></span> 
     </span>
    </p>
   </div>
   <div class='ocr_carea' id='block_1_106' title="bbox 2320 4718 3896 4789">
    <p class='ocr_par' dir='ltr' id='par_1_106' title="bbox 2320 4718 3896 4789">
     <span class='ocr_line' id='line_1_106' title="bbox 2320 4718 3896 4789; baseline -0.004 -11"><span class='ocrx_word' id='word_1_787' title='bbox 2320 4724 2373 4778; x_wconf 88' lang='lat' dir='ltr'><strong>itt</strong></span> <span class='ocrx_word' id='word_1_788' title='bbox 2406 4722 2519 4788; x_wconf 72' lang='lat' dir='ltr'><strong>ipsa</strong></span> <span class='ocrx_word' id='word_1_789' title='bbox 2554 4728 2758 4772; x_wconf 78' lang='lat' dir='ltr'><strong>n.;tur:e</strong></span> <span class='ocrx_word' id='word_1_790' title='bbox 2797 4718 3180 4789; x_wconf 81' lang='lat' dir='ltr'><strong>consequentia</strong></span> <span class='ocrx_word' id='word_1_791' title='bbox 3220 4719 3531 4773; x_wconf 87' lang='lat' dir='ltr'><strong>consentire</strong></span> <span class='ocrx_word' id='word_1_792' title='bbox 3547 4732 3769 4773; x_wconf 85' lang='lat' dir='ltr'><strong>necesse</strong></span> <span class='ocrx_word' id='word_1_793' title='bbox 3796 4729 3896 4772; x_wconf 89' lang='lat' dir='ltr'><strong>est.</strong></span> 
     </span>
    </p>
   </div>
   <div class='ocr_carea' id='block_1_107' title="bbox 2321 4810 3897 4882">
    <p class='ocr_par' dir='ltr' id='par_1_107' title="bbox 2321 4810 3897 4882">
     <span class='ocr_line' id='line_1_107' title="bbox 2321 4810 3897 4882; baseline -0.003 -15"><span class='ocrx_word' id='word_1_794' title='bbox 2321 4814 2744 4882; x_wconf 74' lang='lat' dir='ltr'><strong>llepugnantiutn</strong></span> <span class='ocrx_word' id='word_1_795' title='bbox 2783 4827 2910 4864; x_wconf 90' lang='lat' dir='ltr'><strong>vero</strong></span> <span class='ocrx_word' id='word_1_796' title='bbox 2943 4811 3153 4865; x_wconf 87' lang='lat' dir='ltr'><strong>tametsi</strong></span> <span class='ocrx_word' id='word_1_797' title='bbox 3200 4810 3319 4864; x_wconf 75' lang='lat' dir='ltr'><strong>dua:</strong></span> <span class='ocrx_word' id='word_1_798' title='bbox 3352 4819 3532 4880; x_wconf 91' lang='lat' dir='ltr'><strong>partes</strong></span> <span class='ocrx_word' id='word_1_799' title='bbox 3563 4812 3691 4875; x_wconf 88' lang='lat' dir='ltr'><strong>sint,</strong></span> <span class='ocrx_word' id='word_1_800' title='bbox 3734 4826 3897 4864; x_wconf 87' lang='lat' dir='ltr'><strong>unum</strong></span> 
     </span>
    </p>
   </div>
   <div class='ocr_carea' id='block_1_108' title="bbox 2322 4903 3900 4973">
    <p class='ocr_par' dir='ltr' id='par_1_108' title="bbox 2322 4903 3900 4973">
     <span class='ocr_line' id='line_1_108' title="bbox 2322 4903 3900 4973; baseline -0.001 -14"><span class='ocrx_word' id='word_1_801' title='bbox 2322 4918 2495 4959; x_wconf 84' lang='lat' dir='ltr'><strong>tamen</strong></span> <span class='ocrx_word' id='word_1_802' title='bbox 2525 4912 2607 4959; x_wconf 88' lang='lat' dir='ltr'><strong>est</strong></span> <span class='ocrx_word' id='word_1_803' title='bbox 2635 4903 2911 4973; x_wconf 88' lang='lat' dir='ltr'><strong>utriusque</strong></span> <span class='ocrx_word' id='word_1_804' title='bbox 2930 4904 3269 4969; x_wconf 85' lang='lat' dir='ltr'><strong>vocabulum,</strong></span> <span class='ocrx_word' id='word_1_805' title='bbox 3307 4913 3533 4973; x_wconf 87' lang='lat' dir='ltr'><strong>utraque</strong></span> <span class='ocrx_word' id='word_1_806' title='bbox 3568 4905 3710 4958; x_wconf 90' lang='lat' dir='ltr'><strong>cnim</strong></span> <span class='ocrx_word' id='word_1_807' title='bbox 3744 4920 3900 4973; x_wconf 86' lang='lat' dir='ltr'><strong>repu-</strong></span> 
     </span>
    </p>
   </div>
   <div class='ocr_carea' id='block_1_109' title="bbox 2317 4975 3901 5067">
    <p class='ocr_par' dir='ltr' id='par_1_109' title="bbox 2317 4975 3901 5067">
     <span class='ocr_line' id='line_1_109' title="bbox 2317 4975 3901 5067; baseline -0.001 -17"><span class='ocrx_word' id='word_1_808' title='bbox 2317 4998 2535 5067; x_wconf 75' lang='lat' dir='ltr'><strong>gnantia</strong></span> <span class='ocrx_word' id='word_1_809' title='bbox 2584 4996 2947 5050; x_wconf 84' lang='lat' dir='ltr'><strong>nominantur.</strong></span> <span class='ocrx_word' id='word_1_810' title='bbox 3005 4996 3133 5049; x_wconf 82' lang='lat' dir='ltr'><strong>Duae</strong></span> <span class='ocrx_word' id='word_1_811' title='bbox 3160 5010 3287 5050; x_wconf 90' lang='lat' dir='ltr'><strong>vero</strong></span> <span class='ocrx_word' id='word_1_812' title='bbox 3316 4975 3456 5061; x_wconf 86' lang='lat' dir='ltr'><strong>esse,</strong></span> <span class='ocrx_word' id='word_1_813' title='bbox 3508 5012 3625 5066; x_wconf 65' lang='lat' dir='ltr'><strong>quae</strong></span> <span class='ocrx_word' id='word_1_814' title='bbox 3686 4997 3901 5049; x_wconf 83' lang='lat' dir='ltr'><strong>sibimet</strong></span> 
     </span>
    </p>
   </div>
   <div class='ocr_carea' id='block_1_110' title="bbox 2316 5087 3895 5159">
    <p class='ocr_par' dir='ltr' id='par_1_110' title="bbox 2316 5087 3895 5159">
     <span class='ocr_line' id='line_1_110' title="bbox 2316 5087 3895 5159; baseline -0.002 -16"><span class='ocrx_word' id='word_1_815' title='bbox 2316 5096 2646 5156; x_wconf 83' lang='lat' dir='ltr'><strong>repugnent,</strong></span> <span class='ocrx_word' id='word_1_816' title='bbox 2682 5096 2841 5157; x_wconf 88' lang='lat' dir='ltr'><strong>atque</strong></span> <span class='ocrx_word' id='word_1_817' title='bbox 2909 5102 2936 5139; x_wconf 87' lang='lat' dir='ltr'><strong>a</strong></span> <span class='ocrx_word' id='word_1_818' title='bbox 2981 5102 3039 5140; x_wconf 88' lang='lat' dir='ltr'><strong>se</strong></span> <span class='ocrx_word' id='word_1_819' title='bbox 3084 5087 3401 5142; x_wconf 86' lang='lat' dir='ltr'><strong>dissentiant</strong></span> <span class='ocrx_word' id='word_1_820' title='bbox 3433 5088 3611 5143; x_wconf 85' lang='lat' dir='ltr'><strong>nullus</strong></span> <span class='ocrx_word' id='word_1_821' title='bbox 3655 5090 3895 5159; x_wconf 80' lang='lat' dir='ltr'><strong>ignorat;</strong></span> 
     </span>
    </p>
   </div>
   <div class='ocr_carea' id='block_1_111' title="bbox 2318 5175 3897 5249">
    <p class='ocr_par' dir='ltr' id='par_1_111' title="bbox 2318 5175 3897 5249">
     <span class='ocr_line' id='line_1_111' title="bbox 2318 5175 3897 5249; baseline 0.002 -18"><span class='ocrx_word' id='word_1_822' title='bbox 2318 5178 2411 5232; x_wconf 88' lang='lat' dir='ltr'><strong>sed</strong></span> <span class='ocrx_word' id='word_1_823' title='bbox 2431 5192 2495 5231; x_wconf 89' lang='lat' dir='ltr'><strong>eo</strong></span> <span class='ocrx_word' id='word_1_824' title='bbox 2519 5175 2735 5235; x_wconf 81' lang='lat' dir='ltr'><strong>distant,</strong></span> <span class='ocrx_word' id='word_1_825' title='bbox 2759 5176 2898 5246; x_wconf 89' lang='lat' dir='ltr'><strong>quod</strong></span> <span class='ocrx_word' id='word_1_826' title='bbox 2916 5178 3349 5231; x_wconf 80' lang='lat' dir='ltr'><strong>antecedentium</strong></span> <span class='ocrx_word' id='word_1_827' title='bbox 3380 5188 3433 5233; x_wconf 91' lang='lat' dir='ltr'><strong>et</strong></span> <span class='ocrx_word' id='word_1_828' title='bbox 3450 5181 3897 5249; x_wconf 88' lang='lat' dir='ltr'><strong>consequentium</strong></span> 
     </span>
    </p>
   </div>
   <div class='ocr_carea' id='block_1_112' title="bbox 2319 5270 3895 5340">
    <p class='ocr_par' dir='ltr' id='par_1_112' title="bbox 2319 5270 3895 5340">
     <span class='ocr_line' id='line_1_112' title="bbox 2319 5270 3895 5340; baseline -0.002 -15"><span class='ocrx_word' id='word_1_829' title='bbox 2319 5271 2424 5325; x_wconf 91' lang='lat' dir='ltr'><strong>duo</strong></span> <span class='ocrx_word' id='word_1_830' title='bbox 2452 5280 2575 5324; x_wconf 89' lang='lat' dir='ltr'><strong>sunt</strong></span> <span class='ocrx_word' id='word_1_831' title='bbox 2606 5270 2842 5332; x_wconf 86' lang='lat' dir='ltr'><strong>nomina,</strong></span> <span class='ocrx_word' id='word_1_832' title='bbox 2881 5270 3003 5324; x_wconf 88' lang='lat' dir='ltr'><strong>licet</strong></span> <span class='ocrx_word' id='word_1_833' title='bbox 3030 5286 3169 5323; x_wconf 90' lang='lat' dir='ltr'><strong>unus</strong></span> <span class='ocrx_word' id='word_1_834' title='bbox 3218 5270 3287 5324; x_wconf 76' lang='lat' dir='ltr'><strong>sit</strong></span> <span class='ocrx_word' id='word_1_835' title='bbox 3336 5273 3616 5340; x_wconf 82' lang='lat' dir='ltr'><strong>utrinSque</strong></span> <span class='ocrx_word' id='word_1_836' title='bbox 3666 5286 3895 5326; x_wconf 74' lang='lat' dir='ltr'><strong>consen-</strong></span> 
     </span>
    </p>
   </div>
   <div class='ocr_carea' id='block_1_113' title="bbox 2320 5360 3899 5430">
    <p class='ocr_par' dir='ltr' id='par_1_113' title="bbox 2320 5360 3899 5430">
     <span class='ocr_line' id='line_1_113' title="bbox 2320 5360 3899 5430; baseline 0 -15"><span class='ocrx_word' id='word_1_837' title='bbox 2320 5378 2451 5425; x_wconf 89' lang='lat' dir='ltr'><strong>sus;</strong></span> <span class='ocrx_word' id='word_1_838' title='bbox 2484 5360 2901 5430; x_wconf 82' lang='lat' dir='ltr'><strong>repugnantibus</strong></span> <span class='ocrx_word' id='word_1_839' title='bbox 2935 5376 3063 5414; x_wconf 89' lang='lat' dir='ltr'><strong>vero</strong></span> <span class='ocrx_word' id='word_1_840' title='bbox 3110 5377 3273 5415; x_wconf 89' lang='lat' dir='ltr'><strong>unum</strong></span> <span class='ocrx_word' id='word_1_841' title='bbox 3307 5376 3500 5417; x_wconf 89' lang='lat' dir='ltr'><strong>nomen</strong></span> <span class='ocrx_word' id='word_1_842' title='bbox 3534 5372 3643 5427; x_wconf 50' lang='lat' dir='ltr'><strong>est,</strong></span> <span class='ocrx_word' id='word_1_843' title='bbox 3678 5379 3796 5416; x_wconf 89' lang='lat' dir='ltr'><strong>cum</strong></span> <span class='ocrx_word' id='word_1_844' title='bbox 3830 5366 3899 5421; x_wconf 87' lang='lat' dir='ltr'><strong>sit</strong></span> 
     </span>
    </p>
   </div>
   <div class='ocr_carea' id='block_1_114' title="bbox 2321 5451 3897 5522">
    <p class='ocr_par' dir='ltr' id='par_1_114' title="bbox 2321 5451 3897 5522">
     <span class='ocr_line' id='line_1_114' title="bbox 2321 5451 3897 5522; baseline 0.001 -15"><span class='ocrx_word' id='word_1_845' title='bbox 2321 5469 2458 5508; x_wconf 88' lang='lat' dir='ltr'><strong>unus</strong></span> <span class='ocrx_word' id='word_1_846' title='bbox 2491 5454 2540 5506; x_wconf 91' lang='lat' dir='ltr'><strong>in</strong></span> <span class='ocrx_word' id='word_1_847' title='bbox 2574 5452 2811 5520; x_wconf 90' lang='lat' dir='ltr'><strong>utrisque</strong></span> <span class='ocrx_word' id='word_1_848' title='bbox 2849 5451 3145 5517; x_wconf 52' lang='lat' dir='ltr'><strong>dissensus,</strong></span> <span class='ocrx_word' id='word_1_849' title='bbox 3204 5469 3332 5522; x_wconf 87' lang='lat' dir='ltr'><strong>ergo</strong></span> <span class='ocrx_word' id='word_1_850' title='bbox 3362 5455 3547 5508; x_wconf 91' lang='lat' dir='ltr'><strong>eadem</strong></span> <span class='ocrx_word' id='word_1_851' title='bbox 3601 5472 3775 5519; x_wconf 86' lang='lat' dir='ltr'><strong>mens,</strong></span> <span class='ocrx_word' id='word_1_852' title='bbox 3808 5472 3897 5509; x_wconf 59' lang='lat' dir='ltr'><strong>eav</strong></span> 
     </span>
    </p>
   </div>
   <div class='ocr_carea' id='block_1_115' title="bbox 2320 5534 3897 5616">
    <p class='ocr_par' dir='ltr' id='par_1_115' title="bbox 2320 5534 3897 5616">
     <span class='ocr_line' id='line_1_115' title="bbox 2320 5534 3897 5616; baseline -0.001 -15"><span class='ocrx_word' id='word_1_853' title='bbox 2320 5536 2551 5615; x_wconf 71' lang='lat' dir='ltr'><strong>dentque</strong></span> <span class='ocrx_word' id='word_1_854' title='bbox 2589 5534 2953 5613; x_wconf 63' lang='lat' dir='ltr'><strong>intelligentiae</strong></span> <span class='ocrx_word' id='word_1_855' title='bbox 2990 5546 3123 5598; x_wconf 86' lang='lat' dir='ltr'><strong>ratio</strong></span> <span class='ocrx_word' id='word_1_856' title='bbox 3172 5545 3222 5599; x_wconf 90' lang='lat' dir='ltr'><strong>id</strong></span> <span class='ocrx_word' id='word_1_857' title='bbox 3264 5547 3404 5616; x_wconf 88' lang='lat' dir='ltr'><strong>quod</strong></span> <span class='ocrx_word' id='word_1_858' title='bbox 3453 5548 3707 5615; x_wconf 62' lang='lat' dir='ltr'><strong>prtecedit</strong></span> <span class='ocrx_word' id='word_1_859' title='bbox 3750 5560 3801 5602; x_wconf 71' lang='lat' dir='ltr'><strong>et</strong></span> <span class='ocrx_word' id='word_1_860' title='bbox 3846 5547 3897 5607; x_wconf 75' lang='lat' dir='ltr'><strong>id</strong></span> 
     </span>
    </p>
   </div>
   <div class='ocr_carea' id='block_1_116' title="bbox 2318 5637 3899 5709">
    <p class='ocr_par' dir='ltr' id='par_1_116' title="bbox 2318 5637 3899 5709">
     <span class='ocr_line' id='line_1_116' title="bbox 2318 5637 3899 5709; baseline 0.001 -16"><span class='ocrx_word' id='word_1_861' title='bbox 2318 5641 2456 5709; x_wconf 85' lang='lat' dir='ltr'><strong>quod</strong></span> <span class='ocrx_word' id='word_1_862' title='bbox 2485 5637 2791 5700; x_wconf 87' lang='lat' dir='ltr'><strong>comitatur,</strong></span> <span class='ocrx_word' id='word_1_863' title='bbox 2820 5637 3089 5706; x_wconf 87' lang='lat' dir='ltr'><strong>intelligit.</strong></span> <span class='ocrx_word' id='word_1_864' title='bbox 3122 5637 3304 5708; x_wconf 85' lang='lat' dir='ltr'><strong>Neque</strong></span> <span class='ocrx_word' id='word_1_865' title='bbox 3326 5639 3467 5693; x_wconf 92' lang='lat' dir='ltr'><strong>enim</strong></span> <span class='ocrx_word' id='word_1_866' title='bbox 3496 5640 3609 5694; x_wconf 87' lang='lat' dir='ltr'><strong>lieri</strong></span> <span class='ocrx_word' id='word_1_867' title='bbox 3638 5649 3814 5709; x_wconf 86' lang='lat' dir='ltr'><strong>potest</strong></span> <span class='ocrx_word' id='word_1_868' title='bbox 3842 5651 3899 5698; x_wconf 84' lang='lat' dir='ltr'><strong>ut</strong></span> 
     </span>
    </p>
   </div>
   <div class='ocr_carea' id='block_1_117' title="bbox 2318 5728 3895 5800">
    <p class='ocr_par' dir='ltr' id='par_1_117' title="bbox 2318 5728 3895 5800">
     <span class='ocr_line' id='line_1_117' title="bbox 2318 5728 3895 5800; baseline 0.001 -17"><span class='ocrx_word' id='word_1_869' title='bbox 2318 5728 2641 5784; x_wconf 80' lang='lat' dir='ltr'><strong>antecedens</strong></span> <span class='ocrx_word' id='word_1_870' title='bbox 2669 5728 2867 5797; x_wconf 88' lang='lat' dir='ltr'><strong>aliquid</strong></span> <span class='ocrx_word' id='word_1_871' title='bbox 2922 5728 3267 5797; x_wconf 75' lang='lat' dir='ltr'><strong>intelligatur,</strong></span> <span class='ocrx_word' id='word_1_872' title='bbox 3303 5730 3402 5783; x_wconf 84' lang='lat' dir='ltr'><strong>nisi</strong></span> <span class='ocrx_word' id='word_1_873' title='bbox 3453 5731 3503 5782; x_wconf 87' lang='lat' dir='ltr'><strong>itt</strong></span> <span class='ocrx_word' id='word_1_874' title='bbox 3551 5731 3737 5784; x_wconf 84' lang='lat' dir='ltr'><strong>eodem</strong></span> <span class='ocrx_word' id='word_1_875' title='bbox 3768 5732 3895 5800; x_wconf 85' lang='lat' dir='ltr'><strong>quid</strong></span> 
     </span>
    </p>
   </div>
   <div class='ocr_carea' id='block_1_118' title="bbox 2318 5818 3898 5890">
    <p class='ocr_par' dir='ltr' id='par_1_118' title="bbox 2318 5818 3898 5890">
     <span class='ocr_line' id='line_1_118' title="bbox 2318 5818 3898 5890; baseline 0.001 -19"><span class='ocrx_word' id='word_1_876' title='bbox 2318 5819 2386 5871; x_wconf 78' lang='lat' dir='ltr'><strong>Iit</strong></span> <span class='ocrx_word' id='word_1_877' title='bbox 2416 5830 2747 5884; x_wconf 67' lang='lat' dir='ltr'><strong>consequens</strong></span> <span class='ocrx_word' id='word_1_878' title='bbox 2792 5818 3193 5877; x_wconf 70' lang='lat' dir='ltr'><strong>consideretur;</strong></span> <span class='ocrx_word' id='word_1_879' title='bbox 3242 5822 3431 5877; x_wconf 85' lang='lat' dir='ltr'><strong>eodem</strong></span> <span class='ocrx_word' id='word_1_880' title='bbox 3490 5836 3701 5890; x_wconf 81' lang='lat' dir='ltr'><strong>quoque</strong></span> <span class='ocrx_word' id='word_1_881' title='bbox 3736 5827 3898 5875; x_wconf 70' lang='lat' dir='ltr'><strong>rut-du</strong></span> 
     </span>
    </p>
   </div>
  </div>
