4248 6272
398 413 419 465 l
439 410 529 466 125

1230 411 1290 466 ΙΝ
1329 410 1570 466 TOPICA
1611 408 1974 467 CICERONIS
2013 386 2540 467 (ΣΟΜΜΕΝΤᾸΒΙΑ.
2588 414 2693 468 LIB
2730 414 2814 470 IV.

3534 426 3667 480 “‘26

302 554 305 557 λ
392 543 491 583 nec
520 541 874 597 consequens,
920 539 1023 581 niSl
1050 537 1304 597 appareat
1332 528 1458 596 quid
1503 526 1806 595 praecedat;
1852 528 1979 581 item
2010 534 2060 592 Α
2090 542 2184 594 per
2211 530 2571 611 conditionem
2603 532 2831 587 mediam
2882 534 3068 591 effecta
3106 545 3190 591 est
3215 553 3337 593 una.
3390 540 3458 596 At
3507 543 3549 597 si
3598 552 3669 599 sit

392 637 702 691 repugnans
730 621 946 691 aliquod
978 622 1281 691 intelligere
1330 636 1488 674 nemo
1521 629 1715 687 potest,
1758 621 1858 673 nisi
1900 622 1980 673 in-

395 716 596 783 telligat
627 714 707 767 cui
738 723 997 783 repugnet
1034 729 1046 763 :
1081 713 1175 764 sed
1222 712 1475 779 quoniam
1505 711 1691 764 eadem
1723 711 1858 763 ratio
1890 726 1977 778 po-

394 816 499 858 test
528 805 720 858 similia
754 804 1140 872 dissimiliaqne
1170 804 1500 873 perspicere,
1544 803 1977 858 antecedentium

391 914 522 952 vero
553 909 606 951 et
636 897 1078 965 consequentium
1110 911 1408 949 consensus
1432 895 1648 965 quidam
1686 907 1739 950 et
1766 912 1858 964 per
1887 913 1981 949 tta-

395 1000 530 1043 tnra:
559 988 961 1042 similitudinem
1006 986 1292 1040 concordia
1323 996 1429 1051 est,
1466 988 1747 1042 dissensus
1770 1003 1896 1041 vero
1922 988 1974 1042 in

392 1078 810 1148 repugnantibus
855 1076 1254 1142 dissﬁnilitndo,
1289 1093 1509 1133 necesse
1553 1088 1635 1132 est
1667 1089 1724 1132 ut
1763 1095 1861 1132 una
1895 1089 1979 1131 at-

393 1186 496 1240 que
519 1170 705 1224 eadem
760 1169 895 1223 ratio
936 1170 1366 1224 antecedentium
1422 1170 1979 1238 conseqttentiumque

395 1276 637 1317 naturam
691 1273 743 1316 et
789 1263 1198 1329 repugnantium
1228 1270 1472 1329 speClet;
1532 1277 1639 1331 quo
1667 1262 1724 1315 ﬁt.
1758 1271 1813 1316 ut
1841 1277 1978 1315 unus

392 1370 603 1425 quoque
627 1357 777 1406 locus
800 1362 1071 1406 srteorum
1095 1368 1212 1419 qua:
1238 1368 1337 1403 una
1360 1353 1712 1421 intelligentia
1734 1367 1979 1422 compre-

395 1444 600 1502 hendit.
638 1445 741 1499 Sed
777 1445 899 1498 huic
924 1444 1293 1513 opponebatur
1322 1463 1333 1496 :
1362 1445 1468 1498 Cur
1511 1446 1672 1513 igitur
1713 1445 1873 1499 alium
1912 1459 1977 1499 ex

394 1536 770 1600 similitudine,
804 1535 968 1588 alium
1002 1550 1066 1587 ex
1098 1536 1379 1588 contrario
1404 1536 1578 1588 locum
1618 1536 1827 1589 Marcus
1851 1535 1979 1588 Tul-

395 1632 497 1685 lius
520 1629 766 1697 superius
785 1630 1152 1683 ennmeravit?
1170 1629 1301 1683 Nam
1331 1629 1623 1683 secundum
1650 1630 1975 1698 propositam

395 1725 679 1786 rationem,
711 1722 967 1791 quoniam
998 1722 1404 1776 similitudinem
1438 1733 1491 1775 et
1533 1721 1975 1776 contrarietatem

395 1818 741 1886 intelligentia
769 1832 869 1869 una
899 1814 1198 1883 perpendit,
1232 1828 1368 1867 unus
1390 1814 1540 1867 locus
1560 1813 1819 1867 similium
1849 1828 1977 1867 con-

2086 619 2179 683 ita,
2212 620 2254 672 si
2285 619 2401 673 dies
2426 632 2527 685 est,
2558 623 2643 676 lux
2674 640 2781 678 non
2804 635 2905 691 est,
2934 639 3213 699 repugnat.
3242 631 3497 702 Negatutu
3521 636 3662 689 enim

2084 710 2223 779 quod
2278 712 2523 780 sequitur
2552 729 2849 783 repugnare
2887 734 3107 775 necesse
3138 731 3241 775 est.
3282 725 3542 793 Amplius,
3579 742 3665 781 ar-

2082 812 2394 871 gumcntntn
2425 806 2565 871 quod
2592 822 2655 860 ex
2683 811 3124 866 antecedentibus
3146 823 3199 868 et
3216 820 3666 885 consequentibus

2090 895 2151 947 tit
2181 908 2243 947 ex
2276 896 2431 948 unius
2464 897 2846 965 pr0positionis
2886 914 3143 955 connexa:
3198 907 3435 969 partibus
3487 910 3663 962 nasci-

2086 998 2190 1051 tur,
2242 1002 2362 1040 natn
2418 989 2795 1059 conditionalis
2837 995 3220 1062 propositionis
3264 1013 3519 1056 connexa:
3563 1019 3666 1057 una

2084 1090 2210 1143 pars
2241 1085 2325 1130 est
2353 1079 2701 1146 antecedens,
2734 1081 2838 1135 alia
2867 1097 3225 1154 consequens.
3257 1088 3408 1154 Quod
3448 1092 3494 1146 si
3521 1109 3548 1146 a
3578 1110 3664 1149 re-

2083 1168 2441 1234 pugnantibus
2474 1183 2855 1240 argumentunt
2883 1174 2994 1237 ﬁat,
3029 1192 3217 1231 rursus
3247 1181 3314 1231 ab
3358 1183 3511 1235 unius
3546 1201 3669 1252 pro-

2086 1257 2363 1324 positionis
2390 1261 2648 1316 membris
2671 1263 2775 1317 tale
2797 1276 3174 1333 argumentnm
3196 1270 3345 1324 nasci
3374 1274 3663 1341 oportebit.

2090 1347 2352 1415 Igitur-ex
2390 1351 2471 1405 bis
2529 1355 3006 1422 prepositionibus,
3042 1358 3156 1413 dies
3182 1368 3283 1426 est,
3320 1361 3406 1415 lux
3432 1375 3536 1427 est,
3566 1382 3668 1422 una

2082 1454 2205 1494 esse
2227 1456 2333 1495 non
2353 1452 2526 1511 potest
2548 1443 2651 1498 nisi
2676 1461 2703 1498 a
2729 1446 3038 1503 conditione
3056 1450 3397 1519 copulentur,
3424 1465 3481 1507 ut
3506 1471 3667 1512 unum

2084 1531 2157 1584 sit
2186 1533 2534 1599 antecedens,
2569 1534 2713 1589 aliud
2743 1552 3105 1606 consequens,
3141 1550 3195 1596 et
3243 1541 3364 1597 ideo
3405 1546 3454 1597 in
3489 1545 3570 1600 bis
3601 1562 3669 1605 ex

2082 1625 2417 1679 antecedenti
2446 1636 2502 1681 et
2530 1630 2880 1697 consequenti
2904 1642 3275 1699 argumentum
3299 1650 3418 1690 esse
3440 1653 3544 1693 non
3574 1654 3669 1709 po-

2085 1724 2207 1784 test,
2243 1718 2491 1786 quoniam
2514 1719 2634 1773 dua:
2658 1730 2785 1774 sunt
2810 1736 2875 1776 ex
2911 1722 3021 1777 illis
3044 1738 3257 1793 quoque
3286 1730 3669 1796 propositioni-

2082 1804 2182 1860 bus
2211 1821 2331 1876 qua:
2352 1820 2498 1875 sunt,
2527 1809 2644 1864 dies
2673 1823 2780 1876 est,
2828 1812 2915 1866 lux
2948 1828 3054 1867 non
3085 1823 3166 1868 est
3201 1831 3214 1869 :
3247 1831 3348 1869 una
3393 1833 3516 1873 esse
3561 1836 3668 1879 non

395 1910 788 1975 ιωνίοιοιηηψιε
841 1922 962 1961 esse
1030 1905 1329 1961 debuisset.
1402 1905 1505 1959 Sed
1558 1905 2057 1974 respondebaturB
2087 1900 2301 1968 poterit,
2337 1902 2436 1955 nisi
2481 1902 2809 1957 conditionis
2854 1903 3200 1973 adjunctione
3254 1908 3307 1961 in
3354 1909 3510 1964 unius
3531 1926 3670 1981 qno-

392 2002 642 2069 qnoniam
674 2014 778 2051 non
804 1996 995 2051 eodem
1020 1996 1181 2050 modo
1222 1998 1322 2049 sibi
1357 1995 1729 2049 antecedentia
1762 2004 1818 2049 et
1848 2009 1980 2048 con-

393 2091 670 2159 sequentia
709 2089 1016 2144 consentire
1041 2087 1317 2151 dicuntur,
1348 2087 1487 2142 sicut
1530 2103 1590 2143 ea
1619 2103 1739 2157 quae
1782 2088 1975 2141 similia

394 2194 792 2252 nuncupantur.
844 2182 896 2231 In
950 2180 1033 2233 bis
1090 2196 1320 2249 namque
1372 2195 1471 2232 una
1521 2190 1724 2234 tantum
1749 2179 1979 2248 qualitas

394 2277 684 2339 invenitur,
717 2282 772 2328 et
799 2271 1100 2327 secundum
1132 2271 1375 2325 eamdem
1421 2271 1730 2340 qualitatem
1781 2271 1976 2325 similia

391 2381 511 2422 esse
540 2364 817 2429 dicuntur;
846 2373 901 2417 at
935 2364 987 2417 in
1032 2363 1466 2417 antecedentibus
1513 2370 1570 2417 et
1596 2362 1979 2431 consequenti-

390 2459 492 2513 bus
519 2472 621 2511 non
666 2455 935 2525 qualitatis
970 2453 1289 2518 similitudo,
1336 2456 1432 2508 sed
1488 2454 1709 2522 quidam
1768 2462 1975 2507 natura:

374 2564 687 2606 “consensus
715 2558 819 2604 est.
858 2548 926 2602 Et
953 2562 1074 2617 qua:
1098 2547 1292 2601 similia
1325 2556 1451 2601 sunt
1478 2547 1595 2601 sine
1620 2562 1681 2602 se
1709 2562 1830 2601 esse
1856 2561 1978 2615 pos-

392 2651 537 2707 sunt,
580 2640 951 2695 antecedentia
974 2654 1104 2693 vero
1134 2647 1186 2693 et
1216 2640 1600 2707 consequentia
1629 2639 1747 2692 sine
1769 2653 1827 2693 se
1855 2652 1978 2693 esse

393 2750 503 2790 non
532 2745 774 2803 possunt,
807 2744 968 2800 atque
1000 2731 1202 2785 idcirco
1230 2747 1336 2785 non
1384 2730 1597 2786 videtur
1634 2746 1756 2785 esse
1785 2746 1978 2785 conse-

393 2828 667 2898 quentium
714 2836 771 2880 et
828 2825 1259 2880 antecedentium
1291 2839 1411 2880 cum
1463 2824 1821 2878 similitudine
1866 2823 1970 2877 nlla

393 2919 701 2977 communio
732 2929 955 2972 natum.
984 2917 1113 2984 Qua:
1141 2917 1277 2971 ratio
1307 2932 1414 2970 non
1437 2915 1595 2970 valde
1621 2915 1835 2971 videtur
1862 2915 1977 2969 ido-

402 3026 527 3076 nea,
551 3024 652 3065 nec
672 3009 908 3080 explicat
924 3009 1066 3076 quod
1086 3006 1464 3061 demonstrare
1484 3006 1777 3061 conabatur
1808 3023 1821 3058 :
1847 3006 1976 3060 illud

396 3116 543 3163 certe
570 3103 936 3158 ﬁrmissimum
968 3115 1091 3157 esse
1108 3108 1347 3166 constat,
1375 3099 1521 3169 quod
1552 3099 1708 3170 hujus
1744 3099 1844 3153 loci
1873 3110 1980 3153 tra~

396 3206 567 3254 ctatus
586 3193 1039 3251 conditionalibus
1055 3206 1270 3260 semper
1294 3192 1754 3262 propositionibus
1766 3204 1981 3245 accom-

2082 1991 2369 2045 tlammodo
2399 1993 2781 2081 propositionis
2813 1998 3132 2050 sententiam
3149 1998 3498 2069 reducantur,
3517 2003 3669 2073 cujus

2084 2081 2465 2150 propositionis
2498 2092 2677 2150 partes
2723 2095 2850 2138 sunt
2879 2096 3258 2155 repugnantes.
3311 2090 3467 2154 Nam,
3513 2102 3567 2146 ut
3612 2093 3667 2152 in

2081 2184 2325 2225 connexa
2362 2173 2731 2241 propositione
2760 2190 2865 2230 una
2908 2191 3032 2245 pars
3060 2181 3412 2247 antecedens,
3444 2183 3549 2237 alia
3579 2194 3666 2241 est

2072 2276 2436 2331 consequens,
2468 2264 2536 2317 ita
2582 2265 2637 2318 in
2684 2269 3000 2336 repugnanti
3060 2278 3285 2340 utraque
3315 2286 3438 2341 pars
3466 2289 3664 2345 propo-

2080 2357 2289 2411 sitionis
2317 2370 2345 2410 a
2372 2368 2543 2412 semet
2592 2358 2820 2414 invicem
2865 2370 3122 2431 repugnat
3142 2377 3205 2418 ac
3250 2364 3497 2421 dis'sidet.
3535 2369 3660 2423 Am-

2082 2446 2246 2516 plius,
2279 2462 2581 2518 repugnans
2609 2451 2905 2518 propositio
2925 2466 3187 2507 connexa:
3212 2463 3419 2523 partem
3449 2470 3667 2513 contra.

2080 2537 2215 2591 riam
2241 2545 2406 2603 tenet,
2441 2553 2562 2593 nam
2598 2550 2657 2594 ut
2684 2541 2737 2594 in
2785 2542 2873 2596 illa
2911 2543 3052 2612 quod
3095 2546 3364 2600 antecedit
3401 2562 3581 2603 secum
3614 2550 3666 2608 id

2079 2630 2225 2699 quod
2256 2631 2500 2700 sequitur
2532 2632 2718 2698 trahit,
2752 2635 2823 2687 ita
2855 2634 2906 2687 in
2939 2635 3038 2689 hac
3088 2638 3454 2706 propositione
3487 2650 3667 2710 partes

2079 2723 2243 2777 simul
2274 2738 2395 2777 esse
2423 2740 2527 2777 non
2557 2734 2800 2794 possunt.
2832 2726 3133 2782 Contraria:
3184 2744 3315 2783 vero
3342 2729 3668 2789 differentia:

2080 2821 2179 2875 sub
2200 2821 2389 2875 eodem
2420 2836 2617 2885 genere
2682 2823 2804 2890 poni
2853 2824 3045 2876 Soli-nt.
3102 2823 3156 2876 Si
3213 2823 3374 2892 igitur
3426 2841 3669 2882 connexa

2082 2914 2379 2981 propositio
2441 2914 2492 2967 in
2541 2913 2852 2968 conditione
2897 2924 2974 2967 est
3006 2915 3317 2980 constituta,
3370 2932 3670 2988 repugnant

2081 3020 2298 3073 quoque
2324 3006 2375 3058 in
2395 3007 2701 3061 conditione
2727 3008 3003 3070 subsistit;
3033 3009 3170 3075 quod
3196 3010 3237 3061 si
3258 3018 3310 3063 et
3337 3019 3669 3080 conSequen-

2082 3099 2212 3149 tiam
2248 3098 2675 3165 propositionum
2711 3106 2765 3150 et
2806 3098 3211 3165 repugnantiam
3254 3100 3491 3154 conditio
3521 3082 3669 3169 facit,

2088 3206 2195 3244 non
2230 3189 2557 3244 cstdnbinm
2586 3193 2712 3259 quin
2748 3192 2894 3243 locus
2920 3190 3141 3258 lticjure
3169 3192 3545 3247 conditionalis
3579 3209 3668 3248 νος

396 3290 727 3348 modaretur.
779 3286 1168 3343 Conditionalis
1216 3301 1346 3340 vero
1392 3285 1689 3354 propositio
1729 3296 1813 3340 est
1857 3301 1976 3354 qua:
2006 3278 2055 3342 C
2084 3294 2254 3345 cetur,
2288 3297 2349 3336 ac
2380 3282 2448 3336 sit
2480 3298 2615 3335 unus
2664 3283 2869 3351 positus
2898 3283 2950 3335 in
2981 3283 3286 3338 conditione
3330 3285 3515 3340 divisis
3548 3292 3669 3357 par-

397 3382 858 3440 cumconditione
916 3379 1230 3449 pronuntiat
1288 3393 1411 3433 esse
1465 3377 1688 3446 aliquid,
1744 3379 1786 3432 si
1826 3377 1967 3431 aliud

396 3476 579 3540 luerit,
608 3473 776 3528 veluti
804 3487 927 3526 cum
977 3471 1206 3525 dicimus
1236 3469 1331 3525 :Si
1359 3468 1475 3525 dies
1506 3476 1609 3535 est,
1661 3469 1822 3523 lucet.
1857 3469 1982 3525 Hmc

397 3566 557 3636 igitur
576 3580 755 3620 rerum
778 3564 1163 3633 consequentia
1187 3560 1341 3615 facile
1365 3562 1417 3613 in
1432 3560 1841 3630 repugnantiam
1870 3575 1981 3616 ver-

398 3662 546 3715 titur.
571 3660 700 3713 Nam
732 3659 778 3713 si
821 3657 981 3711 rebus
1003 3655 1462 3729 consequentibus
1495 3655 1711 3723 negatio
1744 3655 1982 3721 interpe-

398 3760 579 3819 natur,
634 3765 707 3805 ex
754 3748 1210 3818 consequentibus
1258 3747 1612 3816 repugnantia
1657 3747 1977 3813 redduntur,

400 3844 504 3899 ltoc
530 3842 723 3896 modo:
756 3840 814 3895 Si
841 3840 952 3894 dies
981 3848 1084 3901 est,
1107 3839 1197 3893 lux
1223 3849 1324 3893 est.
1361 3840 1691 3907 Repngantia
1719 3848 1844 3892 sunt
1871 3842 1939 3893 ita
1966 3857 1979 3893 :

398 3934 456 3989 Si
486 3933 600 3987 dies
629 3941 729 3995 est,
759 3931 847 3984 lux
890 3932 991 3983 non
1028 3940 1144 3983 est:
1178 3941 1478 3999 repugnant
1511 3929 1654 3984 enim
1687 3930 1826 3983 diem
1860 3945 1982 3983 esse

398 4036 455 4078 et
486 4024 653 4076 lucem
687 4036 789 4075 non
829 4035 970 4075 esse.
1019 4020 1149 4087 Qua:
1178 4021 1528 4088 repugnantia
1578 4022 1629 4073 itt
1677 4023 1983 4076 conditione

399 4113 666 4170 consistit.
716 4112 950 4167 Dicimus
980 4111 1126 4166 enim
1158 4110 1251 4165 :Si
1290 4110 1406 4163 dies
1455 4120 1558 4173 est,
1596 4111 1682 4163 lux
1717 4126 1821 4164 non
1873 4124 1978 4178 εει,

399 4223 520 4263 nam
542 4206 648 4262 diei
678 4203 1005 4261 contrarium
1029 4212 1110 4257 est
1128 4217 1252 4255 nox.
1269 4204 1617 4269 Consequens
1642 4217 1766 4254 vero
1786 4202 1981 4265 noctis,

398 4299 570 4355 lucem
591 4312 699 4354 non
728 4311 869 4363 esse,
902 4309 1067 4365 quare
1093 4308 1214 4348 esse
1244 4292 1386 4346 diem
1417 4303 1469 4346 et
1500 4308 1606 4346 non
1655 4309 1778 4347 esse
1812 4294 1981 4346 lucem

401 4400 678 4461 repugnat.
727 4392 1113 4460 Argumentum
1173 4402 1299 4441 tero
1356 4394 1458 4452 est,
1513 4386 1649 4440 hanc
1683 4400 1986 4455 repugnan-

406 4483 526 4538 tiam
551 4482 602 4535 in
633 4481 939 4535 conditione
966 4482 1289 4543 consistere,
1331 4479 1455 4547 quia
1489 4478 1533 4532 si
1567 4479 1811 4531 conditio
1847 4477 1984 4531 deﬁ-

401 4576 527 4637 ciat,
561 4572 703 4627 nulla
733 4582 813 4627 est
842 4572 1210 4641 repugnantia,
1247 4570 1350 4624 hoc
1372 4570 1534 4624 modo
1565 4587 1577 4621 :
1613 4570 1730 4624 dies
1756 4580 1859 4634 est,
1893 4568 1983 4622 lux

2086 3373 2243 3435 tibus,
2282 3371 2332 3424 id
2375 3380 2457 3425 est
2499 3371 2550 3424 in
2604 3372 3012 3427 antecedentem
3052 3388 3588 3447 consequentemque
3616 3390 3669 3437 et

2085 3470 2496 3532 repugnantem.
2564 3464 2941 3533 Connexaeqne
2994 3479 3226 3534 namque
3286 3456 3669 3537 propositionis

2085 3570 2185 3623 una
2219 3569 2340 3622 pars
2369 3555 2692 3609 antecedens
2720 3566 2825 3622 est,
2849 3555 2948 3609 alia
2971 3571 3329 3626 consequens.
3355 3558 3670 3630 Repugnan-

2064 3646 2153 3700 itis
2181 3661 2312 3700 vero
2343 3645 2722 3715 propositionis
2770 3655 2993 3715 utraque
3042 3658 3297 3718 repugnat
3324 3664 3388 3704 ac
3429 3650 3670 3708 dissidet.

2090 3736 2275 3804 Itaque
2305 3751 2570 3790 connexa:
2611 3735 2998 3804 propositionis
3047 3739 3221 3802 partes
3262 3740 3593 3795 antecedens
3616 3751 3671 3797 et

2084 3840 2425 3895 consequens
2449 3814 2594 3889 sunt,
2624 3826 2970 3895 repugnantis
2996 3841 3124 3879 vero
3152 3838 3531 3896 repugnantes.
3566 3830 3672 3889 Nec

2087 3919 2214 3973 illud
2266 3920 2673 3989 intelligentiim
2710 3920 2892 3972 turbet
2934 3919 3073 3987 quod
3122 3919 3236 3973 dies
3264 3932 3345 3975 est
3377 3933 3429 3977 et
3458 3925 3544 3978 lux
3592 3932 3673 3985 est

2086 4011 2315 4078 quadam
2341 4011 2439 4063 sibi
2475 4010 2683 4062 ratione
2708 4011 3075 4063 consentiunt.
3108 4009 3237 4063 Item
3257 4012 3371 4066 dies
3392 4027 3475 4067 est
3504 4025 3558 4068 ct
3582 4016 3670 4071 lux

2088 4116 2193 4152 non
2225 4109 2330 4159 est.
2370 4099 2520 4167 quasi
2566 4112 2595 4150 a
2651 4111 2711 4151 se
2765 4098 3090 4150 dssentiunt
3140 4107 3300 4166 atque
3339 4101 3673 4170 discordant,

2088 4206 2209 4243 nam
2238 4204 2479 4242 connexa
2503 4196 2585 4240 est
2617 4186 2916 4255 prepositio
2945 4187 2987 4239 si
3018 4193 3137 4239 cum
3192 4188 3335 4241 aliud
3368 4199 3673 4247 antecesse-

2089 4283 2175 4347 rit,
2207 4282 2348 4336 aliud
2380 4288 2758 4348 consequatur.
2794 4280 2924 4333 item
2957 4294 3286 4350 repugnans,
3326 4282 3371 4334 si
3430 4297 3537 4336 uno
3581 4299 3673 4352 po.

2088 4373 2193 4428 sito
2222 4373 2364 4428 aliizd
2398 4371 2677 4434 inferatur,
2711 4370 2852 4440 quod
2880 4386 3002 4424 esse
3050 4386 3153 4425 non
3180 4380 3357 4439 potest
3388 4370 3491 4425 nisi
3522 4374 3674 4441 idjns

2090 4467 2417 4522 conditionis
2452 4464 2669 4520 efﬁciat.
2706 4464 2969 4530 Quocirca
3020 4471 3208 4531 aperte
3249 4462 3675 4523 demonstratum

2090 4575 2209 4616 esse
2275 4560 2510 4613 arbitror
2555 4555 2974 4610 conditionalem
3016 4554 3159 4609 hunc
3208 4553 3383 4607 locum
3412 4556 3591 4609 vocari
3620 4564 3675 4612 et

402 4684 508 4722 non
533 4677 634 4730 est,
670 4676 908 4736 utraeque
936 4666 1079 4719 enim
1111 4665 1399 4733 disjuncta:
1424 4664 1827 4732 propositiones
1860 4677 1985 4718 suas
2013 4649 2069 4710 D
2093 4661 2239 4707 ι’θεῑθ
2273 4665 2435 4703 unum
2482 4652 2603 4703 6836
2630 4662 2659 4700 3
2693 4647 2762 4701 Βία
2787 4645 2964 4699 Tullio
2987 4644 3360 4698 collslitulmu.
3395 4644 3674 4711 Quomodo

400 4762 698 4818 sententias
722 4768 934 4830 gerunt,
978 4772 1077 4812 nec
1119 4756 1409 4826 quidquam
1474 4756 1849 4826 intelliguntur
1889 4755 1984 4811 Ita-

399 4856 528 4909 bere
556 4867 862 4915 commune,
886 4858 1045 4919 atque
1080 4848 1203 4903 ideo
1230 4849 1458 4902 diversis
1502 4857 1741 4917 accepta:
1775 4858 1987 4916 tempo-

398 4948 544 5003 ribus
586 4959 729 5000 vera:
757 4952 902 5009 sunt,
951 4956 1051 4996 nec
1094 4949 1411 5009 repugnant.
1447 4940 1578 4993 Nam
1624 4941 1764 4994 sicut
1796 4939 1850 4992 in
1901 4940 1986 4994 bis

396 5038 870 5113 propositionibus,
925 5036 1042 5091 dies
1085 5045 1188 5101 est,
1227 5036 1317 5087 lux
1352 5044 1453 5098 est,
1503 5035 1645 5088 nulla
1679 5044 1763 5088 est
1792 5048 1985 5089 conse-

394 5134 632 5197 quentia,
666 5130 915 5201 quoniam
937 5127 1173 5182 conditio
1204 5126 1378 5189 deest,
1402 5140 1524 5195 quae
1556 5128 1984 5195 pr0positionem

395 5225 863 5289 facitconnexam,
899 5220 993 5275 sed
1043 5230 1282 5288 utraeque
1330 5233 1360 5271 a
1416 5233 1474 5271 se
1520 5219 1801 5287 diSjllllCltD
1832 5232 1982 5271 suam

393 5318 716 5367 sententiam
760 5310 1037 5373 claudunt,
1068 5312 1137 5363 ita
1186 5310 1235 5362 in
1274 5309 1353 5361 bis
1399 5307 1591 5377 quibus
1643 5312 1980 5377 proponitur,

393 5408 507 5459 dies
538 5414 641 5469 est,
672 5405 762 5458 lux
811 5418 919 5456 non
972 5412 1075 5467 est,
1113 5402 1255 5455 nulla
1300 5415 1373 5452 est
1420 5400 1796 5466 repugnantia,
1850 5413 1985 5466 quo:

394 5499 535 5551 niam
574 5506 752 5550 servat
784 5510 936 5548 suam
965 5500 1191 5561 utraque
1231 5500 1475 5559 separata
1504 5490 1857 5544 sententiam.
1916 5494 1980 5543 At

390 5590 436 5642 si
469 5589 550 5643 bis
598 5587 835 5642 conditio
882 5586 1207 5639 interveniat
1247 5584 1585 5645 S'ltCl‘iOl‘tlm
1633 5580 1874 5650 quidem,
1906 5583 1978 5635 ita

392 5683 658 5737 sententia
701 5679 1021 5747 copulatur,
1047 5688 1105 5731 ut
1148 5686 1542 5745 consequentes
1591 5676 1738 5739 ﬁant,
1798 5686 1975 5742 postc-

392 5777 593 5832 riorum
625 5791 750 5827 vero
800 5776 868 5827 ita
901 5783 956 5824 ut
987 5782 1375 5841 repugnantes,
1410 5769 1508 5822 ltoc
1552 5772 1743 5822 modo:
1776 5768 1819 5821 si
1860 5767 1976 5823 dies

390 5878 477 5926 est
504 5868 589 5924 lu'x
618 5880 721 5924 est.
770 5867 892 5921 llaec
933 5852 1271 5931 consequens
1319 5860 1616 5930 propositio
1647 5871 1711 5915 εκ
1766 5857 1973 5913 duabus

2092 4758 2220 4798 vero
2246 4742 2423 4795 liatab
2445 4738 2887 4794 antecedentibus
2917 4738 3447 4806 etconsequentibus
3489 4749 3539 4793 et
3592 4754 3676 4795 re.

2092 4830 2862 4903 pugnantibusargumentum,
2889 4827 3158 4894 posterius
3179 4826 3375 4882 dicam.
3409 4826 3517 4882 Sed
3543 4844 3675 4897 quo.

2089 4931 2232 4983 niam
2266 4925 2465 4981 nullius
2497 4922 2766 4977 iacultatis
2795 4920 3019 4976 altetius
3050 4929 3152 4989 est,
3196 4919 3320 4989 quid
3352 4921 3437 4975 vel
3482 4936 3675 4990 quam-

2087 5037 2192 5091 que
2223 5035 2333 5074 rem
2365 5017 2735 5086 con~equitur,
2766 5016 2851 5069 rel
2902 5014 3027 5083 quid
3070 5014 3265 5082 cuique
3296 5025 3554 5083 repugnet
3593 5016 3676 5072 in.

2092 5117 2329 5181 Spieere,
2385 5111 2487 5164 nisi
2538 5108 2835 5163 dialectica:
2890 5117 3119 5172 tantum,
3152 5122 3272 5176 qua:
3303 5106 3466 5175 hujus
3513 5124 3674 5180 quam

2094 5206 2323 5258 maxime
2366 5202 2444 5257 rei
2471 5201 2763 5272 perititiam
2818 5197 3125 5268 proﬁtetur,
3176 5198 3376 5252 idcirco
3422 5200 3500 5254 ait
3532 5202 3675 5258 hunc

2089 5298 2411 5353 csselocum
2451 5304 2618 5348 totum
2668 5292 3098 5355 dialecticorum,
3148 5291 3240 5359 qui
3271 5292 3431 5345 etiam
3483 5294 3551 5347 ab
3579 5295 3674 5348 ad~

2084 5390 2282 5459 junctis
2314 5389 2468 5455 longe
2502 5387 2715 5454 lateque
2744 5383 2987 5437 diversus
3016 5394 3116 5436 est.
3143 5381 3381 5435 Primum
3408 5384 3549 5452 quod
3578 5385 3667 5439 ai-

2085 5486 2264 5552 jnncta
2315 5483 2547 5551 prodere
2586 5495 2708 5535 sese
2757 5489 2917 5549 atque
2973 5478 3261 5533 ostendere
3292 5479 3668 5549 invicempos-

2087 5586 2231 5637 sunt,
2262 5591 2365 5627 non
2395 5588 2525 5627 vero
2553 5570 2815 5645 perﬁcere
2862 5580 3023 5640 atque
3053 5569 3350 5637 adimplere
3399 5583 3668 5641 naturam,

2086 5669 2247 5724 veluti
2268 5666 2688 5721 ambulationem
2717 5664 2912 5734 pedum
2942 5665 3200 5732 strepitus
3224 5663 3531 5733 signiﬁcare
3550 5665 3671 5734 qui-

2084 5766 2207 5818 dem
2240 5778 2301 5814 ac
2328 5760 2643 5813 denuntiare
2672 5765 2869 5826 potest,
2901 5758 3116 5812 efﬁcere
3156 5767 3286 5811 veto
3332 5774 3438 5812 non
3469 5767 3664 5827 potest.

2086 5854 2267 5911 Neque
2296 5853 2435 5907 enim
2464 5848 2877 5906 ambulationum
2925 5847 3093 5903 efﬁcit
3132 5847 3328 5918 pedum
3385 5852 3664 5919 strepitus.
