4248 6272
596 383 729 461 ini

1795 354 2607 445 AN.MANL.SEV.BOETU

3720 385 3859 438 H28

596 535 697 577 nec
721 530 845 573 vero
865 529 928 570 ex
951 508 1272 567 necessitate
1295 505 1588 561 ambulatio
1610 512 1667 559 ut
1699 504 1768 557 sit
1801 504 1991 572 pedum
2029 512 2163 557 stre-
2195 506 2244 564 Α
2272 482 2401 555 nere
2428 506 2816 568 argumentum,
2849 497 3058 565 species
3078 495 3296 566 quidem
3323 505 3407 552 est
3425 498 3493 552 de
3515 512 3616 567 qua
3642 498 3855 567 aliquid

598 615 736 679 pilus
764 616 948 660 auctor
968 611 1079 667 est,
1109 600 1380 667 sedsaepe
1407 600 1476 651 ita
1506 597 1829 657 ambulatur,
1881 604 1942 648 ut
1992 594 2169 649 ntdlus

597 703 788 770 pedum
819 697 1072 763 strepitus
1093 691 1441 753 exaudiatur;
1475 703 1617 755 smpe
1652 702 1755 739 non
1799 692 2003 738 mutato
2052 685 2169 738 loco

596 792 803 850 moveri
859 788 1017 859 pedes
1069 802 1131 840 ac
1178 795 1416 854 strepere.
1489 790 1685 851 praeter
1746 778 2169 831 ambulationem

594 896 793 956 queunt
811 903 823 947 ;
843 884 1040 938 idcirco
1058 895 1158 933 non
1174 893 1385 947 semper
1402 876 1742 930 inveniuntur
1756 871 2035 940 adjuncta:
2056 884 2173 936 pro-

599 981 874 1050 positoque
907 975 1136 1030 termino
1159 986 1316 1041 quem
1343 968 1571 1037 probare
1590 963 1999 1027 contendimus,
2028 974 2171 1028 saepe

595 1094 658 1132 ex
688 1074 949 1143 adjunctis
991 1074 1300 1137 argumenta
1324 1062 1597 1124 deficiunt,
1632 1058 1753 1127 quia
1794 1057 1909 1143 ipsa
1959 1065 2172 1123 quoque

598 1165 878 1235 aliquoties
928 1161 1163 1215 deficere
1206 1155 1453 1209 videntur
1496 1150 1766 1219 adjuncta.
1813 1143 2169 1235 Praecedentia

599 1234 724 1310 vero
748 1248 1195 1319 etconsequentia
1217 1255 1270 1301 et
1293 1244 1641 1313 repugnantia
1660 1251 1925 1306 nunquam
1948 1234 2171 1299 desunt;

598 1322 757 1403 omne
809 1346 951 1399 enim
983 1340 1239 1413 quidquid
1286 1339 1338 1392 in
1372 1336 1531 1391 rebus
1580 1342 1683 1399 est,
1738 1331 1897 1385 habet
1925 1328 2088 1399 ,quod
2116 1341 2174 1382 se

599 1451 690 1496 aut
740 1446 995 1509 sequatur
1054 1431 1387 1492 naturaliter,
1428 1437 1519 1481 aut
1560 1423 1846 1495 praecedat.
1888 1422 1980 1476 Est
2012 1422 2173 1475 etiam

600 1548 627 1586 a
657 1546 761 1601 quo
787 1544 879 1597 per
911 1535 1119 1580 naturte
1165 1520 1531 1575 diversitatem
1561 1514 1839 1577 dissideat,
1880 1511 2027 1566 velut
2062 1509 2175 1601 ani-

602 1600 703 1678 mal
736 1620 976 1690 sequitur
1006 1614 1224 1684 quidem
1250 1612 1542 1674 hominem,
1593 1606 1850 1676 prazcedit
1878 1619 2004 1658 vero
2051 1600 2176 1655 sub-

601 1706 1133 1773 stantiam;dicimus
1162 1702 1328 1766 enim,
1380 1700 1425 1753 si
1459 1700 1619 1752 homo
1663 1706 1765 1759 est,
1816 1692 2014 1747 animal
2052 1699 2172 1753 est;

602 1802 952 1861 substantiam
976 1814 1105 1854 vero
1145 1794 1424 1866 prmeedit,
1452 1806 1570 1846 cum
1593 1788 1962 1859 proponimus,
1988 1785 2035 1839 si
2064 1783 2177 1837 ani-

2278 592 2503 663 probare
2552 590 2948 668 contendimus;
3002 604 3167 657 genus
3215 604 3343 644 vero
3372 592 3695 645 assumimus
3748 609 3857 647 non

2283 686 2431 754 quasi
2464 683 2805 753 przecetlens,
2855 682 2948 736 sed
2980 682 3131 752 quasi
3180 683 3484 747 continens,
3513 694 3573 736 ut
3602 686 3858 755 quidquid

2278 790 2398 830 esse
2418 776 2786 830 consideratur
2806 776 2855 827 in
2884 789 3100 843 genere,
3128 774 3176 827 id
3208 774 3394 828 forma:
3424 790 3636 844 quoque
3664 778 3859 831 debeat

2283 868 2472 936 aptari.
2518 865 2697 921 Genus
2726 867 2867 919 enim
2908 865 3081 934 quoad
3115 878 3434 931 permanet,
3475 882 3504 918 a
3538 880 3629 919 sua
3678 870 3857 935 specie

2284 973 2391 1012 non
2421 958 2650 1012 recedit:
2684 973 2803 1011 cum
2834 972 2961 1010 vero
2987 959 3053 1011 de
3078 960 3257 1025 specie
3282 958 3543 1010 sumimus
3573 974 3858 1027 argumen-

2250 1094 2253 1095 ν
2285 1062 2414 1117 tum,
2440 1068 2605 1121 genus
2631 1052 2843 1121 quidem
2872 1062 2954 1106 est
2977 1052 3044 1107 de
3083 1068 3188 1121 quo
3209 1046 3414 1122 liquid
3437 1056 3725 1120 qumritur;
3762 1058 3858 1111 sed

2286 1143 2335 1197 id
2367 1144 2690 1209 laboramus,
2713 1152 2770 1196 ut
2794 1143 2930 1211 quod
2955 1144 3021 1197 de
3047 1159 3241 1212 genere
3268 1158 3521 1199 conamur
3547 1149 3856 1210 ostendere.

2285 1234 2335 1287 id
2375 1251 2438 1287 ex
2471 1236 2650 1302 specie
2694 1236 2861 1303 possit
2898 1235 3107 1289 facilius
3152 1237 3391 1304 agnosci.
3437 1236 3504 1291 Ut
3531 1251 3648 1291 cum
3696 1238 3859 1292 uxori

2286 1323 2464 1377 Fabitn
2478 1324 2715 1378 relictum
2737 1324 2918 1378 fuisset
2937 1326 3239 1393 legatum,si
3268 1328 3667 1382 materfamilias
3688 1340 3861 1397 esset,

2283 1414 2532 1483 quoniam
2558 1431 2663 1469 non
2692 1418 2943 1471 convenit
2974 1417 3027 1469 in
3053 1433 3291 1484 manum,
3327 1418 3552 1485 scilicet,
3577 1420 3640 1472 ab
3671 1421 3723 1473 in
3749 1437 3863 1473 ma-

2285 1521 2385 1560 nus
2426 1508 2817 1572 conventione,
2854 1523 2988 1577 quae
3016 1519 3099 1563 est
3129 1510 3589 1578 species‘uxoris,
3639 1528 3863 1565 uxorem

2282 1601 2424 1670 quod
2454 1612 2535 1656 est
2565 1602 2750 1657 matris
2783 1602 2992 1662 familia:
3020 1618 3188 1673 genus
3218 1618 3244 1655 a
3275 1604 3431 1672 legati
3470 1603 3592 1673 jure
3622 1604 3861 1675 sejungi-

2284 1710 2401 1748 mus
2421 1734 2435 1758 ,
2469 1702 2523 1747 et
2549 1692 2777 1762 legatum
2823 1693 2889 1746 ad
2920 1694 3182 1760 speciem,
3216 1693 3266 1747 id
3288 1702 3371 1747 est
3401 1695 3861 1749 matremfamilias

2291 1787 2623 1843 derivamus.
2659 1787 2762 1842 Sed
2795 1786 2923 1840 illud
2956 1787 3176 1841 interius
3212 1786 3601 1855 dispiciendum
3632 1788 3863 1851 videtur,

603 1897 709 1952 mal
730 1904 832 1959 εει,
865 1890 1158 1947 substantia
1181 1896 1285 1942 est.
1319 1885 1598 1953 Repugnat
1622 1894 1755 1934 vero
1808 1886 2021 1930 mortuo
2053 1888 2173 1927 cum
2206 1878 2254 1940 Β
2284 1894 2407 1933 num
2461 1879 2607 1933 locus
2637 1878 2704 1931 ab
2740 1878 3184 1933 antecedentibus
3225 1888 3279 1932 ει
3305 1880 3759 1947 consequentibus
3786 1890 3866 1933 to-

602 1989 957 2048 enuntiamus,
984 1981 1030 2036 si
1059 1979 1257 2034 animal
1280 1984 1381 2041 est,
1436 1983 1705 2029 mortuum
1739 1984 1844 2023 non
1892 1974 1993 2021 est.
2036 1964 2176 2018 Prte-

604 2092 749 2137 terea
771 2092 891 2147 qua:
918 2082 1042 2131 sunt
1068 2071 1315 2141 adjuncta
1348 2065 1677 2135 temporibus
1712 2062 1996 2116 distributa
2029 2066 2172 2121 sunt,

604 2179 662 2226 ut
685 2180 808 2225 ante
829 2182 962 2233 rem,
988 2179 1109 2218 cum
1135 2178 1216 2228 re,
1264 2168 1384 2230 post
1411 2173 1543 2213 rem.
1569 2157 1699 2222 Qua:
1728 2168 1854 2207 vero
1883 2160 2009 2206 sunt
2032 2160 2183 2205 aute-

607 2260 849 2318 cedentia
870 2300 884 2323 ,
914 2253 1330 2324 consequentia,
1373 2260 1428 2306 et
1452 2246 1798 2317 repugnantia
1826 2284 1841 2307 ,
1874 2243 2174 2313 quomodo-

605 2352 737 2409 libet
784 2347 942 2404 modo
974 2348 1025 2401 in
1068 2344 1401 2413 temporibus
1446 2341 1589 2400 sint,
1639 2335 1773 2390 nihil
1816 2335 2005 2389 refert.
2052 2332 2185 2387 Nam

607 2444 783 2514 priora
830 2456 973 2509 saepe
1005 2436 1337 2507 temporibus
1384 2434 1743 2493 comitantur,
1774 2437 1829 2481 et
1852 2427 2184 2496 temporibus

609 2536 903 2606 posteriora
926 2530 1253 2601 prmcedunt,
1278 2535 1471 2595 etquae
1500 2521 1657 2607 simul
1685 2519 2018 2590 temporibus
2040 2524 2183 2580 sunt,

608 2628 737 2682 alias
756 2624 1080 2694 praecedunt,
1110 2620 1243 2673 alias
1268 2632 1393 2671 vero
1420 2622 1840 2682 consequuntur,
1861 2620 1917 2665 ut
1941 2608 2186 2677 superius

608 2733 819 2791 quoque
843 2729 986 2783 saepe
1030 2713 1281 2767 diximus.
1331 2706 1606 2776 Amplius,
1638 2720 1757 2774 qua:
1810 2701 2185 2756 antecedentia

611 2819 737 2868 sunt
766 2818 820 2864 et
856 2803 1238 2875 consequentia
1288 2799 1593 2867 relinquere
1638 2810 1759 2851 sese
1789 2810 1893 2848 non
1925 2801 2149 2863 possunt
2172 2836 2186 2860 ,

610 2921 710 2961 nec
744 2902 843 2959 sibi
868 2896 1216 2969 repugnantia
1265 2892 1571 2955 cohaerere,
1606 2897 1661 2941 et
1687 2884 2186 2955 suutrcpugnantia

612 2969 918 3054 necessario
938 2991 1152 3046 sibimet
1180 2989 1508 3048 iuconnexa;
1538 2995 1667 3050 qua:
1691 2994 1817 3034 vero
1846 2986 1973 3032 sunt
1996 2976 2189 3044 adjun-

611 3102 697 3149 cta
724 3088 854 3144 nihil
882 3086 1124 3142 obtinent
1154 3077 1513 3141 necessitatis,
1539 3075 1660 3145 quia
1684 3084 1736 3128 et
1768 3070 1919 3143 jungi
1954 3068 2189 3134 sibimet,

614 3193 669 3239 et
695 3197 724 3237 a
755 3175 1067 3248 seseparari
1116 3179 1337 3243 queunt.
1376 3170 1505 3237 Quae
1527 3182 1648 3222 cum
1676 3166 1749 3219 ita
1788 3164 1895 3217 sint
1919 3205 1933 3229 ,
1967 3161 2192 3232 quaestio

2285 1978 2370 2023 tus
2396 1984 2828 2037 supervacaneus
2849 1984 2969 2023 esse
2989 1970 3251 2036 videatur,
3281 1984 3402 2024 cum
3436 1972 3679 2039 quolibet
3708 1972 3866 2026 modo

2284 2060 2484 2114 fuerint
2511 2075 2581 2115 ex
2610 2074 2675 2113 eo
2701 2069 3013 2129 argumenta
3057 2062 3353 2131 composita
3372 2102 3385 2127 ,
3416 2077 3445 2115 a
3472 2062 3686 2117 caeteris
3737 2063 3869 2118 locis

2284 2170 2420 2224 quos
2470 2154 2719 2224 superius
2778 2154 3160 2223 descripsimus
3225 2170 3329 2208 non
3391 2156 3665 2210 recedant.
3736 2156 3868 2211 Nam

2286 2245 2639 2314 quodcunque
2658 2245 2724 2298 ah
2751 2244 3189 2299 antecedentibus
3210 2254 3263 2299 et
3288 2246 3739 2316 consequentibus
3767 2248 3868 2301 du-

2288 2339 2428 2391 citur
2454 2346 2847 2406 argumentum,
2880 2336 2929 2389 id
2958 2337 3038 2390 vel
3070 2352 3099 2389 a
3127 2346 3261 2403 toto,
3291 2338 3376 2416 vel
3406 2354 3434 2391 a
3468 2339 3703 2406 partibus
3723 2381 3737 2405 ,
3776 2340 3866 2395 vel

2288 2443 2320 2481 a
2345 2428 2674 2497 coniugatis,
2705 2429 2786 2481 vel
2816 2428 2883 2481 ab
2914 2428 3092 2497 aliquo
3115 2430 3445 2498 reliquorum
3474 2439 3693 2485 tractum
3737 2444 3865 2486 esse

2290 2522 2635 2591 perpenditur
2666 2522 2765 2575 hoc
2797 2521 2985 2574 modo:
3016 2521 3075 2576 Si
3105 2522 3250 2575 utilis
3287 2533 3368 2576 est
3406 2524 3625 2592 mquitas
3664 2515 3868 2577 consti-

2293 2622 2400 2666 tuta
2433 2613 2495 2667 ad
2524 2627 2609 2666 res
2648 2626 2772 2665 snas
2816 2612 3159 2675 obtinendas,
3191 2612 3321 2666 utile
3351 2626 3433 2667 εει
3455 2615 3545 2682 jus
3573 2614 3729 2669 civile
3754 2657 3768 2681 ,
3803 2615 3870 2670 ad

2293 2705 2343 2759 id
2375 2704 2516 2774 quod
2561 2704 2836 2772 praecedit,
2869 2703 3007 2773 quod
3059 2704 3299 2773 sequitur
3345 2705 3526 2775 igitur,
3564 2705 3665 2759 hoc
3711 2716 3795 2761 est
3842 2721 3873 2762 ι

2293 2798 2614 2852 difiinitione
2672 2806 3042 2866 argumentum
3070 2839 3085 2862 ,
3137 2798 3343 2853 scilicet
3390 2800 3458 2853 ab
3502 2803 3875 2870 assumptione

2296 2891 2661 2958 praecedentis.
2709 2892 2777 2943 At
2809 2891 2853 2943 si
2878 2890 2947 2943 ita
2993 2890 3167 2943 dicam
3194 2906 3210 2943 :
3240 2890 3347 2944 Sed
3374 2905 3479 2945 non
3510 2904 3593 2946 est
3626 2894 3759 2947 utile
3784 2893 3876 2962 jus

2294 2984 2469 3049 civile,
2497 2998 2601 3036 non
2632 2990 2715 3037 est
2743 2983 2901 3052 igitur
2932 2983 3077 3036 utilis
3106 2983 3334 3051 aequitas
3358 2986 3647 3038 constituta
3690 2985 3756 3039 ad
3786 3001 3875 3043 res

2297 3088 2421 3128 suas
2460 3074 2807 3141 obtinendas,
2858 3074 2943 3127 hic
2992 3087 3087 3142 per
3135 3076 3510 3144 consequentis
3548 3078 3876 3146 assumptio-

2298 3182 2419 3222 nem
2446 3167 2831 3222 adiflinitionis
2878 3168 2995 3222 loco
3040 3177 3307 3237 sumptum
3354 3178 3436 3224 est
3480 3179 3873 3238 argumentum.

614 3273 850 3332 diflicilis
876 3271 1223 3327 vehementer
1262 3263 1520 3328 oboritur,
1546 3260 1773 3314 .videtur
1822 3257 1964 3311 enim
2018 3256 2191 3309 minus
2220 3250 2265 3312 C
2296 3262 2426 3317 [tem
2449 3277 2476 3315 ε
2502 3261 2732 3332 partium
2760 3262 3162 3316 enumeratione
3182 3304 3195 3327 ,
3224 3263 3268 3315 si
3294 3275 3468 3332 neque
3493 3276 3677 3329 censu,
3705 3277 3891 3333 neque

619 3364 948 3423 intuentibus
1008 3358 1139 3415 nihil
1185 3357 1272 3411 hic
1314 3357 1463 3409 locus
1524 3350 1743 3407 differre
1792 3350 1877 3403 his
1918 3348 2049 3402 locis
2099 3345 2192 3415 qui

615 3457 742 3511 dicti
775 3464 898 3507 sunt
921 3452 1004 3506 vel
1034 3465 1063 3503 a
1090 3463 1318 3519 genere,
1340 3446 1434 3501 vel
1466 3461 1495 3499 a
1524 3444 1705 3513 specie
1725 3483 1739 3505 ,
1791 3441 1880 3495 vel
1912 3456 1942 3493 a
1981 3447 2197 3493 contra-

617 3544 729 3601 riis.
762 3542 892 3598 Nam
933 3554 1103 3610 genus
1143 3552 1357 3605 semper
1381 3536 1614 3604 speciem
1666 3536 1930 3602 sequitur,
1959 3532 2196 3599 speciem

618 3648 784 3706 genus
816 3631 1088 3701 prmcedit,
1122 3628 1389 3681 contraria
1417 3626 1573 3679 simul
1621 3639 1745 3679 esse
1792 3639 1899 3677 non
1949 3631 2194 3691 possunt.

619 3728 749 3795 Qua:
774 3722 1027 3780 solvenda
1053 3727 1133 3775 est
1155 3721 1255 3774 hoc
1277 3719 1467 3773 modo:
1502 3718 1738 3771 Primum
1766 3717 1888 3783 quia
1913 3732 2016 3769 non
2040 3731 2199 3771 omne

620 3831 958 3888 consequens
1004 3830 1173 3886 genus
1227 3822 1341 3879 est,
1393 3830 1496 3869 nec
1524 3813 1700 3867 omnis
1743 3815 1950 3884 species
1981 3822 2197 3869 antece-

623 3912 779 3966 dens.
806 3906 1175 3978 Repugnantia
1208 3920 1336 3961 vero
1358 3921 1459 3959 non
1493 3906 1606 3977 ipsa
1634 3906 1925 3973 contraria,
1950 3906 2044 3960 sed
2065 3921 2199 3960 con-

624 4000 908 4057 trariorum
935 4007 1061 4052 sunt
1086 3998 1489 4067 consequentia,
1518 4008 1575 4051 ut
1602 3998 1655 4051 in
1684 3998 1925 4054 locorum
1950 3999 2040 4069 qui
2070 4014 2100 4053 a
2125 3999 2200 4055 Μ.

626 4092 801 4148 Tullio
829 4091 1086 4162 propositi
1109 4100 1233 4144 sunt
1255 4090 1599 4156 expositione
1622 4093 2065 4147 monstravimus.
2095 4092 2201 4147 Dc-

622 4185 747 4240 hinc
768 4185 889 4254 quia
907 4198 1028 4239 cum
1052 4198 1080 4235 a
1102 4196 1299 4251 genere
1321 4180 1379 4234 fit
1400 4190 1805 4251 argumentum,
1828 4182 2010 4251 ipsum
2033 4198 2204 4252 genus

623 4276 933 4341 assumitur,
977 4272 1164 4328 eodem
1195 4286 1408 4341 quoque
1441 4271 1598 4325 modo
1621 4280 1676 4325 et
1705 4272 1945 4339 species,
1976 4288 2095 4326 cum
2138 4272 2206 4326 ab

624 4383 688 4423 ea
713 4366 907 4435 aliquid
931 4366 1174 4419 volumus
1216 4363 1540 4433 approbare;
1572 4380 1693 4419 cum
1725 4380 1856 4418 vero
1888 4365 1955 4419 ab
1985 4374 2205 4418 antece-

626 4459 873 4514 dentibus
903 4456 1099 4523 aliquid
1128 4465 1431 4509 monstrare
1462 4455 1857 4520 contendimus,
1881 4471 1947 4509 eo
1974 4456 2117 4524 quod
2149 4457 2201 4509 in

627 4549 969 4606 conditionali
997 4546 1359 4617 propositione
1379 4547 1655 4614 praecessit
1695 4547 1893 4599 utimur
1913 4546 1966 4600 in
2000 4560 2207 4600 assum-

2298 3356 2545 3419 cazteris,
2594 3368 2700 3407 non
2727 3362 2810 3407 est
2857 3353 3028 3421 liber,
3062 3362 3116 3407 at
3154 3368 3319 3408 censu
3370 3354 3451 3409 vel
3494 3354 3739 3419 caeteris,
3791 3364 3873 3410 est

2299 3444 2459 3512 igitur
2483 3443 2617 3498 liber
2644 3460 2659 3499 :
2687 3452 2741 3497 at
2765 3458 2869 3497 non
2902 3453 2985 3499 est
3004 3444 3167 3509 liber;
3198 3459 3368 3514 neque
3395 3460 3556 3500 censu
3581 3447 3760 3516 igitur,
3786 3462 3878 3503 ne-

2298 3549 2403 3603 que
2425 3535 2632 3589 cmteris
2657 3536 3015 3591 manumissus
3042 3544 3143 3591 est.
3178 3536 3283 3590 Sed
3328 3538 3621 3592 notandum
3651 3549 3735 3595 est
3759 3555 3879 3610 qua:

2299 3626 2369 3679 sit
2408 3626 2487 3680 vis
2536 3625 2961 3696 uniuscujusque
3008 3628 3331 3697 argumenti,
3379 3637 3435 3683 ct
3459 3644 3689 3698 quonam
3722 3630 3879 3685 modo

2312 3715 2633 3785 proferatur.
2669 3714 2807 3770 Sunt
2847 3717 2990 3771 enim
3036 3728 3345 3787 argumenta
3376 3735 3494 3787 qua:
3531 3721 3879 3789 praedicant-is

2302 3820 2423 3878 apta
2461 3810 2567 3863 sint
2595 3809 2921 3880 syllogismis
2959 3819 3016 3864 ut
3041 3826 3069 3863 a
3097 3810 3416 3866 di‘fﬁnitione
3444 3813 3535 3865 tiat
3557 3814 3663 3867 sic:
3687 3815 3775 3883 jus
3802 3814 3879 3868 ci-

2311 3902 2418 3955 vile
2464 3912 2547 3956 cst
2576 3896 2801 3971 :equitas
2831 3903 3121 3956 constituta
3152 3902 3233 3955 his
3260 3902 3351 3971 qui
3378 3903 3617 3970 ejusdem
3649 3913 3771 3958 sunt
3807 3903 3880 3958 ci-

2308 3992 2483 4047 vitatis
2505 3992 2572 4047 ad
2602 4007 2687 4048 ros
2717 4008 2841 4047 suas
2870 3993 3279 4048 obtinendas.ld
3308 4010 3435 4049 vero
3454 3996 3582 4049 utile
3604 4005 3719 4065 est,
3748 3997 3881 4052 utile

2306 4096 2388 4141 est
2411 4088 2566 4156 igitur
2582 4086 2671 4156 jus
2701 4086 2874 4140 civile.
2897 4084 3026 4139 Item
3044 4100 3072 4138 a
3092 4087 3348 4155 partibus:
3375 4088 3476 4155 Qui
3505 4103 3674 4157 neque
3688 4103 3879 4155 censu,

2308 4193 2482 4247 neque
2526 4178 2777 4244 vindicta,
2814 4192 2987 4245 neque
3019 4187 3341 4233 testamento
3378 4190 3463 4235 est
3489 4182 3874 4244 manumissus.

2310 4269 2395 4325 hic
2421 4286 2484 4324 ex
2512 4271 2769 4324 servitute
2816 4270 2951 4323 liber
3002 4269 3172 4325 factus
3220 4286 3325 4325 non
3362 4282 3472 4337 est;
3502 4272 3712 4327 Stichus
3740 4288 3876 4327 vero

2310 4378 2484 4431 neque
2511 4372 2850 4427 testamento,
2884 4378 3058 4432 neque
3079 4377 3260 4428 censu,
3307 4378 3480 4435 neque
3510 4364 3735 4419 vindicta
3760 4381 3877 4420 ma-

2311 4454 2577 4508 numissus
2630 4465 2741 4522 est;
2793 4452 3009 4507 Stichus
3060 4454 3218 4523 igitur
3257 4454 3393 4508 liber
3431 4469 3535 4509 non
3589 4464 3707 4509 est:
3740 4466 3793 4511 et
3824 4459 3874 4511 in

2309 4547 2519 4602 czeteris
2556 4547 2745 4601 eodem
2777 4545 2955 4599 modo.
2986 4545 3175 4599 Omnia
3232 4562 3359 4602 vero
3405 4563 3736 4617 quzecuuque
3792 4564 3885 4618 per

627 4644 810 4713 ptioue
834 4682 847 4707 ,
877 4640 1086 4695 etiamsi
1140 4654 1244 4693 non
1277 4638 1439 4693 fuerit
1466 4654 1657 4708 genus.
1691 4638 1819 4693 Item
1850 4640 1895 4694 si
1939 4655 1967 4692 a
2010 4654 2205 4696 conse-
2238 4623 2291 4683 D
2314 4642 2669 4709 categoricum
2708 4638 3071 4709 syllogismum
3126 4638 3351 4707 proferri
3402 4652 3647 4708 possunt,
3698 4642 3884 4695 eadem

629 4735 811 4805 quenti
842 4742 1211 4803 argumentum
1243 4731 1354 4795 fiat,
1405 4731 1613 4785 etiamsi
1654 4734 1869 4801 species
1899 4749 2005 4788 non
2033 4735 2138 4800 sit,
2173 4750 2202 4789 a

628 4825 976 4896 consequenti
998 4832 1146 4893 parte
1174 4821 1552 4877 conditionalis
1580 4824 1963 4893 propositionis
1994 4825 2207 4880 ducitur

629 4928 1001 4991 argumentum
1024 4958 1039 4982 ,
1073 4915 1235 4969 veluti
1280 4929 1403 4969 cum
1436 4916 1507 4969 ita
1534 4915 1795 4969 dicimus:
1847 4916 1903 4970 Si
1934 4918 2071 4985 ignis
2100 4926 2201 4982 est,

629 5011 763 5067 levis
789 5020 891 5076 est,
924 5006 1061 5077 ignis
1085 5005 1387 5071 antecedit,
1427 5005 1614 5060 levitas
1645 5007 1921 5076 sequitur;
1954 5008 2046 5062 sed
2077 5024 2208 5064 neu-

631 5112 772 5155 trum
796 5098 967 5154 neutri
994 5106 1077 5153 est
1104 5110 1272 5165 genus
1303 5105 1394 5149 aut
1418 5096 1650 5164 species,
1680 5096 1969 5149 assumitur
2004 5097 2203 5166 itaque,

630 5194 776 5263 atqui
805 5190 939 5260 ignis
967 5198 1071 5244 est.
1115 5186 1265 5241 Nunc
1293 5186 1453 5256 igitur
1484 5186 1534 5239 id
1577 5187 1716 5254 quod
1740 5186 2091 5241 antecedebat
2123 5204 2210 5241 as-

631 5283 857 5352 sumpsi,
879 5297 947 5338 ex
967 5296 1070 5351 quo
1086 5286 1415 5334 monstratur
1434 5277 1735 5346 conclusio,
1769 5277 1901 5332 leris
1925 5279 2083 5347 igitur
2103 5288 2205 5335 est.

629 5377 703 5434 At
734 5378 779 5432 si
810 5378 879 5431 ita
908 5389 1241 5430 assumamus
1266 5416 1281 5439 ,
1311 5372 1404 5429 sed
1427 5388 1529 5427 non
1558 5382 1639 5425 est
1666 5371 1821 5438 levis,
1848 5371 1899 5426 id
1921 5373 2061 5443 quod
2086 5388 2213 5429 con-

630 5472 954 5543 sequebatur
982 5468 1268 5536 assumpsi.
1303 5465 1655 5521 Concluditur
1693 5480 1820 5535 ergo
1860 5474 2019 5535 atque
2050 5481 2205 5521 mon-

629 5572 833 5619 stratur
858 5600 876 5628 ,
925 5576 1030 5615 non
1055 5568 1138 5615 est
1166 5560 1326 5630 igitur
1355 5559 1513 5628 ignis.
1560 5556 1721 5613 Vides
1742 5558 1906 5627 igitur
1933 5568 1989 5611 ut
2018 5558 2083 5613 de
2119 5558 2205 5612 bis

632 5652 1057 5723 praecedentibus
1102 5661 1158 5707 et
1205 5649 1659 5720 consequentibus
1732 5666 1874 5704 nunc
1926 5651 2205 5719 loquamur

631 5760 750 5814 quae
773 5745 835 5798 in
859 5742 1201 5799 conditionali
1234 5742 1597 5811 prapositione
1627 5741 1801 5809 posita
1828 5782 1843 5805 ,
1890 5743 1971 5796 vel
2004 5755 2206 5810 prince-

631 5839 764 5894 dere
792 5837 878 5891 vel
905 5837 1161 5905 consequi
1190 5834 1574 5918 intelliguntur.
1615 5833 1749 5889 Cum
1781 5850 1905 5890 vero
1929 5834 1987 5889 tit
2014 5849 2082 5891 ex
2105 5848 2203 5904 ge-

2318 4748 2411 4801 per
2454 4729 2863 4785 conditionalem
2912 4728 3279 4799 syllogismum
3308 4730 3410 4784 dici
3450 4739 3670 4799 queunt.
3700 4732 3886 4788 Omnis

2317 4837 2544 4891 namque
2617 4821 2953 4890 praedicativa
3023 4820 3318 4889 propositio
3366 4821 3419 4875 in
3470 4823 3883 4879 conditionalem

2318 4918 2448 4969 verti
2492 4923 2685 4983 potest,
2717 4913 2817 4967 hoc
2860 4910 3049 4966 modo:
3106 4914 3279 4966 omnis
3310 4912 3470 4967 homo
3514 4916 3712 4968 animal
3760 4927 3841 4969 est
3868 4958 3884 4982 ,

2316 5005 2652 5074 prmdicativa
2684 5016 2794 5067 est;
2842 5005 2955 5057 haec
3003 5004 3159 5059 facile
3206 5008 3431 5059 vertitur
3471 5007 3521 5059 in
3552 5008 3886 5061 conditiona-

2300 5097 2419 5156 Jem
2453 5096 2545 5159 ita,
2579 5096 2623 5149 si
2657 5098 2815 5149 homo
2842 5104 2947 5159 est,
2981 5095 3177 5149 animal
3220 5106 3329 5151 est.
3375 5097 3491 5151 Non
3533 5112 3662 5152 vero
3710 5101 3889 5155 omnis

2314 5188 2687 5243 conditionalis
2742 5188 2795 5243 in
2852 5187 3244 5257 praedicativam
3298 5189 3433 5244 verti
3484 5199 3696 5260 potest,
3745 5192 3890 5247 velut

2316 5284 2456 5337 haec:
2492 5284 2538 5337 si
2569 5283 2811 5352 peperit,
2860 5298 2980 5337 cum
3024 5284 3138 5336 viro
3188 5283 3497 5337 concubuit.
3543 5283 3709 5339 Nemo
3739 5288 3883 5340 enim

2314 5373 2493 5428 dicere
2536 5382 2711 5441 potest
2758 5374 2930 5441 ipsum
2985 5374 3288 5442 peperisse,
3337 5374 3389 5427 id
3434 5388 3553 5429 esse
3600 5376 3739 5444 quod
3769 5391 3888 5431 cum

2317 5465 2431 5519 viro
2457 5465 2849 5530 concumbere,
2880 5480 2984 5533 quo
3038 5465 3196 5519 modo
3232 5466 3461 5520 dicimus
3509 5468 3779 5522 hominem
3836 5467 3891 5523 id

2316 5571 2436 5611 esse
2460 5555 2600 5625 quod
2626 5556 2821 5608 animal
2850 5556 2938 5609 sit.
2970 5556 3085 5610 Alia
3126 5557 3269 5610 enim
3301 5559 3435 5611 ratio
3464 5566 3550 5612 est
3572 5558 3625 5611 in
3659 5558 3742 5612 bis
3765 5574 3894 5627 pro-

2317 5650 2668 5718 positionibus
2695 5664 2815 5718 qua:
2838 5649 2908 5704 ita
2934 5649 3202 5716 dicuntur,
3228 5666 3347 5720 quae
3371 5652 3597 5720 peperit,
3627 5666 3749 5704 cum
3776 5653 3892 5719 viro

2317 5743 2618 5797 concubuit.
2676 5744 2802 5796 llaec
2848 5744 2989 5796 enim
3038 5743 3228 5797 similis
3259 5753 3340 5799 est
3386 5748 3435 5799 ei
3477 5760 3596 5813 quin
3631 5745 3803 5809 dicit,
3842 5745 3890 5799 si

2316 5834 2541 5902 peperit,
2567 5848 2685 5890 cum
2715 5836 2827 5889 viro
2857 5835 3164 5901 concubuit,
3189 5837 3282 5891 sed
3325 5838 3659 5906 praidicativa
3692 5830 3891 5907 propo-
