4248 6272
343 341 478 394 “29

1176 336 1239 390 1N
1281 333 1528 390 TOPICA
1568 328 1923 387 CICERONIS
1961 328 2472 385 CUMMENTARIA.
2520 330 2641 384 Lllt.
2688 300 2747 383 ἐκ.

3450 328 3580 383 Ηὲίίδ

335 450 462 505 sitio
491 447 543 501 id
574 461 692 502 esse
722 447 1019 514 subjectum
1069 445 1235 510 dicit,
1266 443 1404 511 quod
1456 442 1614 497 fuerit
1658 439 1915 512 praedira-
1945 445 1995 502 Α
2022 438 2151 504 leat,
2184 438 2280 491 nisi
2313 452 2497 491 eorum
2526 439 2755 506 aliquem
2781 453 2912 507 quos
2945 438 3282 507 praediximus
3311 442 3579 497 includat:

342 550 474 592 tum.
504 538 886 592 Conditionalis
918 554 1042 591 veru
1072 537 1120 590 id
1146 536 1328 604 ponit,
1362 547 1414 588 ut
1447 537 1492 588 si
1521 533 1573 587 id
1597 533 1734 602 quod
1760 541 1911 585 ante-

340 632 535 685 cedens
585 630 742 685 fuerit
793 628 1095 683 necessario
1125 626 1410 679 comitetur
1440 624 1582 693 quod
1625 624 1910 692 subsequi-

343 733 447 774 tur.
476 721 606 774 Cum
634 734 760 773 vero
788 719 1125 785 prmdicativa
1168 724 1249 768 est
1281 713 1596 782 prepositio,
1632 715 1676 766 si
1707 728 1767 767 ea
1794 728 1912 767 ver-

342 820 485 864 tatur
515 812 565 864 in
597 809 1005 864 conditiOnalem
1026 848 1040 870 ,
1092 807 1192 860 alia
1222 806 1475 859 nimirum
1506 805 1745 858 redditur
1784 819 1910 872 pro-

343 901 554 970 positio.
595 901 725 954 Nam
756 915 874 952 cum
917 899 1109 951 dicitur
1129 939 1143 962 ,
1176 898 1352 950 omnis
1381 898 1538 950 homo
1569 896 1761 949 animal
1807 904 1908 959 est,

344 994 455 1060 ipse
498 992 657 1045 homo
686 976 895 1043 animal
922 1004 1043 1043 esse
1097 988 1447 1055 proponitur;
1478 1002 1597 1062 cum
1646 1001 1774 1039 vero
1799 1026 1813 1050 ,
1866 986 1909 1039 si

345 1082 504 1134 homo
529 1089 640 1142 est,
673 1078 869 1132 animal
895 1087 976 1130 est
1003 1118 1018 1141 ,
1066 1092 1170 1129 non
1221 1075 1275 1128 id
1318 1075 1574 1140 sentitur,
1608 1082 1666 1127 ut
1697 1073 1787 1126 ille
1821 1073 1909 1141 qui

343 1172 501 1224 homo
542 1180 642 1234 est,
681 1170 875 1222 animal
910 1168 999 1231 sit,
1034 1167 1129 1221 sed
1159 1167 1433 1235 preposito
1463 1180 1581 1219 esse
1614 1163 1905 1228 hominem,

339 1260 595 1326 consequi
622 1267 679 1310 ut
720 1257 787 1310 sit
817 1256 1034 1310 animal.
1066 1256 1205 1322 Ergo
1254 1252 1636 1307 eonditionalis
1658 1251 1908 1320 syllogis-

340 1365 459 1403 mus
490 1350 543 1401 in
576 1347 944 1401 antecessione
986 1355 1040 1398 et
1090 1341 1469 1397 consecutione
1511 1342 1713 1410 p0situs
1738 1380 1753 1404 ,
1789 1340 1911 1393 licet

342 1453 436 1507 per
457 1437 849 1501 diflinitionem,
878 1446 931 1488 et
955 1449 1047 1501 per
1084 1437 1311 1501 partium
1352 1433 1830 1494 enumerationem,
1859 1438 1913 1481 et

340 1545 439 1598 per
462 1528 912 1597 conjugationem,
932 1534 987 1579 et
1010 1525 1248 1593 quolibet
1272 1525 1375 1577 alio
1402 1524 1494 1576 liat
1525 1522 1703 1583 modo,
1731 1528 1908 1573 tamen

342 1620 397 1673 in
442 1619 649 1686 pr0pria
697 1612 864 1670 forma
917 1630 977 1669 se
1021 1616 1287 1679 continet,
1318 1623 1371 1666 et
1400 1622 1484 1666 est
1510 1609 1908 1671 eonditionalis,

342 1708 394 1761 id
428 1717 509 1762 est
531 1715 685 1761 utens
716 1705 926 1773 propria
980 1712 1263 1771 potestate,
1292 1713 1346 1754 ut
1387 1698 1781 1770 quodammodo
1809 1713 1912 1751 cae-

2016 544 2138 583 nam
2168 536 2347 597 potest
2380 536 2571 595 prazter
2600 542 2692 581 eos
2732 531 2889 581 etiam
2923 544 3065 598 sche
3094 532 3337 599 reperiri,
3370 542 3425 584 ut
3461 549 3582 586 cum

2016 619 2273 672 dicimus:
2316 617 2371 671 Si
2416 617 2576 670 homo
2619 626 2699 670 est
2725 657 2739 679 ,
2778 618 2996 671 risibilis
3036 630 3151 683 est;
3195 620 3236 672 si
3263 636 3453 674 corvus
3478 633 3582 684 est,

2016 714 2167 779 niger
2196 723 2297 766 cst.
2329 712 2423 765 llic
2439 713 2579 765 enim
2605 727 2700 764 nec
2721 689 3111 775 diffinitiducm,
3139 729 3235 766 nec
3262 725 3458 781 partes,
3485 697 3583 768 nec

2016 802 2177 854 ullum
2226 801 2389 853 alium
2438 801 2611 853 locum
2660 802 2904 869 superius
2935 812 3300 855 enumeratum
3342 806 3583 857 continet

1958 902 1963 907 ‘
2015 898 2407 956 argumentum.
2441 888 2685 956 Amplius
2714 930 2727 952 ,
2775 889 2926 941 facile
2965 901 3043 941 εει
3075 889 3124 941 in
3153 892 3371 959 singulis
3401 908 3582 946 eorum

2012 978 2338 1032 differentias
2364 978 2681 1046 prmvidcre:
2706 978 2851 1031 locus
2878 977 3075 1045 quippe
3100 994 3125 1029 a
3156 986 3263 1031 toto
3285 997 3311 1031 a
3336 982 3586 1034 substan-

2013 1069 2083 1121 tia
2116 1067 2367 1132 trahitur,
2392 1084 2419 1120 a
2446 1068 2681 1136 partibus
2712 1082 2841 1121 vero
2862 1082 2890 1119 a
2919 1068 2992 1121 rei
3019 1072 3425 1135 compositione.
3452 1073 3583 1123 Nam

2013 1162 2067 1213 in
2098 1158 2429 1226 simplicibus
2456 1158 2696 1210 terminis
2721 1157 2826 1209 tale
2856 1164 3227 1225 argumentum
3262 1173 3367 1210 non
3412 1170 3589 1227 potest.

2013 1248 2246 1300 inveniri
2276 1288 2288 1309 ,
2322 1263 2350 1299 a
2386 1257 2529 1308 nota,
2564 1248 2629 1299 ab
2672 1248 3145 1314 interpretatione;
3189 1266 3218 1299 a
3246 1249 3542 1317 conjngatis
3569 1292 3586 1311 ,

2012 1337 2080 1389 ab
2102 1353 2165 1390 eo
2194 1335 2333 1403 quod
2364 1351 2427 1388 ex
2453 1336 2639 1388 cudcm
2666 1344 2947 1404 utrumque
2975 1337 3273 1400 deducitur;
3308 1353 3335 1389 a
3365 1355 3586 1408 genere,

2011 1441 2042 1477 a
2063 1428 2388 1489 continenti;
2418 1442 2445 1477 a
2478 1426 2679 1489 forma,
2712 1428 2777 1479 ab
2808 1443 2871 1480 eo
2888 1428 3028 1495 quod
3060 1431 3393 1495 continetur;
3422 1447 3449 1483 a
3483 1434 3584 1485 dif-

2012 1519 2257 1581 ferentia,
2278 1518 2343 1569 ab
2365 1532 2426 1569 eo
2451 1517 2589 1584 quod
2612 1516 2915 1584 discrepat;
2945 1534 2973 1570 a
2995 1517 3279 1582 similibus,
3316 1521 3383 1573 ab
3401 1524 3584 1575 eadem

2012 1609 2298 1677 qualitate;
2332 1622 2359 1659 a
2391 1608 2704 1672 contrariis,
2757 1608 2821 1660 ab
2874 1624 2937 1662 eo
2982 1609 3121 1676 quod
3162 1625 3189 1662 a
3221 1627 3279 1664 se
3323 1613 3474 1681 longe
3500 1615 3584 1666 dia

2012 1713 2163 1752 versa
2196 1706 2353 1761 sunt;
2407 1712 2435 1749 a
2466 1699 2638 1751 causis
2660 1737 2675 1763 ,
2722 1697 2788 1750 ab
2820 1699 2900 1751 liis
2937 1700 3026 1767 qui
3057 1699 3322 1753 efﬁciendi
3353 1705 3455 1755 vim
3489 1704 3583 1755 lia-

343 1808 457 1852 tera
482 1807 791 1865 argmnenta
821 1810 930 1849 suae
951 1795 1119 1849 veluti
1171 1803 1376 1848 natura:
1420 1793 1664 1851 Viti-:81"?
1713 1791 1911 1847 habere
1944 1786 1989 1846 Β
2016 1787 2176 1853 bent;
2212 1788 2277 1839 ab
2324 1787 2550 1849 effectis,
2593 1790 2658 1839 ab
2700 1788 2784 1840 liis
2814 1806 2931 1857 qua:
2965 1790 3068 1842 vim
3097 1791 3317 1845 alterius
3348 1793 3585 1847 efficien-

340 1886 604 1955 subjecta.
640 1886 706 1940 Ut
743 1901 864 1939 cum
891 1885 961 1938 sit
993 1900 1022 1938 a
1051 1884 1370 1938 dil'iinitione
1413 1894 1816 1953 argumentum,
1862 1883 1911 1937 si

341 1979 554 2046 quidem
580 1975 1084 2051 perpracdicativam
1117 1976 1336 2028 formam
1363 1975 1531 2029 factus
1563 1973 1723 2029 fuerit
1743 1973 1911 2042 syllo-

274 2107 287 2119 .
340 2069 564 2138 gismus,
596 2083 624 2120 a
655 2067 978 2121 diffinitione
1009 2066 1226 2119 ductum
1253 2079 1375 2119 esse
1406 2065 1633 2119 dicatur.
1662 2064 1756 2118 Sin
1781 2078 1913 2117 vero

344 2174 443 2227 per
472 2157 790 2227 bypothesin
824 2157 958 2210 facta
997 2155 1161 2211 fuerit
1197 2156 1619 2225 argumentatio,
1653 2153 1916 2208 conditio-

344 2250 483 2304 nalis
528 2249 585 2301 fit
638 2249 1018 2318 syllogismus,
1074 2262 1232 2315 quem
1282 2248 1552 2301 discernat
1596 2245 1911 2314 assumptio,

345 2351 519 2393 utrum
547 2339 613 2393 ab
637 2338 1035 2400 antecedentis,
1060 2353 1128 2391 an
1156 2353 1183 2389 a
1213 2336 1593 2404 consequentis
1621 2345 1769 2404 parte
1791 2348 1917 2402 pro-

343 2442 537 2483 matur.
569 2428 684 2495 Quo
716 2428 771 2482 fit
800 2442 855 2482 ut
898 2430 1107 2483 etiamsi
1139 2444 1233 2498 per
1276 2439 1500 2484 caeteros
1531 2429 1679 2482 locos
1733 2426 1917 2481 condi-

346 2522 543 2575 tiunale
581 2529 949 2590 argumentum
981 2521 1310 2588 proferatur,
1350 2529 1525 2573 tamen
1558 2533 1704 2571 Suam
1732 2532 1918 2586 quam-

346 2615 468 2666 dam
498 2612 688 2665 habeat
713 2612 961 2677 formam,
994 2610 1427 2681 quanquuidem
1460 2610 1511 2663 in
1544 2608 1918 2663 antecessione

349 2714 404 2757 et
431 2706 811 2759 consecutioue
841 2714 926 2759 est
950 2710 1287 2758 constitutus.
1314 2704 1461 2755 Tunc
1479 2703 1620 2756 enim
1648 2700 1917 2763 diffinitio,

350 2802 552 2861 partes,
580 2796 905 2863 conjugatin,
934 2802 988 2848 et
1014 2803 1206 2848 caetera
1238 2792 1400 2846 veluti
1426 2807 1513 2845 res
1545 2792 1670 2859 ipsa:
1703 2792 1836 2843 fiunt
1856 2805 1919 2843 ac

349 2899 460 2937 non
488 2885 656 2948 locus,
689 2900 809 2937 cum
844 2884 1086 2938 venerint
1126 2885 1179 2936 in
1211 2883 1609 2948 conditionem;
1642 2882 1760 2936 atsi
1790 2896 1920 2935 con-

346 2977 481 3033 ditio
508 2984 706 3041 cesset,
732 2992 794 3029 ex
829 2976 957 3043 ipsis
1009 2974 1303 3043 profectum
1347 2975 1609 3028 videbitur
1637 2989 1920 3041 argumen-

348 3079 481 3122 tum.
498 3068 647 3135 Quod
676 3067 722 3121 si
749 3067 1162 3135 propositionem
1185 3066 1422 3119 conditio
1435 3065 1783 3133 cepulaverit,
1803 3064 1916 3133 ipsa

2014 1883 2100 1934 tiae
2130 1880 2598 1947 suscepcrmit;,ab
2619 1879 2903 1949 adjuncris,
2932 1898 2960 1935 a
2994 1884 3264 1938 vicinitate
3289 1896 3522 1949 naturae;
3551 1902 3582 1939 a

2014 1974 2411 2040 comparatione
2441 1972 2725 2039 majorum,
2760 1974 2963 2041 parium
2998 1976 3075 2028 vel
3110 1977 3409 2040 minorum;
3443 1992 3471 2029 a
3503 1994 3587 2031 re-

2014 2064 2244 2129 latione,
2298 2064 2363 2117 ad
2416 2064 2669 2131 aequalem
2720 2067 2803 2118 vel
2860 2066 3170 2134 inaequalem
3211 2069 3581 2135 quantitatem.

2013 2153 2097 2207 Ab
2119 2154 2561 2209 antecedentibus
2587 2169 2714 2208 vero
2746 2155 2901 2225 longe
2930 2156 3066 2209 alius
3096 2156 3284 2211 modus
3314 2169 3395 2211 est
3418 2177 3430 2210 :
3455 2174 3586 2212 eun-

2016 2256 2121 2298 stat
2143 2248 2285 2300 enim
2318 2247 2368 2299 in
2401 2261 2467 2299 eo
2497 2244 2635 2313 quod
2664 2247 2708 2299 si
2738 2250 3065 2313 propositum
3090 2247 3213 2316 quid
3246 2248 3586 2311 fuerit,a|iud

2016 2338 2267 2407 quiddam
2297 2337 2468 2391 modis
2517 2340 2762 2391 omnibus
2812 2339 3025 2401 existet,
3066 2339 3203 2406 quod
3246 2355 3585 2409 consequens

2015 2431 2342 2499 appellatur;
2378 2431 2533 2498 hujus
2584 2446 2712 2483 vero
2755 2430 3102 2499 intelligentia
3147 2429 3387 2485 consistit
3432 2433 3482 2486 in
3521 2450 3587 2487 eo

2017 2520 2157 2588 quod
2189 2518 2524 2587 przecedente
2552 2518 2811 2586 quolibet,
2841 2519 2984 2571 aliud
3016 2521 3388 2585 subsecutum;
3424 2538 3586 2591 repu-

2017 2608 2290 2677 gnantium
2313 2623 2441 2663 vero
2469 2608 2813 2676 intelligentia
2839 2608 3106 2671 consistit,
3133 2624 3236 2661 non
3263 2611 3420 2664 modo
3444 2613 3585 2680 quod

2020 2714 2191 2770 neque
2247 2700 2431 2770 sequi,
2490 2716 2660 2769 neque
2710 2700 3026 2757 antecedere
3083 2710 3333 2770 possunt,
3400 2720 3585 2757 verum

2020 2791 2181 2843 etiam
2227 2789 2368 2859 quod
2402 2791 2561 2843 simul
2600 2805 2721 2844 esse
2754 2805 2856 2843 non
2889 2803 3132 2858 possunt,
3164 2809 3281 2861 qua)
3313 2794 3366 2846 in
3397 2795 3584 2848 condi-

2020 2882 2165 2935 tione
2196 2883 2494 2937 consistere
2523 2881 2741 2935 dubium
2788 2898 2895 2936 non
2925 2892 3027 2938 est.
3070 2878 3162 2937 His
3206 2885 3365 2952 igitur
3396 2886 3463 2937 ita
3494 2902 3587 2938 ett-

2022 2973 2243 3043 peditis,
2275 2973 2521 3041 quoniam
2561 2973 2631 3026 lli.
2681 2973 2884 3028 Tullius
2916 2977 3291 3044 proprietatem
3333 2974 3436 3029 loci
3467 2991 3588 3033 suc-

2021 3066 2216 3127 cincte,
2250 3073 2307 3116 ut
2338 3064 2390 3116 in
2420 3072 2727 3117 transcursu
2762 3065 2955 3132 potuit,
2987 3065 3261 3119 evidenter
3298 3069 3585 3133 expressit,

348 3159 562 3227 quidem
592 3172 652 3209 ea
698 3165 821 3210 sunt
851 3172 967 3225 qua:
998 3156 1051 3208 in
1081 3155 1532 3223 propositionibus
1574 3155 1916 3208 continentur
1946 3144 1990 3205 C
2024 3169 2161 3207 nunc
2188 3152 2377 3222 quibus
2407 3152 2578 3206 modis
2622 3152 2810 3206 eodem
2852 3155 2967 3207 loco
3019 3154 3095 3207 uti
3129 3157 3411 3209 conveniat
3434 3196 3448 3220 ,
3494 3158 3588 3210 ad-

348 3248 519 3302 veluti
542 3248 783 3316 quadam
813 3248 1112 3315 argumenti
1141 3256 1336 3315 partes,
1371 3247 1518 3299 locus
1548 3261 1673 3299 vero
1706 3248 1755 3299 in
1786 3262 1917 3300 con-

350 3340 555 3391 ditione
602 3347 684 3391 est
713 3340 1049 3390 constitutus.
1085 3337 1256 3403 Atque
1302 3336 1416 3390 lucc
1447 3337 1519 3390 ita
1566 3336 1703 3390 dicta
1750 3343 1915 3401 sunt,

350 3430 502 3497 quasi
546 3428 702 3482 aliter
736 3426 1110 3482 eonditionalis
1153 3427 1239 3481 hic
1270 3427 1419 3481 !ocus
1449 3426 1664 3481 tractari
1695 3442 1798 3481 non
1826 3440 1919 3478 va-

2012 3245 2207 3314 jungit.
2267 3245 2396 3310 Quae
2445 3244 2765 3312 Topicorum
2801 3260 2953 3316 pars,
2996 3246 3588 3317 quoniam'diltgentius

2018 3335 2357 3404 explananda
2407 3345 2528 3398 est,
2588 3336 2745 3390 linem
2794 3344 2981 3405 quarto
3041 3337 3294 3391 volumini
3372 3338 3581 3404 faciam,

2019 3427 2205 3494 quinto
2239 3434 2429 3479 cratera
2459 3425 2782 3480 redditurus.

348 3543 3562 3567 mm

1543 3635 1830 3714 LIBER
1883 3635 2365 3727 QUINTUS.

1845 3753 2101 3766 ψ

423 3813 498 3866 De
526 3812 768 3866 omnibus
792 3811 1001 3879 quidem
1030 3810 1389 3881 hypotheticis
1422 3810 1767 3880 syllogismis,
1813 3811 1919 3866 Pa-

354 3904 475 3958 trici
514 3902 783 3955 rhetorum
813 3904 1152 3971 peritissime,
1179 3904 1336 3970 plene
1366 3904 1803 3971 abundanterque
1832 3904 1920 3958 di-

356 3994 618 4063 gessimus
649 3992 729 4045 his
754 3992 924 4055 lihris,
957 4006 1090 4059 quos
1121 3992 1186 4046 de
1215 4006 1400 4047 eorum
1442 3992 1807 4061 principaliter
1838 3995 1919 4047 in-

354 4084 626 4137 stitutione
667 4082 1121 4151 conscripsimus,
1168 4099 1199 4138 a
1241 4085 1432 4152 quibus
1479 4085 1738 4154 integram
1791 4101 1916 4154 per-

354 4174 651 4244 fectamque
690 4174 983 4228 doctrinam
1010 4213 1025 4237 ,
1075 4174 1161 4228 cui
1211 4176 1511 4230 resolvendi
1556 4177 1646 4232 illa
1692 4193 1916 4231 vacuum

352 4274 562 4335 tempus
590 4275 691 4331 εει,
725 4267 891 4320 lector
916 4266 1161 4334 accipiet.
1192 4266 1296 4322 Sed
1324 4270 1448 4336 quia
1474 4285 1615 4323 nunc
1645 4270 1919 4325 Ciceronis

304 4343 311 4347 ”
352 4355 551 4422 Topica
568 4357 888 4423 sumpsimus
905 4359 1240 4426 exponenda,
1262 4362 1491 4429 atquein
1516 4361 1599 4415 his
1619 4361 1919 4430 aliquorum

355 4444 426 4497 Μ.
447 4443 652 4496 Tullius
680 4445 956 4498 modorum
988 4449 1250 4511 meminit,
1281 4450 1564 4503 dicendum
1592 4452 1720 4504 mihi
1748 4453 1922 4505 brevi-

356 4541 439 4586 ter
476 4531 724 4586 existimo
749 4534 817 4587 de
846 4535 929 4587 his
959 4545 1160 4602 septem
1191 4538 1641 4594 conditionalibus
1670 4542 1918 4609 syllogis-

356 4619 478 4685 mis,
513 4635 630 4689 quze
659 4635 841 4675 eorum
875 4632 1062 4676 natura
1093 4624 1185 4688 sit,
1216 4625 1742 4698 propositionumque
1787 4645 1918 4683 con-

356 4711 554 4776 textio,
583 4720 639 4764 ut
663 4726 782 4765 cum
817 4712 931 4766 [nec
959 4714 1024 4766 ad
1062 4714 1335 4767 scientiam
1366 4715 1468 4769 rite
1500 4718 1768 4783 prmlibata
1802 4735 1921 4786 per-

355 4810 622 4865 venerint,
654 4800 899 4854 Tulliana
920 4803 1127 4857 facilius
1150 4813 1431 4857 noscantur
1458 4808 1722 4873 exempla.
1753 4808 1921 4862 Omne

355 4890 513 4959 igitur
535 4890 676 4959 quod
706 4890 759 4943 in
780 4892 1072 4958 quaestione
1096 4890 1387 4957 dubitatur,
1422 4902 1513 4946 aut
1541 4895 1917 4951 verisimilibus

356 4990 447 5034 aut
468 4980 781 5034 necessariis
806 4982 1114 5048 probabitur
1145 4985 1491 5051 argumentis.
1536 4986 1917 5055 Argumentum

355 5084 484 5124 vero
509 5084 667 5125 omne
691 5082 781 5125 aut
812 5072 864 5125 in
895 5072 1185 5141 syllogismi
1217 5076 1457 5129 ordinem
1506 5078 1678 5141 cadit,
1726 5090 1817 5133 aut
1854 5095 1919 5133 ex

355 5159 665 5229 syllogismo
693 5162 831 5215 vires
856 5162 1433 5234 aceipit.Syllogisunus
1451 5182 1573 5221 vero
1602 5170 1773 5223 omnis
1802 5185 1923 5237 pro-

216 5292 223 5303 .
274 5282 277 5283 ν
356 5249 712 5317 positionibus
729 5260 959 5305 constat.
987 5252 1386 5320 Propositiones
1415 5266 1593 5309 autem
1616 5258 1698 5311 vel
1720 5259 1922 5325 simpli-

355 5352 448 5393 ces
478 5348 623 5407 sunt,
650 5341 732 5395 vel
762 5344 1094 5409 compositae.
1125 5344 1405 5414 Simplices
1430 5357 1555 5402 sunt
1574 5363 1693 5416 qua:
1715 5350 1923 5418 simpli-

355 5432 508 5487 cibus
523 5434 778 5487 orationis
794 5434 1030 5502 partibus
1048 5436 1455 5506 conjunguntur.
1473 5439 1922 5507 Copulantautem

356 5522 760 5590 incompositam
831 5525 1247 5591 pr0positionem
1321 5529 1591 5596 simplices
1670 5532 1925 5589 orationis

355 5623 558 5682 partes,
591 5628 782 5668 nomen
812 5624 866 5667 et
902 5616 1120 5669 verbum
1140 5656 1155 5683 ,
1186 5619 1346 5671 veluti
1388 5635 1506 5674 cum
1532 5621 1777 5689 dicimus,
1809 5623 1924 5679 dies

358 5715 463 5773 est,
494 5707 576 5761 vel
621 5706 735 5762 dies
765 5721 960 5759 vernus
989 5718 1101 5769 est,
1148 5710 1230 5761 vel
1263 5711 1379 5766 dies
1420 5729 1639 5769 serenus
1669 5724 1785 5783 est;
1840 5717 1921 5771 hic

780 5804 1047 5862 PATROL.
1091 5806 1309 5867 LXIV.

1952 4405 1999 4463 D

2028 3814 2168 3866 enim
2195 3827 2409 3867 omnem
2451 3814 2557 3867 vim
2599 3814 2976 3882 pr0positionis
3003 3829 3196 3870 nomen
3228 3820 3492 3873 connectit
3538 3830 3592 3875 et

2027 3906 2268 3961 verbum.
2292 3909 2481 3960 Omnis
2502 3917 2676 3959 autem
2699 3907 2923 3974 simplex
2953 3909 3245 3975 pr0positio
3271 3925 3333 3963 ex
3353 3912 3592 3979 subjecto

2026 3996 2416 4065 przedicatoque
2436 3997 2699 4049 consistit.
2731 3996 3038 4063 Subjectum
3061 4007 3144 4053 est
3170 3998 3237 4051 de
3259 4014 3362 4066 quo
3383 4000 3581 4053 dicitttr

2027 4088 2078 4140 id
2119 4087 2257 4153 quod
2288 4086 2622 4153 prtedicatur.
2656 4084 3007 4159 Praedicatum
3038 4088 3280 4155 estquod
3311 4088 3377 4141 de
3401 4103 3470 4141 eo
3501 4090 3588 4141 di-

2026 4179 2160 4233 citur
2184 4176 2325 4245 quod
2356 4175 2649 4242 subjectum
2675 4183 2773 4227 est.
2822 4175 3258 4230 Verbum-autem
3308 4178 3590 4245 aliquoties

2031 4265 2317 4335 praedicam
2358 4264 2557 4317 nomini
2588 4262 2911 4331 adjungitur,
2946 4263 3225 4332 aliquoties
3257 4266 3425 4333 ipsum
3457 4282 3591 4334 prie-

2028 4357 2254 4410 dicatur.
2279 4354 2571 4408 Praedicato
2599 4355 2799 4407 nemini
2831 4355 3155 4425 adjungitur,
3188 4367 3243 4409 ut
3269 4356 3323 4410 in
3347 4356 3444 4411 hac
3471 4373 3592 4426 pro-

2006 4455 2290 4527 ‘positione
2311 4468 2427 4520 quae
2449 4452 2596 4516 dicit,
2626 4451 2743 4506 dies
2768 4466 2988 4506 serenus
3016 4461 3099 4506 est
3120 4470 3132 4506 :
3152 4454 3266 4508 dies
3294 4455 3436 4508 enim
3462 4455 3589 4529 sub-

2024 4544 2198 4611 jectus
2226 4551 2328 4606 est,
2352 4556 2574 4595 serenus
2599 4541 2947 4608 przedicatus;
2991 4551 3075 4595 est
3097 4558 3223 4598 vero
3252 4545 3470 4599 verbum
3500 4561 3591 4600 se-

2031 4650 2160 4689 reno
2185 4633 2489 4701 adjunctum
2520 4640 2625 4693 est,
2658 4632 2797 4699 quod
2822 4632 3051 4688 diximus
3074 4648 3193 4689 esse
3225 4636 3587 4703 pr‘mdicatum.

2030 4728 2099 4779 At
2124 4724 2167 4776 si
2198 4724 2319 4776 talis
2352 4724 2422 4774 sit
2445 4722 2756 4789 propositio,
2787 4737 2901 4788 qua:
2927 4725 3041 4777 solo
3064 4726 3277 4780 nomine
3299 4738 3509 4783 constet
3538 4743 3596 4783 et

2030 4814 2214 4878 verbo,
2248 4811 2409 4866 veluti
2440 4826 2558 4864 cum
2591 4811 2839 4877 dicimus,
2870 4813 2983 4866 dies
3013 4823 3123 4877 est,
3166 4825 3291 4869 tunc
3320 4817 3434 4871 dies
3463 4821 3592 4873 sub-

2024 4904 2225 4971 jicitur,
2248 4912 2332 4959 est
2358 4902 2577 4956 verbum
2601 4905 2716 4957 sine
2735 4902 2895 4956 dubio
2916 4907 3265 4973 praedicatur;
3290 4910 3405 4964 sine
3430 4914 3595 4965 verbo

2027 5004 2203 5048 autem
2234 4993 2378 5046 trulla
2410 5002 2493 5047 est
2538 4994 2829 5061 propositio
2863 5010 2879 5047 :
2911 4996 3085 5049 omnis
3115 4999 3255 5050 enim
3301 5003 3593 5068 propositio

2029 5085 2111 5139 vel
2141 5099 2263 5139 vera
2294 5085 2378 5139 vel
2406 5084 2535 5138 falsa
2567 5096 2679 5149 cst;
2729 5085 2830 5138 nisi
2861 5095 3034 5139 autem
3067 5093 3283 5142 verbum
3313 5092 3382 5144 sit
3421 5094 3592 5160 quod—

2030 5178 2160 5233 libet
2188 5179 2518 5246 adjunctum,
2549 5192 2654 5246 quo
2675 5193 2794 5232 esse
2814 5178 3013 5246 aliquid
3058 5189 3149 5233 aut
3178 5196 3280 5233 non
3309 5197 3427 5237 esse
3452 5183 3595 5237 dica-

2030 5277 2139 5334 tur,
2189 5270 2334 5335 nulla
2361 5270 2562 5323 veritas
2587 5278 2678 5321 aut
2713 5268 2916 5322 falsitas
2946 5269 3000 5322 in
3026 5272 3473 5337 propositionibus
3500 5277 3590 5327 de-

2031 5359 2396 5428 prehenditur.
2452 5360 2607 5427 Saape
2653 5369 2829 5412 autem
2885 5358 3277 5426 propositiones
3320 5363 3477 5416 etiam
3529 5380 3590 5416 ex

2029 5452 2153 5504 totis
2179 5450 2510 5504 orationibus
2534 5458 2801 5513 constant,
2822 5458 2878 5502 ut
2907 5451 2951 5503 si
2973 5450 3210 5505 dicamus
3229 5468 3245 5506 :
3265 5452 3512 5507 Transire
3545 5458 3589 5506 iu

2030 5541 2260 5595 Africam
2286 5538 2415 5593 utile
2437 5549 2516 5593 est
2544 5539 2829 5602 Romanis;
2864 5539 2951 5592 hic
2982 5541 3119 5593 enim
3150 5542 3448 5612 subjectum
3476 5548 3596 5613 qui-

2028 5631 2149 5684 dem
2177 5638 2261 5682 est
2289 5630 2514 5683 transire
2545 5628 2595 5681 in
2642 5626 2874 5680 Africam
2898 5668 2911 5692 ,
2954 5629 3082 5683 utile
3121 5610 3295 5685 autern
3340 5610 3596 5687 Romanis

2033 5720 2401 5790 prmdicatum,
2441 5730 2520 5774 est
2546 5733 2670 5772 vero
2703 5718 2988 5787 prtedicat‘o
3010 5721 3366 5792 conjungitur.
3400 5724 3586 5794 Hujus-

3081 5811 3158 5870 3G
