4248 6272
673 405 805 462 ιιῑι

1934 370 2044 424 AN.
2086 366 2292 422 MANL.
2337 361 2483 418 SEV.
2528 357 2745 414 BOETll

3782 345 3922 398 “5‘3

674 515 816 575 modi
848 510 1005 581 igitur
1031 510 1215 558 omnes
1238 489 1635 566 prepositiones
1662 480 2019 555 prtedicativa:
2048 477 2236 532 dicun-
2270 481 2316 537 Α
2345 467 2746 539 repugnantiam
2766 463 2983 528 cadunt,
3017 462 3117 515 hoc
3141 459 3319 525 modo,
3345 456 3391 513 si
3413 458 3617 526 vigilat.
3641 469 3747 510 non
3774 464 3924 511 ster-

1808 577 1818 581 _
1918 574 1948 581 ..
2008 572 2022 581 .
2069 570 2081 581 .
2170 568 2200 581 ..
2348 564 2404 581 .9-
2467 560 2557 581 In-
2584 558 2985 581 -_m_-_....:.........
3019 551 3258 581 ...ιι-..ζων
3289 550 3500 581 ..ωηιξη
3553 547 3648 581 ειμι
3674 547 3715 581 αἱ
3742 556 3924 581 Μαι.-

675 622 779 663 tur.
804 568 1168 657 Priedicativa:
1194 602 1321 643 vero
1348 582 1701 654 appellantur,
1733 577 1853 646 quia
1884 572 2026 625 aliud
2050 570 2118 623 de
2135 568 2239 620 alio

679 661 983 767 praedicant.
1008 686 1310 749 Omnesque
1335 676 1421 746 qui
1443 690 1505 729 ex
1531 672 1613 724 his
1629 664 2080 739 propositionibus
2110 661 2243 712 fiunt

676 753 993 856 syllogismi,
1022 772 1311 831 secundum
1337 764 1759 822 enuntiationum
1802 770 2015 809 suarum
2044 753 2243 806 formas

679 840 1003 944 pra-dicativi
1034 864 1389 934 appellantur.
1436 856 1512 909 Ex
1558 854 1637 905 liis
1676 860 1852 904 autem
1885 840 2246 914 prredicativis

680 959 1135 1035 propositionibus
1188 952 1421 1007 existunt
1461 943 1772 1013 composita:
1831 926 2273 1008 prepositiones,'

681 1070 902 1127 quarum
927 1052 1046 1106 aliae
1075 1028 1289 1118 quidem
1317 1038 1614 1110 cepulativa
1633 1031 2006 1102 conjunctione
2027 1034 2249 1081 nectun-

682 1166 787 1217 tur,
818 1159 874 1203 ut
902 1156 957 1202 et
985 1146 1099 1199 dies
1127 1151 1226 1204 est,
1260 1147 1313 1193 et
1344 1136 1433 1189 lux
1463 1143 1544 1186 est
1570 1148 1582 1195 ;
1631 1129 1749 1182 aliae
1778 1140 1906 1179 vero
1939 1138 2030 1191 per
2062 1117 2248 1173 condi-

683 1244 883 1296 tionem
914 1242 1065 1297 liunt,
1099 1248 1214 1300 quae
1240 1230 1397 1283 etiam
1442 1219 1827 1277 conditionales
1857 1211 2251 1269 enuntiationes

690 1343 966 1387 vocantur.
1018 1328 1110 1380 Hm
1150 1339 1277 1376 vero
1310 1327 1431 1372 sunt
1470 1331 1589 1384 quae
1614 1307 1987 1377 conjunctione
2029 1300 2253 1370 quadam

692 1424 927 1493 partibus
969 1412 1283 1482 interposita
1313 1409 1378 1463 ad
1408 1402 1839 1472 consequentiam
1872 1394 2257 1448 conditionem-

687 1527 791 1581 que
814 1511 1101 1562 ducuntur.
1131 1502 1242 1570 Age
1264 1500 1404 1552 enim
1434 1496 1542 1547 sint
1561 1493 1676 1545 dua:
1701 1485 2092 1557 propositiones
2122 1492 2258 1545 pra!-

691 1606 722 1657 d
747 1601 932 1656 cativze
964 1614 976 1649 :
1014 1610 1114 1649 una
1146 1590 1381 1659 quidem,
1414 1599 1535 1654 qua:
1563 1582 1711 1644 dicit,
1742 1576 1941 1631 animal
1985 1581 2106 1633 est;
2156 1568 2259 1621 alia

693 1708 822 1745 vero
868 1703 985 1757 qua:
1033 1681 1314 1752 preponit,
1372 1678 1530 1729 homo
1560 1681 1661 1725 est.
1716 1669 1807 1721 llis
1856 1666 1899 1719 si
1958 1659 2247 1729 conjuner

713 1780 1036 1842 nterveniat,
1072 1775 1259 1837 faciet,
1289 1771 1331 1823 si
1366 1770 1525 1820 liomo
1553 1774 1667 1825 est,
1712 1755 1907 1812 animal
1950 1761 2051 1807 est.
2100 1749 2261 1801 Vides

2348 564 2430 614 tit.
2467 560 2559 613 llic
2582 558 2985 612 aflirmationem
3019 551 3258 621 sequitur
3288 550 3522 617 negatio,
3553 547 3651 601 sed
3674 547 3719 617 si
3742 556 3925 614 poste-

2343 652 2469 706 riori
2501 652 2657 720 parti,
2693 649 2742 702 id
2781 656 2882 714 est,
2912 661 3015 698 noti
3042 644 3239 707 stertit,
3270 641 3481 708 negatio
3509 640 3775 702 denia'ur,
3807 638 3919 700 fiet,

2345 744 2388 795 si
2413 743 2591 806 vigilat
2619 740 2815 799 stertit,
2846 746 2900 790 et
2926 734 3029 788 erit
3061 746 3398 801 repugnans;
3439 730 3533 783 sed
3568 729 3618 781 in
3660 729 3925 781 connexis

2346 843 2504 901 atque
2545 829 2825 896 disjunctis
2856 823 3312 894 propositionibus
3344 820 3474 873 illud
3520 817 3921 886 intelligendum

2348 932 2463 987 est,
2507 922 2647 989 quod
2677 921 2728 973 in
2758 934 2939 973 earum
2971 916 3210 987 partibus
3238 924 3292 967 et
3316 914 3395 972 vis
3424 912 3733 981 qumstionis
3758 910 3926 963 inclu-

2352 1014 2496 1066 ditur
2526 1022 2578 1065 et
2615 1009 2934 1082 argumenti.
2979 1012 3091 1071 Age
3132 1003 3576 1059 enim'dubiteiur
3608 1016 3676 1053 an
3716 1001 3800 1053 lux
3830 1001 3924 1062 sit,

2354 1106 2511 1173 idque
2532 1103 2928 1172 approbandum
2958 1100 3028 1155 sit
3058 1116 3121 1154 ex
3152 1114 3217 1153 eo
3244 1098 3385 1166 quod
3417 1098 3532 1149 dies
3561 1105 3662 1149 est.
3688 1094 3742 1147 Si
3766 1094 3930 1160 igitur

2356 1197 2427 1251 ita
2458 1195 2551 1248 fiat
2583 1193 2876 1265 propositio
2899 1233 2913 1255 ,
2965 1193 3009 1245 si
3053 1192 3169 1245 dies
3196 1199 3305 1254 est,
3354 1189 3441 1242 lux
3473 1197 3579 1253 est,
3613 1201 3674 1240 ea
3705 1186 3929 1253 quidem

2358 1301 2480 1355 pars
2508 1287 2666 1339 totius
2688 1286 3068 1354 propositionis
3092 1299 3209 1353 quae
3235 1283 3496 1351 sequitur,
3518 1282 3570 1332 id
3590 1289 3692 1341 est,
3712 1279 3800 1330 lux
3813 1283 3932 1336 est,

2359 1377 2669 1445 quaastionis
2698 1387 2797 1430 est.
2835 1377 2907 1430 De
2946 1390 3006 1428 ea
3041 1389 3270 1443 namque
3314 1372 3568 1440 quaeritur
3595 1385 3659 1422 an
3701 1370 3791 1421 lux
3836 1368 3933 1419 sit.

2363 1472 2436 1524 Ea
2466 1485 2592 1523 vero
2624 1486 2741 1537 quae
2773 1470 2918 1537 prior
2947 1478 3049 1533 est,
3080 1469 3131 1520 id
3163 1476 3265 1531 est,
3292 1465 3409 1519 dies
3430 1472 3543 1530 est,
3567 1466 3672 1515 vim
3696 1460 3937 1514 continet

2362 1562 2680 1630 argumenti.
2716 1562 2790 1613 Ex
2817 1558 3050 1614 eo'enim
3081 1558 3221 1626 quod
3251 1557 3365 1611 dies
3403 1566 3520 1619 εει,
3557 1555 3642 1607 lux
3670 1566 3788 1606 esse
3813 1565 3937 1619 pro-

2364 1651 2592 1713 babitur,
2635 1661 2690 1704 et
2730 1650 2783 1703 in
2816 1651 3023 1702 caeteris
3054 1648 3265 1716 quidem
3297 1647 3377 1700 vel
3403 1645 3683 1707 connexis,
3715 1642 3799 1695 vel
3825 1641 3936 1694 dis-

2363 1743 2560 1811 junctis
2580 1742 2766 1795 eadem
2789 1741 2925 1797 ratio
2946 1747 3047 1793 est.
3074 1738 3129 1792 ln
3152 1737 3399 1792 omnibus
3423 1751 3555 1789 vero
3583 1734 3667 1788 liis
3686 1732 3935 1799 quoniam

656 1862 849 1943 'igitur
891 1878 947 1922 ut
993 1868 1124 1919 duas
1156 1857 1522 1930 praedicatis-as
1566 1849 1957 1918 pmpiisitimtes
2002 1843 2053 1895 in
2098 1853 2255 1892 unam
2292 1839 2336 1895 Β
2365 1834 2706 1904 sy|l0gismns
2737 1840 2896 1900 atque
2935 1830 3328 1899 argumintatio
3367 1828 3433 1881 ad
3464 1824 3936 1880 demonstrandam

1742 1942 1745 1943 ,
1856 1941 1879 1943 η
2189 1932 2220 1943 .-
2365 1934 2564 1943 ..-μμη
2610 1923 2829 1943 -ι.,.....-..
2877 1918 3181 1943 ,-........:....:..
3220 1914 3649 1943 ..ηηηηκωιηιηιηη
3716 1910 3936 1943 mm.th

691 1963 1046 2020 conditionem
1093 1951 1394 2021 conjunctio
1443 1942 1795 2015 copulavetit.
1847 1941 1977 2001 Qua:
2023 1948 2144 1987 cum
2189 1932 2259 1982 ita

658 2046 663 2049 ⁵
690 2057 815 2118 sint,
834 2064 1017 2107 omnes
1040 2047 1121 2101 liae
1142 2041 1528 2112 prepositiones
1554 2030 1930 2101 hypotltetieaa,
1950 2024 2002 2078 itl
2026 2030 2109 2077 est
2131 2036 2231 2073 con
2249 2047 2261 2058 -

692 2144 993 2206 ditionales,
1028 2145 1285 2191 vocantur
1312 2171 1325 2192 .
1358 2141 1515 2196 atque
1561 2138 1625 2177 ex
1657 2122 1739 2176 bis
1783 2114 2076 2189 syllogismi
2128 2110 2261 2164 tales

693 2239 946 2298 existunt,
977 2231 1168 2301 quibus
1199 2219 1554 2295 liypotlieticis
1584 2215 1667 2269 vel
1697 2206 2143 2266 conditionalibus
2176 2216 2265 2255 no-

695 2345 819 2384 men
840 2336 937 2380 est.
966 2322 1149 2377 Omnis
1172 2326 1346 2371 autem
1366 2308 1702 2382 liypotlietica
1729 2299 2044 2372 propositio,
2063 2295 2146 2351 vel
2170 2298 2263 2363 per

698 2416 1087 2475 conni-ximiem
1121 2410 1212 2472 tit,
1259 2405 1341 2459 vel
1375 2418 1467 2471 per
1498 2395 1935 2466 disjunctionem.
1989 2390 2091 2441 Per
2132 2400 2263 2439 con-

699 2510 980 2564 nexionem
1022 2503 1121 2553 hoc
1159 2496 1338 2558 modo,
1391 2493 1433 2545 si
1481 2490 1596 2543 dies
1623 2496 1724 2550 est,
1774 2484 1862 2535 lux
1894 2489 1994 2534 est.
2028 2476 2132 2530 Per
2151 2475 2263 2528 dis-

697 2597 1025 2669 junctionem
1053 2593 1144 2653 ita,
1178 2585 1398 2640 autdies
1420 2595 1521 2643 eet,
1547 2588 1635 2631 aut
1662 2591 1762 2629 nox
1785 2584 1885 2629 est.
1918 2572 2112 2624 Earum
2136 2582 2265 2621 vero

676 2708 816 2765 qua:
845 2703 939 2758 per
968 2680 1361 2739 eonncxionem
1395 2676 1549 2732 fiunt,
1574 2670 1623 2723 al
1647 2684 1691 2722 ac
1717 2683 1781 2721 ex
1804 2665 2005 2719 duabus
2032 2660 2267 2715 affirma-

684 2759 820 2839 tivis
850 2777 1107 2847 copulata:
1129 2779 1280 2835 sunt,
1330 2776 1385 2820 ut
1414 2767 1455 2818 si
1501 2763 1616 2816 dies
1647 2769 1747 2825 est,
1781 2759 1869 2811 lux
1899 2763 2002 2817 est,
2034 2763 2265 2820 namque

699 2880 812 2930 dies
839 2841 942 2935 est,
978 2876 1030 2921 et
1059 2867 1151 2918 lux
1182 2869 1283 2926 est,
1315 2869 1552 2924 utra-que
1575 2850 1771 2920 aliquid
1801 2846 2070 2901 affirmant
2102 2860 2115 2908 ;
2149 2841 2266 2894 alite

688 2964 762 3019 ἐις
799 2960 1005 3017 duabus
1032 2952 1311 3025 negativis,
1346 2962 1399 3002 ut
1432 2948 1473 3000 si
1507 2948 1593 2998 lux
1620 2958 1724 2995 non
1754 2946 1858 3004 est,
1889 2937 2002 2989 dies
2030 2948 2132 2986 non
2163 2940 2263 2992 est,

699 3072 821 3111 nam
846 3055 1020 3109 lucem
1063 3064 1169 3102 non
1198 3060 1336 3106 esse,
1367 3048 1422 3095 et
1444 3040 1585 3093 diem
1617 3048 1722 3089 non
1747 3017 1896 3091 esse,
1924 3037 2145 3094 utraque
2176 3037 2268 3077 nc-

699 3149 841 3215 gatio
866 3153 983 3211 est;
1015 3144 1132 3197 alia:
1162 3153 1292 3194 vero
1321 3152 1382 3190 ex
1412 3131 1724 3186 aflirmativa
1758 3124 2103 3191 negativaque
2142 3130 2269 3169 con-

705 3240 895 3309 ξιιιιειεε
923 3244 1067 3299 ειιιιι,
1109 3241 1164 3285 ιιι
1194 3231 1237 3283 si
1266 3229 1379 3281 dies
1406 3233 1511 3289 est,
1540 3235 1645 3274 nox
1677 3232 1780 3271 non
1825 3222 1905 3267 est
1932 3228 1945 3278 ;
1993 3226 2018 3261 a

702 3346 768 3383 ex
790 3325 1031 3395 negativa
1054 3320 1475 3382 aflirmativaque
1502 3310 1836 3379 copulantur,
1868 3311 1926 3355 ut
1952 3301 1994 3353 si
2021 3298 2135 3352 dies
2164 3308 2268 3348 non

696 3428 805 3478 est,
827 3431 934 3469 nox
959 3423 1040 3467 est
1065 3431 1077 3464 :
1099 3424 1282 3463 omnes
1302 3418 1476 3461 tamen
1499 3407 1549 3455 in
1568 3397 1898 3454 connexione
1924 3390 2107 3460 positze
2125 3394 2265 3440 sunt.

704 3511 809 3562 Aut
838 3506 981 3560 enim
1014 3501 1295 3554 affirmatio
1330 3493 1738 3547 affirmationetn
1770 3485 2027 3553 sequitur,
2060 3492 2143 3531 aut
2179 3491 2270 3529 ne-

702 3596 846 3669 gatio
875 3592 1231 3660 negationem,
1264 3584 1420 3650 eique
1451 3592 1688 3633 connexa
1720 3585 1821 3635 est,
1855 3582 1944 3623 aut
1966 3565 2269 3621 afﬁrmatio-

706 3657 827 3743 nem
852 3657 1080 3751 negatio,
1104 3686 1197 3729 aut
1216 3672 1549 3740 negationem
1574 3662 1887 3753 afﬁrmatio;
1919 3657 2013 3711 sed
2043 3670 2109 3709 ex
2144 3669 2270 3706 con-

704 3778 857 3833 nexis
879 3775 1233 3840 repugnantes
1260 3760 1596 3816 manifestum
1630 3762 1713 3809 est
1738 3743 1904 3813 nasci,
1936 3761 2160 3813 namque
2182 3743 2270 3796 ubi

705 3861 986 3919 aflirmatio
1011 3836 1250 3925 sequitur
1273 3848 1702 3907 affirmationem,
1744 3842 1825 3896 bis
1853 3840 1897 3893 si
1921 3836 2090 3891 media
2116 3848 2273 3903 nega-

660 3976 661 3979 ‘
706 3960 779 4013 tio
807 3953 1116 4024 interposita
1143 3950 1231 4011 sit,
1268 3941 1669 4013 repugnantiam
1701 3937 1825 3989 facit
1855 3933 1955 3986 hoc
1983 3931 2143 3985 modo
2180 3944 2193 3980 :
2225 3926 2271 3980 si

707 4051 820 4104 dies
848 4018 966 4110 est,
1000 4044 1090 4096 lux
1120 4049 1223 4094 est.
1264 4036 1362 4090 Hic
1388 4029 1671 4085 affirmatio
1702 4024 1940 4094 sequitur
1962 4018 2274 4074 afﬁrmatio-

708 4150 859 4201 nem;
882 4144 937 4188 at
960 4146 1079 4187 cum
1101 4128 1240 4193 dico,
1266 4126 1310 4180 si
1338 4123 1454 4177 dies
1480 4128 1583 4191 est,
1615 4118 1702 4171 lux
1726 4130 1830 4170 non
1857 4120 1955 4177 est,
1978 4113 2274 4179 repugnant

708 4232 848 4284 inter
868 4242 925 4281 se
951 4232 1127 4294 partes
1153 4211 1531 4289 propositionis
1548 4222 1826 4272 connexa,
1849 4202 2157 4270 interposita
2182 4213 2276 4252 ne-

706 4292 1112 4390 gationealtem
1141 4311 1353 4379 quoties
1394 4304 1602 4371 negatio
1646 4299 1885 4366 sequitur
1915 4292 2273 4362 negationem,

709 4416 753 4469 si
784 4406 1061 4482 posteriori
1089 4396 1467 4473 prepositionis
1510 4394 1643 4463 parti
1689 4390 1990 4458 negativum
2035 4386 2277 4438 dematur

709 4504 1041 4565 adverbium,
1087 4503 1442 4564 repugnantes
1471 4490 1603 4543 fiunt
1631 4488 1731 4539 hoc
1773 4483 1962 4544 modo.
1995 4482 2039 4533 si
2080 4477 2275 4532 animal

710 4614 818 4653 non
848 4607 949 4659 est,
982 4595 1142 4649 homo
1173 4603 1283 4643 non
1308 4595 1409 4648 est;
1443 4587 1553 4637 lucc
1581 4582 1846 4635 connexio
1873 4585 1955 4628 est
1980 4591 2043 4627 ex
2072 4572 2276 4626 duabus
2304 4553 2356 4613 Ῑ)

680 4674 984 4760 proposita
1023 4680 1298 4750 negativis.
1346 4676 1416 4730 At
1463 4675 1505 4728 si
1560 4668 1845 4742 posteriori
1888 4666 2021 4735 parti
2049 4705 2061 4725 .
2104 4662 2156 4716 id
2199 4671 2282 4716 est

712 4782 874 4835 homo
895 4790 999 4831 non
1015 4782 1118 4836 εει,
1144 4769 1442 4839 negativum
1470 4762 1780 4817 detrahatur
1806 4757 2137 4819 adverbium,
2167 4752 2279 4817 ﬁet,

710 4874 756 4926 si
787 4867 981 4925 animal
1009 4882 1114 4920 non
1145 4871 1262 4925 est,
1313 4860 1475 4912 homo
1502 4865 1605 4918 est,
1634 4852 1772 4923 quod
1804 4858 2101 4917 repugnat;
2152 4855 2206 4899 at
2235 4843 2282 4898 si

710 4960 998 5017 affirmatio
1023 4954 1357 5023 negationem
1387 4956 1661 5016 sequatur,
1697 4943 1809 4997 sive
1840 4937 2123 5008 posteriori
2145 4934 2281 5003 parti

713 5053 923 5123 negatio
948 5050 1231 5119 jungatur,
1262 5043 1377 5096 sive
1406 5037 1568 5109 priori
1600 5033 1891 5096 auferatur,
1924 5034 2279 5096 repugnantes

714 5145 865 5208 fiunt,
899 5115 999 5193 hoc
1026 5115 1207 5199 modo,
1249 5132 1293 5185 si
1331 5129 1445 5184 dies
1472 5142 1575 5180 non
1603 5131 1705 5187 est,
1737 5135 1839 5173 uox
1870 5127 1973 5172 est.
2000 5116 2097 5169 llic
2126 5115 2283 5181 igitur

711 5228 997 5285 affirmatio
1024 5225 1262 5294 sequitur
1285 5219 1637 5287 negationem.
1665 5211 1790 5266 Sive
1822 5209 1981 5277 igitur
2000 5205 2283 5275 posteriori

713 5322 875 5391 parti,
905 5318 957 5375 id
990 5327 1090 5381 est,
1125 5329 1229 5369 nox
1253 5322 1355 5375 est,
1383 5308 1591 5377 negatio
1621 5302 1917 5373 cepnletur,
1939 5307 1997 5353 ut
2026 5298 2094 5351 sit
2115 5299 2208 5360 ita,
2238 5295 2281 5349 si

713 5413 827 5467 dies
855 5424 957 5463 non
982 5418 1083 5472 est,
1111 5420 1212 5459 nox
1240 5416 1345 5457 non
1373 5408 1474 5464 est,
1498 5398 1610 5450 sive
1630 5393 1791 5464 priori
1815 5392 2107 5453 auferatur,
2135 5395 2192 5439 ut
2214 5385 2284 5438 sit

716 5504 811 5561 ita.
841 5499 885 5554 si
913 5500 1030 5553 dies
1056 5506 1160 5561 εει,
1196 5508 1300 5548 nox
1339 5506 1441 5543 non
1472 5498 1575 5553 est,
1605 5489 1988 5553 repugnantem
2015 5479 2127 5533 lieri
2159 5490 2287 5543 pro-

716 5592 1039 5662 positionem
1072 5599 1291 5642 necesse
1325 5591 1425 5636 est.
1477 5576 1626 5647 Quod
1658 5577 1700 5630 si
1734 5572 1944 5643 negatio
1973 5566 2290 5622 aflirmatio-

720 5696 841 5737 nem
871 5687 1141 5749 sequatur,
1172 5686 1226 5729 et
1266 5672 1544 5743 posteriori
1588 5668 1723 5738 parti
1755 5664 2060 5734 negativum
2088 5657 2287 5710 adver-

720 5772 863 5824 bium
907 5759 1688 5833 subtrahatur{propositionis
1718 5767 1974 5812 connexa:
2013 5755 2193 5819 partes
2233 5744 2289 5799 in

2365 1934 2568 1990 partem
2608 1923 2831 1975 alteram
2872 1918 3182 1987 quaestionis
3219 1914 3685 1976 accommodatur,
3715 1910 3939 1979 quastio

2365 2026 2494 2066 vero
2524 2011 2695 2065 omnis
2726 2010 3029 2063 dubitabilis
3056 2018 3135 2062 est
3158 2048 3173 2071 ,
3223 2014 3437 2075 oportet
3466 2004 3808 2073 syllogismos
3847 2000 3938 2066 qui

2368 2102 2838 2157 accommodantur
2852 2100 3111 2167 ambiguae
3124 2092 3809 2166 quzestioni,indubitabiles
3819 2105 3941 2143 esse
3960 2124 3967 2133 ο

2365 2212 2526 2268 atque
2569 2198 2895 2267 perspicuos,
2945 2195 3034 2263 qui
3065 2203 3121 2247 ut
3152 2192 3280 2246 tales
3309 2192 3414 2243 sint
3435 2230 3451 2254 ,
3493 2205 3557 2243 ex
3588 2188 3748 2240 claris
3778 2194 3940 2252 atque

2366 2292 2565 2361 apertis
2595 2300 2648 2344 et
2675 2292 2726 2342 ιιι
2766 2289 2992 2342 veritate
3025 2285 3329 2354 patentibus
3359 2280 3812 2349 propositionibus
3846 2292 3942 2328 ne-

2367 2396 2519 2435 cesse
2543 2388 2624 2435 cst
2655 2388 2927 2442 constent;
2960 2376 3350 2444 propositiones
3380 2387 3509 2425 vero
3545 2370 3728 2437 partim
3756 2382 3853 2436 per
3880 2380 3944 2419 se

2369 2484 2508 2526 nota:
2536 2480 2680 2535 sunt,
2697 2470 2886 2537 partim
2906 2466 3171 2536 aliquibus
3189 2457 3936 2533 probationibusindigebunt.

2366 2563 2552 2618 Omnis
2574 2577 2702 2615 vero
2722 2560 3062 2629 syllogismus
3092 2554 3459 2609 enuntiatione
3491 2552 3753 2619 proposita
3775 2547 3946 2599 habet

2368 2654 2591 2722 alicujus
2608 2651 2772 2719 partis
2787 2649 3227 2716 assumptionem,
3244 2643 3450 2711 utquod
3464 2653 3544 2695 est
3563 2640 3616 2693 in
3638 2638 3943 2707 quaestione

2368 2742 2670 2805 concludat,
2710 2741 2809 2793 hoc
2830 2737 3025 2791 modo:
3057 2736 3112 2789 Si
3136 2734 3252 2788 dies
3280 2744 3383 2796 est,
3417 2732 3504 2784 lu'x
3532 2736 3635 2782 est.
3678 2726 3746 2780 Ut
3782 2725 3945 2794 igitur

2369 2837 2537 2891 lucem
2558 2849 2676 2888 esse
2697 2834 3076 2889 demonstrem,
3102 2839 3371 2879 assumam
3402 2838 3558 2875 unam
3590 2830 3796 2888 partem
3824 2832 3947 2884 pro-

2370 2925 2648 2997 positionis
2678 2922 2923 2991 superius
2952 2918 3277 2976 constitutzr.
3318 2915 3633 2979 dicamque,
3683 2907 3781 2961 sed
3826 2907 3947 2959 dies

2370 3027 2482 3082 est,
2527 3030 2590 3068 ac
2629 3025 2751 3066 tunc
2779 3011 2991 3063 demum
3026 3008 3074 3059 id
3105 3005 3247 3075 quod
3276 3014 3359 3060 eat
3392 3002 3445 3055 in
3476 3000 3772 3068 qumstione
3809 3012 3945 3050 cen-

2370 3107 2602 3168 cludam,
2637 3104 2722 3156 lux
2753 3110 2835 3155 est
2864 3100 3043 3167 igitur.
3074 3099 3213 3165 Ergo
3241 3109 3361 3150 cum
3384 3092 3449 3146 ad
3480 3089 3777 3160 syllogismi
3814 3102 3944 3140 con-

2027 3209 2111 3261 liae
2142 3220 2267 3258 vero
2294 3195 2344 3256 C
2373 3200 2662 3254 clusionem
2682 3237 2696 3262 ,
2745 3207 2793 3247 et
2828 3203 2935 3246 tota
2967 3188 3332 3244 enuntiatione
3364 3187 3417 3241 i‘n
3467 3182 3841 3252 proponendo,
3889 3189 3944 3233 et

2372 3292 2423 3344 in
2453 3288 2775 3343 assumenda
2805 3294 2953 3353 parte
2992 3277 3377 3335 enuntiationis
3421 3285 3633 3327 utamur
3655 3314 3671 3337 ,
3719 3284 3942 3326 necesse

2372 3390 2529 3437 estut
2556 3395 2617 3433 ca
2641 3378 2833 3446 quibus
2859 3375 3054 3427 utimur
3076 3371 3148 3424 nil
3171 3369 3401 3421 habeant
3419 3362 3745 3425 dubitabile,
3777 3360 3942 3427 siqui-

2372 3473 2489 3525 dem
2520 3486 2584 3523 ex
2608 3469 2689 3521 his
2715 3482 2775 3521 ea
2794 3478 2911 3533 qua:
2941 3473 3061 3514 sunt
3086 3459 3332 3526 ambigua
3349 3456 3559 3524 capient
3576 3454 3761 3506 fidem.
3783 3449 3938 3516 Quod

2372 3566 2415 3619 si
2442 3565 2729 3633 propositio
2765 3558 3047 3627 aliquoties
3077 3554 3290 3623 quidem
3317 3566 3410 3617 per
3436 3564 3495 3603 se
3522 3558 3647 3602 nota
3670 3555 3751 3601 est
3776 3553 3942 3612 atque

2374 3656 2675 3726 perspicua,
2717 3652 2998 3719 aliquoties
3039 3660 3168 3700 vero
3208 3642 3539 3713 probationis
3568 3641 3810 3708 indigens
3852 3638 3945 3690 in-

2375 3747 2604 3809 venitur,
2628 3742 2923 3811 assumptio
2940 3751 3149 3808 quoque
3178 3734 3462 3803 aliquoties
3483 3730 3577 3800 per
3595 3744 3653 3783 se
3678 3743 3796 3781 vera
3818 3740 3950 3780 esse

2374 3837 2664 3899 notabitur,
2692 3831 2972 3901 aliquoties
3003 3823 3402 3896 approbationis
3433 3821 3626 3889 indiget
3655 3817 3948 3883 adjumen-

2377 3930 2461 3980 tis.
2517 3926 2631 3991 Quo
2661 3924 2718 3976 fit
2763 3932 2821 3974 ut
2849 3920 2891 3973 si
2923 3930 2975 3971 et
3004 3916 3293 3986 propositio
3321 3921 3376 3969 et
3403 3909 3695 3976 assumptio
3720 3907 3951 3960 demon-

2375 4014 2608 4071 stranda:
2645 4014 2786 4075 sint,
2831 4005 3291 4077 quinquepartitus
3349 4003 3440 4071 (ut
3475 4000 3661 4054 Cicero
3690 3998 3849 4049 etiam
3891 3995 3946 4048 in

2378 4104 2677 4159 Rhetoricis
2706 4109 2888 4155 auCtor
2920 4096 3032 4165 est)
3063 4094 3400 4165 syllogismus
3439 4090 3556 4152 fiat,
3601 4096 3851 4141 constans
3878 4098 3947 4136 ex

2379 4194 2741 4265 propositione
2764 4189 2984 4257 ejusque
3013 4184 3324 4253 probatiOne
3346 4221 3362 4243 ,
3396 4178 3781 4243 assumptione,
3806 4174 3952 4240 ejus-

2379 4286 2605 4351 demque
2634 4280 2963 4347 probatione,
3004 4283 3059 4327 et
3086 4269 3450 4326 conclusione.
3482 4264 3636 4331 Quod
3664 4265 3710 4316 si
3756 4274 3946 4316 neutra

2380 4376 2449 4429 sit
2478 4370 2843 4441 approbanda,
2874 4365 3170 4433 tripertitus
3208 4364 3299 4425 sit,
3345 4375 3413 4413 ex
3452 4355 3814 4426 propositione
3842 4354 3947 4406 sci-

2381 4466 2539 4531 licet,
2590 4462 2954 4528 assumptione
3001 4466 3055 4510 ct
3093 4452 3453 4509 conclusione.
3497 4446 3648 4513 Quod
3694 4446 3738 4496 si
3784 4443 3949 4494 altera

2380 4570 2562 4610 earum
2591 4548 3004 4606 demonstranda
3032 4546 3136 4610 sit,
3169 4545 3226 4597 fit
3253 4540 3667 4609 quadripartitus
3689 4575 3704 4601 ,
3734 4550 3796 4587 ex
3831 4546 3953 4600 pro-

2384 4648 2649 4717 positione
2678 4644 2916 4705 scilicet,
2961 4648 3016 4694 et
3054 4634 3415 4703 assumptione
3435 4672 3451 4698 ,
3487 4640 3646 4698 atque
3674 4628 3832 4680 unius
3860 4637 3954 4677 ea-

2386 4755 2502 4794 rum
2539 4736 2920 4806 approbatione
2946 4740 3000 4786 et
3020 4728 3385 4785 conclusione.
3426 4720 3803 4778 Conclusionis
3829 4728 3957 4768 vero

2386 4830 2551 4899 ipsius
2601 4824 2840 4895 probatio
2884 4821 3217 4890 princedente
3257 4814 3621 4884 propositione
3664 4818 3825 4875 atque
3866 4818 3955 4856 as-

2385 4917 2685 4986 sumptione
2725 4912 3010 4983 perficitur.
3066 4908 3194 4974 Qme
3253 4919 3375 4959 cum
3422 4905 3494 4957 ita
3533 4902 3672 4960 sint,
3728 4906 3959 4961 cumque

2390 5012 2564 5065 omnis
2588 5004 2876 5076 propositio
2898 4999 3234 5071 hypotbetica
3259 4997 3312 5049 in
3340 4993 3725 5049 connexionem
3755 4984 3962 5052 disjun-

2388 5102 2728 5167 ctionemque
2773 5094 3059 5153 dividatur,
3106 5092 3159 5143 in
3204 5086 3462 5141 connexis
3505 5076 3963 5151 propositionibus

2390 5192 2531 5247 aliud
2580 5189 2804 5244 dicimus
2848 5182 3190 5254 prrecedens,
3223 5178 3363 5233 a'iud
3410 5185 3764 5242 consequens.
3819 5167 3963 5220 Idem

2389 5295 2567 5339 autem
2616 5290 2950 5347 consequens
2977 5283 3033 5328 et
3060 5284 3359 5327 connexum
3405 5278 3689 5325 vocamus,
3720 5260 3863 5319 velut
3908 5258 3966 5309 in

2393 5377 2491 5431 bac
2522 5372 2916 5444 pr0positione,
2947 5368 2989 5421 si
3020 5366 3134 5420 dies
3161 5372 3275 5428 est,
3310 5362 3397 5415 lux
3428 5368 3533 5414 est.
3567 5357 3690 5409 Dies
3716 5362 3798 5408 est
3829 5366 3969 5419 prae-

2390 5468 2566 5531 cedit,
2595 5464 2894 5520 annectitur
2922 5462 3009 5513 lux
3056 5468 3159 5513 est.
3211 5457 3264 5510 ln
3313 5450 3593 5520 disjunctis
3638 5457 3815 5501 autem
3856 5458 3966 5495 non

2392 5568 2475 5615 est
2495 5559 2680 5614 eadem
2704 5556 2861 5618 ratio,
2883 5553 3001 5621 quia
3027 5566 3145 5605 cum
3173 5565 3233 5604 ea
3261 5563 3379 5616 qua:
3412 5551 3778 5613 preponuntur
3806 5534 3971 5591 simul

2393 5668 2511 5707 esse
2537 5667 2641 5704 non
2665 5646 2895 5717 possint,
2921 5644 3066 5697 nullo
3095 5640 3250 5695 modo
3277 5639 3524 5693 dicuntur
3547 5648 3667 5688 esse
3697 5640 3972 5685 connexa.

2396 5743 2710 5799 Prmced-rns
2735 5750 2909 5793 autem
2933 5744 2986 5791 et
3015 5735 3343 5802 subsequens
3375 5728 3497 5783 inde
3520 5724 3812 5796 judicatur,
3841 5718 3973 5789 quia
