4248 6272
383 352 517 407 H35

1214 346 1276 401 IN
1318 345 1556 401 TOPICA
1596 345 1951 403 CICERONIS
1990 346 2503 403 COMMENTARIA.
2548 348 2671 401 LIB.
2716 348 2777 399 Υ.

3479 351 3612 409 H3!

378 465 517 536 quod
544 464 770 532 primum
796 462 1032 531 ponitur,
1052 460 1171 530 jure
1192 460 1510 515 antecedens
1535 468 1774 524 vocatur,
1799 461 1937 529 quod
1967 513 1976 526 ,

1999 477 2018 525 ι
2046 468 2119 522 tio
2142 469 2583 540 ὖπεραποφαντική
2625 470 2811 524 Cra-co
2835 484 3080 525 sermone
3119 471 3434 539 appellatur,
3465 483 3519 525 nt
3561 475 3609 524 in

378 558 664 626 posterius,
686 556 805 622 jure
827 555 1155 621 subsequens
1177 553 1388 615 dicitur.
1419 554 1495 604 Ex
1522 552 1603 606 his
1632 553 1791 621 igitur
1819 569 1941 621 pro-

380 648 731 716 positionibus
752 685 767 708 ,
817 661 934 712 qua:
978 658 1230 697 cnnnexae
1260 652 1413 707 sunt,
1446 643 1504 694 fit
1534 643 1735 709 primus
1776 652 1829 695 et
1856 658 1943 696 se-

378 738 585 791 cundus
604 736 1059 804 liypotheticorunt
1077 734 1502 802 syllogismorum
1523 736 1728 786 modus.
1754 734 1945 787 Addita

380 839 508 880 vero
556 828 834 892 negatione
879 823 1224 891 propositioni
1267 836 1524 875 connexze
1564 829 1617 875 et
1646 837 1711 876 ex
1742 822 1945 876 duabus

379 916 818 971 aifirmationibus
832 915 1110 981 copulatae,
1134 922 1293 982 atque
1316 913 1533 981 insuper
1554 913 1830 981 denegata,
1850 922 1947 967 ter-

382 1012 481 1060 tius
511 1006 715 1059 accedit
756 1004 963 1058 modus.
1008 1004 1084 1056 Ex
1114 1003 1390 1072 disjunctis
1416 1014 1592 1058 autem
1624 1004 1943 1073 propositio-

380 1099 532 1151 nibus
575 1095 787 1148 diverso
818 1094 976 1147 modo
1020 1093 1470 1163 assumptionibus
1516 1095 1696 1156 factis,
1728 1101 1946 1161 quartus

376 1197 431 1239 et
452 1186 688 1254 quintus.
716 1183 964 1253 Utrisque
991 1198 1120 1237 vero
1142 1198 1237 1252 per
1260 1184 1592 1252 negationem
1615 1186 1943 1252 compositis,

377 1285 557 1330 sextus
585 1285 640 1330 et
666 1276 942 1342 septimus.
973 1275 1147 1343 Atque
1187 1275 1268 1328 Ιιιε
1298 1284 1504 1342 septem
1533 1283 1658 1328 sunt
1688 1275 1944 1342 hypothe-

379 1369 498 1422 liete
520 1368 913 1430 conclusiones,
942 1381 1164 1436 quarum
1188 1366 1256 1420 Μ.
1286 1366 1491 1419 Tullius
1519 1366 1573 1418 in
1599 1366 1812 1432 'I‘Opicis
1836 1379 1947 1436 me-

379 1460 559 1523 minit,
583 1473 803 1526 quarum
826 1456 1061 1510 omnium
1084 1457 1336 1523 deinceps
1360 1457 1493 1508 ordo
1521 1466 1680 1523 atque
1704 1455 1946 1522 exempla

380 1548 654 1601 subdenda
677 1556 820 1601 sunt.
854 1547 1062 1600 Primus
1083 1546 1238 1615 igitur
1262 1546 1449 1599 modus
1468 1554 1548 1599 est
1564 1585 1579 1609 ,
1605 1560 1723 1599 cum
1746 1545 1798 1598 in
1820 1558 1947 1599 con-

382 1655 519 1693 nexa
549 1640 908 1710 propositione
948 1647 1218 1719 assumpto
1249 1653 1314 1691 eo
1351 1639 1489 1707 quod
1524 1640 1814 1707 praecedit,
1847 1655 1944 1690 vo-

383 1732 561 1785 lumus
603 1742 898 1785 monstrare
940 1729 1079 1798 quod
1123 1731 1382 1797 sequitur,
1415 1730 1589 1797 itaque
1628 1743 1748 1782 esse
1787 1743 1976 1796 opor-s

2048 560 2146 611 hac
2190 558 2303 625 ipsa
2352 574 2509 626 quam
2559 560 2801 628 superius
2852 562 3246 629 proposuimus,
3277 565 3319 614 si
3368 562 3482 615 dies
3508 576 3609 627 est,

2048 647 2134 699 lux
2165 654 2275 710 est;
2306 648 2352 700 si
2391 647 2529 700 inter
2578 647 2731 714 hujus
2778 650 3146 715 propositionis
3179 660 3354 717 partes
3401 652 3611 717 negatio

2047 736 2394 801 interveniat,
2431 738 2519 791 ﬁet
2550 738 2651 791 hoc
2676 738 2862 801 modo,
2896 740 2937 791 si
2970 739 3083 791 dies
3112 748 3192 790 est
3212 779 3224 800 ,
3254 739 3342 791 lux
3372 754 3473 791 non
3496 748 3571 791 est
3597 754 3611 801 ;

2046 823 2185 878 hanc
2224 826 2269 878 si
2318 825 2543 880 ulterius
2589 828 2951 895 denegcmus,
2996 828 3098 880 erit
3144 829 3241 892 ita,
3293 844 3395 881 non
3427 828 3470 882 si
3499 828 3616 883 dies

2048 921 2161 980 est,
2194 914 2284 967 lux
2314 929 2417 968 non
2450 924 2533 969 est
2578 934 2591 970 :
2621 916 2773 984 cujus
2806 916 3184 985 propositionis
3227 919 3324 970 ista
3352 921 3614 972 sententia

2046 1011 2130 1056 est
2152 1043 2166 1067 ,
2196 1004 2317 1072 quia
2346 1005 2394 1057 si
2423 1005 2537 1059 dies
2563 1016 2643 1059 est
2662 1046 2679 1070 ,
2713 1006 2825 1060 fieri
2857 1021 2960 1058 non
2993 1014 3165 1073 potest
3195 1015 3250 1058 ut
3277 1007 3364 1058 lux
3390 1023 3493 1060 non
3523 1008 3608 1061 sit.

2047 1100 2176 1166 Qua:
2206 1101 2495 1169 propositio
2524 1101 3000 1170 superabnegativa
3032 1100 3347 1169 appellatur,
3378 1101 3615 1169 talesque

2046 1200 2170 1241 sunt
2200 1204 2386 1245 omnes
2417 1189 2468 1243 in
2500 1190 2691 1259 quibus
2722 1190 2932 1259 negatio
2962 1188 3274 1256 preponitur
3316 1188 3614 1257 negationi,

2046 1287 2106 1332 ut
2151 1294 2257 1333 non
2306 1289 2385 1334 est
2429 1282 2575 1342 dies,
2608 1292 2662 1333 et
2690 1296 2902 1349 rursus,
2939 1280 3049 1332 Nec
3080 1296 3179 1332 non
3210 1280 3425 1331 Ausonii
3456 1278 3616 1351 Troja

2046 1383 2170 1434 gens
2199 1369 2352 1421 missa
2384 1370 2573 1422 coloni.
2631 1369 2686 1423 In
2717 1369 2814 1423 hac
2846 1370 3003 1438 igitur
3033 1371 3076 1423 si
3110 1371 3337 1438 priorem
3371 1378 3611 1438 partem,

2044 1457 2098 1511 id
2129 1467 2212 1511 est
2239 1459 2382 1513 diem
2411 1475 2564 1525 esse,
2587 1460 2650 1518 in
2682 1461 3047 1529 assumptione
3099 1477 3382 1531 ponamus,
3427 1479 3613 1539 conse-

2046 1550 2225 1617 quitur
2267 1554 2427 1606 etiam
2471 1555 2642 1607 lucem
2670 1569 2790 1609 esse
2819 1554 2922 1610 hoc
2949 1556 3131 1619 modo,
3162 1571 3262 1610 non
3291 1557 3333 1609 si
3359 1558 3473 1611 dies
3499 1565 3611 1618 est,

2046 1639 2136 1693 lux
2163 1657 2267 1695 non
2296 1653 2406 1709 est,
2445 1646 2589 1714 atqui
2618 1645 2733 1701 dies
2762 1654 2875 1711 est,
2922 1647 3008 1699 lux
3050 1646 3205 1715 igitur
3233 1656 3330 1701 est.
3365 1646 3463 1712 Qui
3502 1660 3615 1699 mo-

2048 1729 2148 1784 dus
2168 1746 2196 1784 a
2224 1736 2583 1801 superioribus
2608 1738 2892 1805 plurimum
2918 1738 3101 1802 distat,
3132 1739 3271 1806 quod
3296 1739 3347 1791 in
3368 1753 3433 1792 eo
3458 1739 3615 1791 modo

383 1838 532 1891 tere,
577 1838 636 1880 ut
682 1836 765 1880 est
811 1828 862 1880 in
910 1826 1244 1881 connexione
1275 1827 1562 1893 prolatum.
1601 1825 1656 1878 In
1683 1839 1791 1894 quo
1819 1825 1864 1877 si
1895 1818 1943 1877 id
1977 1818 2023 1879 Β
2049 1819 2140 1886 qui
2181 1822 2252 1873 sit
2296 1823 2361 1875 ab
2389 1826 2858 1889 antecedentibus,
2916 1828 3128 1894 ponitur
3157 1825 3514 1890 antecedens,
3558 1834 3617 1878 ut

382 1918 520 1987 quod
567 1932 866 1973 connexum
916 1928 999 1971 est
1045 1932 1107 1969 ac
1153 1917 1415 1985 sequitur,
1463 1917 1946 1984 assumpserimus,

383 2008 559 2061 nullus
584 2009 804 2061 omnino
828 2008 883 2061 lit
913 2007 1273 2076 syllogismus.
1307 2007 1473 2075 Ilujus
1502 2006 1801 2075 exemplum
1842 2007 1949 2060 tale

382 2109 464 2151 est
484 2138 499 2163 ,
529 2098 572 2150 si
605 2098 719 2163 dies
748 2107 858 2164 est,
888 2096 1062 2160 lucet;
1092 2098 1134 2151 si
1176 2096 1331 2165 igitur
1359 2098 1534 2151 lui-ere
1557 2108 1909 2151 monstremus
1930 2137 1946 2161 ,

381 2202 746 2253 assumamus,
777 2202 994 2241 necesse
1016 2195 1099 2241 est
1124 2187 1263 2240 diem
1285 2201 1403 2242 esse
1422 2227 1436 2252 ,
1467 2187 1566 2241 hoc
1593 2186 1768 2249 modo,
1800 2186 1947 2255 atqui

382 2278 496 2331 dies
534 2286 651 2341 est;
697 2278 1038 2344 consequitur
1078 2291 1204 2343 ergo
1247 2291 1312 2329 ex
1360 2276 1712 2343 necessitate,
1746 2275 1945 2328 lucere.

381 2367 534 2433 Quod
583 2366 628 2420 si
674 2367 851 2420 lucere
891 2379 1259 2430 assumamus,
1300 2366 1476 2433 itaque
1501 2366 1770 2429 dicamus,
1803 2366 1949 2434 atqui

382 2457 551 2523 lucet,
591 2471 695 2509 non
724 2470 945 2510 necesse
983 2466 1064 2509 est
1103 2456 1242 2508 diem
1270 2469 1389 2508 esse
1411 2498 1425 2522 ,
1457 2465 1616 2523 atque
1642 2454 1762 2509 ideo
1804 2457 1949 2509 nulla

381 2548 671 2602 necessitas
699 2548 877 2601 evenit
900 2548 1292 2611 conclusionis;
1320 2547 1409 2601 ubi
1444 2562 1570 2602 vero
1600 2548 1740 2601 nulla
1764 2563 1949 2603 neces-

381 2641 511 2695 sitas
540 2651 656 2705 est,
684 2655 751 2695 ne
774 2641 1110 2709 syllogismus
1140 2640 1350 2709 quidem
1378 2639 1600 2709 intelligi
1628 2649 1824 2709 potest.
1858 2642 1949 2695 Est

384 2731 543 2799 igitur
581 2730 782 2797 primus
813 2730 1001 2783 modus
1045 2730 1097 2783 itt
1148 2730 1287 2782 hanc
1332 2728 1556 2805 formam
1594 2747 1605 2779 :
1639 2732 1682 2781 si
1727 2730 1839 2784 dies
1869 2740 1951 2785 est

386 2821 555 2885 lucet,
598 2820 713 2874 dies
739 2830 915 2874 autem
947 2828 1062 2883 e~t,
1096 2820 1237 2873 lucet
1273 2820 1451 2888 igitur.
1497 2820 1838 2875 Inveniuntur
1867 2832 1949 2875 ta-

384 2928 509 2966 men
551 2914 605 2966 in
649 2912 839 2981 quibus
882 2926 1037 2980 atquo
1088 2911 1244 2965 modo
1289 2912 1430 2966 valet
1477 2912 1806 2981 assumptio,
1837 2914 1948 2967 sive

384 3002 715 3070 pmcedens,
758 3005 871 3058 sive
908 3003 1239 3070 subsequens
1281 3012 1601 3071 assumatur,
1651 3014 1705 3058 ut
1753 3007 1804 3059 in
1848 3005 1946 3058 ho-

384 3095 527 3150 mine
583 3103 742 3164 atque
798 3094 1007 3149 risibili.
1059 3094 1114 3147 Si
1168 3096 1312 3149 enim
1370 3095 1529 3149 homo
1576 3104 1689 3162 est,
1748 3097 1948 3151 risibile

2050 1909 2105 1964 id
2154 1910 2294 1979 quod
2341 1914 2583 1980 sequitur
2608 1926 2895 1971 astruatur.
2927 1919 2985 1970 In
3014 1918 3172 1971 modo
3218 1932 3343 1972 vero
3373 1918 3459 1986 qui
3490 1918 3558 1969 sit
3585 1931 3614 1967 a

2002 2022 2007 2027 α
2048 2004 2534 2071 consequentibus,
2580 2007 2858 2074 perimitur
2897 2021 3266 2077 consequens,
3310 2021 3365 2062 ut
3392 2010 3442 2061 id
3473 2006 3614 2077 quod

2051 2101 2426 2161 prmcesserat,
2476 2096 2764 2150 auferatur.
2814 2096 2871 2151 In
2921 2098 3022 2152 hoc
3067 2113 3195 2151 vero
3222 2106 3465 2152 neutrum
3497 2106 3612 2162 est,

2050 2195 2172 2234 nam
2219 2196 2390 2250 neque
2438 2184 2756 2240 antecedens
2805 2188 3040 2253 ponitur,
3080 2196 3139 2240 ut
3179 2187 3319 2257 quod
3350 2187 3609 2256 sequitur,

2049 2272 2413 2339 confirmetur,
2441 2288 2539 2327 nec
2570 2276 2893 2330 interimitur
2921 2278 3276 2347 subsequens,
3309 2293 3341 2330 ιι
3391 2277 3441 2331 id
3471 2278 3613 2348 quod

2018 2370 2424 2429 praecesserat,
2486 2375 2787 2431 evertatur;
2846 2368 2941 2422 sed
2999 2371 3211 2438 ponitur
3258 2369 3611 2435 antecedens,

2049 2458 2107 2503 ut
2136 2451 2189 2504 id
2220 2453 2360 2521 quod
2399 2456 2657 2523 sequitur,
2687 2458 3043 2511 interimatur.
3089 2458 3187 2512 Hic
3214 2469 3386 2512 autem
3419 2474 3613 2528 ιιι-θρο-

2047 2540 2256 2595 sitionis
2301 2544 2489 2598 modus
2535 2553 2711 2614 partes
2763 2547 2902 2601 inter
2948 2563 3008 2602 se
3049 2562 3173 2602 suas
3199 2551 3436 2613 continet
3460 2563 3616 2616 repu-

2047 2640 2272 2699 gnantes
2292 2672 2308 2698 ,
2339 2634 2619 2687 adversum
2650 2635 2844 2704 quippe
2872 2648 2950 2691 est
2981 2652 3043 2691 ac
3071 2649 3360 2706 repugnat,
3413 2638 3455 2690 si
3499 2635 3617 2689 dies

2049 2730 2167 2786 est,
2201 2736 2304 2776 non
2339 2736 2456 2776 esse
2508 2724 2701 2779 lucem.
2750 2726 2855 2780 Sed
2891 2727 3089 2783 idcirco
3118 2738 3232 2781 rata
3280 2727 3472 2795 positio
3502 2740 3613 2792 est,

2049 2812 2171 2880 quia
2219 2814 2656 2882 consequentium
2706 2820 3053 2887 repugnantia
3101 2818 3237 2872 facta
3271 2834 3363 2886 per
3388 2818 3613 2873 mediam

2051 2905 2385 2972 negationem
2427 2906 2529 2960 alia
2575 2909 2857 2975 negatione
2887 2909 3193 2973 destruitur,
3225 2918 3278 2962 et
3301 2910 3368 2963 ad
3405 2910 3507 2963 vim
3535 2912 3615 2963 af-

2051 2992 2371 3047 firmationis
2397 2996 2612 3049 omnino
2642 3008 2944 3052 revocatur.
2971 2998 3101 3053 Nam
3128 3001 3248 3068 quia
3280 3014 3614 3071 consequens

2050 3096 2171 3137 esse
2201 3086 2532 3152 intelligitur,
2562 3102 2624 3141 ac
2656 3104 2835 3143 verum
2860 3130 2874 3154 ,
2905 3090 2950 3144 si
2985 3091 3101 3151 dies
3126 3105 3227 3156 εει,
3268 3106 3386 3147 εεεε
3412 3094 3611 3159 lucem,

381 3196 501 3251 est;
556 3161 698 3257 atqui
730 3187 916 3261 homo
974 3196 1057 3241 est
1078 3230 1092 3254 ,
1156 3187 1359 3241 risibile
1415 3188 1571 3256 igitur
1635 3161 1750 3253 est;
1804 3190 1949 3258 arqui
1980 3161 2025 3222 C
2057 3186 2313 3242 repugnat
2342 3190 2403 3229 ac
2432 3176 2620 3230 falsum
2646 3185 2758 3244 est,
2784 3178 2831 3233 si
2856 3179 2971 3235 dies
3000 3190 3108 3246 εει,
3136 3196 3241 3236 non
3267 3196 3383 3236 esse
3411 3183 3611 3249 lucem,

384 3278 587 3333 risibile
615 3287 731 3344 est,
764 3280 922 3332 homo
950 3278 1111 3345 igitur
1149 3288 1250 3332 est.
1305 3277 1410 3331 Sed
1454 3278 1507 3332 in
1550 3278 1633 3332 his
1661 3277 1775 3332 haec
1825 3292 1950 3333 cau-

384 3384 442 3424 sa
473 3378 590 3433 est,
623 3370 744 3436 quia
778 3368 938 3422 homo
971 3378 1133 3436 atque
1158 3367 1358 3422 risibile
1386 3368 1520 3437 aequi
1548 3376 1671 3421 sunt
1699 3368 1946 3433 termini,

382 3469 539 3528 atque
570 3460 763 3513 idcirco
804 3473 911 3512 uno
955 3459 1127 3528 posito
1171 3459 1395 3512 alterum
1443 3461 1684 3512 comitari
1731 3474 1949 3515 necesse

383 3558 484 3602 est.
514 3548 618 3601 Sed
647 3548 765 3617 quia
798 3548 897 3603 hoc
922 3549 973 3601 in
1017 3547 1262 3601 omnibus
1305 3562 1409 3601 non
1436 3559 1514 3601 est
1535 3588 1551 3611 ,
1580 3548 1777 3607 idcirco
1820 3550 1951 3604 dici-

385 3654 505 3694 tnns
550 3648 654 3694 ndn
681 3656 801 3695 esse
843 3643 1177 3706 universale,
1210 3650 1268 3694 ut
1305 3650 1579 3709 assumpto
1624 3643 1947 3710 posteriore,

383 3732 525 3801 quod
575 3732 908 3800 praecedebat
954 3734 1234 3801 probetur.
1286 3733 1562 3787 Secundus
1607 3748 1735 3790 vero
1764 3736 1950 3791 modus

384 3830 467 3874 est
493 3824 702 3889 quoties
741 3832 1015 3886 assumpto
1066 3822 1360 3889 posteriore
1405 3833 1561 3891 atque
1603 3829 1951 3890 consequenti

385 3910 528 3978 quod
570 3918 927 3963 antecesserat
953 3910 1208 3975 aufertur,
1239 3909 1339 3963 hoc
1380 3912 1571 3974 modo,
1602 3912 1650 3966 si
1691 3912 1805 3967 dies
1846 3923 1948 3979 est,

386 4000 561 4065 lucet;
591 3999 676 4053 hic
702 3999 746 4052 si
771 4014 1105 4055 assumamus
1127 4015 1234 4053 non
1263 4002 1461 4067 lucere,
1490 4005 1761 4057 contrario
1794 4004 1953 4058 modo

385 4102 547 4162 atque
587 4093 638 4145 in
668 4092 1028 4160 propositione
1058 4093 1317 4160 prolatum
1344 4100 1458 4155 est;
1500 4108 1833 4148 assumamus
1864 4094 1951 4149 di-

384 4193 602 4250 centes,
631 4183 776 4251 atqui
822 4196 928 4236 non
973 4182 1150 4246 lucet,
1185 4182 1237 4236 in
1268 4196 1334 4236 eo
1381 4183 1540 4251 igitur
1582 4186 1819 4253 sequitur
1846 4200 1951 4238 nor.

385 4293 505 4333 esse
531 4276 708 4340 diem;
737 4274 875 4343 quod
907 4275 950 4327 si
979 4275 1117 4327 diem
1162 4287 1445 4343 negemus,
1475 4273 1528 4327 id
1558 4284 1639 4327 est
1674 4276 1813 4343 quod
1855 4290 1953 4328 an.

387 4368 582 4421 teccdit
628 4367 681 4419 in
727 4368 1087 4436 assumptione
1116 4367 1386 4421 contrario
1416 4367 1574 4421 modo
1624 4378 1780 4436 atque
1813 4368 1955 4437 posi-

386 4467 496 4510 tum
517 4469 597 4509 est
621 4456 671 4510 in
697 4458 1055 4524 prepositione
1080 4457 1431 4524 proferamus,
1456 4474 1560 4511 non
1585 4458 1788 4511 tollitur
1810 4457 1951 4525 quod

382 4558 466 4603 est
509 4561 840 4611 connexum,
872 4556 930 4599 ut
971 4547 1018 4600 si
1046 4547 1317 4612 dicamus,
1349 4548 1494 4615 atqui
1541 4564 1645 4601 non
1687 4559 1769 4602 est
1798 4550 1944 4615 dies,

386 4656 491 4695 non
539 4656 661 4694 mox
710 4641 978 4708 sequitur,
1027 4653 1133 4692 non
1182 4640 1397 4702 lucere,
1429 4647 1604 4707 potest
1644 4640 1785 4693 enim
1840 4654 1946 4695 non

384 4747 506 4788 esse
548 4733 695 4797 dies,
724 4740 779 4786 et
818 4740 996 4785 tamen
1023 4730 1224 4785 lucere.
1254 4730 1347 4783 Est
1375 4730 1533 4798 igitur
1560 4732 1774 4785 secundi
1804 4731 1946 4786 modi

386 4822 554 4877 forma
578 4821 879 4891 ltujusmodi
906 4837 921 4877 :
947 4821 993 4874 si
1013 4821 1126 4875 dies
1146 4829 1248 4883 est,
1275 4821 1415 4874 lucet
1435 4836 1449 4884 ;
1472 4819 1619 4889 atqui
1649 4836 1751 4873 non
1784 4822 1943 4887 lucet,

386 4927 491 4967 ιιοιι
536 4920 620 4967 εει
664 4915 821 4981 igitur
865 4913 998 4967 dies.
1049 4912 1255 4965 Primus
1302 4911 1461 4979 igitur
1501 4911 1688 4964 modus
1727 4912 1946 4965 assumit

382 5002 525 5071 quod
574 5001 868 5069 praecessit,
919 5012 974 5055 ut
1017 5002 1274 5069 approbet
1320 5000 1457 5068 quod
1498 5014 1794 5055 connexum
1826 5010 1944 5067 est;

382 5109 487 5149 non
517 5101 690 5162 potest
719 5108 844 5147 vero
884 5106 1155 5147 assumere
1200 5091 1341 5160 quod
1382 5105 1677 5145 connexum
1724 5100 1838 5156 est,
1888 5100 1947 5147 ut

380 5184 641 5252 approbet
682 5183 825 5249 quod
866 5181 1155 5251 praecessit.
1202 5180 1478 5235 Secundus
1521 5188 1695 5233 autem
1725 5182 1946 5237 assumit

381 5273 679 5327 econtrario
708 5272 848 5341 quod
886 5272 1145 5340 sequitur.
1177 5280 1233 5324 ut
1257 5269 1396 5338 quod
1424 5269 1941 5337 prtecesdtevertat;

380 5378 484 5418 non
510 5374 683 5432 potest
723 5374 897 5418 autem
925 5365 1226 5417 econtrario
1259 5376 1527 5416 assumere
1558 5362 1693 5430 quod
1714 5375 1939 5429 pra-ces-

376 5454 468 5518 sit,
497 5463 555 5507 ut
580 5454 629 5507 id
657 5456 794 5522 quod
819 5468 1113 5507 connexum
1141 5462 1225 5507 est
1246 5452 1536 5507 auferatur.
1566 5454 1775 5507 Tertius
1825 5468 1937 5509 mo-

374 5544 474 5598 dus
502 5554 616 5609 εει,
648 5559 767 5598 cum
800 5545 937 5598 inter
960 5554 1138 5613 partes
1160 5559 1416 5599 connexa:
1441 5555 1598 5612 atque
1638 5561 1703 5599 ex
1735 5545 1938 5601 duabus

374 5636 814 5690 affirmationibus
844 5636 1105 5704 copulatae
1135 5636 1507 5704 propositionis
1540 5636 1748 5705 negatio
1776 5636 1938 5690 inter-

375 5729 611 5797 ponitur,
644 5741 813 5797 eaque
839 5727 951 5797 ipsa
976 5727 1187 5795 negatio
1213 5727 1519 5796 denegatur,
1544 5744 1662 5798 quae
1690 5731 1934 5799 proposi-

2050 3275 2169 3330 quae
2193 3263 2447 3331 denegata
2469 3279 2650 3319 rursus
2673 3280 2795 3320 vera
2818 3276 2899 3321 est
2920 3268 3012 3334 ita,
3051 3284 3156 3324 non
3184 3271 3233 3329 si
3250 3270 3365 3326 dies
3385 3282 3494 3338 est,
3525 3273 3613 3326 lux

2050 3365 2156 3406 non
2180 3361 2292 3416 est,
2316 3363 2369 3406 et
2391 3353 2458 3407 sit
2477 3356 2765 3410 consimilis
2788 3356 3145 3423 affirmationi,
3171 3361 3215 3414 si
3237 3361 3347 3415 dies
3381 3372 3463 3416 est
3481 3402 3496 3426 ,
3527 3364 3613 3417 lux

2051 3452 2163 3508 est,
2196 3442 2318 3511 quia
2362 3443 2488 3498 facit
2525 3446 2931 3502 aifirmationem
2978 3449 3241 3518 geminati
3274 3455 3503 3521 negatio.
3535 3455 3617 3509 Si-

2051 3533 2252 3587 militer
2300 3549 2429 3590 vero
2475 3535 2610 3591 fiunt
2656 3552 2720 3592 ex
2776 3542 3191 3609 repugnantibus
3239 3547 3616 3615 propositionis

2052 3627 2294 3696 partibus
2325 3638 2665 3697 argumenta,
2691 3630 2775 3683 vel
2798 3631 2842 3684 si
2872 3630 3076 3686 duabus
3103 3635 3469 3703 negationibus
3489 3678 3504 3704 ,
3531 3640 3616 3692 vel

2054 3714 2099 3769 si
2131 3717 2413 3784 negatione
2441 3727 2496 3771 et
2534 3716 2917 3787 afﬁrmatione,
2965 3722 3041 3777 vel
3087 3725 3131 3777 si
3172 3726 3522 3782 aftirmatione
3568 3741 3621 3782 ct

2053 3811 2335 3878 negatione
2361 3811 2633 3881 jungatur.
2685 3812 2961 3878 Quotnodo
3009 3831 3136 3869 vero
3174 3817 3303 3872 fiant
3330 3834 3394 3873 ex
3428 3821 3620 3876 talibus

2054 3899 2308 3953 connexis
2334 3909 2691 3970 repugnantes
2709 3944 2725 3969 ,
2754 3904 2999 3971 superius
3026 3904 3222 3959 dictum
3253 3916 3351 3962 est.
3384 3909 3469 3963 Fit
3493 3927 3621 3966 vero

2053 4002 2119 4042 ex
2148 4004 2208 4041 ea
2241 3991 2599 4057 propositione
2623 4005 2741 4057 quae
2770 3992 2973 4047 duabus
2997 3994 3237 4063 jungitur
3263 3999 3520 4066 negativis
3551 4017 3619 4057 ex

2054 4081 2465 4149 repugnantibus
2495 4094 2865 4150 argumentum
2899 4083 3000 4138 hoc
3027 4087 3186 4140 modo
3214 4104 3230 4143 :
3263 4089 3332 4142 sit
3372 4094 3617 4160 proposi-

2055 4170 2148 4230 tio,
2177 4168 2220 4222 si
2247 4183 2349 4222 non
2378 4181 2459 4224 est
2486 4170 2575 4224 lux
2596 4212 2611 4238 ,
2643 4172 2760 4226 dies
2785 4189 2888 4227 non
2913 4185 3030 4240 est;
3062 4176 3155 4230 fiat
3184 4194 3480 4249 repugnans
3512 4184 3580 4237 ita
3599 4224 3615 4247 ,

2052 4261 2101 4316 si
2126 4274 2229 4314 non
2261 4269 2344 4315 est
2373 4262 2492 4328 lux,
2525 4270 2607 4316 est
2645 4262 2791 4328 dies;
2825 4262 2947 4318 huic
2972 4264 3253 4336 jungamus
3282 4270 3616 4339 negationem

2054 4365 2113 4408 ut
2139 4354 2230 4408 fiat
2258 4369 2381 4408 vera
2411 4356 2481 4409 ita
2501 4398 2515 4421 ,
2548 4370 2651 4410 non
2693 4357 2738 4410 si
2779 4358 2865 4412 lux
2895 4374 3000 4414 non
3028 4369 3109 4415 est
3133 4404 3147 4427 ,
3182 4363 3297 4418 dies
3324 4373 3435 4429 est,
3471 4373 3613 4436 atqui

2057 4444 2147 4498 lux
2191 4460 2297 4498 non
2333 4454 2451 4509 est,
2483 4446 2595 4499 dies
2625 4445 2785 4515 igitur
2829 4463 2932 4503 non
2977 4461 3075 4503 est.
3123 4452 3250 4506 Item
3284 4455 3341 4507 fit
3366 4470 3430 4509 ex
3460 4472 3616 4526 nega-

1978 4521 2030 4580 D
2056 4534 2197 4589 tione
2220 4546 2382 4604 atque
2404 4537 2756 4592 affirmatione
2788 4541 3075 4607 propositio
3104 4543 3218 4597 hazc
3247 4560 3261 4596 :
3292 4547 3337 4599 si
3369 4546 3486 4601 dies
3510 4521 3614 4602 non

2051 4635 2163 4689 est,
2195 4639 2299 4679 nox
2327 4634 2443 4690 est;
2475 4624 2597 4679 huic
2623 4626 2836 4680 additur
2860 4643 2925 4683 ex
2956 4633 3248 4697 posteriore
3275 4644 3423 4703 parte
3451 4652 3615 4707 nega-

2051 4713 2147 4779 tio,
2186 4722 2241 4768 et
2284 4717 2342 4768 tit
2378 4716 2456 4768 ita
2487 4733 2498 4767 :
2527 4715 2571 4769 si
2601 4715 2718 4770 dies
2764 4731 2868 4770 non
2915 4730 3030 4783 est,
3086 4737 3190 4775 nox
3242 4738 3347 4779 non
3396 4736 3507 4794 est;
3559 4730 3615 4782 fit

2048 4823 2384 4879 repugnans,
2433 4810 2547 4863 ltrec
2585 4809 2929 4865 nihilominus
2970 4814 3230 4869 abnuatur
3269 4825 3327 4870 ut
3369 4818 3438 4872 sit
3468 4835 3612 4884 vera,

2047 4914 2153 4953 non
2195 4900 2240 4954 si
2288 4900 2402 4953 dies
2451 4914 2554 4953 non
2596 4909 2709 4965 est,
2740 4915 2842 4954 nox
2877 4917 2981 4954 non
3012 4911 3127 4971 est,
3155 4908 3609 4979 assumimusque,

2048 4988 2191 5058 atqui
2239 4989 2353 5043 dies
2397 5003 2501 5041 non
2549 4997 2660 5052 est;
2705 4990 3101 5058 concludimus,
3151 5008 3253 5047 nox
3299 4996 3460 5064 igitur
3503 5012 3604 5067 est.

2046 5076 2175 5132 Item
2206 5092 2269 5131 ex
2299 5077 2485 5133 eadem
2518 5079 2909 5147 propositione,
2940 5094 3058 5149 quae
3088 5096 3153 5135 ex
3180 5085 3423 5153 negativa
3462 5087 3611 5142 affir-

2047 5170 2345 5236 tnativaque
2374 5169 2711 5237 conjungitur
2733 5177 2787 5225 et
2814 5170 2940 5224 dicit
2969 5187 2984 5223 :
3012 5173 3057 5226 si
3088 5172 3203 5228 dies
3230 5190 3335 5230 non
3366 5185 3477 5245 est,
3507 5195 3611 5234 nox

2045 5266 2154 5322 est,
2187 5257 2291 5310 sia
2324 5258 2486 5325 priori
2530 5270 2680 5327 parte
2727 5262 2938 5329 negatio
2976 5262 3339 5329 subtrahatur,
3389 5268 3479 5322 fiet
3527 5285 3610 5323 re-

2046 5363 2317 5418 pugnans,
2347 5350 2447 5403 hoc
2490 5351 2648 5405 modo
2682 5369 2694 5404 :
2727 5352 2783 5405 si'
2802 5352 2916 5406 dies
2946 5363 3059 5420 εει,
3091 5370 3194 5408 nox
3221 5365 3333 5421 est;
3363 5360 3485 5415 huic
3512 5377 3610 5428 ap-

2046 5449 2272 5509 ponatur
2295 5441 2525 5509 negatio,
2553 5451 2611 5495 ut
2631 5456 2757 5497 vera
2780 5457 2898 5497 esse
2922 5445 3116 5510 possit,
3142 5444 3243 5500 hoc
3269 5448 3427 5502 modo
3454 5466 3467 5503 :
3500 5465 3606 5504 non

2045 5531 2091 5585 si
2134 5530 2246 5583 dies
2286 5539 2368 5583 est
2403 5570 2416 5594 ,
2450 5546 2553 5585 nox
2598 5541 2713 5596 est,
2745 5545 3140 5601 assumamque,
3168 5538 3311 5605 atqui
3343 5537 3457 5594 dies
3481 5530 3563 5594 est
3588 5583 3604 5605 ,

2044 5619 2397 5682 concluditur,
2430 5634 2534 5673 nox
2563 5620 2718 5690 igitur
2743 5636 2846 5675 non
2876 5629 2977 5677 est.
3010 5625 3078 5678 At
3107 5625 3150 5678 si
3180 5626 3248 5680 sit
3276 5642 3340 5682 ex
3373 5627 3606 5684 afﬁrma-

2042 5712 2187 5766 tione
2207 5718 2262 5766 et
2290 5710 2569 5781 negatione
2599 5713 2892 5781 propositio
2920 5715 3200 5784 conjuncta
3221 5757 3235 5784 ,
3267 5718 3412 5773 velut
3442 5719 3555 5776 hac
3589 5740 3602 5775 :
