4248 6272
653 429 791 494 nas
960 476 961 479 γ
1424 436 1427 437 ν
1860 410 1969 465 AN.
2015 406 2215 461 nam.
2256 397 2408 455 sev.
2455 388 2672 447 BOLTII
3748 384 3891 439 uas

652 558 697 610 εί
724 552 901 621 vigilat
932 562 1035 601 non
1066 541 1274 605 stertit,
1307 537 1535 592 demitur
1568 531 1844 603 posteriori
1887 528 2019 598 parti
2051 541 2210 595 nega«
2248 527 2289 587 Λ
2321 518 2674 589 propositione
2702 516 2926 577 locatur,
2946 508 3253 571 assumitur,
3304 510 3364 559 ἱιι
3413 511 3770 571 consequatur
3799 515 3892 554 se-

2447 617 2456 621 -
2599 614 2610 621 .
2833 610 2845 621 .
2987 606 2999 618 .
3052 604 3141 621 ..η
3188 610 3256 621 η.
3316 600 3403 621 1----
3452 606 3528 621 υ..
3598 594 3739 621 .......:
3782 584 3892 621 Ai...

2322 617 2572 675 cundum,
2599 614 2698 665 hoc
2726 610 2884 663 modo
2915 626 2925 658 :
2958 604 3147 659 sidies
3180 610 3288 661 est,
3316 600 3403 652 lux
3448 606 3553 663 est,
3597 594 3741 664 atqui
3781 593 3895 646 dies

2321 716 2421 767 est,
2449 707 2535 757 lux
2565 703 2720 770 igitur
2749 708 2852 755 est.
2886 694 3163 751 Secundus
3213 690 3401 743 modus
3456 697 3537 740 est
3587 690 3798 753 quoties
3843 684 3894 733 in

2321 807 2562 847 connexa
2614 788 2973 859 propositione
3005 781 3296 837 secundum
3337 776 3639 830 econtrario
3668 772 3892 825 assumi-

2325 894 2409 937 tur
2432 896 2589 950 quant
2620 883 2672 932 in
2700 876 3059 945 pr0positione
3096 872 3414 925 collocatum
3442 875 3556 930 est,
3591 875 3646 915 ιιι
3673 864 3721 915 id
3751 861 3890 929 quod

2324 979 2549 1045 primum
2569 981 2649 1026 est
2672 969 2961 1030 auferatur,
2988 966 3089 1018 hoc
3113 960 3271 1015 modo
3296 976 3308 1011 :
3334 960 3377 1011 si
3399 958 3514 1009 dies
3539 963 3640 1015 est,
3666 955 3753 1006 lux
3776 963 3894 1013 est;

2322 1040 2467 1133 atqui
2502 1078 2607 1115 non
2634 1069 2717 1115 est
2741 1059 2848 1121 lux,
2877 1064 3081 1109 nonest
3114 1040 3428 1120 igitttr'dies.
3454 1045 3666 1099 Tertius
3704 1044 3897 1094 modus

2323 1171 2407 1215 est
2431 1176 2548 1214 cum
2573 1169 2827 1210 connexa:
2852 1148 3228 1220 propositionis
3262 1152 3439 1212 partes
3464 1155 3525 1194 ex
3582 1135 3899 1190 afﬁrmatio-

2326 1250 2478 1301 nibus
2504 1249 2717 1314 iunctm,
2746 1241 3023 1309 negatione
3047 1234 3373 1293 dividuntur,
3422 1229 3613 1293 totique
3646 1224 3896 1293 proposi-

2326 1337 2453 1389 tioni
2486 1336 2695 1402 negatio
2719 1344 2899 1383 rursus
2922 1326 3247 1393 adiungitur,
3292 1318 3700 1382 assumiturque,
3748 1314 3919 1378 quodI

2329 1426 2474 1494 prius
2504 1432 2604 1485 est,
2629 1422 2703 1474 sic
2735 1429 2791 1471 ut
2824 1420 2872 1470 in
2921 1414 3281 1484 prepositione
3332 1418 3414 1463 est
3470 1407 3816 1462 enuntiatum,
3840 1413 3903 1455 ut

2325 1513 2625 1569 econtrario
2663 1507 3009 1563 concludatur
3052 1501 3342 1555 secundum
3389 1497 3527 1565 quod
3579 1493 3902 1564 inproposi-

2331 1605 2475 1657 tione
2505 1600 2769 1669 prolatum
2802 1607 2901 1657 est,
2939 1598 3039 1647 hoc
3075 1592 3272 1645 modo:
3298 1605 3400 1642 non
3432 1588 3476 1639 si
3527 1587 3642 1639 dies
3670 1595 3774 1645 est,
3814 1585 3902 1637 lux

660 1666 992 1716 procreatur,
1026 1666 1142 1705 qua:
1185 1666 1249 1689 cx
1299 1666 1650 1685 αιιιιηηιιιυ--υ
1693 1666 2072 1692 "van-nun“..-
2102 1666 2198 1675 ν-..

660 1737 818 1789 sistit.
853 1732 1126 1797 Reliquam
1155 1739 1281 1777 vero
1311 1718 1565 1789 prazteriit
1589 1757 1601 1777 ,
1630 1713 1768 1783 quod
1798 1713 2007 1764 illarum
2040 1710 2225 1763 simili-

2330 1710 2434 1747 non
2459 1702 2561 1756 est,
2583 1689 2728 1756 atqui
2754 1690 2868 1741 dies
2891 1694 2993 1749 e~t,
3027 1685 3114 1737 lux
3147 1683 3305 1751 igitur
3340 1666 3453 1733 est.
3490 1678 3586 1732 llic
3633 1691 3761 1744 ergo
3809 1690 3906 1744 po-

2336 1782 2391 1797 ,-.
2524 1796 2551 1797 η
2582 1780 2602 1797 λ
2632 1775 2961 1797 __._--.x..t....
3020 1773 3070 1797 ζιδ
3126 1781 3198 1797 Δ...
3256 1784 3373 1797 ..οι-ι.
3431 1768 3570 1797 .linm
3656 1779 3903 1797 nunc-enm

662 1768 818 1789 manu
856 1768 1126 1797 ιιυιιῚυι--ιυ
1166 1768 1278 1777 ..ην
1315 1768 1519 1789 ..-πίνη
1592 1768 1601 1777 ν
1650 1768 1662 1783 ι

662 1824 845 1877 tudine
875 1821 1033 1873 etiam
1060 1815 1173 1867 hazc
1199 1813 1250 1864 in
1286 1810 1494 1862 tertium
1521 1801 1879 1857 conclusionis
1906 1800 2121 1852 modum
2150 1799 2226 1851 vi-

2329 1782 2431 1868 sito
2464 1780 2603 1848 quod
2632 1775 2986 1845 praecedebat,
3020 1773 3071 1825 id
3124 1781 3205 1823 est
3255 1784 3374 1822 esse
3430 1768 3597 1828 diem,
3655 1779 3904 1819 eversum

2556 1869 2568 1877 .
2764 1866 2777 1877 .
2838 1874 2846 1877 -
2971 1863 3018 1877 -.
3058 1876 3061 1877 ,
3108 1870 3121 1877 -
3226 1874 3271 1877 μ
3325 1873 3431 1877 -___
3487 1857 3703 1877 .__-____
3749 1870 3877 1877 μη

1296 1908 1479 1953 “arms
1528 1895 1716 1949 modus
1770 1896 1824 1946 ίη
1872 1892 2226 1960 disiunctione
2259 1890 2304 1946 Β
2329 1857 2405 1923 est
2431 1869 2571 1938 quod
2599 1866 2938 1933 sequebatur,
2971 1863 3022 1915 id
3044 1870 3147 1922 est,
3180 1874 3284 1913 non
3317 1873 3436 1913 esse
3487 1857 3656 1909 lucem
3690 1872 3705 1919 ;
3749 1870 3909 1922 nega-

2332 1963 2526 2015 tionem
2551 1960 2744 2029 quippe
2776 1956 3061 2008 afﬁrmatio
3082 1952 3256 2004 omnis
3282 1950 3496 2009 evertit,
3525 1948 3611 2001 vel
3635 1961 3753 1999 cum
3784 1961 3911 1999 con-

650 655 745 713 tio,
780 658 835 702 ut
866 646 1051 699 ﬁatita
1086 661 1101 696 :
1141 642 1181 695 si
1209 640 1389 709 vigilat
1414 636 1625 697 stertit;
1659 633 1750 713 sed
1784 632 1898 683 hate
1930 636 2213 697 repugnat.

653 744 783 795 Tota
831 752 1013 792 rursus
1043 708 1329 803 propositio
1358 730 1668 796 denegetnr,
1720 708 1778 776 ut
1816 724 1907 774 ﬁat
1950 736 2070 775 vera
2118 720 2218 772 hoc

651 834 811 888 modo
841 849 854 883 :
891 845 994 883 non
1026 828 1071 893 si
1104 827 1276 894 vigilat
1308 822 1515 884 stertit;
1541 816 1889 876 assumimus,
1925 813 2063 879 atqui
2089 809 2218 876 vigi-

650 927 755 989 lat;
788 920 1169 977 concludamus
1196 926 1414 969 necesse
1439 919 1538 974 est,
1570 922 1672 960 non
1703 902 1877 958 stertit
1904 901 2082 970 igitur.
2113 898 2216 973 Sed

651 1017 736 1068 ha:
778 1022 1003 1083 quatuor
1044 1024 1108 1062 ex
1138 1001 1553 1072 repugnantibus
1582 995 1951 1051 conclusiones
1982 992 2031 1042 in
2063 988 2219 1042 tertio

652 1078 813 1159 modo
850 1101 1147 1156 consistere
1176 1094 1571 1161 intelliguntur,
1602 1098 1820 1152 quarum
1849 1081 2059 1146 quidem
2090 1078 2219 1131 Tul-

653 1199 757 1249 lius
782 1204 887 1247 tres
909 1167 1380 1245 commemoravit,
1416 1192 1676 1243 unamque
1708 1183 1973 1242 prmcepto
2012 1170 2215 1231 docuit,

656 1302 771 1338 eam
805 1297 960 1352 quam
994 1278 1288 1349 propositio
1316 1274 1433 1327 talis
1460 1270 1651 1328 efﬁcit,
1682 1282 1797 1335 qum
1825 1266 2027 1318 duabus
2046 1261 2221 1329 jungi-

657 1390 743 1430 tur
785 1369 1148 1429 aflirmativis;
1194 1366 1324 1417 duas
1374 1376 1499 1414 vero
1546 1358 1810 1423 exemplo,
1856 1353 2059 1406 scilicet
2102 1364 2218 1403 eam

622 1508 631 1515 .
657 1481 774 1534 qure
791 1480 854 1517 ex
885 1461 975 1514 tali
999 1455 1361 1529 propositione
1381 1450 1633 1511 nascitur,
1654 1462 1811 1515 quam
1832 1445 1951 1497 dum
1976 1442 2223 1508 copulant

658 1554 968 1622 negationes
987 1590 1003 1615 ,
1030 1558 1080 1601 et
1110 1530 1226 1600 eam
1251 1558 1366 1611 quae
1394 1556 1456 1593 ex
1488 1536 1849 1605 propositione
1874 1533 1962 1585 tali
1985 1545 2221 1584 connexa

659 1653 992 1716 procreatur,
1026 1654 1142 1705 qua:
1185 1651 1249 1689 ex
1299 1631 1650 1685 afﬁrmatione
1693 1626 2072 1692 negationeque
2100 1636 2225 1675 eon-

663 1915 886 1969 debatur
941 1908 1195 1961 incidere.
1248 1902 1290 1967 Q

663 2003 1048 2069 eonsistit,hoc
1102 1998 1258 2069 modo
1289 2014 1301 2049 :
1331 2003 1421 2047 aut
1448 1992 1564 2046 dies
1589 1999 1705 2052 est,
1735 1995 1824 2039 aut
1855 2001 1956 2037 nox
1988 1991 2100 2047 est;
2134 1981 2225 2035 sed

665 2100 782 2152 dies
826 2086 937 2158 est,
971 2106 1073 2145 nox
1120 2067 1277 2157 igitur
1307 2100 1411 2138 non
1452 2091 1554 2136 est.
1602 2078 1769 2146 llnjns
1809 2075 1921 2127 haec
1950 2071 2085 2125 ratio
2114 2081 2225 2132 est,
2262 2060 2268 2066 ’

667 2188 788 2257 quia
837 2182 1149 2251 disiunctiva
1200 2173 1560 2231 enuntiatione
1607 2163 2069 2237 preposita,prior
2110 2174 2233 2228 pars

666 2254 787 2346 (tius
817 2272 1102 2326 assumitur
1130 2264 1468 2324 affirmando,
1493 2269 1550 2312 ut
1578 2259 1907 2325 subsequens
1934 2254 2231 2311 auferatur;

671 2378 737 2417 ex
768 2381 828 2420 ea
858 2365 996 2419 enim
1029 2358 1390 2431 propositione
1421 2369 1536 2423 qua:
1567 2352 1720 2414 dicit,
1751 2358 1840 2401 aut
1865 2348 1978 2400 dies
2007 2354 2115 2408 est,
2148 2352 2237 2395 aut

672 2471 777 2510 nox
821 2463 935 2516 est,
975 2451 1326 2508 assumimus,
1371 2444 1513 2512 atqui
1562 2442 1674 2494 dies
1703 2449 1812 2501 est,
1861 2436 2062 2489 scilicet
2092 2432 2234 2485 afﬁr-

672 2550 879 2596 mantes
923 2554 1040 2592 esse
1088 2536 1256 2595 diem,
1309 2548 1465 2601 quam
1514 2528 1891 2596 assumptionis
1932 2525 2237 2577 afﬁrmatio-~

676 2648 797 2685 nem
846 2627 1185 2695 consequitur
1224 2638 1325 2676 nou
1373 2636 1490 2674 e~se
1532 2630 1760 2672 noctem.
1795 2619 2019 2682 Qutntus
2051 2604 2239 2665 modus

676 2729 785 2776 est.
820 2732 939 2771 cum
969 2717 1019 2768 in
1048 2712 1233 2767 eadem
1264 2710 1575 2776 disiunctiva
1607 2706 1998 2774 propositione,
2026 2702 2073 2755 id
2102 2718 2185 2769 qtu
2207 2700 2241 2753 d

676 2810 904 2877 ptimum
934 2814 1045 2871 est,
1091 2801 1331 2871 negando
1357 2797 1663 2857 assumitur,
1695 2806 1751 2848 ut
1782 2796 1829 2847 id
1861 2794 1998 2861 quod
2028 2801 2108 2845 est
2153 2805 2244 2859 po-

676 2898 871 2952 sterilis
911 2896 1186 2957 inferatur,
1222 2891 1321 2945 hoc
1365 2889 1523 2944 modo
1553 2904 1566 2939 :
1613 2896 1701 2939 aut
1732 2886 1842 2938 dies
1872 2895 1988 2951 est,
2022 2894 2111 2934 aut
2142 2898 2243 2934 nos

678 3001 787 3053 est,
813 2988 953 3058 atqui
982 2986 1094 3040 dies
1121 2999 1226 3039 non
1251 2993 1363 3045 est,
1395 2996 1488 3049 per
1521 2978 1852 3047 negationem
1886 2974 2086 3028 scilicet
2116 2972 2244 3024 facta

687 3091 763 3142 est
787 3082 1098 3149 assumptio,
1127 3075 1471 3145 consequitur
1495 3086 1614 3127 esse
1640 3079 1867 3122 noctem.
1901 3067 2097 3120 Sextus
2121 3076 2248 3117 vero

673 3175 871 3228 modus
915 3188 974 3224 ac
1018 3170 1277 3237 septimus
1304 3183 1365 3220 ex
1397 3165 1571 3235 quarti
1595 3174 1645 3216 et
1673 3160 1841 3232 quinti
1878 3158 2017 3211 modi
2047 3157 2248 3222 disiun-

678 3268 818 3318 ctiva
840 3262 1200 3331 propositione
1235 3258 1585 3318 deducuntur,
1625 3269 1724 3306 una
1769 3251 2047 3317 negatione
2070 3246 2251 3301 videli-

686 3365 770 3407 cet
820 3354 1096 3419 adjuncta,
1155 3360 1208 3402 et
1251 3346 1565 3413 disiuncdva
1599 3342 1809 3412 propo~i
1839 3342 1959 3393 ioue
1986 3339 2251 3400 detracta,

689 3441 971 3507 additaque
1011 3438 1344 3505 cenjunctiva
1378 3436 1456 3487 his
1488 3432 1934 3500 propositionibus
1963 3444 2079 3494 qua:
2102 3442 2256 3493 snpe-

690 3534 801 3586 rius
831 3532 881 3584 in
914 3530 1265 3597 disiunctione
1296 3537 1419 3579 sunt
1450 3525 1659 3592 positae,
1694 3523 1795 3575 hoc
1830 3521 1987 3573 modo
2021 3536 2032 3569 :
2068 3533 2171 3570 non
2204 3525 2257 3568 et

691 3622 807 3675 dies
830 3628 941 3683 est,
970 3629 1023 3672 et
1072 3632 1174 3668 nux
1205 3624 1309 3668 est.
1342 3613 1546 3666 Dudum
1576 3612 1735 3678 igitur
1764 3611 1815 3662 in
1842 3609 2156 3674 disiunctiva
2188 3606 2259 3657 ita

694 3710 819 3772 fuit,
873 3720 928 3761 ut
974 3714 1064 3759 aut
1103 3704 1217 3755 dies
1259 3712 1370 3765 est,
1420 3711 1510 3752 aut
1561 3716 1669 3753 nox
1727 3707 1828 3752 est.
1884 3698 1958 3750 Ex
2009 3696 2107 3748 hac
2160 3694 2259 3763 igi-

693 3811 780 3852 tur
830 3794 1189 3866 ριόροείιίοηε
1243 3791 1479 3857 sublata,
1539 3800 1628 3844 aut
1680 3786 2082 3856 conjunctione,
2145 3799 2260 3852 quae

694 3898 809 3943 erat
875 3884 1188 3961 disiunctiva
1255 3881 1588 3949 adiecimus,
1661 3888 1714 3933 et
1778 3894 1895 3947 qute
1964 3875 2261 3944 capulativa

695 3987 807 4042 est,
858 3974 1348 4045 prmposuimuSque
1398 3972 1758 4040 negationem.
1814 3969 1992 4036 Itaque
2044 3964 2264 4019 fecimus

694 4085 761 4124 ex
794 4069 1029 4139 partibus
1075 4062 1405 4134 disiunctiva:
1454 4062 1831 4132 propositionis
1864 4058 2140 4125 capillatis,
2173 4055 2267 4109 ad-

698 4162 809 4215 dita
841 4160 1142 4229 negatione,
1196 4155 1612 4225 propositionem
1666 4154 1800 4207 sexti
1852 4134 2008 4218 atque
2060 4148 2269 4217 septimi

702 4252 868 4315 modi,
900 4267 1013 4318 qua:
1062 4258 1172 4312 est,
1228 4263 1328 4299 non
1381 4255 1432 4297 ct
1484 4246 1595 4297 dies
1650 4252 1729 4297 est
1781 4252 1833 4295 et
1890 4256 1992 4293 nox
2049 4248 2161 4303 est,
2219 4238 2270 4291 in

702 4362 804 4414 qua
828 4345 872 4397 is
894 4352 1190 4395 assumatur
1212 4353 1331 4391 esse
1352 4338 1516 4400 diem,
1548 4347 1754 4389 noctem
1782 4349 1883 4384 non
1938 4347 2056 4383 esse
2082 4342 2272 4382 conse-

702 4436 881 4506 quitur
903 4435 994 4499 ita,
1026 4431 1167 4499 alqui
1199 4429 1312 4482 dies
1344 4438 1446 4490 est,
1500 4441 1603 4479 non
1634 4434 1715 4478 est
1756 4423 1913 4490 igitur
1942 4434 2065 4472 nox.
2098 4418 2277 4483 Septi-

702 4542 821 4581 tnus
843 4538 966 4576 vero
996 4522 1182 4575 modus
1204 4527 1303 4581 est,
1336 4532 1453 4569 cum
1514 4515 1682 4582 prima
1742 4526 1861 4577 pars
1897 4498 2275 4577 propositionis

628 4598 632 4602 ”
704 4616 945 4684 negando
974 4610 1282 4675 assumitur,
1339 4615 1397 4659 ut
1447 4602 1710 4672 posterior
1752 4599 2127 4664 subsequatur,
2175 4595 2276 4647 hoc

712 4706 871 4760 modo
907 4720 920 4756 :
955 4718 1058 4756 non
1089 4711 1140 4754 et
1166 4700 1279 4753 dies
1301 4707 1383 4752 est
1404 4706 1454 4749 rt
1484 4711 1587 4748 nox
1608 4703 1719 4757 est;
1740 4692 1881 4760 atqui
1909 4691 2020 4743 dies
2046 4702 2149 4741 non
2171 4693 2274 4751 est,

707 4815 813 4851 nox
844 4797 1001 4864 igitur
1018 4804 1115 4847 est.
1145 4792 1315 4859 Atque
1338 4789 1423 4843 hic
1452 4789 1640 4839 modus
1666 4784 2081 4853 propositionum
2115 4781 2164 4833 in
2192 4794 2277 4833 so.

709 4894 774 4945 lis
808 4891 891 4944 bis
921 4886 1145 4940 inveniri
1196 4891 1627 4951 potest,quornm
1656 4876 1880 4929 alterum
1904 4888 2024 4927 esse
2064 4884 2280 4925 necesse

708 4993 809 5040 e-t.
836 4991 893 5033 ut
922 4980 1060 5031 diem
1091 4976 1425 5033 velnocmm,
1482 4968 1846 5037 :cgritudinem
1895 4966 1981 5016 vel
2030 4963 2278 5022 salutem,

709 5085 765 5127 et
794 5068 1046 5141 quidquid
1071 5066 1299 5119 medium
1332 5076 1433 5113 non
1486 5060 1670 5112 habet.
1726 5057 1841 5121 Quo
1892 5062 2065 5106 autem
2126 5051 2283 5104 modo

712 5163 949 5215 omnittm
982 5156 1409 5228 syll0gismorum
1442 5147 1883 5203 conditionalium
1936 5142 2129 5196 vetitas
2169 5154 2288 5194 sese

722 5258 938 5319 habeat,
962 5254 1047 5306 his
1069 5246 1474 5318 diligentissime
1500 5240 1854 5308 explicuimus
1883 5236 2032 5289 libris
2062 5247 2195 5304 quos
2223 5232 2289 5286 de

719 5344 1076 5418 bypotheticis
1106 5337 1525 5403 conscripsimus
1580 5330 1927 5401 syllogismis.
1961 5325 2108 5379 Nunc
2143 5338 2289 5386 vero,

720 5415 825 5493 non
848 5436 985 5505 quod
1022 5433 1090 5485 de
1120 5431 1201 5483 bis
1228 5426 1506 5496 perri-otior
1536 5421 1894 5477 coosidetatio
1927 5415 2151 5471 inveniri
2200 5427 2291 5482 po-

724 5540 830 5586 test
866 5518 1339 5597 apposuimus,sed
1394 5518 1443 5570 id
1487 5514 1625 5585 quod
1671 5512 1734 5566 ad
1784 5508 2175 5580 explanandum
2224 5505 2292 5557 Μ.

725 5619 886 5673 Tullii
916 5614 1231 5669 sententiam
1260 5616 1467 5679 poterat
1486 5603 1896 5661 accnmmodari.
1918 5599 2296 5668 Utigiturcnn—

725 5720 807 5762 cla
838 5721 954 5776 qua:
976 5700 1203 5758 diximus
1222 5700 1452 5753 breviter
1481 5696 1819 5763 colligantur,
1885 5690 2086 5757 primus
2110 5681 2297 5735 modus

731 5809 810 5850 est
836 5784 1043 5866 quoties
1096 5795 1146 5847 in
1202 5802 1441 5845 connexa
1477 5784 1833 5862 prepositione
1882 5776 2111 5845 primum
2155 5766 2298 5824 utin

2252 2410 2482 2463 ‘do:

2335 2064 2485 2105 nexae
2550 2044 2932 2115 propositionis
2990 2058 3053 2096 ex
3104 2038 3476 2106 negationibns
3538 2036 3732 2104 iuncta:
3764 2076 3779 2099 ,
3827 2050 3913 2088 se-

2334 2142 2521 2196 cundae
2579 2138 2713 2207 parti
2772 2135 2983 2204 negatio
3025 2132 3362 2191 detrahitur,
3429 2138 3643 2195 totaque
3718 2139 3913 2193 pr0po-

2337 2234 2459 2284 sitio
2507 2230 2816 2296 denegatur,
2847 2226 3121 2293 positaque
3153 2222 3327 2289 priore
3378 2217 3752 2286 propositionis
3793 2229 3914 2283 par-

2340 2330 2435 2386 te,
2495 2318 2815 2372 interimitur
2866 2298 3004 2383 qtiod
3076 2310 3539 2377 subsequebatur,
3621 2306 3719 2357 hoc
3797 2319 3915 2356 mo-

2532 2423 2636 2461 non
2681 2407 2723 2459 si
2752 2406 2840 2458 lux
2887 2418 2991 2456 non
3017 2409 3118 2464 est,
3144 2402 3257 2453 dies
3279 2408 3379 2462 est,
3400 2398 3538 2466 atqui
3563 2398 3646 2448 lux
3674 2402 3914 2454 nonest,

2343 2501 2458 2554 dies
2482 2500 2639 2568 igitur
2665 2510 2766 2549 non
2794 2502 2915 2559 est;
2944 2493 3025 2545 vel
3059 2493 3103 2544 si
3134 2503 3389 2543 connexa:
3423 2485 3791 2554 propositionis
3840 2497 3917 2535 ex

2345 2590 2628 2659 negatione
2674 2595 2833 2653 atque
2892 2583 3243 2635 afﬁrmatione
3285 2576 3629 2645 compositae,
3662 2569 3920 2625 secundae

2347 2680 2481 2749 parti
2505 2677 2714 2746 negatio
2732 2676 3001 2742 iungatur,
3026 2686 3192 2739 eaque
3226 2670 3445 2735 insuper
3466 2667 3783 2732 denegetur,
3819 2675 3924 2728 po-

2347 2780 2605 2838 naturque
2628 2766 2766 2835 quod
2798 2767 2945 2839 prius
2992 2772 3091 2826 est,
3126 2770 3184 2815 ut
3212 2760 3260 2812 id
3286 2758 3425 2827 quod
3483 2757 3721 2823 sequitur
3768 2754 3924 2805 aufe-

2348 2872 2516 2923 ratur,
2547 2858 2646 2909 hoc
2667 2855 2824 2907 modo
2855 2868 2871 2905 :
2903 2867 3009 2904 non
3043 2851 3086 2904 si
3114 2850 3227 2901 dies
3250 2862 3353 2900 non
3386 2855 3488 2908 est,
3526 2859 3631 2896 nox
3669 2858 3773 2894 non
3816 2850 3921 2905 est,

2348 2948 2489 3017 atqui
2516 2946 2629 2999 dies
2647 2959 2750 2997 non
2772 2950 2874 3003 est,
2900 2955 3001 2993 nox
3030 2939 3190 3007 igitur
3208 2950 3321 2998 εει;
3348 2935 3426 2987 vel
3457 2934 3499 2986 si
3517 2934 3569 2984 in
3590 2931 3775 2985 eadem
3801 2944 3927 2997 pro-

2350 3037 2634 3106 positione,
2666 3048 2783 3101 (ιυιε
2804 3046 2869 3085 ex
2898 3031 3176 3097 negatione
3226 3038 3383 3092 atque
3429 3023 3783 3076 afﬁrmatione
3831 3035 3927 3073 co-

2362 3130 2539 3197 pulata
2569 3134 2671 3188 est,
2698 3122 2856 3191 priori
2882 3120 3018 3188 parti
3076 3118 3287 3185 negatio
3332 3115 3701 3175 subtrahatur,
3756 3126 3927 3178 eaque

2354 3222 2665 3287 dcuegetur,
2694 3222 3021 3281 ponaturque
3051 3208 3190 3277 quod
3222 3209 3447 3275 primum
3481 3214 3582 3268 est,
3618 3214 3675 3256 ut
3704 3204 3754 3256 id
3785 3204 3924 3271 quod

2358 3312 2598 3379 sequitur
2624 3306 2913 3368 auferatur,
2942 3307 3040 3355 hoc
3066 3302 3225 3355 modo
3255 3315 3269 3353 :
3297 3314 3400 3373 non
3430 3298 3475 3351 si
3504 3298 3618 3351 dies
3664 3306 3765 3359 est,
3819 3310 3923 3347 nox

2357 3412 2456 3465 est,
2488 3400 2628 3468 atqui
2653 3397 2767 3451 dies
2798 3403 2901 3461 est,
2935 3408 3042 3447 nox
3084 3392 3364 3459 igiturnon
3398 3400 3509 3454 est;
3558 3389 3644 3442 vel
3694 3390 3739 3442 si
3794 3402 3928 3439 cou-

2361 3508 2509 3546 nexa:
2530 3487 2903 3559 propositionis
2928 3501 2991 3540 ex
3021 3484 3372 3537 affirmatione
3395 3490 3449 3534 et
3466 3481 3747 3549 negatione
3767 3493 3931 3546 copu-

2363 3579 2842 3648 lata‘,.posteriori
2896 3578 3029 3645 parti
3071 3574 3351 3643 denegatio
3403 3572 3669 3632 dematur,
3720 3581 3933 3636 totaque

2363 3673 2577 3739 insuper
2606 3670 2916 3735 denegetur,
2945 3667 3222 3735 positoque
3251 3667 3427 3731 priore
3447 3704 3460 3725 ,
3513 3662 3563 3714 id
3592 3661 3737 3729 quod
3752 3658 3935 3725 sequi-

2365 3771 2450 3815 tur
2480 3759 2834 3821 interimatur,
2862 3757 2962 3810 hoc
2990 3756 3146 3807 modo
3179 3772 3191 3806 :
3225 3769 3327 3805 non
3353 3753 3395 3804 si
3423 3752 3597 3819 vigilat
3634 3750 3825 3811 stertit,
3852 3758 3936 3800 at-

2364 3853 2451 3921 qui
2490 3850 2696 3919 vigilat,
2726 3863 2832 3901 non
2875 3848 3051 3900 stertit
3085 3844 3259 3912 igitur.
3306 3843 3478 3910 Atque
3516 3845 3632 3894 hinc
3670 3841 3842 3893 omnia
3878 3839 3931 3890 in

2368 3942 2525 3997 tertio
2550 3941 2706 3993 modo
2726 3952 2847 3992 esse
2869 3938 3251 4004 intelliguntur,
3279 3942 3435 3998 atque
3477 3946 3543 3984 ex
3600 3929 3939 3998 repugnanti-

2368 4038 2468 4090 bus
2496 4034 2645 4099 ﬁunt,
2679 4040 2733 4086 et
2761 4045 2973 4099 semper
3005 4028 3055 4081 id
3077 4027 3216 4094 quod
3243 4024 3524 4083 antecedit,
3549 4022 3782 4089 ponitur,
3805 4028 3861 4071 ut
3884 4016 3941 4072 id

2371 4128 2509 4196 quod
2533 4124 2793 4193 sequitur,
2820 4120 3111 4173 auferatur.
3138 4116 3268 4170 Nam
3300 4130 3402 4167 non
3436 4113 3571 4166 sicut
3597 4112 3647 4163 in
3695 4108 3943 4176 proposi-

2374 4219 2520 4270 tione
2546 4211 2890 4274 conditionali
2924 4211 3045 4278 quia
3072 4216 3259 4277 negata
3315 4204 3653 4273 repugnantia
3709 4202 3943 4268 partium

2376 4307 2434 4359 ﬁt
2455 4319 2597 4369 vera,
2634 4302 2777 4369 prior
2802 4315 2923 4367 pars
2947 4300 3177 4365 ponitur,
3197 4299 3308 4351 sive
3348 4294 3677 4353 aflirmative,
3705 4292 3821 4347 sive
3842 4304 3943 4341 ue-

2375 4395 2575 4464 gative,
2608 4392 2675 4444 ita
2708 4404 2824 4445 eam
2846 4388 3018 4442 reddit
3040 4390 3352 4453 assumptio.
3403 4384 3506 4440 Sed
3554 4392 3612 4459 ut
3662 4381 3803 4447 prior
3825 4394 3947 4447 pars

2381 4486 2536 4538 fuerit
2562 4492 2853 4549 assumpta,
2880 4480 3084 4547 reliqua
3110 4481 3372 4532 contraria
3414 4475 3776 4531 enuntiatione
3822 4487 3948 4527 con-

2379 4576 2623 4630 cluditur.
2643 4572 2770 4627 Nam
2786 4572 2828 4626 si
2842 4575 3134 4638 assumptio
3151 4570 3308 4623 fuerit
3321 4568 3661 4629 afﬁrmativa,
3675 4566 3775 4619 erit
3788 4578 3949 4631 nega-

2381 4667 2415 4721 ti
2425 4681 2482 4718 va
2496 4663 2786 4720 conclusio.
2802 4662 2856 4716 Si
2876 4663 3166 4727 assumptio
3181 4660 3442 4729 negativa,
3459 4660 3563 4711 erit
3578 4656 3850 4710 conclusio
3869 4654 3950 4706 af-

2382 4756 2660 4810 ﬁrmaliva.
2675 4756 2901 4819 Quartus
2918 4751 3037 4804 mod
3047 4766 3105 4804 us
3119 4760 3199 4803 est
3217 4764 3336 4804 cum
3359 4751 3409 4801 in
3424 4747 3742 4815 disiunctiva
3762 4759 3951 4813 prapo-

2381 4849 2573 4902 sitione
2592 4846 2817 4914 primum
2843 4842 3071 4913 ponitur,
3114 4850 3171 4895 ut
3196 4842 3463 4894 auferatur
3502 4837 3817 4901 secundum,
3855 4836 3958 4886 hoc

2385 4938 2703 4993 modo:aut
2747 4935 2861 4988 dies
2911 4941 3013 5000 est,
3064 4941 3153 4984 aut
3195 4945 3296 4983 nox
3347 4938 3463 4992 est;
3496 4927 3642 4994 atqui
3681 4926 3793 4978 dies
3848 4932 3956 4985 est,

2386 5044 2489 5084 nox
2521 5028 2679 5097 igitur
2701 5041 2803 5079 non
2836 5035 2934 5078 est.
2952 5024 3176 5091 Quintus
3198 5021 3386 5075 modus
3415 5029 3497 5075 est
3518 5020 3730 5088 quoties
3765 5018 3815 5070 in
3844 5016 3955 5068 dis-

2383 5120 2623 5187 iunctiva
2652 5118 3011 5186 propositione
3041 5114 3313 5167 auferatur
3358 5111 3499 5181 quod
3553 5112 3699 5178 prius
3750 5119 3851 5172 est,
3900 5116 3960 5160 ut

2393 5218 2619 5279 ponatur
2645 5208 2957 5271 secundum,
2992 5206 3093 5259 hoc
3118 5205 3276 5259 modo
3310 5223 3321 5255 :
3354 5212 3444 5255 aut
3471 5202 3585 5255 dies
3610 5210 3711 5265 est,
3739 5208 3829 5252 aut
3858 5212 3962 5251 nox

2394 5308 2498 5365 est,
2522 5315 2625 5353 non
2651 5307 2731 5353 est
2759 5307 2933 5351 autem
2957 5297 3090 5360 dies,
3125 5311 3227 5349 nox
3255 5295 3412 5362 igitur
3454 5302 3557 5347 est.
3611 5292 3807 5346 Sextus
3848 5304 3965 5341 mo-

2398 5388 2497 5444 dus
2525 5405 2646 5444 cum
2698 5390 2780 5443 his
2825 5390 2984 5442 rebus
3040 5402 3158 5456 qua:
3217 5387 3270 5439 in
3306 5383 3719 5452 disiunctionem
3782 5380 3969 5433 venire

2399 5489 2641 5550 possunt,
2676 5479 2724 5533 id
2749 5488 2832 5534 est
2856 5480 3135 5533 contrariis
3162 5476 3247 5529 vel
3297 5474 3710 5543 repugnantibus
3768 5468 3973 5522 medie-

2400 5580 2507 5624 tate
2533 5569 2855 5635 carentibus,
2914 5570 3125 5637 negatio
3169 5566 3511 5636 praeponitur,
3552 5572 3605 5617 et
3654 5561 3972 5628 cepulativze

2401 5659 2804 5727 coniunctiones
2850 5658 3240 5726 adiunguntur,
3291 5656 3607 5723 poniturque
3649 5649 3791 5718 quod
3855 5638 3974 5717 pri-

2405 5764 2546 5802 mum
2593 5756 2694 5814 est,
2718 5757 2771 5801 ut
2806 5748 2855 5801 id
2888 5748 3026 5816 quod
3067 5758 3146 5803 est
3194 5748 3523 5814 subsequens
3543 5741 3836 5807 auferatur,
3871 5739 3979 5793 hoc
