4248 6272
386 293 519 371 im

386 541 487 578 uox
512 525 670 593 igitur
695 537 797 573 non
823 529 922 574 est.
947 516 1415 585 Septimusmodus
1455 523 1537 568 est
1583 530 1703 565 eum
1771 513 1821 565 in
1876 529 1959 565 ea-

385 615 506 669 dem
586 611 951 681 propositione
1025 609 1259 661 aufertur
1345 605 1395 659 id
1465 606 1604 672 quod
1683 604 1955 671 prmcedit,

388 716 444 757 ut
488 714 715 773 ponatur
756 704 807 756 id
856 701 992 771 quod
1039 700 1398 765 consequitur,
1428 698 1526 750 hoc
1548 698 1704 749 modo
1729 713 1742 748 :
1768 712 1871 751 non
1907 706 1960 748 et

385 791 501 847 dies
522 801 625 857 est,
650 803 702 845 et
728 808 829 844 nox
851 800 932 844 est
949 806 962 853 ;
982 792 1123 856 atqui
1147 789 1260 842 dies
1283 803 1387 840 non
1412 798 1513 849 est,
1540 804 1639 841 nox
1672 790 1828 856 igitur
1855 795 1956 841 est.

388 885 479 938 llis
510 885 667 951 igitur
689 882 758 935 ita
781 881 1048 949 praadimis
1078 881 1140 931 ad
1168 880 1445 933 Ciceronis
1464 880 1627 933 verba
1656 880 1955 933 veniamus.

458 975 584 1029 Cum
607 974 859 1041 tripartito
888 971 1043 1039 igitur
1072 970 1406 1023 distribuatur
1438 972 1580 1023 locus
1629 970 1708 1022 hic
1754 972 1807 1022 in
1835 986 1958 1022 con-

389 1066 704 1124 secutionem,
723 1062 1106 1114 antecessionem
1117 1103 1130 1126 ,
1144 1062 1554 1130 repugnantiam,
1576 1060 1861 1125 reperiendi
1872 1077 1959 1112 ar-

389 1159 759 1227 gumentilocus
773 1168 843 1209 est
858 1154 1356 1220 simplex,tractundi
1370 1154 1587 1219 triplex:
1608 1169 1725 1204 nam
1740 1154 1865 1220 quid
1881 1152 1960 1203 in-

389 1258 557 1312 terest,
579 1264 695 1302 cum
718 1248 810 1299 hor.
826 1248 1120 1315 sumpseris,
1134 1244 1401 1315 pecuniam
1426 1251 1740 1295 numeratam
1762 1241 1963 1292 mulieri

388 1337 575 1398 deberi,
617 1336 694 1387 cui
726 1334 787 1385 sit
842 1344 1108 1400 argentum
1173 1348 1322 1384 omne
1365 1333 1614 1398 legatum,
1669 1340 1834 1381 utrum
1866 1329 1962 1380 hoc

387 1430 537 1481 modo
589 1427 860 1480 concludas
913 1433 1260 1493 argumentum
1313 1438 1329 1473 :
1384 1420 1445 1473 Si
1492 1420 1707 1487 pecunia
1760 1420 1960 1487 signata

386 1528 650 1587 argentum
680 1528 786 1578 est,
828 1517 996 1585 legata
1040 1523 1111 1567 est
1160 1513 1392 1573 mulieri;
1440 1520 1510 1561 est
1540 1517 1707 1559 autem
1752 1507 1962 1571 pecunia

388 1612 587 1677 signata
624 1619 911 1676 argentum,
938 1606 1099 1673 legata
1121 1605 1295 1671 igitur.
1328 1606 1404 1652 An
1432 1600 1519 1651 illo
1551 1598 1701 1649 modo
1735 1612 1752 1647 :
1795 1596 1963 1648 Sinu-

388 1712 576 1753 inerata
598 1700 811 1769 pecunia
839 1715 935 1750 not
971 1706 1039 1749 est
1082 1694 1271 1765 legata,
1318 1709 1416 1745 non
1446 1702 1516 1743 est
1566 1706 1633 1741 nu
1656 1696 1829 1741 nerala
1874 1703 1960 1756 pe-

1228 308 1291 362 IN
1331 304 1573 387 TOPICA
1610 298 1966 359 CICERONIS
2008 292 2513 354 COMMENTARIA.
2558 292 2682 347 LIB.
2727 291 2790 346 γ.

385 431 548 487 modo
579 446 594 483 :
624 444 729 483 non
764 436 816 481 et
860 425 974 479 dies
1005 435 1086 478 est
1128 435 1179 477 et
1220 438 1325 476 nox
1358 434 1437 475 est
1459 466 1472 488 ,
1502 420 1615 473 dies
1644 427 1820 471 autem
1853 428 1956 479 est,
1988 415 2033 472 A

2062 417 2207 462 recta
2234 407 2440 459 ratione
2462 404 2849 464 concludimus,
2874 399 2974 454 hoc
3006 397 3165 452 modo
3214 413 3228 452 :

3498 284 3634 339 “58
3708 338 3709 341 η

3280 396 3433 465 atqui
3476 396 3636 448 homo

2064 510 2164 562 est,
2200 498 2392 549 animat
2424 496 2587 564 igitur
2619 505 2721 559 est,
2752 501 2910 561 atque
2940 491 3028 544 hic
3056 490 3274 559 quidem
3333 487 3523 569 modus
3570 503 3637 539 ex

2061 606 2120 643 ea
2152 584 2510 658 propositione
2530 601 2777 641 connexa
2808 600 3096 638 conversus
3125 591 3230 645 est,
3260 596 3377 650 quae
3407 597 3471 635 ex
3501 580 3631 632 dua-

2065 680 2161 731 bus
2192 677 2471 744 conjuncta
2495 684 2576 729 est
2606 673 2955 727 afﬁrmativis.
2988 673 3082 725 llis
3122 672 3282 739 igitur
3314 671 3481 723 tribus
3524 684 3638 720 mo-

2062 768 2144 821 dis
2172 766 2373 820 Tullius
2392 766 2479 835 qui
2505 764 2664 817 homo
2691 774 2853 825 esset,
2877 761 3073 815 animal
3122 774 3331 828 quoque
3374 767 3636 811 monstra-

2064 866 2149 909 tus
2180 864 2263 908 est
2291 869 2445 907 esse:
2480 867 2621 905 nunc
2641 852 2854 919 quidem
2885 851 3009 903 dum
3040 850 3089 902 id
3113 850 3249 916 quod
3270 848 3636 901 anteceditas—

2064 946 2341 1012 sumimus,
2363 942 2412 996 id
2436 950 2656 995 estesse
2699 940 2999 1003 hominem;
3043 938 3191 990 nunt!
3229 952 3353 990 vero
3401 937 3527 989 dum
3586 935 3637 987 id

2064 1037 2205 1105 quod
2234 1035 2603 1103 consequitur,
2626 1033 2678 1084 in
2710 1031 3073 1097 assumptiooe
3095 1029 3442 1093 denegamus,
3476 1027 3525 1079 id
3558 1036 3643 1079 est

2065 1143 2168 1179 non
2202 1142 2320 1179 esse
2348 1125 2575 1186 animal;
2604 1139 2743 1176 nunc
2793 1131 2969 1173 autem
3026 1119 3429 1186 repugnantiam
3478 1119 3643 1169 dene-

2064 1227 2249 1290 gantcs
2301 1232 2482 1271 eorum
2533 1231 2651 1284 qua:
2708 1215 2808 1268 sibi
2851 1222 2975 1267 sum
3025 1210 3426 1278 consequentia,
3476 1211 3648 1275 posito

2064 1310 2203 1378 quod
2252 1309 2607 1378 praecedebat,
2681 1307 2730 1358 id
2781 1306 2918 1373 qttnd
2976 1305 3296 1369 sequebatur
3350 1302 3643 1355 intulimus.

2065 1399 2266 1463 Quibus
2318 1399 2389 1451 ita
2442 1397 2799 1466 praecognitis,
2855 1410 2993 1447 nunc
3044 1396 3112 1447 Μ.
3145 1388 3301 1446 Tuilii
3354 1401 3647 1446 tractemus

2065 1491 2331 1557 exempla.
2390 1487 2520 1541 Cum
2565 1488 2708 1541 enim
2743 1487 2964 1539 dixisset
3004 1485 3101 1538 loci
3153 1486 3203 1538 iit
3244 1494 3645 1546 consecutone,

2066 1580 2433 1634 antecessiune
2484 1588 2536 1631 et
2585 1578 2929 1646 repugnantia
2963 1576 3139 1645 positi,
3178 1576 3478 1643 reperiendi
3529 1576 3648 1643 qui-

2066 1671 2185 1725 dem
2216 1670 2513 1739 argumenti
2541 1670 2839 1736 simplicem
2871 1684 2990 1722 esse
3014 1669 3360 1733 intellectum,
3390 1668 3648 1720 tractandi

390 1792 540 1844 cunia
562 1799 846 1858 argentum;
869 1800 937 1840 est
963 1797 1130 1839 autem
1152 1803 1286 1838 nunt.
1304 1794 1415 1835 rata
1438 1782 1647 1853 pecunia
1669 1787 1958 1848 argentum,
1994 1773 2037 1831 Β

2067 1770 2242 1814 autem
2274 1760 2560 1826 triplicem,
2592 1759 2785 1827 adjecit
2832 1759 3002 1811 :Nam
3062 1757 3187 1826 quid
3230 1758 3474 1820 interest,
3523 1772 3643 1811 cum

390 1886 553 1951 legata
583 1884 734 1951 igitur
760 1891 849 1933 est.
879 1884 955 1931 An
984 1879 1074 1931 illo
1106 1879 1255 1929 modo
1279 1893 1295 1929 :
1324 1874 1441 1928 Non
1469 1884 1515 1927 et
1537 1874 1757 1944 legatum
1779 1885 1960 1938 argen-

391 1984 496 2025 tum
528 1981 617 2035 est,
648 1981 694 2023 et
734 1988 831 2022 non
862 1971 1026 2039 legata
1056 1979 1129 2023 est
1162 1978 1420 2020 nunterata
1460 1965 1711 2034 pecunia,“
1740 1962 1962 2030 legatum

391 2077 554 2118 autem
581 2074 950 2133 argentumest,
976 2062 1141 2131 legata
1161 2062 1316 2131 igitur
1346 2064 1609 2112 numerata
1632 2055 1844 2125 pecunia
1869 2060 1962 2105 est.

466 2158 596 2210 Eum
626 2158 795 2208 locum
829 2157 915 2222 qui
952 2169 1015 2207 ex
1072 2149 1540 2211 antecedentibus,
1584 2144 1968 2216 consequenti-

392 2247 491 2299 bus
518 2257 571 2300 et
601 2245 1010 2314 repugnantibus
1039 2251 1201 2307 esset,
1221 2258 1380 2296 unum
1412 2249 1555 2294 recte
1580 2238 1767 2298 videri,
1817 2252 1969 2290 eum-

392 2354 493 2405 que
521 2341 573 2391 in
593 2339 898 2391 conditione
926 2352 1046 2391 esse
1072 2337 1324 2404 positum,
1369 2334 1460 2387 sed
1500 2334 1633 2385 trina
1686 2329 1969 2398 partitione

393 2429 661 2493 distribui,
688 2428 934 2496 superius
963 2427 1282 2494 explicatum
1307 2435 1419 2489 est;
1464 2424 1620 2491 idque
1661 2419 1730 2472 Μ.
1764 2420 1970 2473 Tullius

393 2520 689 2575 evidentius
735 2527 882 2571 notat
936 2519 1139 2581 dicens,
1207 2517 1530 2569 intellectum
1585 2513 1799 2580 quidem
1851 2511 1969 2576 ejus

395 2590 987 2676 considerationemqne
1051 2609 1105 2661 in
1158 2606 1461 2660 conditione
1533 2612 1760 2672 positam
1811 2616 1970 2654 unam

398 2716 538 2763 esse,
569 2701 661 2754 sed
690 2714 783 2768 per
813 2700 1289 2769 argumentationis
1312 2696 1683 2751 tractationem
1706 2696 1975 2761 tripattito
2044 2744 2049 2749 .

400 2793 771 2859 dividi.Cujus
811 2794 885 2845 rei
922 2807 1014 2859 per
1038 2790 1265 2858 primttm
1314 2804 1373 2842 ac
1424 2788 1715 2841 secundum
1762 2795 1816 2839 et
1871 2795 1976 2838 tero

403 2882 536 2934 tium
560 2883 1024 2951 hypotbeticorum
1055 2882 1484 2950 syllogismorum
1544 2878 1784 2942 modum,
1840 2878 1979 2931 sicut

404 2974 563 3041 paulo
592 2972 834 3039 superius
864 2972 1116 3035 diximus,
1142 2970 1390 3039 exempla
1418 2969 1662 3038 subjecit.
1695 2968 1823 3034 Quae
1846 2982 1979 3035 quo-

406 3064 546 3117 niam
573 3064 927 3131 implicatiora
952 3064 1196 3116 videntur
1217 3077 1372 3130 quam
1397 3072 1455 3114 ut
1482 3060 1651 3129 primo
1679 3058 1855 3113 statim
1887 3074 1983 3111 au-

405 3157 517 3209 ditu
549 3155 1087 3229 comprehendantur,
1119 3156 1288 3208 visum
1322 3154 1586 3222 paulisper
1616 3160 1697 3205 est
1745 3150 1971 3217 apertio-

407 3247 554 3301 ribus
575 3247 834 3315 exemplis
872 3246 1104 3299 animum
1137 3247 1349 3299 lectoris
1397 3238 1658 3305 imbuere,
1684 3254 1738 3295 ut
1784 3243 1834 3294 in
1895 3241 1977 3294 fa-

408 3339 679 3393 cilioribus
704 3340 929 3408 primum
947 3338 1240 3393 exercitata
1272 3338 1640 3406 intelligentia,
1698 3340 1814 3390 sine
1865 3351 1978 3388 nta-

408 3446 511 3499 gno
543 3432 772 3499 negotio,
805 3447 922 3498 qua:
952 3439 1077 3483 sunt
1104 3430 1398 3482 difﬁciliora
1429 3429 1741 3497 perpendat.
1776 3428 1855 3479 Ab
1881 3444 1980 3479 an-

411 3522 775 3595 tecedentibus
800 3522 958 3591 igitur
980 3522 1367 3590 argumentatio
1417 3523 1491 3585 lit,
1554 3522 1763 3586 quoties
1809 3535 1979 3572 enun-

410 3613 533 3665 tiata
567 3615 943 3681 propositionis
969 3613 1276 3666 conditione
1306 3614 1532 3665 sumitur
1558 3612 1609 3663 id
1639 3612 1777 3679 quod
1834 3622 1982 3663 ante-

409 3705 570 3769 ουᾱὶι,
596 3715 652 3758 ut
690 3705 741 3758 id
769 3705 908 3773 quod
933 3706 1172 3772 sequitur
1208 3704 1494 3765 inferatur,
1526 3702 1625 3754 hoc
1658 3702 1816 3755 modo
1866 3720 1879 3754 :
1915 3703 1985 3756 sit

410 3796 551 3846 enim
579 3794 799 3847 dubium
830 3810 896 3845 an
929 3794 1129 3846 Tullius
1170 3793 1368 3845 animal
1417 3795 1507 3856 sit,
1557 3792 1986 3860 concedaturque

410 3884 655 3936 eumdem
678 3885 987 3937 Ciceronem
1007 3898 1128 3937 esse
1154 3885 1441 3949 hominem,
1483 3892 1537 3937 et
1558 3884 1626 3937 sit
1650 3892 1761 3936 rata
1796 3901 1989 3954 prrpoo

411 3976 535 4028 sitio
566 3975 675 4028 haec
704 3992 717 4028 :
770 3976 975 4028 Tullius
1003 3976 1046 4027 si
1084 3975 1245 4028 homo
1275 3985 1377 4037 est,
1406 3975 1606 4029 animal
1658 3986 1771 4039 est;
1824 3978 1985 4029 homo

412 4065 911 4131 antecedit,animal
937 4064 1197 4133 sequitur;
1217 4068 1259 4120 si
1287 4065 1869 4135 igiturexantecedenti
1896 4083 1988 4121 ve-

414 4159 502 4209 lim
533 4157 707 4210 facere
730 4156 1266 4227 argumentationem,
1300 4173 1568 4212 assuntam
1601 4161 1650 4213 id
1680 4161 1819 4230 quod
1851 4176 1988 4229 prae-

410 4248 575 4311 cedit,
606 4246 703 4301 hoc
726 4248 885 4301 modo
916 4266 927 4299 :
955 4248 1046 4300 sed
1093 4248 1251 4321 homo
1289 4257 1372 4302 est
1401 4248 1613 4315 Cicero,
1647 4253 1991 4320 consequitur

409 4339 607 4389 animal
630 4353 748 4391 esse
774 4338 1084 4393 Ciceronem
1111 4356 1123 4403 ;
1160 4349 1211 4392 et
1233 4348 1315 4393 est
1339 4340 1422 4392 hic
1466 4341 1667 4408 primus
1695 4358 1852 4411 quem
1897 4357 1989 4395 su-

412 4441 508 4494 pra
537 4428 767 4481 diximus
800 4430 1007 4482 modus.
1038 4431 1237 4485 Rursus
1261 4448 1287 4483 a
1320 4434 1667 4501 consequenti
1705 4449 1989 4501 argumen-

414 4515 543 4566 tatio
566 4514 622 4567 fit
646 4520 853 4583 quoties
885 4521 934 4571 in
959 4522 1265 4574 conditione
1298 4524 1568 4590 propOsita
1597 4524 1646 4576 id
1695 4526 1833 4592 quod
1858 4541 1989 4577 con-
2024 4502 2068 4558 ι)

414 4603 654 4669 sequitur
683 4605 823 4658 tollit
852 4610 1166 4675 assumptio,
1202 4620 1257 4663 ut
1280 4611 1327 4662 id
1354 4613 1493 4679 quod
1533 4623 1881 4679 prmcesserat
1913 4616 1993 4666 in-

415 4699 709 4763 terimatur,
738 4701 836 4754 hoc
862 4705 1019 4778 modo
1048 4721 1060 4757 :
1086 4707 1126 4756 si
1156 4706 1313 4759 homo
1335 4709 1643 4778 est_Cicero,
1671 4713 1992 4767 animalcst.

414 4790 692 4842 Antecedit
718 4793 895 4857 homo,
927 4772 1168 4860 sequitur
1189 4776 1496 4852 animal.‘Si
1529 4801 1687 4868 igitur
1713 4818 1775 4855 ex
1806 4818 1995 4856 conse-

415 4880 591 4947 quenti
626 4880 803 4935 facere
830 4897 1200 4949 argumentum
1228 4888 1402 4949 velim,
1450 4890 1643 4953 dicam,
1692 4895 1834 4960 atqui
1881 4910 1985 4947 non

414 4980 497 5038 est
520 4962 996 5041 animal,sequitur
1019 4992 1083 5028 ne
1107 4991 1226 5030 esse
1252 4977 1521 5033 hominem
1546 4981 1779 5045 quidem,
1810 4985 1903 5036 sed
1942 4986 1990 5037 id

414 5065 691 5132 perspicue
726 5068 916 5123 falsum
942 5078 1055 5130 est.
1090 5086 1209 5124 esse
1260 5074 1401 5126 enim
1442 5076 1708 5129 hominem
1755 5088 1985 5143 constat,

383 5154 601 5208 'l'alsum
623 5166 709 5210 est
739 5160 897 5222 igitur
923 5163 1118 5214 animal
1143 5180 1245 5217 non
1276 5181 1412 5219 esse.
1467 5167 1669 5223 Tullius
1698 5172 1854 5239 igitur
1878 5174 1993 5225 ani-

416 5249 624 5300 malest
650 5266 663 5311 ;
697 5260 751 5303 et
784 5252 868 5305 hic
894 5254 1157 5308 dictorum
1188 5259 1436 5325 Superius
1459 5264 1725 5318 secundus
1766 5275 1848 5319 est
1884 5284 1995 5317 tuo.

415 5336 535 5391 dus.
568 5340 719 5403 Quod
752 5344 794 5395 si
827 5360 855 5397 a
888 5349 1303 5414 repugnantibus
1326 5350 1436 5416 fiat,
1472 5352 1524 5406 in
1585 5356 1741 5408 tertio
1784 5359 1991 5413 scilicet

415 5429 918 5501 niododigesmrum
968 5440 1213 5506 superius
1257 5443 1684 5509 conclusionum,
1736 5448 1991 5503 faciemus

417 5522 485 5571 ita
521 5536 534 5572 :
566 5538 668 5575 non
694 5524 734 5575 si
769 5525 929 5579 homo
979 5538 1062 5580 est
1092 5529 1311 5595 Tullius,
1354 5534 1549 5589 animal
1597 5552 1700 5589 non
1748 5549 1868 5604 est;
1903 5556 1989 5595 πθ·-
2042 5562 2052 5569 ”

418 5622 615 5679 pugnat
642 5616 781 5667 enim
805 5632 925 5670 eSse
950 5617 1219 5673 hominem
1249 5634 1299 5675 et
1324 5624 1517 5678 animal
1561 5643 1666 5681 non
1711 5644 1849 5693 esse;
1905 5632 1987 5688 hic

416 5701 460 5753 si
484 5717 815 5761 assumamus
864 5724 983 5765 esse
1029 5711 1319 5780 hominem,
1361 5719 1550 5773 animal
1574 5738 1784 5791 quoque
1842 5741 1985 5797 esse,

2066 1852 2162 1905 tibi
2194 1851 2489 1918 sumpseris
2518 1850 2581 1901 ad
2614 1849 3105 1915 demonstrandum,
3139 1850 3418 1917 pecuniam
3462 1865 3645 1904 nume-

2066 1948 2236 1997 ratam
2255 1940 2677 2004 tnulierideberi,
2711 1941 2792 1993 cui
2810 1941 2877 1993 sit
2904 1949 3179 2009 argentum
3209 1955 3368 1993 omne
3386 1940 3639 2005 legatum,

2068 2042 2241 2085 utrum
2262 2030 2313 2083 id
2344 2030 2409 2082 ab
2432 2030 2890 2093 antecedentibus,
2919 2047 2984 2083 an
3009 2046 3035 2081 a
3073 2031 3541 2097 consequentibus,
3580 2046 3647 2083 an

2068 2138 2095 2174 a
2128 2120 2543 2189 repugnantibus
2577 2121 2811 2187 probes?
2838 2122 3072 2189 Namque
3124 2122 3311 2174 eadem
3375 2123 3640 2174 sententia

2070 2212 2123 2264 in
2160 2211 2500 2264 conclusione
2554 2212 2842 2279 colligitur,
2876 2221 2927 2264 et
2991 2212 3509 2277 argumentationum
3559 2210 3641 2263 di-

2071 2302 2294 2355 versitas
2341 2318 2444 2354 non
2498 2301 2550 2354 in
2607 2317 2691 2364 re,
2740 2302 2832 2357 sed
2864 2304 2913 2354 in
2956 2302 3379 2355 antecedentium
3434 2312 3486 2355 et
3516 2316 3647 2354 cun-

2075 2394 2409 2462 sequentium
2466 2404 2517 2447 et
2568 2396 2971 2462 repugnantium
3023 2406 3247 2449 tractatu
3303 2404 3382 2448 est
3442 2396 3653 2448 consti-

2079 2494 2209 2539 tuta.
2257 2486 2488 2540 Primum
2536 2488 2691 2553 igitur
2723 2500 2946 2555 ponatur
2990 2490 3128 2556 quod
3183 2497 3501 2541 testamento
3549 2486 3652 2539 ali-

2076 2577 2193 2645 quis
2216 2592 2374 2630 omne
2406 2592 2559 2645 suum
2586 2588 2863 2646 argentum
2898 2580 3102 2631 mulieri
3138 2580 3414 2647 legaverit,
3448 2594 3649 2646 quaera-

2079 2674 2269 2731 turque
2297 2679 2363 2717 an
2390 2678 2662 2718 numerata
2706 2682 2915 2734 quoque
2964 2668 3187 2734 pecunia
3236 2668 3445 2721 mulieri
3484 2669 3653 2736 legata

2080 2759 2183 2822 sit,
2228 2758 2653 2825 conoedaturque
2685 2768 3013 2812 numeratam
3057 2758 3216 2811 etiam
3248 2760 3519 2825 pecuniam
3562 2778 3652 2812 ar-

2082 2858 2295 2916 gentum
2320 2849 2597 2916 appellari,
2636 2859 3003 2917 argumentum
3030 2849 3190 2918 igitur
3218 2850 3268 2902 in
3300 2852 3474 2917 primo
3499 2852 3655 2905 modo

2082 2954 2151 2993 ex
2187 2940 2624 2993 antecedentibus
2658 2941 2745 2992 tali
2782 2940 2983 2993 ratione
3032 2940 3335 2992 contexitur
3365 2958 3377 2992 :
3405 2942 3657 3008 proponi-

2086 3046 2201 3085 mus
2232 3030 2374 3084 enim
2417 3032 2518 3093 sic,
2552 3033 2593 3083 si
2628 3026 2847 3097 pecunia
2894 3031 3097 3098 signata
3144 3040 3524 3101 numerataque
3569 3047 3658 3085 ar-

2008 3140 2055 3202 C
2086 3130 2299 3189 gentum
2346 3132 2447 3187 est,
2504 3121 2688 3174 eadem
2745 3122 2961 3189 pecunia
3017 3123 3219 3191 signata
3272 3133 3659 3192 numerataque

2085 3215 2254 3283 legata
2288 3211 2495 3266 mulieri
2521 3226 2631 3276 est;
2680 3212 2763 3265 hic
2814 3213 2971 3281 igitur
3029 3213 3279 3281 prrecedit
3322 3223 3650 3269 numeratam

2084 3311 2242 3369 atque
2271 3301 2528 3367 signatam
2565 3301 2841 3366 pecuniam
2864 3313 3143 3371 argentum
3166 3304 3557 3372 esse,sequitur
3577 3307 3659 3359 le-

2084 3402 2258 3460 gatam
2283 3407 2401 3446 esse
2430 3393 2667 3455 mulieri;
2703 3394 2751 3445 id
2785 3394 2941 3463 igitur
2963 3396 3101 3462 quod
3134 3397 3406 3464 prmcessit
3426 3400 3652 3450 assumi-

2086 3470 2462 3535 musdicentes
2497 3500 2509 3533 :
2544 3493 2597 3535 at
2634 3494 2717 3536 est
2763 3483 2962 3551 signata
3013 3499 3075 3537 ac
3119 3495 3394 3538 numerata
3437 3486 3660 3553 pcuuia

2086 3580 2361 3639 argentum
2384 3586 2397 3634 ;
2425 3572 2792 3627 concludimus
2824 3585 3155 3629 numeratam
3183 3575 3550 3646 signatumque
3575 3592 3665 3643 pes

2090 3663 2301 3717 cuniam
2350 3663 2558 3717 mulieri
2611 3679 2730 3718 esse
2777 3664 3041 3732 legatam,
3087 3667 3291 3734 eritque
3322 3666 3481 3721 totius
3508 3681 3665 3735 argos

2089 3753 2431 3806 mentationis
2459 3753 2543 3805 hic
2573 3762 2759 3807 textus
2784 3771 2798 3809 :
2828 3755 2883 3809 Si
2915 3756 3135 3822 pecunia
3167 3757 3369 3826 signata
3412 3772 3663 3814 numeras

2091 3852 2249 3912 taque
2275 3853 2550 3913 argentum
2581 3853 2681 3907 est,
2708 3846 2877 3912 legata
2911 3848 3116 3900 mulieri
3161 3858 3276 3910 est;
3320 3857 3374 3902 at
3396 3858 3475 3902 est
3500 3863 3661 3916 pecus

2092 3934 2178 3985 nia
2208 3934 2410 4001 signata
2440 3943 2826 4003 numerataque
2848 3947 3148 4002 argentum,
3198 3938 3358 4006 igitur
3381 3939 3553 4009 legata
3583 3950 3666 3994 est

2094 4022 2326 4075 mulieri.
2358 4023 2414 4074 In
2457 4037 2560 4088 quo
2603 4024 2645 4075 si
2693 4024 2757 4075 ad
2791 4025 2985 4091 saepius
3019 4024 3667 4097 prmmissapluriiuisquc

2092 4110 2347 4177 exemplis
2368 4112 2612 4178 superius
2630 4112 2855 4166 enodata
2878 4115 3091 4168 lectoris
3113 4116 3321 4169 animus
3345 4128 3662 4179 revertatur.

2097 4197 2231 4251 hanc
2258 4200 2770 4266 argumentationem
2798 4201 2848 4254 in
2876 4203 3226 4269 primomodo
3250 4204 3317 4257 ab
3338 4206 3661 4260 anteceden-

2096 4290 2234 4342 tibus
2266 4304 2385 4343 esse
2420 4292 2767 4359 compositam
2806 4309 2907 4345 non
2938 4294 3231 4362 ignorabit;
3264 4310 3292 4348 a
3325 4310 3662 4365 consequens

2096 4380 2236 4432 tibus
2267 4395 2392 4434 vero
2423 4381 2525 4433 hoc
2555 4382 2711 4436 modo
2739 4401 2751 4433 :
2785 4383 2839 4438 Si
2871 4398 3143 4439 numerata
3184 4387 3403 4456 pecunia
3446 4404 3551 4449 non
3581 4400 3665 4443 est

2096 4472 2266 4539 legata
2307 4473 2513 4526 mulieri
2545 4475 2629 4527 cui
2677 4476 2747 4528 sit
2772 4486 3070 4546 'argentum
3101 4495 3258 4534 omne
3290 4481 3541 4549 legatum,
3572 4498 3671 4535 nu-

2096 4573 2297 4615 merata
2324 4564 2543 4630 pecunia
2584 4580 2687 4619 non
2716 4576 2797 4619 est
2827 4578 3124 4636 argentum.
3156 4571 3249 4624 Hic
3278 4573 3439 4642 igitur
3476 4589 3668 4642 prtere-

2096 4650 2171 4702 dit
2198 4661 2525 4703 numeratam
2556 4654 2833 4719 pecuniam
2864 4671 2967 4708 non
3000 4673 3119 4713 esse
3161 4660 3422 4729 legatam,
3454 4678 3574 4718 cum
3598 4665 3663 4717 sit

2098 4751 2375 4809 argentum
2404 4755 2564 4795 omne
2596 4744 2848 4812 legatum;
2876 4750 3114 4816 sequitur
3144 4764 3474 4807 numeratam
3502 4770 3667 4822 pecu-

2100 4832 2241 4884 niam
2264 4843 2536 4901 argentum
2563 4852 2666 4889 non
2694 4853 2836 4891 esse.
2869 4839 2923 4894 Si
2955 4840 3113 4909 igitur
3141 4843 3190 4896 id
3218 4845 3358 4913 quod
3386 4856 3468 4899 est
3492 4855 3668 4915 poste-

2100 4923 2210 4974 rius
2250 4924 2589 4990 aul'eramus,
2624 4927 2673 4979 id
2720 4938 2803 4981 est
2850 4942 3180 4985 numeratam
3227 4934 3502 5001 pecuniam
3560 4950 3666 4987 non

2096 5027 2214 5065 esse
2240 5023 2541 5083 argentum,
2573 5017 2812 5071 dicemus
2844 5036 2861 5074 :
2889 5020 3046 5089 Atqui
3080 5032 3161 5076 est
3190 5035 3462 5078 numerata
3508 5041 3670 5093 pecu-
3699 5053 3712 5065 ι

2101 5100 2186 5153 uia
2215 5114 2490 5172 argentum
2520 5144 2535 5168 ,
2563 5106 2848 5160 affirmatio
2881 5126 3110 5178 namque
3142 5113 3276 5166 tollit
3307 5116 3666 5181 negationem.

2080 5189 2348 5258 'Sequitur
2378 5192 2535 5260 igitur
2565 5203 2620 5246 ut
2645 5210 2765 5260 pars
2798 5200 3108 5263 praecedens
3128 5200 3423 5269 auferatur,
3457 5220 3516 5258 ea
3550 5221 3668 5274 qua:
3718 5244 3727 5253 .

2096 5290 2208 5332 erat
2239 5296 2342 5333 non
2375 5296 2492 5335 esse
2519 5284 2743 5352 legatam
2775 5286 2978 5339 mulieri
3004 5291 3281 5355 pecuniam
3308 5304 3661 5357 numeratam.

2098 5384 2216 5422 cum
2261 5380 2537 5439 argentum
2572 5376 2617 5427 ei
2658 5373 2847 5429 fuisset
2898 5392 3056 5430 omne
3104 5380 3355 5448 legatum.
3393 5386 3499 5439 Sed
3547 5402 3667 5442 cum

2098 5461 2188 5525 sit,
2220 5464 2393 5515 omnis
2416 5466 2624 5531 negatio
2647 5466 2999 5520 affirmatione
3028 5473 3381 5538 consumitur,
3410 5477 3668 5531 dicimus-

2099 5567 2201 5618 qne
2247 5553 2297 5604 in
2346 5553 2733 5608 conclusione:
2770 5556 2864 5608 Est
2910 5558 3067 5624 igitur
3117 5574 3392 5619 numerata
3444 5569 3666 5633 pecunia

2102 5641 2307 5694 mulieri
2338 5642 2527 5710 legata,
2559 5658 2676 5696 cum
2722 5646 2769 5698 ei
2802 5648 2866 5698 sit
2896 5658 3183 5716 argentttnr
3202 5667 3358 5729 omne
3404 5657 3665 5725 legatum;

2101 5731 2305 5799 eritque
2338 5732 2637 5801 hujusmodi
2664 5743 3052 5806 argumentatio
3084 5759 3095 5793 :
3129 5743 3183 5797 Si
3214 5760 3315 5801 non
3343 5758 3423 5803 est
3455 5752 3677 5811 mulieri
