4274 6272
647 275 781 329 1159
1860 279 1963 335 AN.
2011 279 2214 333 MANL.
2256 278 2403 334 SEV.
2447 281 2663 335 BQETII
3751 288 3896 343 {HO

645 391 816 458 legata
840 391 1062 461 pecunia
1089 401 1384 455 numerata,
1418 406 1535 443 cum
1564 392 1613 444 ei
1642 392 1709 444 sit
1739 404 2014 461 argentum
2052 404 2210 445 omne
2242 395 2290 449 Α
2318 405 2422 442 non
2472 400 2794 461 sequuntur,
2846 407 2939 460 pro
2984 393 3167 445 liberis
3207 406 3422 446 manere
3470 393 3603 448 nihil
3651 408 3896 465 oportet,

644 482 898 549 legatum,
930 496 1033 533 non
1059 489 1142 534 est
1172 489 1445 549 argentum
1476 492 1753 536 numerata
1780 481 2037 551 pecunii';
2066 484 2210 552 atqui

642 578 725 622 est
759 577 1032 639 argentum
1078 578 1353 624 numerata
1396 572 1651 638 pecunia,
1700 574 1865 642 legata
1914 583 1996 627 est
2051 575 2211 642 igitur

645 658 852 711 mulieri
883 668 1153 712 numerata
1185 661 1431 729 pecunia,
1461 678 1580 716 eum
1632 665 1682 717 ei
1731 663 1889 718 fuerit
1934 672 2209 733 argentum

642 761 800 799 omne
830 746 1083 814 legatum.
1136 748 1241 803 Sed
1290 751 1430 819 quod
1481 752 1689 807 Tullius
1731 753 2006 809 brevitatis
2051 768 2209 809 causa

642 838 916 902 praeteriit,
948 840 997 893 id
1028 851 1131 915 est,
1158 843 1300 895 illam
1328 854 1528 911 partem
1559 846 1937 914 propositionis
1958 861 2077 915 qua:
2101 846 2207 900 ait:

642 929 771 982 Cum
801 931 870 983 sit
902 933 1109 987 mulieri
1139 946 1416 1004 argentum
1448 953 1605 991 omne
1647 942 1898 1006 legatum,
1930 953 2027 992 nos
2056 952 2211 1006 aper-

642 1018 800 1071 tioris
831 1020 1198 1088 intelligentite
1226 1039 1381 1076 causa
1420 1026 1788 1092 sulijunximus
1816 1042 1831 1089 ;
1875 1040 1973 1079 nec
2004 1034 2212 1092 pertur-

642 1110 770 1162 bare
817 1095 1075 1164 lectorem
1120 1111 1315 1176 debet,
1366 1115 1504 1179 quod
1563 1129 1683 1166 cum
1733 1115 1784 1166 in
1846 1116 2209 1180 superioribus

639 1198 899 1264 exemplis
948 1199 997 1252 in
1053 1200 1288 1253 secundo
1339 1202 1494 1253 modo
1548 1216 1641 1269 per
1689 1201 2024 1270 negationem
2071 1199 2209 1253 facta

640 1288 801 1341 fuerit
844 1304 1060 1357 semper
1100 1293 1421 1359 assumptio,
1454 1301 1507 1345 et
1534 1306 1629 1360 per
1659 1292 1992 1359 negationem
2024 1305 2209 1344 rursus

639 1378 782 1429 illata
821 1378 1093 1431 conclusio
1115 1419 1131 1443 ,
1178 1395 1318 1433 nunc
1347 1396 1444 1448 per
1471 1381 1878 1434 affirmationem
1907 1390 1962 1434 et
2002 1395 2207 1433 assum—

641 1465 750 1528 ptio
780 1474 833 1518 et
866 1468 1135 1519 conclusio
1183 1469 1313 1521 facta
1346 1479 1439 1522 est.
1479 1470 1639 1537 Cujus
1678 1471 1755 1523 rei
1805 1469 2206 1523 evidentissima

637 1558 772 1610 ratio
802 1567 903 1611 est.
936 1558 1066 1612 Nam
1097 1574 1215 1613 cum
1247 1561 1298 1613 in
1344 1561 1712 1628 superioribus
1743 1561 2005 1629 exemplis
2039 1561 2205 1628 prima

636 1647 930 1715 propositio
958 1663 1021 1701 ex
1048 1648 1493 1704 aflirmationibus
1526 1651 1683 1705 fuerit
1703 1653 2012 1713 constituta,
2045 1659 2205 1719 atque

2314 491 2367 531 et
2404 482 2473 532 ita
2502 496 2603 533 non
2633 491 2711 535 est
2757 495 2785 532 a
2836 481 3287 550 consequentibus
3312 493 3713 550 argumentum,
3761 489 3890 555 quia

2323 586 2425 622 non
2458 570 2509 624 id
2550 571 2687 638 quod
2719 572 3145 639 consequebatur
3172 582 3505 639 assumptum
3536 583 3645 639 est,
3690 577 3785 639 sed
3834 578 3891 630 id

2314 660 2456 727 quod
2509 661 2860 728 praecedebat.
2911 661 3040 715 Erat
3069 662 3266 731 quippe
3310 664 3663 727 antecedens,
3725 676 3890 733 nupta

2313 750 2501 803 mulier
2542 762 2735 817 pra-ter
2766 752 3016 805 connubii
3052 753 3175 821 jus;
3230 754 3585 821 sequebatur,
3637 770 3760 809 cum
3794 758 3890 810 [Ilii

2315 849 2516 905 patrem
2550 855 2652 894 non
2682 841 3045 909 sequebantur
3065 884 3078 907 ,
3110 857 3205 910 pro
3233 844 3310 896 eis
3341 840 3469 896 nihil
3500 859 3567 897 ex
3596 843 3723 898 dote
3755 845 3889 900 reti-

2313 929 2447 983 neri.
2470 928 2559 984 Sic
2578 929 2736 998 igitur
2765 930 2970 984 Tullius
2997 946 3091 998 pro
3121 946 3186 985 eo
3221 932 3359 999 quod
3388 941 3469 985 est
3494 947 3523 985 a
3551 948 3889 1002 consequen-

2314 1015 2454 1071 tibus
2495 1026 2889 1086 argumentum,
2936 1019 3003 1072 ab
3046 1020 3484 1073 antecedentibus
3518 1023 3693 1087 potius
3737 1024 3886 1076 dedit

2311 1107 2636 1175 exemplum.
2686 1108 2866 1161 Potest
2910 1122 3038 1161 vero
3084 1108 3153 1161 ita
3202 1107 3313 1161 fieri
3361 1124 3391 1160 a
3432 1111 3885 1178 consequentibus

2312 1205 2702 1263 argumentum,
2732 1198 2776 1249 si
2830 1197 2878 1248 id
2925 1196 2992 1250 de
3031 1212 3136 1265 quo
3166 1198 3423 1265 quaaritur
3450 1200 3591 1266 prius
3622 1209 3877 1267 ponatur,

2310 1292 2363 1332 et
2411 1283 2461 1335 id
2492 1282 2629 1350 quod
2659 1285 3065 1347 assumendum;
3089 1292 3169 1338 est
3211 1285 3495 1352 posterius,
3543 1288 3639 1340 hoc
3667 1288 3826 1343 modo
3857 1305 3875 1341 :

2312 1374 2365 1426 Si
2397 1374 2518 1440 quid
2549 1388 2612 1427 ex
2645 1374 2768 1428 dote
2796 1386 2892 1443 pro
2941 1374 3121 1429 liberis
3161 1391 3381 1433 manere
3429 1379 3716 1445 oportebit,
3747 1380 3881 1449 quia

2311 1470 2515 1530 patrem
2557 1463 2706 1517 liberi
2738 1474 3065 1533 sequuntur,
3099 1479 3221 1519 cum
3269 1478 3334 1519 eo
3361 1476 3521 1534 nupta
3558 1478 3640 1521 est
3685 1469 3885 1523 mulier

2311 1553 2523 1618 quicum
2550 1554 2799 1609 connubii
2838 1556 2924 1622 jus
2946 1565 3109 1610 esset.
3137 1556 3301 1610 Sumo
3326 1557 3487 1626 igitur
3509 1559 3558 1611 td
3586 1560 3727 1628 quod
3752 1574 3885 1614 con-
3908 1621 3918 1633 ο

2310 1645 2547 1711 sequitur
2570 1659 2663 1713 per
2689 1647 3049 1715 negationem,
3071 1648 3138 1701 ita
3168 1666 3179 1699 :
3204 1649 3306 1703 Sed
3335 1664 3439 1703 non
3466 1659 3544 1703 est
3569 1662 3735 1719 nupta
3758 1666 3881 1706 mu-
3916 1639 3931 1653 ’

639 1738 690 1787 in
720 1737 955 1791 secundo
985 1738 1145 1791 modo
1186 1743 1475 1808 assumptio
1506 1742 1557 1793 id
1586 1743 1727 1809 quod
1756 1742 2077 1809 sequebatur
2103 1755 2195 1792 au-
2235 1748 2282 1806 Β
2313 1733 2409 1786 lier
2444 1750 2565 1787 cum
2618 1750 2684 1788 eo
2732 1737 2944 1802 quicum
2987 1738 3234 1792 connubii
3273 1739 3362 1807 jus
3392 1748 3527 1804 erat,
3562 1750 3720 1809 atque
3758 1740 3883 1795 ideo

636 1830 820 1895 ferret,
852 1836 1009 1895 atque
1040 1830 1371 1885 interimeret
1399 1832 1449 1884 id
1473 1832 1613 1899 quod
1640 1832 1989 1900 praecedebat,
2018 1846 2205 1886 neces-

635 1917 835 1970 sarium
872 1928 986 1971 erat
1014 1920 1275 1987 duplicem
1306 1920 1714 1975 afﬁrmationem
1744 1922 2007 1990 geminata
2040 1936 2204 1990 nega-

636 2012 779 2062 tione
810 2012 1072 2073 consumi,
1097 2015 1195 2064 hoc
1222 2012 1380 2066 modo
1406 2014 1495 2067 :Si
1518 2013 1632 2068 dies
1657 2024 1761 2077 est,
1788 2014 1878 2067 lux
1912 2022 2013 2077 est,
2040 2023 2203 2067 utra:-

634 2118 739 2167 que
766 2118 829 2158 ex
861 2104 1218 2161 affirmatione
1248 2116 1370 2161 sunt
1400 2108 1723 2162 constitutze.
1760 2107 1827 2162 Ut
1849 2108 2007 2177 igitur
2029 2116 2203 2175 poste-

636 2195 743 2245 ιὶοι·
766 2208 908 2261 pars,
937 2194 987 2247 id
1023 2206 1128 2261 est,
1171 2198 1253 2250 lux
1287 2208 1388 2258 est,
1422 2213 1539 2265 ane
1568 2198 1851 2250 aflirmatio
1880 2207 1984 2263 est,
2019 2198 2206 2251 interi-

635 2294 830 2350 matur,
874 2286 1183 2355 deneganda
1215 2298 1297 2342 est
1355 2288 1536 2357 Dicam
1572 2290 1768 2357 igitur:
1802 2290 1959 2355 Atqui
1990 2303 2092 2340 non
2123 2296 2206 2341 est

634 2374 744 2442 lux,
785 2391 889 2442 quo
922 2377 977 2427 fit
1004 2385 1061 2429 ut
1101 2378 1487 2445 praecedentem
1518 2393 1728 2447 quoque
1764 2387 1986 2445 partem,
2022 2378 2071 2431 id
2098 2387 2201 2440 est,

634 2467 748 2518 dies
774 2477 876 2530 est,
916 2483 1071 2534 quam
1117 2469 1527 2523 aflirmationcm
1570 2460 1688 2525 esse
1730 2470 2067 2524 manifestum
2098 2482 2201 2533 est,

634 2559 914 2623 negatione
937 2559 1205 2623 tollamus,
1230 2560 1632 2626 concludentes,
1657 2563 1772 2615 dies
1799 2562 1957 2631 igitur
1977 2577 2079 2615 non
2100 2571 2201 2616 est.

635 2647 704 2695 At
737 2646 787 2696 in
820 2644 921 2698 hoc
963 2646 1237 2701 Ciceronis
1286 2649 1532 2716 exemplo
1587 2659 1807 2717 utraque
1848 2666 1970 2719 pars
2018 2652 2205 2719 primae

632 2746 791 2801 atque
822 2733 1177 2803 hypotbeticze
1207 2738 1583 2805 propositionis
1634 2740 2001 2807 negationibus
2035 2756 2206 2794 enun-

635 2824 760 2878 tiata
792 2835 893 2890 est,
922 2842 1039 2894 qua:
1071 2828 1119 2879 in
1161 2829 1524 2895 assumptione
1573 2830 1654 2883 vel
1702 2831 2047 2884 conclusione
2100 2847 2203 2884 non

633 2916 701 2967 ab
731 2916 845 2969 aliis
871 2917 969 2968 nisi
1000 2916 1520 2972 aballirmatiouibus
1537 2918 1873 2983 auferuntur,
1897 2919 1997 2973 hoc
2021 2920 2200 2974 modo.

636 3007 732 3061 Est
768 3009 910 3062 enim
962 3010 1066 3063 ιειΙε
1113 3010 1386 3064 Ciceronis
1435 3012 1844 3080 exemplumzsi
1878 3013 2044 3081 legata
2096 3026 2202 3065 non

2308 1823 2402 1899 qui
2429 1826 2534 1877 nati
2566 1834 2707 1889 sunt,
2734 1837 2936 1894 patrem
2960 1842 3065 1882 non
3097 1838 3412 1897 sequuntur.
3438 1829 3727 1884 Perimitur
3748 1846 3881 1899 ergo

2310 1915 2360 1967 in
2392 1896 2752 1972 conclusione
2780 1917 2829 1971 id
2860 1918 2999 1986 quod
3024 1920 3075 1972 in
3106 1921 3471 1988 propositione
3510 1931 3875 1988 praecesserat.

2306 2004 2382 2055 lta
2412 2019 2507 2073 pro
2550 2006 2733 2060 liberis
2777 2006 2936 2075 igitur
2977 2024 3192 2063 manere
3222 2009 3349 2062 nihil
3396 2019 3628 2077 oportet.
3673 2010 3778 2064 Sed
3808 2010 3879 2065 de

2306 2094 2540 2148 secundo
2571 2097 2728 2149 modo
2761 2097 2860 2150 isva
2890 2096 3180 2165 sufficiant,
3213 2098 3346 2152 nihil
3375 2113 3621 2167 namque,
3649 2109 3703 2152 ut
3734 2099 3873 2152 arbi-

2308 2194 2441 2250 tror,
2473 2188 2885 2253 praetermissum
2916 2197 3015 2241 est.
3041 2187 3254 2242 Tertius
3281 2189 3470 2242 modus
3501 2204 3530 2241 a
3572 2203 3879 2257 repugnan-

2306 2274 2447 2328 tibus
2476 2274 2629 2345 longe
2661 2264 2971 2345 perspicuus
3013 2282 3110 2330 hoc
3140 2278 3299 2331 modo
3328 2288 3448 2331 est:
3481 2278 3593 2331 Non
3634 2287 3688 2331 et
3726 2279 3875 2345 lega-

2307 2374 2415 2417 tum
2448 2380 2605 2418 omne
2642 2376 2917 2437 argentum
2959 2376 3061 2431 est,
3112 2378 3165 2421 et
3193 2385 3297 2421 non
3328 2380 3409 2422 est
3453 2370 3863 2436 legatamulieri

2309 2456 2529 2521 pecunia
2574 2466 2905 2509 enumerata.
2960 2457 3054 2511 Hic
3096 2473 3325 2525 namque
3354 2471 3681 2524 consequens
3709 2466 3824 2510 erat
3853 2474 3867 2508 :

2307 2542 2361 2595 Si
2400 2552 2675 2611 argentum
2717 2554 2859 2597 esset
2885 2559 3044 2599 omne
3078 2546 3328 2614 legatum,
3359 2547 3633 2613 pecuniam
3665 2560 3876 2615 quoque

2307 2642 2633 2687 numeratam
2659 2634 2818 2689 fuisse
2841 2636 3096 2705 legatam;
3122 2646 3177 2689 ut
3199 2638 3355 2704 igitur
3375 2637 3525 2691 fieret
3546 2626 3877 2707 repugnans,

2307 2724 2429 2777 huic
2456 2727 2850 2793 consequentiae
2882 2728 3194 2795 interposita
3231 2729 3443 2796 negatio
3478 2740 3558 2782 est
3592 2769 3605 2791 ,
3644 2731 3878 2783 dictum-

2305 2830 2410 2884 que
2436 2824 2546 2879 est,
2597 2818 2639 2869 si
2670 2827 2943 2885 argentum
2970 2833 3127 2872 omne
3169 2820 3397 2887 legatum
3428 2830 3590 2883 esset,
3627 2810 3882 2875 numera;

2307 2914 2413 2959 tam
2444 2907 2720 2974 pecuniam
2768 2924 2872 2961 non
2903 2922 3022 2961 esse
3054 2909 3313 2976 legatam;
3343 2910 3482 2978 quod
3528 2912 3648 2977 quia
3682 2921 3885 2980 pugnat

2308 3007 2361 3051 et
2390 2999 2581 3052 falsum
2606 3008 2715 3065 est,
2758 3000 2822 3053 ad
2854 3000 3134 3055 veritatem
3165 3002 3269 3054 alia
3310 3002 3588 3070 negatione
3613 3003 3689 3055 sic
3718 3003 3883 3057 redu-

633 3108 717 3152 cst
756 3100 964 3154 mulieri
1017 3110 1293 3155 numerata
1344 3102 1563 3169 pecunia
1595 3146 1609 3168 ,
1654 3118 1757 3155 non
1805 3110 1889 3156 est
1927 3111 2203 3155 numerata

2310 3090 2480 3143 citur:
2507 3090 2619 3144 Non
2651 3092 2695 3145 si
2726 3092 2953 3161 legatum
2988 3102 3262 3161 argentum
3292 3103 3375 3147 est
3398 3134 3413 3155 ,
3449 3109 3550 3147 non
3577 3103 3659 3147 est
3702 3095 3879 3163 legata

634 3191 855 3255 pecunia
906 3200 1220 3260 argentum,
1262 3192 1412 3246 vides
1463 3201 1520 3244 ut
1567 3192 1636 3244 sit
1685 3202 1906 3260 utraque
1951 3192 2206 3260 negatio?

634 3280 765 3333 Nam
793 3290 848 3333 et
882 3296 984 3334 non
1014 3295 1133 3334 esse
1162 3282 1387 3350 legatam
1420 3282 1625 3336 mulieri
1659 3283 1935 3350 pecuniam
1960 3295 2207 3334 numera-

636 3378 775 3431 tam,
816 3379 870 3421 et
898 3382 1002 3423 non
1044 3385 1164 3425 esse
1205 3381 1534 3425 numeratam
1579 3374 1859 3439 pecuniam
1901 3380 2200 3445 argentum,

635 3460 953 3527 utr:eque.in
982 3461 1262 3529 negatione
1291 3471 1415 3515 sunt
1438 3463 1652 3528 positte;
1683 3461 1826 3530 quod
1848 3463 1893 3514 si
1912 3460 2201 3514 auferenda

633 3560 715 3602 est
740 3564 834 3616 per
856 3551 1270 3617 assumptionem
1299 3551 1679 3618 propositionis
1702 3565 2037 3617 consequens
2056 3565 2200 3618 pars,

633 3638 881 3707 quoniam
911 3639 1120 3706 negatio
1148 3647 1261 3703 est,
1288 3654 1393 3691 non
1426 3653 1544 3691 esse
1569 3648 1895 3691 numeratam
1923 3636 2201 3703 pecuniam

633 3737 935 3799 argentum,
980 3728 1261 3782 dicendum
1308 3740 1390 3783 est
1433 3738 1709 3796 argentum
1755 3742 1875 3783 esse
1921 3728 2202 3798 pecuniam

634 3826 997 3883 numeratam;
1038 3820 1179 3886 quod
1230 3821 1272 3873 si
1324 3820 1374 3872 in
1419 3820 1766 3875 conclusione
1800 3820 2093 3875 auferenda
2121 3830 2203 3874 est

632 3923 756 3974 pars
784 3907 1112 3976 prlecedens,
1143 3924 1203 3963 ea
1236 3925 1353 3977 qua:
1384 3909 1595 3980 negatio
1622 3921 1724 3974 est,
1751 3910 1801 3964 id
1825 3919 1923 3977 est,
1955 3926 2059 3964 non
2084 3924 2203 3965 esst:

548 4054 549 4057 η
631 4001 858 4070 legatam
913 4000 1118 4054 mulieri
1169 4002 1447 4069 pecuniam
1496 4012 1863 4068 numeratam,
1918 4002 2201 4056 dicendum

632 4103 753 4146 est:
793 4092 986 4163 Legata
1022 4093 1182 4161 igitur
1205 4091 1415 4147 mulieri
1442 4102 1716 4147 numerata
1750 4094 1968 4157 pecunia
2000 4101 2103 4145 est.
2141 4091 2206 4145 Et

634 4184 899 4236 secundus
928 4164 1139 4252 quidem
1172 4182 1360 4239 modus
1381 4184 1481 4238 rite
1504 4200 1532 4237 a
1558 4184 2007 4252 consequentibus
2035 4182 2204 4235 factus

634 4272 938 4340 hujusmodi
972 4284 1071 4327 est.
1102 4272 1232 4326 Illud
1266 4284 1443 4327 tamen
1483 4283 1565 4327 est
1606 4274 1908 4342 diligentius
1938 4272 2201 4326 adnotan-

544 4369 557 4437 ξ
634 4364 800 4431 dttnt,
870 4364 1010 4432 quod
1061 4367 1308 4432 superius
1351 4366 1420 4418 Μ.
1480 4365 1728 4429 Tullius,
1786 4379 1904 4417 cum
1964 4366 2199 4417 locorum

2312 3189 2586 3235 numerata
2619 3183 2863 3250 pecunia,
2906 3193 2962 3237 ut
2992 3184 3199 3237 scilicet
3239 3183 3286 3237 ei
3316 3184 3658 3237 afﬁrmatiuni
3685 3200 3883 3240 conve-

2310 3270 2421 3322 niat
2465 3287 2582 3339 qua:
2625 3271 2783 3336 dicit,
2840 3272 2887 3325 si
2917 3272 3147 3341 legatum
3177 3282 3452 3341 argentum
3484 3284 3599 3336 est,
3651 3276 3877 3342 legatam

2307 3373 2427 3413 esse
2470 3362 2746 3427 pecuniam
2788 3374 3142 3417 numeratam.
3168 3364 3505 3418 Assumimns
3553 3368 3713 3433 igitur
3757 3366 3877 3419 huic

2308 3451 2660 3516 propositioni
2691 3462 2966 3520 argentum
3000 3468 3158 3508 omne
3186 3468 3305 3509 εεςε
3328 3456 3583 3523 legatum,
3612 3467 3665 3509 et
3686 3472 3874 3512 conse-

2306 3539 2486 3605 quitur
2528 3556 2739 3596 omuem
2791 3554 3117 3597 numeratam
3169 3548 3448 3614 pecuniam
3505 3548 3715 3603 mulieri
3756 3564 3876 3603 esse

2307 3631 2530 3699 legatam
2556 3672 2570 3697 ,
2606 3642 2663 3685 ut
2696 3633 2766 3687 sit
2807 3640 2972 3687 forma
3008 3639 3485 3705 argumentationis
3524 3639 3824 3707 hujusmodi
3854 3656 3875 3693 :

2304 3720 2418 3774 Non
2450 3722 2492 3775 si
2526 3722 2756 3792 legatum
2800 3736 3075 3793 argentum
3108 3738 3211 3793 Osi,
3261 3744 3364 3782 non
3396 3739 3478 3783 est
3499 3729 3663 3798 legata
3686 3744 3876 3782 nume-

2306 3827 2419 3866 rata
2451 3816 2703 3882 pecunia,
2754 3821 2897 3885 atqui
2946 3820 3174 3887 legatum
3222 3829 3498 3888 argentum
3537 3829 3646 3884 est,
3696 3821 3868 3888 legata

2306 3914 2387 3956 est
2416 3905 2570 3973 igitur
2601 3918 2873 3961 numerata
2908 3912 3150 3976 pecunia.
3181 3910 3250 3963 Μ.
3285 3924 3415 3964 vero
3447 3910 3650 3964 Tullius
3680 3924 3871 3976 prepo-

2305 3995 2550 4049 sitionem
2608 3997 2674 4049 ita
2731 3997 3015 4051 formavit:
3048 3998 3161 4051 Non
3213 4007 3267 4052 et
3320 4000 3552 4068 legatum
3600 4011 3872 4068 argentum

2305 4096 2407 4151 cst,
2440 4098 2493 4141 et
2523 4104 2625 4141 non
2657 4100 2731 4141 est
2762 4090 2928 4158 legata
2956 4100 3227 4143 numerata
3258 4090 3503 4158 pecunia.
3534 4090 3637 4145 Sed
3670 4106 3767 4143 nos
3798 4092 3875 4143 id-

2306 4180 2449 4230 circo
2481 4179 2744 4232 casualcm
2776 4178 3205 4251 conjunctionem
3240 4179 3584 4248 apposuimus
3613 4194 3731 4232 eam
3760 4195 3875 4247 quite

2306 4278 2386 4321 est
2412 4270 2473 4331 si,
2508 4279 2561 4321 ut
2585 4287 2648 4323 ex
2678 4286 2784 4337 quo
2825 4280 2972 4323 esset
3016 4286 3212 4339 genere
3241 4272 3359 4324 talis
3404 4270 3695 4339 propositio
3727 4285 3874 4323 mou-

2306 4371 2614 4413 straremus.
2660 4361 2897 4429 Namque
2929 4363 2978 4414 id
3011 4378 3074 4414 ex
3107 4362 3454 4431 consequenti
3496 4377 3743 4416 connexo
3783 4377 3875 4417 ne-

632 4456 870 4508 mnnium
915 4456 1149 4509 breviter
1198 4456 1439 4523 exempla
1494 4457 1824 4523 diSponeret,
1873 4456 1973 4509 loci
2022 4455 2199 4522 hujus,
2233 4451 2519 4519 Dgalione
2545 4451 2721 4503 addita
2764 4452 2819 4503 fit
2860 4466 3183 4518 repugnans.
3223 4453 3534 4505 Connexum
3580 4467 3710 4507 vero
3734 4450 3873 4504 nulla

635 4544 724 4611 qui
754 4560 782 4597 a
811 4546 1260 4612 consequentibus
1289 4548 1524 4609 ducitur,
1560 4546 1937 4599 inconveniens
1964 4545 2199 4598 secundo

631 4633 1072 4689 conditionalium
1097 4636 1527 4704 syllogismorum
1566 4635 1724 4691 modo
1760 4635 1990 4704 subjecit
2019 4650 2201 4689 exem-

636 4724 810 4790 plum,
868 4726 1147 4794 potiusque
1179 4726 1349 4793 primo
1388 4727 1637 4779 convenit
1668 4727 1847 4791 modo,
1883 4727 2004 4794 quia
2036 4741 2139 4779 non
2170 4744 2199 4779 a

633 4817 1080 4883 consequentibus
1105 4817 1526 4883 conclusionem,
1564 4818 1654 4870 sed
1677 4818 1743 4870 ab
1764 4817 2197 4871 antecedentibus

636 4905 782 4958 facit.
815 4902 890 4958 ita
921 4907 1119 4975 quippe
1152 4908 1326 4972 posuit
1353 4922 1379 4958 a
1408 4909 1875 4974 consequentibus,
1911 4909 1955 4960 si
2006 4911 2199 4962 mulier

578 5018 586 5025 ε
632 5009 754 5045 cum
810 4993 993 5049 fuisset
1044 5006 1204 5062 nupta
1259 5011 1377 5048 cum
1419 5010 1485 5048 eo
1537 5000 1747 5064 quicum
1800 4997 2047 5049 connubii
2115 5000 2200 5064 jus

632 5100 943 5139 concessum
979 5102 1080 5139 non
1111 5100 1271 5151 esset,
1302 5089 1539 5141 uuntimn
1579 5090 1802 5151 remisit,
1832 5090 2079 5156 quoniam
2110 5094 2197 5157 qui

558 5206 571 5217 -
634 5176 740 5227 nati
770 5186 891 5229 sunt
923 5186 1122 5244 patrem
1155 5196 1256 5230 non
1298 5190 1616 5247 sequuntur,
1655 5194 1748 5245 pro
1772 5179 1953 5231 liberis
1984 5195 2201 5235 manere

633 5266 763 5318 nihil
790 5280 1020 5336 Oportet.
1053 5273 1144 5325 llic
1174 5271 1334 5339 igitur
1366 5287 1486 5325 cum
1515 5279 1783 5338 quaeratur
1812 5285 1877 5321 an
1909 5271 2046 5325 dotis
2078 5269 2198 5341 pars

631 5359 767 5425 apud
793 5361 959 5413 virum
992 5362 1183 5415 debeat
1213 5376 1552 5429 permanere,
1598 5361 1648 5415 id
1674 5364 1811 5429 quod
1844 5364 2095 5433 praecedit
2116 5382 2201 5417 as-

631 5453 879 5515 sumitur,
928 5463 983 5503 ttt
1031 5453 1119 5505 fiat
1150 5462 1259 5506 rata
1286 5454 1561 5508 conclusio
1595 5455 1695 5510 hoc
1725 5460 1882 5511 modo
1910 5476 1921 5509 :
1954 5458 2057 5513 Sed
2087 5475 2201 5510 mu-

633 5542 731 5593 lier
759 5557 879 5594 cum
904 5558 970 5596 eo
1002 5554 1161 5612 nupta
1193 5557 1273 5598 est
1306 5547 1517 5614 quicum
1550 5550 1796 5602 connubii
1820 5550 1905 5617 jus
1937 5566 2039 5603 non
2072 5550 2196 5613 fuit,
2234 5532 2241 5537 ’

634 5636 971 5688 concluditur
1007 5654 1017 5686 :
1052 5632 1315 5699 Qitoniam
1365 5637 1521 5703 igitur
1568 5639 1655 5705 qui
1689 5640 1796 5692 nati
1828 5648 1949 5691 sunt
1994 5649 2198 5691 patrem

2306 4556 2455 4609 aeque
2486 4552 2538 4593 ut
2571 4542 2635 4593 sit
2667 4541 2971 4608 conjunctio
2992 4552 3178 4609 posset
3206 4543 3489 4596 ostendere
3512 4583 3529 4607 ,
3576 4556 3871 4610 quanquam

2306 4631 2445 4685 idem
2476 4630 2670 4684 efficiat
2690 4644 2735 4684 ct
2758 4633 3055 4698 copulativa
3081 4633 3401 4700 conjunctio.
3436 4631 3568 4685 Nam
3601 4646 3719 4699 qua:
3747 4646 3873 4684 con—

2306 4739 2440 4778 nexa
2470 4732 2613 4786 sunt,
2665 4725 2823 4776 etiam
2862 4730 3156 4790 conjuncta
3202 4738 3333 4777 csse-
3372 4724 3740 4791 intelliguntur
3764 4762 3779 4785 ,
3808 4736 3872 4773 ex

2306 4815 2406 4869 ltoc
2434 4814 2571 4883 quod
2604 4814 2758 4881 paulo
2785 4823 2909 4867 ante
2934 4814 3190 4877 diximus;
3237 4812 3376 4881 quod
3409 4820 3777 4878 argumentum
3807 4824 3871 4861 ex

2304 4922 2366 4961 ea
2396 4908 2762 4975 propositione
2789 4902 3086 4975 profectum
3120 4917 3223 4968 est,
3259 4921 3374 4971 qum
3402 4903 3610 4957 duabus
3637 4902 3873 4955 alfirma-

2306 4998 2539 5051 tionibus
2583 4998 2950 5067 copulabatur,
3001 5007 3056 5051 et
3096 4998 3275 5065 juncta
3327 4995 3609 5064 negatione
3661 4995 3873 5058 insuper

2305 5089 2558 5159 denegata
2590 5101 2693 5143 est.
2743 5091 2795 5142 In
2832 5090 3079 5142 omnibus
3112 5090 3270 5156 igitur
3310 5088 3436 5139 illud
3485 5094 3567 5139 est
3614 5082 3873 5153 approba-

2305 5192 2414 5234 tum
2442 5221 2456 5244 ,
2492 5180 2768 5248 pecuniam
2802 5188 3128 5232 numeratam
3170 5178 3377 5231 mulieri
3412 5176 3627 5237 deberi,
3656 5189 3775 5226 cum
3806 5172 3873 5223 sit

2308 5281 2579 5337 argentum
2602 5284 2761 5322 omne
2788 5269 3037 5337 legatum.
3068 5268 3173 5321 Sed
3202 5282 3341 5319 nunc
3360 5267 3571 5333 quidem
3597 5279 3663 5316 ex
3685 5276 3873 5329 supra-

2308 5365 2461 5418 dictis
2518 5361 3000 5431 propositionibus.
3060 5361 3107 5413 id
3155 5360 3294 5428 quod
3355 5356 3734 5414 antecedebat,
3789 5366 3876 5407 as-

2306 5456 2662 5524 sumpsimus;
2710 5468 2850 5507 nunc
2914 5466 3067 5513 vero,
3118 5450 3167 5504 id
3217 5449 3357 5517 quod
3414 5443 3873 5513 consequebatur;

2308 5563 2447 5600 nunc
2511 5556 2719 5607 autem,
2777 5544 2827 5597 id
2859 5544 2997 5611 quod
3048 5542 3393 5610 repugnabat.
3452 5538 3527 5591 Ac
3576 5540 3643 5588 de
3693 5533 3877 5600 expla-

2308 5634 2495 5686 uaudis
2536 5634 2807 5689 Ciceronis
2851 5631 3141 5699 exemplis,
3177 5642 3227 5683 ut
3261 5631 3492 5684 arbitror
3522 5669 3535 5691 ,
3591 5624 3720 5676 satis
3770 5631 3871 5675 est.

2828 5801 2856 5817 4
