4274 6272
344 340 475 396 1141

1170 304 1235 392 in
1274 336 1517 417 TQPICA
1562 334 1916 393 CICERONIS
1952 338 2467 393 COMMENTARIA.
2507 340 2634 395 LIB.
2683 339 2741 396 v.

3437 339 3573 393 1142

342 450 477 505 lllud
542 458 718 503 autem
791 448 1175 504 dubitationem
1246 462 1460 502 movere
1525 458 1741 516 potest:
1782 463 1902 501 nam
1934 449 2233 513 Asionibus
2261 466 2384 517 quas
2426 468 2579 517 supra
2623 455 2835 520 scripsi,
2878 455 3018 522 prior
3046 461 3283 519 quartus,
3331 454 3581 519 posterior.

341 546 386 596 si
428 543 547 613 quis
597 543 771 595 minus
817 542 1043 595 callidus
1086 542 1149 595 ad
1202 541 1476 595 Ciceronis
1523 540 1765 608 exempla
1822 555 1909 593 ιἐο

342 633 572 701 spiciat,
627 632 875 686 eumdem
932 634 1100 685 locum
1153 632 1498 686 arbitrabitur
1553 647 1670 685 esse
1732 649 1760 685 a
1821 646 1913 699 ge.-

342 726 508 787 uere,
560 739 717 791 quem
777 723 843 774 ab
898 723 1333 776 antecedentibus
1369 764 1382 783 ,
1431 731 1483 776 et
1530 723 1910 789 consequenti-

345 815 464 879 bus,
496 822 548 868 et
581 816 993 884 repugnantibus
1033 830 1152 868 esse
1178 816 1443 878 diximus;
1498 817 1590 869 illo
1632 817 1797 869 falsus
1826 833 1913 871 er-

342 921 487 973 rore,
539 907 679 975 quod
734 909 782 958 in
830 910 1067 974 utrisque
1114 907 1247 960 locis
1294 908 1484 961 eodem
1532 908 1721 963 Cicero
1747 910 1913 963 utitur

343 997 620 1061 exemplo,
679 995 886 1062 argenti
926 996 1170 1049 videlicet
1217 1006 1271 1049 et
1318 1006 1608 1049 numeratae
1651 1000 1909 1065 pecuniae.

343 1086 447 1139 Sed
478 1086 782 1153 diligentius
809 1086 1069 1149 intuenti,
1118 1086 1169 1139 in
1216 1088 1417 1140 eisdem
1462 1089 1620 1140 rebus
1667 1089 1913 1142 diversus

344 1174 857 1243 argumentationum
924 1176 1187 1228 videbitur
1243 1190 1363 1230 esse
1419 1185 1699 1229 tractatus.
1756 1178 1911 1229 Aliud

344 1265 537 1331 quippe
562 1272 645 1316 est
678 1264 882 1327 dicere,
913 1277 1035 1316 cum
1076 1266 1281 1332 argenti
1312 1266 1520 1332 species
1543 1267 1612 1318 sit
1634 1274 1911 1319 numerata

346 1354 565 1422 pecunia
594 1395 607 1417 ,
637 1355 681 1406 si
712 1369 882 1422 genus
908 1355 1137 1422 legatum
1179 1355 1267 1417 sit.
1300 1363 1351 1409 et
1375 1356 1605 1437 speciem
1630 1370 1749 1409 esse
1773 1356 1914 1423 lega-

345 1452 475 1506 tam,
506 1445 756 1510 quoniam
789 1458 1057 1510 nunquam
1085 1444 1293 1508 species
1320 1458 1350 1497 a
1383 1459 1578 1512 genere
1604 1455 1909 1512 separatur;

347 1531 492 1583 aliud
534 1540 618 1583 est
649 1533 699 1582 in
732 1531 1037 1585 conditione
1076 1535 1533 1588 enumerationem
1577 1549 1911 1603 proponere,

348 1632 401 1674 et
428 1622 629 1673 eisdem
657 1622 891 1687 partibus
915 1624 1203 1689 assumptis
1225 1612 1739 1692 argumentationem
1764 1627 1913 1679 varia

350 1709 757 1762 ratiocinatione
806 1712 1065 1773 formare,
1111 1721 1169 1765 ut
1216 1715 1462 1780 superius
1493 1715 1912 1769 demonstratum

2010 543 2234 609 quintus,
2264 559 2295 593 a
2321 543 2599 595 dialecticis
2634 546 2816 597 modus
2836 546 3141 615 appellatur.
3168 544 3359 596 Deinde
3379 545 3574 598 addunt

2012 633 2415 702 conjunctionem
2446 634 2747 702 negativam,
2786 636 2878 701 sic,
2928 652 3026 687 non
3055 645 3099 687 et
3124 634 3219 687 hoc
3248 644 3320 687 est
3347 644 3392 687 et
3422 636 3572 701 illud,

2011 723 2108 774 Itoc
2133 734 2301 776 autem
2328 732 2420 789 est,
2446 740 2544 776 non
2579 726 2733 793 igitur
2762 727 2926 789 illud;
2956 728 3037 777 hic
3080 728 3255 778 modus
3287 736 3355 779 est
3386 737 3573 779 sextus.

2014 812 2270 881 Septimus
2301 823 2488 877 autem,
2531 832 2628 866 non
2658 827 2703 866 et
2739 817 2829 866 hoc
2865 825 2909 867 et
2935 816 3065 866 illud
3088 856 3101 877 ,
3138 831 3238 867 non
3267 826 3429 866 autem
3458 816 3574 877 hoc,

2012 903 2141 954 illud
2163 903 2338 971 igitur.
2376 902 2453 955 Ex
2482 903 2559 954 his
2593 906 2753 955 ntodis
2794 904 3139 955 Conclusiones
3184 903 3577 955 innumerabiles

2012 1004 2319 1056 nascuntur,
2350 996 2402 1045 in
2427 995 2607 1062 quibus
2648 1005 2718 1047 est
2766 1004 2870 1045 tota
2901 996 3004 1059 fere
3049 994 3332 1045 dialectica.
3369 994 3471 1047 Sed
3515 1010 3578 1047 ne

2010 1084 2092 1136 lite
2119 1084 2322 1149 quidem
2369 1100 2493 1152 quas
2523 1084 2733 1153 exposui
2779 1094 2894 1136 sunt
2933 1084 2999 1134 ud
3036 1082 3167 1133 hanc
3214 1082 3578 1134 institutionem

2014 1174 2328 1225 necessariw.

2084 1262 2199 1314 Etsi
2244 1262 2605 1328 multipliciter
2632 1262 2875 1329 superius
2899 1270 3088 1314 cuncta
3112 1258 3451 1327 digessimus,
3482 1272 3578 1309 nec

2016 1350 2371 1417 expositionis
2421 1350 2619 1419 indiget
2660 1353 2882 1418 repetita
2932 1352 3092 1403 toties
3121 1348 3443 1416 disputatio,
3477 1348 3581 1401 erit

2017 1451 2196 1495 tamen
2218 1455 2396 1507 opera:
2424 1442 2673 1508 pretium,
2693 1441 2736 1492 si
2763 1456 2919 1507 quant
2946 1439 3260 1493 brevissime
3292 1445 3477 1506 potero
3504 1437 3573 1491 Μ.

2017 1530 2173 1584 Tullii
2221 1531 2399 1584 verbis
2447 1532 2733 1584 mediocris
2778 1532 2948 1583 lucem
2999 1529 3464 1583 commentationis
3492 1528 3575 1581 in-

2017 1630 2297 1675 terseram.
2319 1621 2534 1687 Septem
2566 1622 2726 1689 igitur
2752 1621 2939 1673 modos
2970 1621 3335 1688 hypotheticos
3358 1633 3579 1673 enume-

2018 1726 2143 1765 rans
2189 1714 2296 1774 ait,
2345 1727 2465 1765 cum
2494 1711 2545 1765 in
2579 1712 2834 1765 connexis
2876 1712 3327 1779 propositionibus
3357 1712 3407 1766 id
3438 1711 3578 1779 quod

350 1810 451 1865 est,
483 1817 603 1854 cum
657 1808 952 1870 praesertim
1002 1802 1299 1871 huiusmodi
1332 1820 1397 1859 ex
1430 1808 1911 1875 consequentibus,
1951 1813 2101 1872 Best
2154 1806 2380 1872 primum
2438 1804 2749 1865 assumitur,
2800 1812 2857 1855 ut
2901 1801 3211 1855 ostendatur
3265 1800 3579 1862 secundum,

353 1891 790 1946 antecedentibus
836 1900 890 1946 et
929 1894 1339 1961 repugnantibus
1366 1938 1379 1959 ,
1431 1898 1916 1963 argumentationes

354 1982 513 2034 etiam
545 1990 737 2049 printer
764 1997 961 2049 genera
990 1997 1054 2036 ac
1092 1984 1299 2051 species
1340 1983 1455 2038 ﬁeri
1499 1986 1724 2052 possint,
1774 1988 1917 2040 velut

354 2087 452 2124 nos
491 2073 738 2139 superius
782 2072 1129 2126 indicavimus
1168 2074 1220 2126 in
1263 2075 1349 2128 die
1387 2085 1548 2143 atque
1600 2078 1745 2129 luce;
1785 2076 1917 2131 Nam

353 2178 525 2230 neque
550 2164 664 2217 dies
696 2163 846 2228 lucis,
882 2179 1052 2231 neque
1096 2165 1179 2217 lux
1213 2165 1316 2219 dici
1357 2168 1593 2233 Species,
1628 2179 1717 2221 aut
1743 2182 1913 2235 genus

353 2261 453 2305 est.
480 2251 585 2305 Sed
620 2253 669 2305 id
705 2264 905 2308 tantum
936 2254 988 2307 in
1018 2255 1101 2307 his
1121 2256 1450 2309 considerari
1477 2256 1656 2319 debet,
1682 2259 1801 2325 quia
1826 2274 1917 2327 po-

352 2346 456 2396 sito
484 2344 674 2409 altero,
707 2346 932 2397 alterum
967 2347 1265 2398 necessaria
1309 2348 1510 2399 ratione
1556 2348 1915 2412 subsequitur.

357 2432 617 2487 DilIerunt
648 2434 807 2503 igitur
837 2436 937 2488 loci
972 2450 1000 2486 a
1027 2450 1221 2503 genere
1252 2437 1385 2489 vela
1407 2440 1587 2503 specie
1616 2438 1683 2491 ab
1712 2454 1777 2492 eo
1802 2440 1920 2493 loco

350 2526 439 2592 qui
492 2525 543 2577 in
592 2525 900 2579 conditione
941 2534 1024 2579 est
1067 2528 1409 2594 constitutus,
1462 2529 1714 2598 quoniam
1747 2530 1823 2583 illi
1853 2545 1920 2584 ex

352 2616 764 2668 universaiitatis
790 2616 983 2683 speciei
1010 2630 1071 2669 ac
1095 2616 1261 2684 partis
1281 2618 1487 2671 ratione
1516 2620 1802 2685 ducuntur,
1834 2620 1919 2675 hic

354 2716 532 2759 autem
580 2710 629 2760 in
656 2709 1052 2773 consequentia:
1079 2724 1140 2763 ac
1180 2712 1540 2779 repugnantia:
1580 2714 1769 2768 ordine
1816 2725 1921 2769 tra-

356 2805 552 2849 ctatur.
580 2796 701 2849 Post
730 2797 844 2849 hinc
869 2798 1027 2866 igitur
1054 2798 1256 2851 Tullius
1280 2800 1735 2868 hypothcticorum
1759 2804 1921 2872 syllo-

355 2887 646 2954 gismorum
694 2888 882 2941 modos
939 2890 1416 2960 conclusionesque
1462 2892 1765 2947 dinumerat
1821 2895 1921 2950 hoc

357 2976 516 3029 modo
548 2993 561 3028 :

361 3106 367 3113 .
426 3067 700 3135 Appellant
722 3078 887 3121 autem
918 3068 1172 3123 dialectici
1201 3086 1311 3123 eam
1351 3072 1721 3128 conclusionem
1759 3092 1916 3144 argu-

2024 1895 2248 1963 primum
2279 1909 2308 1947 a
2340 1894 2634 1948 dialecticis
2683 1894 2899 1946 modum
2931 1893 3129 1957 vocari,
3164 1894 3264 1947 hoc
3291 1892 3447 1945 modo
3476 1908 3489 1943 2
3523 1889 3581 1943 Si

2021 1986 2121 2038 hoc
2151 1992 2252 2047 est,
2282 1984 2409 2037 illud
2434 1994 2548 2047 est;
2574 1983 2712 2052 quod
2736 1984 2865 2051 dicit
2892 1983 3013 2047 hoc,
3045 1984 3270 2052 primutn
3303 1989 3406 2045 est,
3438 1981 3579 2048 quod

2021 2090 2148 2127 vero
2178 2076 2254 2129 ait
2284 2074 2435 2133 illud,
2470 2075 2784 2128 secundum.
2827 2074 3271 2140 Assutnitur‘ergo
3298 2070 3438 2139 quod
3470 2071 3581 2139 pri-

2021 2182 2165 2219 mum
2194 2173 2295 2229 est,
2327 2166 2469 2233 atqui
2520 2165 2618 2219 hoc
2649 2176 2759 2228 est;
2792 2164 3124 2219 concluditur
3176 2165 3334 2230 igitur
3364 2161 3417 2215 id
3440 2161 3582 2230 quod

2020 2259 2312 2313 secundum
2339 2270 2443 2323 est,
2485 2258 2612 2312 illud
2658 2258 2816 2325 igitur
2856 2268 2973 2319 est,
3007 2256 3150 2310 velut
3197 2257 3247 2308 in
3280 2254 3361 2306 his
3400 2269 3586 2307 rursus

2021 2350 2282 2415 exemplis
2311 2366 2325 2401 :
2357 2349 2402 2401 si
2429 2348 2587 2401 homo
2614 2358 2714 2413 εει,
2749 2347 2942 2399 animal
2966 2356 3068 2409 est,
3098 2345 3405 2408 assumitur,
3438 2344 3584 2412 atqui

2025 2442 2186 2495 homo
2208 2451 2308 2507 est,
2332 2440 2693 2502 concluditur,
2728 2438 2926 2491 animal
2958 2438 3112 2506 igitur
3140 2447 3240 2491 est.
3278 2435 3583 2491 Secundum

2024 2545 2152 2585 vero
2184 2530 2395 2583 modum
2436 2530 2510 2583 ait
2535 2544 2656 2584 esse
2683 2528 2886 2583 Tullius
2914 2530 3169 2582 connexis
3214 2525 3586 2595 prepositioni-

2023 2623 2122 2677 bus
2155 2635 2379 2687 textum,
2413 2623 2465 2677 in
2504 2638 2610 2692 quo
2657 2624 2701 2677 si
2731 2625 3022 2676 secundum
3064 2631 3305 2692 negatur.
3347 2622 3587 2689 sequitur

2025 2725 2082 2769 ut
2121 2715 2173 2769 id
2205 2717 2364 2769 etiam
2395 2716 2537 2783 quod
2569 2716 2795 2785 primum
2827 2725 2911 2769 est
2949 2715 3210 2769 abnuaaur
3257 2715 3355 2768 hoc
3396 2714 3585 2767 modo:

2023 2805 2069 2858 si
2096 2804 2197 2858 hoc
2219 2816 2324 2870 est,
2346 2805 2470 2860 illud
2492 2816 2603 2871 est;
2628 2806 2754 2860 illud
2776 2816 2951 2860 autem
2974 2821 3077 2859 non
3102 2816 3202 2870 est,
3228 2808 3381 2874 igitur
3400 2821 3465 2859 ne
3488 2808 3591 2860 huc

2025 2898 2239 2964 quidem
2281 2909 2383 2954 εει.
2432 2901 2487 2953 In
2528 2901 2790 2969 exemplis
2830 2902 2899 2954 ita
2931 2919 2944 2953 :
2973 2903 3016 2955 si
3048 2901 3206 2953 homo
3249 2909 3360 2964 est,
3392 2900 3589 2952 animal

2024 3002 2136 3054 eSt;
2168 2991 2361 3044 animal
2391 3001 2566 3045 autem
2596 3006 2699 3044 non
2723 3001 2826 3055 est,
2852 2991 3011 3044 homo
3035 2990 3190 3059 igitur
3219 3005 3323 3043 nou
3353 3000 3451 3043 est.
3480 2988 3588 3043 Sed

2024 3080 2229 3134 Tullius
2258 3083 2326 3134 ita
2353 3081 2523 3145 dixit,
2561 3096 2679 3135 cum
2711 3082 2761 3134 id
2786 3081 2923 3150 quod
2952 3095 3216 3135 annexum
3240 3091 3321 3135 est
3348 3080 3587 3149 negaris,

357 3162 531 3221 menti,
565 3162 615 3212 in
637 3177 739 3227 qua
760 3178 876 3213 cum
896 3164 1114 3231 primum
1135 3166 1485 3233 assumpscris,
1516 3170 1836 3235 consequitur
1865 3169 1921 3221 id
1947 3165 1993 3230 C
2027 3180 2083 3223 ut
2108 3170 2157 3223 id
2189 3186 2400 3239 quoque
2438 3172 2523 3225 cui
2552 3173 2708 3225 fuerit
2752 3186 3017 3226 annexum
3057 3170 3355 3240 negandum
3385 3170 3475 3232 sit,
3502 3186 3589 3223 sev
3640 3157 3650 3247 ‘-

353 3251 493 3318 quod
520 3267 777 3304 annexum
802 3262 894 3315 cst,
908 3255 1137 3320 primum
1162 3258 1499 3309 conclusionis
1533 3260 1733 3311 modum
1758 3276 1776 3323 ;
1804 3276 1919 3313 cum

355 3340 407 3392 id
428 3343 562 3406 quod
585 3358 838 3394 annexum
864 3353 936 3396 est
984 3346 1205 3415 negaris,
1250 3355 1302 3396 ut
1347 3346 1402 3397 id
1424 3362 1619 3413 quoque
1659 3349 1741 3400 cui
1768 3350 1921 3417 fuerit

354 3445 609 3482 annexum
640 3434 928 3500 negandum
956 3436 1058 3499 sit,
1090 3438 1340 3489 secundus
1382 3439 1669 3506 appellatur
1716 3440 1923 3492 conclu-

356 3520 506 3571 dendi
532 3520 743 3583 modus;
768 3524 881 3572 eum
923 3532 1090 3575 autem
1128 3523 1299 3591 aliqua
1325 3528 1596 3596 conjuncta
1624 3528 1853 3598 negaris,
1877 3537 1922 3580 et

356 3613 431 3664 his
468 3616 571 3666 alia
600 3617 800 3685 negatio
828 3632 1005 3670 rursus
1050 3618 1373 3688 adiungitur,
1406 3632 1452 3672 et
1493 3620 1670 3673 multis
1701 3621 1923 3687 primunt

356 3705 645 3770 sumpseris,
680 3714 731 3756 ut
757 3706 891 3773 quod
921 3706 1226 3775 relinquitur
1254 3710 1535 3761 tollendum
1556 3710 1647 3783 sit,
1672 3712 1716 3763 is
1742 3713 1922 3763 tertius

356 3792 643 3861 appellatur
674 3798 1007 3849 conclusionis
1054 3799 1255 3850 modus.
1291 3798 1373 3851 Ea:
1401 3799 1496 3851 hoc
1538 3801 1630 3852 illa
1662 3801 1923 3853 rhetorum

357 3898 419 3935 ea:
443 3884 715 3936 contrariis
760 3886 997 3937 conclusa
1018 3926 1031 3948 ,
1059 3902 1171 3951 qua:
1207 3889 1304 3953 ipsi
1332 3893 1708 3957 enthymemata
1746 3894 1923 3958 appel-

357 3970 484 4034 lant,
517 3987 617 4023 non
640 3975 772 4038 quod
800 3974 961 4025 omnis
996 3977 1242 4027 sententia
1274 3980 1481 4046 proprio
1509 3981 1711 4032 nomine
1738 3981 1919 4048 enthy-

356 4078 518 4113 mema
548 4076 645 4113 non
676 4062 895 4123 dicatur,
927 4064 1015 4115 sed
1057 4072 1111 4115 ut
1142 4064 1395 4117 Homerus
1423 4081 1631 4135 propter
1675 4072 1924 4124 excellen-

356 4154 498 4216 tiam,
540 4169 805 4206 commune
833 4165 1095 4222 poetarum
1134 4172 1313 4209 nomen
1351 4160 1497 4227 efficit
1542 4162 1681 4231 apud
1713 4162 1921 4217 Graecos

353 4260 520 4306 suum,
566 4245 639 4297 sic
676 4261 787 4297 cum
839 4249 1000 4299 omnis
1049 4250 1299 4300 sententia
1329 4251 1648 4320 enthymema
1687 4256 1920 4321 dicatur,

351 4336 470 4398 quia
500 4336 697 4387 videtur
725 4354 782 4390 ea
809 4354 923 4405 qua:
952 4355 1014 4392 ea:
1042 4343 1315 4393 contrariis
1354 4347 1657 4410 con/tcittur
1675 4390 1687 4409 ,
1735 4351 1921 4402 acutis-

352 4424 502 4482 sima,
535 4426 645 4475 sola
674 4429 872 4494 proprie
901 4445 1078 4482 nomen
1108 4447 1372 4486 commune
1401 4438 1643 4504 possedit.
1680 4437 1808 4508 Ejus
1836 4456 1919 4506 ge-

2022 3261 2251 3313 cundum
2299 3274 2420 3313 esse
2465 3261 2701 3328 modum,
2732 3261 2882 3329 quasi
2937 3274 3175 3314 connexa
3225 3257 3590 3328 prepositione

2022 3352 2356 3406 afﬁrmativis
2383 3353 2620 3421 partibus
2643 3353 2825 3421 juncta
2849 3370 2864 3416 ;
2896 3352 3471 3408 universalitervautem
3502 3366 3589 3403 re-

2022 3445 2159 3497 etius
2206 3445 2503 3509 diceretur,
2550 3460 2668 3498 cum
2702 3444 2751 3498 id
2784 3445 2925 3513 quod
2956 3459 3218 3499 annexum
3267 3452 3379 3509 est,
3414 3442 3463 3496 id
3507 3450 3592 3494 est

2023 3536 2337 3603 secundum,
2373 3538 2667 3605 perimitur,
2700 3539 2885 3605 perimi
2926 3537 3051 3589 illud
3102 3550 3312 3603 quoque
3353 3532 3437 3587 cui
3493 3546 3592 3585 an-

2024 3638 2220 3679 nexum
2251 3636 2351 3690 est,
2386 3626 2435 3678 id
2464 3635 2544 3679 est
2570 3626 2795 3693 primum
2819 3634 2921 3689 ,ιιι
2945 3625 2988 3677 si
3020 3624 3392 3677 allirmativutn
3425 3629 3507 3675 est
3538 3619 3591 3673 id

2027 3719 2169 3789 quod
2215 3732 2479 3772 annexum
2524 3726 2627 3781 est,
2660 3701 2940 3785 negatione
2987 3716 3307 3785 perimatur;
3336 3714 3419 3767 sin
3465 3726 3598 3767 vero

2027 3811 2363 3877 negativum,
2396 3808 2781 3872 afﬁrmatione;
2820 3820 2874 3861 ει
2921 3807 2989 3861 de
3036 3823 3101 3861 eo
3130 3819 3341 3876 quoque
3385 3804 3593 3858 cuiau-

2028 3920 2221 3958 nexum
2244 3916 2343 3967 est,
2372 3905 2421 3956 id
2446 3914 2526 3957 est
2550 3906 2801 3972 primum,
2843 3902 2982 3954 idem
3004 3884 3171 3954 est'ut
3195 3902 3243 3954 si
3274 3901 3325 3952 in
3351 3884 3591 3953 connexa

2026 3996 2391 4064 prepositione
2429 3996 2761 4059 altirmetur,
2796 3994 2847 4046 in
2890 3986 3231 4047 conclusione
3278 3992 3593 4061 denegetur,

2024 4086 2313 4142 secundum
2371 4100 2509 4137 nunc
2561 4084 2892 4152 propositum
2919 4081 3192 4136 Ciceronis
3241 4082 3590 4148 exemplum;

2026 4180 2071 4232 si
2102 4192 2227 4231 vero
2262 4176 2505 4245 negativa
2532 4176 2601 4229 sit
2631 4174 3005 4244 prepositionis
3035 4174 3179 4242 prior
3196 4187 3349 4242 pars,
3382 4174 3434 4226 in
3465 4186 3595 4226 con-

2027 4268 2265 4322 clusione
2284 4267 2548 4321 contraria
2572 4265 2928 4320 aliirmatione
2945 4265 3176 4318 tollatur.
3204 4263 3444 4317 Tertium
3468 4276 3595 4315 vero

2028 4356 2240 4409 modum
2270 4358 2344 4408 ait
2371 4369 2490 4409 esse
2522 4355 2708 4409 Cicero
2737 4369 2856 4409 cum
2894 4369 2957 4409 ea
2986 4368 3106 4424 qua:
3135 4354 3419 4422 conjuncta
3446 4361 3592 4415 sunt,

2027 4447 2379 4514 denegantur,
2408 4456 2461 4499 et
2493 4446 2573 4498 his
2603 4446 2705 4497 alia
2733 4446 2944 4513 negatio
2970 4459 3157 4498 rursus
3184 4443 3508 4513 adiungitur,
3539 4450 3603 4494 ut

354 4513 491 4564 neris
535 4516 640 4564 Itwc
667 4526 811 4577 sunt,
844 4518 979 4570 hunc
1014 4531 1269 4588 metuere,
1310 4526 1530 4578 alterum
1569 4529 1621 4581 in
1659 4542 1793 4583 metu
1824 4547 1922 4584 non
1952 4516 2000 4575 θ
2029 4538 2150 4603 quia
2177 4513 2374 4589 animal
2424 4536 2627 4589 homini
2676 4535 3016 4604 conjunetum
3064 4545 3180 4599 est,
3212 4535 3284 4588 ita
3316 4534 3594 4588 dicamus:

358 4618 558 4665 ponere,
584 4618 691 4655 eam
722 4619 873 4672 quam
896 4608 1025 4659 nihil
1054 4626 1281 4673 accusas,
1314 4615 1548 4670 damnas.
1595 4618 1731 4671 Bene
1770 4637 1919 4688 quam

354 4692 585 4741 meritam
632 4707 736 4743 esse
780 4695 907 4745 dicis
930 4734 944 4758 ,
975 4697 1234 4751 existimas
1264 4704 1396 4754 male
1444 4710 1642 4761 mereri.
1692 4709 1759 4760 Id
1786 4714 1923 4778 quod

352 4781 451 4833 scis
476 4784 697 4845 prodest,
722 4786 850 4836 nihil
870 4788 925 4837 id
945 4790 1079 4855 quod
1103 4793 1285 4853 nescis,
1317 4796 1473 4849 obest.
1505 4796 1619 4850 Hoc
1641 4800 1929 4854 disserendi

351 4887 507 4939 genus
532 4874 736 4942 attingit
777 4879 981 4929 omnino
1022 4891 1213 4933 uestras
1260 4899 1457 4953 quaque
1486 4888 1539 4939 in
1570 4894 1923 4953 respmidendo

351 4963 736 5029 disputationes.
776 4964 880 5017 Sed
917 4969 1337 5038 philosophorum
1370 4977 1563 5043 magis,
1588 4981 1770 5047 quibus
1803 4998 1919 5034 cum

349 5055 638 5106 oratoribus
684 5055 777 5108 illa
804 5074 868 5112 ea:
913 5068 1313 5131 repugnantibus
1342 5071 1602 5123 sententiis
1641 5076 1923 5129 communis

349 5144 627 5207 conclusio,
660 5161 774 5212 quae
803 5165 833 5199 a
864 5151 1142 5205 dialecticis
1192 5136 1369 5209 tertius
1398 5159 1611 5222 modus,
1643 5178 1676 5213 a
1705 5162 1920 5217 rhetori-

350 5229 441 5281 bus
485 5232 805 5307 enthymema
854 5240 1059 5295 dicitur.
1105 5244 1310 5313 Reliqui
1356 5248 1732 5304 dialecticorum
1781 5254 1921 5307 modi

349 5322 519 5389 plures
566 5336 712 5389 sunt,
743 5331 829 5395 qui
875 5348 937 5384 ex
964 5324 1397 5404 diijunctionibus
1441 5354 1702 5407 constant,
1738 5355 1789 5396 ut
1833 5357 1922 5399 aut

348 5413 463 5474 hoc,
495 5425 583 5467 aut
614 5418 764 5481 illud,
812 5424 907 5475 hoc
947 5436 1114 5478 autem
1157 5446 1277 5495 non,
1329 5432 1487 5499 igitur
1516 5408 1671 5488 illud:
1700 5435 1924 5505 Itemque

347 5513 436 5554 aut
460 5508 587 5570 hoc,
618 5517 705 5560 aut
730 5512 878 5575 illud,
916 5531 1017 5568 non
1062 5527 1228 5571 autem
1260 5522 1381 5584 hoc,
1412 5524 1545 5576 illud
1593 5526 1768 5595 igitur.
1800 5529 1926 5591 Qua:

346 5596 697 5689 conclusiones
738 5603 928 5658 idcirco
969 5617 1094 5662 ram
1133 5622 1287 5677 sunt,
1318 5616 1462 5683 quod
1488 5617 1537 5669 in
1585 5618 1924 5689 disjunctione

349 5681 464 5747 plus
490 5702 592 5739 uno
624 5703 793 5743 verum
820 5708 926 5747 esse
968 5711 1067 5749 nan
1099 5708 1294 5768 potest,
1325 5681 1475 5772 atque
1517 5721 1580 5758 ea:
1614 5681 1693 5759 his
1722 5708 1926 5763 conclu-

2028 4626 2141 4679 Non
2176 4635 2229 4678 et
2262 4626 2420 4679 homo
2444 4637 2497 4678 et
2529 4641 2631 4678 non
2660 4626 2856 4678 animal
2884 4635 2983 4690 cst,
3018 4635 3173 4694 atque
3204 4641 3269 4679 ex
3320 4624 3403 4679 his
3436 4640 3597 4678 unum

2029 4718 2261 4786 ponitur,
2307 4725 2365 4769 ut
2405 4716 2545 4783 quod
2588 4716 2906 4785 relinquitur
2936 4718 3223 4779 auferatur,
3255 4714 3355 4770 hoc
3400 4716 3596 4769 modo:

2031 4810 2283 4861 l'onimus
2322 4807 2588 4861 hominem
2619 4823 2761 4872 esse,
2792 4808 3032 4862 dicentes
3058 4809 3251 4878 :Atqui
3288 4808 3447 4863 homo
3476 4817 3593 4870 est;

2032 4901 2173 4970 quod
2222 4916 2350 4968 ergo
2396 4901 2711 4970 relinquitur
2735 4946 2748 4967 ,
2803 4916 2905 4954 non
2938 4911 3020 4955 est
3047 4901 3272 4967 animal,
3321 4899 3599 4961 aufertur,

2022 5002 2181 5059 atque
2213 4991 2569 5055 concluditur,
2598 4992 2793 5045 animal
2821 4993 2982 5061 igitur
3010 5001 3112 5046 est.
3145 4992 3227 5045 Fit
3258 5001 3597 5060 argumenta-

2024 5083 2099 5133 tio
2127 5079 2228 5135 ltoc
2254 5084 2445 5136 modo:
2474 5080 2589 5137 Non
2612 5092 2666 5137 et
2688 5085 2848 5137 Immo
2868 5092 2970 5148 est,
2998 5092 3054 5137 et
3081 5098 3183 5136 non
3205 5083 3426 5147 animal,
3452 5082 3598 5150 atqui

2028 5172 2187 5226 homo
2213 5183 2325 5238 est,
2357 5174 2551 5228 animal
2574 5164 2742 5243 igitur
2781 5185 2884 5231 est.
2922 5176 2994 5229 Ex
3046 5176 3127 5229 his
3159 5176 3303 5229 nasci
3335 5175 3463 5229 dicit
3504 5191 3598 5229 en-

2027 5252 2353 5333 thymemata
2383 5278 2446 5319 ex
2469 5268 2752 5321 contrariis
2780 5268 3049 5331 conclusa,
3083 5267 3274 5334 quibus
3308 5266 3605 5335 tlurimum

2032 5355 2276 5409 rhetores
2300 5357 2370 5409 uti
2402 5359 2606 5422 solent;
2638 5370 2799 5427 atque
2826 5359 2937 5411 haec
2965 5357 3363 5425 enthymemata
3394 5373 3596 5411 nuncu-

2031 5455 2256 5513 pantur,
2290 5462 2396 5499 non
2440 5450 2580 5516 quod
2634 5449 2822 5504 eodem
2875 5451 3091 5503 nomine
3139 5451 3313 5504 omnis
3363 5450 3600 5504 inventio

2032 5538 2327 5603 nuncupari
2357 5552 2462 5592 non
2497 5542 2664 5606 possit
2692 5539 3053 5609 (enthymema
3085 5554 3319 5609 namque
3343 5549 3427 5595 est
3452 5554 3609 5596 men-

2036 5625 2103 5679 tis
2118 5627 2417 5695 conceptio,
2437 5629 2574 5696 quod
2595 5639 2764 5696 potest
2785 5631 3033 5684 omnibus
3055 5633 3454 5687 inventionibus
3480 5647 3608 5687 cun.

2032 5717 2260 5788 venire),
2285 5718 2379 5775 sed
2407 5721 2526 5790 quia
2556 5719 2669 5774 hinc
2716 5720 2952 5789 inventa,
2984 5736 3100 5791 quae
3128 5711 3358 5780 breviter
3383 5740 3445 5779 es
3482 5738 3529 5777 ct
3550 5741 3599 5778 u-
