4274 6272
704 335 836 391 IN?)

1905 326 2012 379 AN.
2054 321 2257 378 MANL.
2299 321 2459 375 SEV.
2492 322 2706 376 BUETH

3803 325 3937 379 1144

697 448 871 503 uariis
927 446 1273 513 colliguntur,
1328 441 1557 495 maxime
1612 447 1761 493 acuta
1817 446 1971 501 sunt,
2031 445 2251 505 propter
2282 432 2333 491 A
2359 433 2767 504 enthymematis
2799 434 2916 487 talis
2946 441 3027 488 est
3051 432 3296 509 collectio
3328 449 3341 486 :
3376 446 3484 488 non
3512 444 3568 490 et
3597 435 3737 492 bene
3769 440 3936 493 tueri-

693 537 1061 592 excellentiatn
1106 534 1444 601 speciemque
1486 530 1811 586 inventionis
1839 542 2123 582 commune
2150 540 2251 579 en-

692 626 1028 697 thymematis
1075 640 1267 678 nomen
1320 626 1588 691 proprium
1632 622 1821 675 factum
1849 631 1951 684 est,
1984 629 2037 671 nt
2084 617 2195 671 btec
2224 634 2253 670 a

691 716 988 771 rhetoribus
1033 716 1183 783 quasi
1225 713 1437 783 proprio
1468 712 1680 766 nomine
1726 709 2123 780 enthymemata
2157 722 2257 759 vo-

689 816 900 859 centur.
949 806 1099 859 Sicut
1141 805 1277 873 apud
1310 804 1523 857 Grtncos
1565 817 1773 871 quoque
1808 810 1957 869 poeta
1990 799 2251 852 Homerus

692 911 897 954 tantum
927 898 1139 963 dicitur,
1172 907 1225 950 et
1254 898 1493 965 quisquis
1522 912 1587 948 ex
1624 895 1854 947 Homero
1885 890 2081 960 aliquid
2127 904 2253 958 pro-

695 992 915 1053 t’crt,°ita
944 988 1120 1041 dicere
1146 985 1446 1039 consuevit:
1467 986 1614 1037 Hunc
1633 998 1845 1037 versum
1871 991 2024 1049 poeta
2049 980 2254 1033 locutus

688 1089 789 1145 est,
823 1088 875 1131 et
904 1089 1027 1132 tunc
1065 1094 1167 1131 non
1200 1078 1334 1129 alius
1365 1076 1681 1145 intelligitur
1719 1083 1911 1143 praeter
1939 1073 2247 1135 Homerum,

690 1186 795 1222 nun
831 1170 970 1234 quod
1002 1168 1180 1221 caeteri
1211 1183 1314 1219 tton
1344 1168 1447 1218 sint
1475 1177 1661 1234 poctm,
1693 1165 1784 1216 sed
1818 1164 1956 1232 quod
1986 1162 2254 1215 excellen-

690 1261 757 1310 tia
788 1257 942 1325 hujus
970 1271 1253 1310 commune
1281 1270 1471 1308 nomen
1507 1255 1659 1307 vertit
1688 1255 1738 1306 in
1771 1251 2061 1321 proprium.
2097 1250 2254 1303 Fiunt

689 1361 814 1399 vero
846 1351 955 1399 haec
985 1346 1378 1415 enthymemata
1413 1344 1515 1397 hoc
1544 1343 1724 1407 modo,
1759 1358 1823 1394 ex
1872 1340 2151 1395 contrariis
2179 1340 2254 1391 vi-

688 1438 879 1489 delicet
911 1444 1050 1487 texta
1073 1475 1086 1498 ,
1119 1435 1255 1486 hunc
1306 1442 1573 1495 metuere,
1606 1432 1832 1483 alterum
1879 1430 1931 1482 in
1964 1438 2105 1482 metu
2148 1438 2277 1479 non‘

689 1540 915 1591 ponere,
958 1525 1109 1595 velut
1133 1525 1177 1576 si
1220 1524 1283 1576 de
1314 1523 1534 1574 Lentulo
1563 1534 1613 1574 et
1645 1520 1911 1587 Cethego,
1942 1514 2281 1584 czeterisque‘

688 1617 951 1668 diceretur
978 1631 991 1667 :
1017 1614 1217 1666 Paucos
1267 1614 1411 1667 cives
1443 1612 1743 1665 interliccre
1789 1608 2003 1673 metuis,
2035 1623 2102 1661 ne
2137 1623 2250 1660 res-

688 1704 898 1773 publica
934 1704 1159 1756 intereat
1187 1700 1315 1755 nihil
1347 1702 1572 1753 laboras.
1600 1698 1909 1753 Connexntn
1950 1698 2144 1764 quippe
2170 1704 2249 1749 est

2364 535 2467 576 tam
2500 539 2617 578 esse
2647 534 2911 589 autumas,
2940 533 2992 578 et
3019 524 3156 578 male
3182 525 3397 588 mereri,
3425 526 3572 594 atqui
3599 525 3738 581 bene
3764 530 3931 583 meri-

2361 619 2465 664 tam
2507 628 2627 667 esse
2671 625 2932 682 autumas,
2980 622 3083 667 non
3134 616 3273 667 male
3320 615 3479 683 igitur
3513 618 3730 671 mereri.
3767 619 3931 685 Quod

2359 703 2697 774 enthymema
2725 719 2790 757 ex
2821 720 2893 759 .ea
2939 706 3306 773 propositione
3345 720 3585 761 connexa
3630 710 3922 778 perﬁcitur,

2359 808 2475 860 qua:
2524 804 2730 847 constat
2771 810 2837 848 ex
2889 796 3242 850 afﬁrmatione
3287 805 3340 850 et
3375 800 3681 865 negatione,
3720 801 3834 855 ita:
3866 804 3911 854 si

2359 883 2495 935 bene
2526 883 2765 936 meritam
2799 898 2919 937 esse
2947 895 3211 949 autumas,
3248 897 3353 939 no‘n
3400 888 3541 941 male
3572 891 3787 943 mereri.
3820 890 3927 945 Cu-

2355 973 2443 1040 jus
2485 989 2548 1026 ex
2584 976 2878 1041 posteriore
2922 985 3074 1042 parte
3105 976 3317 1044 dempta
3368 979 3674 1044 negatione,
3713 989 3930 1050 totaque

2360 1064 2729 1131 prepositione
2768 1064 3053 1143 denegata,
3088 1067 3178 1120 [iet
3210 1070 3508 1136 propositio
3540 1088 3551 1121 :
3586 1087 3689 1124 non
3719 1074 3763 1126 si
3794 1073 3930 1127 bene

2359 1156 2600 1206 meritam
2634 1170 2752 1209 esse
2775 1165 3038 1221 autumas,
3073 1156 3210 1211 male
3239 1159 3463 1223 mereri;
3493 1161 3627 1228 quod
3671 1163 3723 1215 in
3756 1164 3931 1217 inter-

2358 1246 2686 1313 rogationem
2723 1247 3007 1301 dcduetum
3048 1248 3172 1301 facit
3206 1252 3577 1320 enthymema:
3602 1254 3734 1308 bene
3759 1270 3927 1325 quam

2358 1338 2601 1391 meritam
2633 1354 2751 1392 esse
2782 1348 3049 1411 autumas,
3101 1342 3240 1395 male
3287 1344 3505 1397 mereri.
3538 1344 3665 1399 Item
3699 1348 3749 1402 id
3781 1350 3927 1415 quod

2357 1427 2461 1501 scis
2489 1428 2727 1496 prodest,
2753 1429 2882 1482 nihil
2908 1430 2958 1482 id
2987 1432 3125 1499 quod
3149 1434 3346 1497 nescis,
3372 1435 3557 1500 obest;
3589 1436 3688 1490 hoc
3711 1453 3927 1506 quoque

2358 1517 2700 1586 enthymema
2750 1520 2837 1573 tali
2881 1522 3111 1595 nectitur
3162 1524 3510 1593 syllogismo:
3539 1544 3646 1581 non
3690 1529 3740 1582 id
3783 1533 3924 1599 quod

2357 1611 2463 1663 seis
2503 1609 2734 1676 prodest,
2767 1620 2820 1664 et
2843 1612 2893 1665 id
2921 1614 3057 1679 quod
3086 1617 3258 1669 nescis
3284 1632 3385 1671 non
3410 1618 3585 1673 obest.
3610 1625 3680 1672 At
3710 1622 3760 1674 id
3784 1625 3924 1691 quod

2357 1700 2463 1752 seis
2485 1702 2721 1768 prodest.
2757 1702 2910 1756 obest
2936 1703 3092 1771 igitur
3120 1704 3168 1757 id
3197 1706 3336 1774 quod
3371 1711 3578 1794 neseis;
3620 1710 3733 1766 Hoc
3768 1725 3925 1778 argu-

689 1805 741 1847 ut
779 1796 1077 1863 quicunque
1106 1792 1267 1845 noluit
1300 1790 1517 1844 interire
1548 1802 1741 1857 paucos
1766 1789 1931 1851 cives,
1961 1785 2250 1854 rempubli-
2281 1785 2328 1844 B
2358 1798 2591 1842 mentum
2643 1806 2709 1843 ex
2757 1807 2818 1844 ea
2861 1794 3225 1861 propositione
3269 1785 3623 1865 compositu-tn
3664 1810 3766 1868 est,
3806 1819 3927 1873 quze

690 1900 803 1939 eam
837 1885 1001 1937 multo
1027 1882 1193 1953 magis
1226 1882 1353 1935 nolit
1378 1881 1664 1949 exstingui.
1697 1877 1901 1944 Quibus
1929 1892 2048 1930 cum
2084 1878 2253 1930 inter-

692 1976 905 2042 ponitur
946 1973 1177 2041 negatio,
1210 1973 1267 2024 ﬁt
1312 1986 1373 2025 ex
1406 1971 1818 2038 repugnantibus
1855 1978 2249 2035 argumentum.

691 2066 795 2121 Sed
830 2067 928 2118 hoc
956 2065 1192 2118 breviter
1218 2063 1418 2116 Tullius
1457 2063 1772 2125 enuntiavit,
1810 2074 1906 2114 nos
1945 2077 2069 2114 vero
2100 2077 2254 2129 argu-

692 2167 928 2211 mentum
960 2157 1013 2210 in
1045 2156 1407 2225 syllogismum
1443 2154 1763 2220 redigamus,
1789 2168 1816 2204 a
1842 2151 2255 2221 repugnantibus

692 2247 914 2313 scilicet,
933 2260 994 2300 ex
1015 2260 1119 2314 quo
1140 2244 1534 2313 enthymemata
1560 2241 1704 2295 nasci
1721 2242 1916 2307 solent,
1943 2243 2042 2294 hoc
2061 2241 2251 2293 modo:

694 2339 774 2392 Sit
799 2351 1121 2399 connexum,
1155 2337 1201 2388 si
1230 2337 1347 2407 quis
1377 2337 1563 2387 metu't
1598 2335 1740 2387 cives
1768 2347 1962 2400 paucos
2005 2330 2252 2392 interﬁci,

694 2430 738 2479 is
771 2428 959 2481 metuit
983 2425 1200 2479 interire
1227 2425 1628 2492 rempublicam,
1654 2423 1739 2475 hic
1767 2423 2115 2489 interponitur
2167 2436 2259 2473 ne-

695 2517 835 2585 gatio
865 2517 941 2568 sic
968 2533 979 2567 :
1012 2516 1066 2569 Si
1096 2515 1214 2583 quis
1244 2516 1432 2567 metuit
1478 2513 1622 2565 cives
1673 2525 1866 2576 paucos
1919 2510 2139 2564 intertici
2166 2550 2180 2573 ,
2213 2511 2259 2563 is

697 2620 804 2657 non
835 2604 1021 2657 metuit
1066 2604 1281 2657 interire
1312 2601 1715 2668 rempublicam,
1745 2602 1980 2670 jungitur
2023 2601 2123 2653 alia
2168 2616 2259 2653 ne-

697 2707 727 2759 α
748 2693 840 2744 ιιίο
870 2710 881 2744 :
913 2692 1026 2744 Non
1058 2692 1102 2745 si
1127 2692 1243 2761 quis
1268 2691 1454 2745 metuit
1486 2706 1681 2759 paucos
1704 2694 1844 2744 cives
1876 2690 2123 2754 interﬁci,
2155 2706 2257 2743 non

700 2781 887 2833 metuit
922 2780 1136 2833 interire
1176 2782 1575 2849 rempublicam.
1622 2782 1748 2847 Quae
1790 2782 1909 2834 dum
1951 2782 2260 2850 negationes

702 2872 792 2925 uni
819 2872 1155 2924 al'tirmationi
1186 2882 1362 2941 partes
1394 2884 1536 2935 sunt,
1571 2888 1687 2939 qua:
1715 2872 1878 2925 dicit:
1906 2872 1960 2925 Si
1990 2872 2106 2939 quis
2153 2886 2262 2924 me-

703 2968 801 3017 tuit
826 2962 947 3027 hoc,
972 2964 1155 3017 metuit
1176 2974 1227 3018 et
1246 2964 1394 3029 illud,
1425 2962 1576 3032 cujus
1602 2962 1813 3031 quidem
1836 2963 2129 3030 assumptio
2155 2970 2259 3027 est,

700 3066 755 3109 at
785 3058 969 3110 metuit
1004 3061 1131 3116 hOc.
1166 3056 1435 3109 conclusio
1479 3056 1748 3123 sequitur,
1780 3054 1966 3107 metuit
2008 3053 2164 3121 igitur
2207 3062 2262 3107 et

2357 1878 2559 1934 duabus
2583 1880 3023 1936 alﬁrmationibus
3050 1884 3233 1951 juncta
3264 1889 3530 1956 acceperit
3570 1892 3803 1946 mediam
3828 1910 3926 1948 ne-

2356 1970 2619 2037 gationem
2647 1980 2700 2023 et
2729 1975 2948 2041 insuper
2978 1973 3235 2039 denegata
3286 1988 3386 2030 est.
3435 1980 3585 2047 Quod
3627 1982 3927 2054 interroga-

2358 2069 2465 2113 tum
2503 2062 2559 2113 ftt
2584 2061 2922 2130 enthymema
2949 2065 3045 2115 hoc
3073 2066 3230 2117 modo
3264 2082 3275 2117 :
3303 2068 3352 2120 id
3381 2070 3519 2136 quod
3551 2072 3657 2126 scis
3686 2075 3923 2140 prodest,

2358 2151 2490 2205 nihil
2532 2153 2581 2205 id
2614 2154 2753 2222 quod
2791 2154 2963 2206 nescis
3010 2154 3183 2225 obest.
3230 2156 3478 2211 Omnium
3520 2175 3650 2214 vero
3678 2166 3925 2230 superius

2358 2244 2722 2314 exemplorum
2750 2245 2845 2298 ista
2872 2246 3131 2299 sententia
3163 2258 3264 2301 est.
3299 2248 3429 2301 Nam
3454 2266 3611 2319 quam
3645 2254 3925 2322 quisquam

2359 2333 2490 2387 nihil
2538 2345 2769 2397 accusat,
2808 2350 2923 2389 eam
2970 2336 3227 2392 damnare
3273 2350 3419 2394 recte
3463 2356 3567 2395 non
3614 2354 3815 2411 potest;
3868 2358 3926 2399 et

2358 2440 2475 2479 eam
2510 2442 2666 2494 quam
2701 2427 2836 2481 bene
2880 2430 3125 2482 meritam
3169 2445 3288 2485 esse
3339 2442 3593 2499 autumat,
3636 2437 3775 2489 male
3806 2452 3924 2491 me-

2358 2518 2464 2571 reri
2495 2516 2561 2571 de
2608 2532 2671 2571 ea
2710 2527 2860 2585 turpe
2908 2527 3019 2583 est;
3052 2530 3106 2573 et
3149 2521 3192 2573 si
3229 2522 3279 2573 id
3310 2523 3448 2591 quod
3488 2524 3587 2577 scit
3612 2526 3834 2591 quisque
3866 2528 3922 2579 in

2360 2622 2515 2660 causa
2540 2608 2790 2675 proderit,
2817 2609 3007 2675 oberit,
3040 2612 3083 2664 si
3114 2622 3194 2666 est
3222 2616 3548 2668 contrarium
3582 2616 3631 2669 id
3664 2618 3801 2686 quod
3828 2603 3929 2673 ne-

2361 2700 2480 2754 scit.
2525 2700 2673 2753 llnnc
2718 2717 2847 2754 vero
2876 2702 3051 2757 locum
3084 2719 3423 2760 communem
3468 2722 3590 2761 esse
3628 2712 3930 2766 oratoribus

2361 2805 2424 2843 ac
2450 2790 2778 2859 philosophis
2804 2791 2968 2857 dicit,
3001 2794 3092 2847 sed
3119 2795 3255 2861 apud
3290 2796 3410 2850 illos
3444 2799 3656 2852 tertium
3688 2801 3926 2864 modum,

2362 2874 2499 2947 apud
2542 2881 2782 2933 rhetores
2810 2897 2937 2934 vero
2967 2883 3307 2951 enthymema
3341 2890 3658 2955 nuncupari.
3697 2889 3929 2959 Reliqui,

2364 2968 2552 3038 inquit,
2604 2969 2743 3023 modi
2797 2971 2974 3039 plures
3015 2983 3159 3035 sunt,
3204 2989 3323 3026 nam
3369 2991 3487 3029 cum
3540 2987 3647 3032 tres
3682 2982 3932 3048 superius

2366 3070 2731 3114 enumerasset
2798 3062 3004 3125 modos,
3065 3064 3359 3132 adjnngens
3417 3079 3685 3135 quatuor,
3745 3070 3933 3137 plures

699 3147 850 3211 illud,
881 3162 997 3213 quae
1025 3147 1350 3201 tantumdem
1380 3148 1539 3211 valet,
1566 3147 1611 3199 si
1631 3144 1872 3214 negando
1901 3145 2259 3213 inlerrogetlll‘
2284 3141 2335 3206 Ο
2364 3153 2515 3207 dixit.
2549 3153 2609 3206 Hi
2633 3154 2821 3206 suntin
2844 3154 3285 3223 disjunetionibus
3307 3163 3576 3213 constituti
3611 3161 3711 3215 hoc
3741 3164 3928 3226 modo,

700 3240 791 3301 ita,
823 3240 923 3293 ltuc
948 3240 1157 3303 metuis,
1183 3238 1309 3292 illud
1338 3252 1443 3289 non
1473 3238 1679 3291 metuis.
1713 3236 1816 3290 Sed
1846 3236 1964 3302 quia
1988 3249 2091 3288 non
2120 3243 2259 3287 totus

702 3330 782 3395 (ut
806 3344 961 3395 supra
993 3327 1284 3396 posuimus)
1308 3327 1360 3380 itt
1384 3328 1464 3380 his
1481 3326 2023 3395 argumentationibus
2048 3324 2259 3393 ponitur

638 3406 643 3409 ’
700 3417 1056 3483 syllogismus,
1081 3416 1175 3470 sed
1206 3418 1520 3485 propositio,
1550 3418 1702 3483 cujus
1730 3415 2020 3482 assumptio
2052 3424 2107 3469 et
2132 3430 2260 3469 con-

700 3506 865 3556 clusio
893 3513 1029 3557 nota:
1057 3514 1197 3568 sunt,
1230 3504 1428 3558 idcirco
1476 3505 1817 3573 enthymema
1846 3502 2060 3567 dicitur,
2108 3513 2260 3570 quast

700 3596 879 3647 brevis
901 3595 1061 3647 animi
1092 3598 1389 3661 conceptio.
1422 3596 1483 3647 Et
1514 3597 1565 3647 in
1595 3594 1805 3648 caeteris
1832 3595 2089 3661 exemplis
2121 3594 2257 3646 idem

700 3686 888 3738 modus
908 3694 1006 3738 est.
1039 3684 1143 3738 Sed
1167 3684 1279 3737 base
1295 3684 1507 3753 quidem
1539 3685 1812 3737 Ciceronis
1842 3683 2129 3736 similitudo
2152 3698 2256 3737 nan

700 3787 806 3828 tam
838 3792 901 3829 ex
932 3777 1341 3844 repugnantibus
1363 3790 1519 3844 quam
1554 3790 1619 3829 ex
1670 3776 1950 3828 contrariis
1975 3790 2257 3843 argumen-

700 3877 809 3920 tum
836 3852 1505 3935 intelligitur'continerc.
1557 3869 1796 3922 Metut-re
1838 3866 2031 3935 quippe
2063 3875 2116 3921 et
2153 3884 2258 3920 nctt

699 3968 933 4014 metuere
954 3960 1218 4012 contraria
1238 3969 1381 4022 sunt,
1416 3959 1514 4013 nisi
1546 3959 1647 4014 hoc
1676 3961 1791 4027 ipsa
1834 3959 2114 4013 verborum
2140 3974 2258 4027 pro-

699 4051 825 4105 latio
844 4068 872 4103 a
894 4040 1174 4104 contrariis
1197 4061 1565 4119 argumentum
1590 4052 1656 4105 ad
1677 4052 2073 4121 repugnantiam
2092 4065 2259 4105 retra-

699 4142 807 4194 hat.
829 4141 957 4193 Nam
972 4141 1108 4207 quod
1123 4140 1250 4193 dicit
1264 4141 1401 4194 hunc
1418 4151 1671 4204 metuere,
1690 4142 1914 4195 alterum
1929 4141 1979 4195 in
1999 4151 2139 4195 metu
2156 4154 2259 4195 non

698 4247 914 4297 ponere,
937 4233 1039 4285 tale
1061 4240 1143 4285 est
1164 4242 1219 4284 ttt
1241 4234 1588 4301 repugnantia
1604 4234 1899 4287 videantur.
1920 4234 2126 4287 Etenim
2152 4250 2260 4288 me-

700 4334 848 4375 tuere
876 4330 930 4375 et
959 4336 1061 4374 non
1090 4331 1325 4375 metuere
1352 4324 1618 4376 contraria
1648 4334 1791 4376 sunt.
1818 4324 1871 4375 lu
1902 4333 2049 4377 metu
2077 4333 2257 4377 autem

699 4427 801 4464 non
835 4426 1049 4479 ponere,
1110 4421 1163 4464 et
1204 4421 1464 4477 metuere,
1514 4413 1807 4480 prolatione
1849 4416 1961 4481 ipsa
1994 4424 2098 4466 tant
2130 4429 2258 4468 con-

2362 3256 2453 3298 aut
2481 3251 2601 3311 hoc,
2643 3256 2732 3298 aut
2772 3246 2920 3310 illud,
2955 3246 3053 3300 hoc
3083 3257 3280 3311 autem,
3328 3265 3432 3303 non
3466 3251 3627 3319 igitur
3655 3254 3808 3317 illud,
3837 3256 3927 3323 qui

2362 3345 2444 3390 est
2473 3344 2692 3403 quartus
2716 3337 2901 3389 modus
2930 3350 2959 3389 a
2987 3338 3137 3391 nobis
3166 3354 3373 3407 quoque
3397 3354 3555 3408 supra
3582 3344 3786 3411 positus
3808 3343 3880 3395 ita
3905 3360 3921 3397 :

2361 3434 2453 3477 aut
2480 3426 2596 3479 dies
2624 3434 2725 3505 est,
2759 3436 2851 3480 aut
2878 3442 2978 3480 nox
3001 3438 3102 3481 est.
3133 3429 3255 3482 Dies
3286 3441 3463 3484 autem
3494 3441 3597 3492 est,
3630 3448 3734 3484 non
3764 3434 3928 3499 igitur

2362 3529 2463 3567 nox
2504 3524 2606 3578 est,
2637 3524 2692 3570 et
2713 3532 2944 3584 semper,
2979 3519 3115 3586 quod
3142 3521 3215 3572 ait
3241 3518 3446 3584 Cicero;
3501 3521 3602 3576 hoc
3628 3523 3691 3576 ad
3728 3538 3929 3591 praece-

2362 3604 2497 3657 dens
2540 3614 2775 3672 spectat;
2820 3607 2958 3675 quod
3005 3623 3131 3661 vero
3158 3610 3231 3662 ait
3278 3610 3428 3673 illud,
3464 3611 3528 3663 ad
3569 3627 3925 3680 consequens,

2362 3692 2474 3747 sive
2500 3695 2552 3746 in
2575 3696 2827 3749 connexis
2850 3699 3317 3765 propositionibus,
3341 3702 3454 3754 sive
3476 3702 3774 3769 disjunetis,
3800 3704 3925 3756 item

2364 3792 2459 3835 aut
2487 3783 2608 3851 hoe,
2638 3796 2727 3839 aut
2754 3786 2901 3849 illttd,
2944 3805 3046 3841 non
3080 3798 3254 3841 autem
3290 3787 3575 3854 hoc,'illud
3622 3794 3795 3859 igitur.
3830 3793 3927 3845 Hic

2363 3887 2571 3940 quoque
2595 3874 2811 3941 quintus
2841 3877 3028 3928 modus
3057 3887 3164 3941 est,
3198 3880 3338 3931 velut
3361 3880 3413 3932 in
3446 3879 3527 3933 bis
3546 3884 3931 3949 exemplis,aut

2364 3960 2475 4015 dies
2497 3971 2597 4028 est,
2629 3974 2717 4016 aut
2746 3979 2847 4016 nox
2876 3975 2976 4029 est,
3006 3980 3108 4017 non
3140 3975 3314 4019 autem
3338 3967 3476 4033 dies,
3508 3984 3615 4022 nox
3641 3971 3799 4036 igitur
3822 3980 3927 4023 est.

2363 4052 2596 4117 Quarum
2627 4054 3027 4106 conelusionum
3062 4057 3434 4108 necessitatem
3457 4071 3521 4108 ex
3551 4071 3615 4109 eo
3642 4057 3769 4109 dicit
3801 4071 3932 4110 eve-

2365 4143 2498 4208 nire,
2531 4145 2653 4211 quia
2681 4160 2798 4211 qu:e
2840 4144 2891 4196 in
2941 4144 3297 4211 disjunetione
3330 4148 3522 4212 posita,
3552 4146 3780 4198 medium
3814 4159 3926 4199 non

2364 4232 2610 4286 videntur
2638 4222 2942 4297 admittere,
2977 4244 3029 4286 ut
3061 4248 3181 4287 esse
3225 4233 3366 4287 aliud
3411 4243 3598 4302 praeter
3625 4248 3807 4286 eorum
3838 4235 3930 4287 al-

2367 4332 2535 4376 terum
2564 4324 2750 4391 possit,
2778 4331 2934 4391 atque
2962 4322 3083 4375 ideo
3114 4339 3219 4376 uno
3257 4324 3469 4376 sublato
3507 4324 3729 4376 alterum
3770 4338 3926 4387 esse,

2365 4426 2574 4479 unoque
2612 4410 2790 4478 posito
2830 4412 3056 4463 alterum
3088 4426 3192 4463 non
3238 4426 3358 4464 esse
3388 4410 3741 4465 concluditur.
3772 4411 3930 4476 Quod

699 4501 857 4552 traria
891 4514 1051 4568 quam
1094 4501 1437 4568 repugnantia
1487 4500 1874 4567 intelliguntur,
1917 4501 2042 4555 licet
2072 4503 2254 4555 eadem
2283 4499 2339 4561 D
2365 4503 2407 4555 si
2435 4503 2505 4556 sit
2534 4502 2788 4566 medium,
2823 4500 2963 4574 quod
2995 4513 3189 4568 praeter
3226 4502 3540 4553 alterutrum
3584 4514 3706 4555 esse
3736 4500 3928 4569 possit,

706 4591 952 4642 arobetur
1000 4604 1118 4643 esse
1167 4592 1454 4644 sententia.
1521 4591 1610 4644 llis
1659 4592 1854 4660 adjecit
1918 4593 2021 4645 alia
2076 4608 2259 4646 rursus

698 4682 940 4748 exempla
977 4698 989 4734 :
1016 4682 1143 4735 Eam
1172 4698 1331 4749 quam
1364 4683 1495 4736 nihil
1524 4698 1765 4746 accusas,
1796 4683 2037 4737 damnas.
2092 4682 2259 4751 Hujus

699 4772 1113 4840 enthymematis
1142 4774 1261 4826 talis
1309 4782 1395 4826 est
1421 4774 1622 4843 integer
1666 4774 2003 4843 syllogismus
2033 4791 2044 4825 :
2080 4789 2183 4828 non
2215 4775 2257 4826 si

696 4863 825 4915 nihil
859 4878 1075 4919 accusas
1097 4866 1338 4928 danmas,
1367 4866 1459 4919 sed
1490 4867 1616 4918 nihil
1643 4881 1883 4933 accusas,
1912 4883 2013 4919 non
2038 4865 2259 4919 damnas

696 4954 876 5019 .gitur.
908 4952 1064 5005 Venit
1093 4968 1221 5021 ergo
1253 4956 1351 5007 hoc
1391 4966 1757 5021 argumentum
1799 4969 1863 5008 ex
1914 4969 1977 5007 ea
2018 4956 2259 5022 proposi-

700 5044 843 5096 tione
874 5056 1140 5109 connexa,
1174 5062 1291 5113 qute
1336 5062 1399 5099 ex
1429 5048 1631 5101 duabus
1672 5047 2010 5115 componitur
2059 5048 2263 5114 negati-

702 5133 812 5193 vis,
850 5133 919 5186 ita
945 5150 957 5187 :
983 5135 1026 5187 si
1058 5136 1189 5189 nihil
1234 5151 1478 5201 accusas,
1531 5153 1633 5192 non
1674 5139 1928 5200 damnas;
1982 5140 2260 5205 posteriori

696 5238 826 5308 fere
856 5224 989 5290 parti
1019 5224 1256 5279 detracta
1301 5229 1511 5296 negatio
1541 5238 1640 5291 est,
1672 5238 1727 5283 et
1775 5228 1990 5295 insuper
2034 5236 2139 5282 tota
2183 5240 2266 5283 est

702 5298 994 5383 propositio
1019 5318 1278 5387 denegata
1308 5318 1408 5373 hoc
1441 5319 1620 5385 modo,
1655 5335 1759 5372 non
1780 5320 1823 5373 si
1855 5320 1987 5372 nihil
2019 5334 2260 5383 accusas,

698 5405 942 5470 damnas,
970 5416 1021 5460 et
1043 5422 1111 5461 ex
1141 5424 1203 5461 ea
1236 5408 1431 5462 factum
1465 5419 1547 5463 est
1576 5421 1969 5478 argumentum,
2001 5412 2137 5479 quod
2172 5426 2263 5478 po-

700 5498 857 5548 situm
922 5496 972 5548 in
1031 5496 1443 5567 interrogatione
1499 5500 1662 5554 elﬁcit
1721 5500 2060 5570 enthymema
2094 5542 2108 5564 ,
2164 5501 2264 5553 hoc

686 5586 859 5647 modo
891 5604 903 5640 :
934 5604 1088 5656 quam
1142 5590 1272 5644 nihil
1318 5607 1552 5657 accusas,
1595 5592 1838 5658 damnas,
1910 5594 2043 5647 bene
2104 5608 2259 5659 quam

702 5679 944 5739 meritam
974 5692 1093 5739 esse
1120 5691 1381 5747 autumas,
1416 5686 1549 5739 male
1580 5685 1792 5738 mereri.
1840 5684 2003 5753 Hujus
2034 5698 2250 5757 quoque

2367 4609 2466 4647 nec
2492 4609 2614 4647 vera
2648 4592 2966 4661 propositio,
2996 4607 3094 4646 nec
3120 4601 3232 4645 rata
3272 4600 3355 4645 est
3380 4590 3675 4656 conclusio,
3703 4591 3849 4644 velut
3878 4593 3936 4644 in

2366 4685 2470 4751 his,
2496 4694 2585 4737 aut
2613 4684 2791 4737 album
2829 4695 2931 4747 est,
2958 4693 3049 4737 aut
3078 4685 3310 4752 nigrum,
3341 4683 3390 4736 id
3432 4683 3623 4735 falsum
3658 4691 3762 4736 est.
3798 4684 3936 4735 Esse

2366 4778 2508 4831 enim
2539 4785 2732 4843 praeter
2760 4792 2819 4829 ea
2852 4776 3069 4828 rubrum
3100 4784 3294 4843 potest.
3326 4774 3431 4827 Sed
3462 4774 3504 4827 si
3530 4788 3790 4842 ponamus
3811 4788 3937 4828 esse

2364 4867 2543 4919 album
2575 4867 2657 4920 vel
2682 4864 3012 4931 auferamus,
3045 4879 3148 4918 non
3182 4878 3403 4923 necesse
3435 4866 3540 4918 erit
3569 4880 3673 4917 non
3704 4878 3827 4917 esse
3848 4865 3937 4917 vel

2367 4971 2486 5010 esse
2515 4956 2742 5024 nigrum,
2787 4956 2909 5022 quia
2955 4954 3095 5023 quod
3148 4954 3363 5007 rubrum
3393 4963 3495 5017 est,
3544 4953 3779 5007 medium
3810 4967 3939 5006 esse

2369 5060 2562 5119 potest.
2611 5051 2830 5115 Deinde,
2871 5050 3042 5118 inquit
3088 5049 3315 5111 Tullius,
3352 5048 3556 5101 addunt
3594 5047 3942 5115 conjunctio-

2371 5155 2493 5193 num
2517 5142 2835 5208 negantiam,
2871 5140 2923 5193 in
2964 5139 3295 5207 disjunetivis
3321 5139 3526 5192 scilicet
3557 5138 3945 5206 propositioni-

2371 5230 2487 5294 bus,
2519 5229 2619 5282 hoc
2647 5230 2804 5282 modo
2830 5245 2843 5283 :
2872 5244 2975 5280 non
3004 5238 3055 5282 et
3082 5227 3179 5281 hoc
3204 5238 3256 5282 et
3287 5227 3439 5288 illud,
3466 5226 3568 5279 hoc
3600 5236 3798 5299 autem,
3829 5240 3941 5277 non

2372 5321 2529 5388 igitur
2557 5319 2721 5381 illud;
2757 5320 2895 5373 idem
2934 5330 3036 5381 est,
3081 5334 3183 5371 non
3214 5310 3267 5371 et
3312 5333 3414 5371 nox
3445 5327 3499 5370 et
3529 5317 3642 5368 dies
3677 5324 3781 5382 est,
3829 5330 3943 5369 nox

2368 5422 2543 5463 autem
2568 5404 2671 5474 est,
2704 5424 2806 5461 non
2839 5410 2996 5477 igitur
3024 5409 3139 5461 dies
3170 5420 3250 5462 est
3279 5426 3291 5460 :
3319 5407 3405 5461 hic
3433 5407 3589 5474 igitur
3610 5417 3795 5459 sextus
3819 5420 3944 5458 mo-

2367 5503 2465 5556 dus
2490 5517 2609 5555 esse
2644 5499 2922 5569 prmdictus
2949 5510 3048 5552 est.
3085 5500 3353 5567 Septimus
3394 5509 3568 5551 autem
3613 5505 3696 5548 est
3736 5510 3806 5549 ex
3845 5510 3944 5547 ea-

2368 5594 2487 5647 dem
2518 5593 2734 5646 veniens
2766 5591 3149 5659 propositione,
3186 5593 3285 5644 hoc
3316 5592 3475 5644 modo
3501 5608 3513 5641 :
3539 5604 3643 5642 non
3666 5596 3718 5642 et
3749 5589 3853 5642 hoc
3883 5601 3943 5641 ει

2370 5684 2519 5749 illud,
2549 5698 2651 5740 non
2679 5690 2865 5753 autem
2909 5683 3027 5745 hoc,
3062 5681 3185 5735 illttd
3216 5681 3394 5750 igitur,
3436 5679 3578 5734 velut
3606 5677 3650 5732 si
3683 5680 3755 5732 ita
3781 5676 3941 5731 dica—
