4274 6272
432 298 571 354 1145

1257 296 1319 351 ΙΝ
1361 292 1602 350 TOPICA
1644 284 1996 345 CICERONIS
2034 289 2561 347 COMMENTARIA.
2606 290 2735 347 LIB.
2781 291 2843 345 γ.

3537 301 3674 356 1146

432 430 573 477 ntus,
609 426 712 466 non
769 420 822 467 et
860 425 966 466 nox
991 419 1045 467 et
1090 409 1205 465 dies
1245 418 1347 474 est,
1399 424 1501 463 nox
1534 422 1638 461 non
1678 413 1855 460 autem
1886 402 1991 471 est,
2023 406 2076 465 Α
2100 411 2186 457 tur
2214 421 2227 456 :
2257 404 2506 473 primam,
2553 420 2671 471 quas
2701 406 2949 461 movendi
2980 408 3291 478 principium
3321 421 3434 477 est;
3478 428 3672 469 secun-

431 507 550 559 dics
582 505 740 573 igitur
772 513 873 558 est.
904 504 1030 568 Quae
1072 502 1465 571 propositiones
1496 500 1597 554 nisi
1628 499 1681 553 in
1717 498 2002 567 disiunctis

433 596 715 666 medioque
747 584 1055 650 carentibus
1088 596 1246 651 rebus
1272 604 1441 648 ratam
1471 592 1875 647 conclusionem
1904 592 1999 645 ha-

436 688 565 743 bere
617 704 722 742 non
756 697 1025 757 poterunt.
1059 689 1167 755 Age
1217 685 1358 739 enim
1405 687 1476 737 ita
1506 683 1767 747 dicamus,
1811 698 1916 736 non
1948 690 2004 736 et

392 762 393 765 η
435 779 614 831 album
638 819 653 843 ,
690 789 744 833 et
780 780 985 845 nigrum
1008 816 1023 840 ,
1067 790 1435 844 ponemusque
1475 789 1580 827 non
1621 788 1742 827 esse
1784 774 1958 828 album
1984 816 1998 838 ,

434 885 538 922 non
585 869 925 936 consequitur
965 875 1022 919 ut
1069 865 1141 918 sit
1187 866 1418 931 nigrum,
1467 863 1824 932 potest'enim
1879 876 2000 916 esse

436 961 576 1026 quod
608 959 837 1011 medium
864 968 965 1010 est.
1002 955 1313 1024 llujnsmodi
1352 954 1512 1023 igitur
1539 970 1629 1021 per
1662 954 1999 1023 negationem

398 1036 863 1115 'Conjunctionum
916 1045 1238 1116 (utfl‘ullius
1283 1044 1717 1113 ait)rpropositio
1766 1044 1811 1096 si
1858 1052 2001 1094 ratas

432 1137 632 1191 factura
665 1147 745 1190 cst
768 1135 1140 1188 conclusiones
1182 1134 1233 1188 in
1272 1134 1550 1201 disiunctis
1578 1135 1755 1195 rebus,
1798 1132 2000 1185 medio-

432 1246 534 1297 que
579 1230 885 1281 carentibus
929 1225 1387 1290 accommodetur,
1424 1226 1556 1279 alias
1599 1240 1701 1277 non
1743 1223 1845 1277 erit
1887 1231 2002 1275 rata

430 1322 720 1376 conclusio.
770 1321 941 1374 Distat
972 1336 1097 1373 vero
1129 1318 1422 1388 propositio
1453 1318 1595 1372 tertii
1636 1316 1780 1370 modi
1822 1331 1851 1369 a
1881 1328 2002 1382 pro-

430 1414 699 1482 positione
728 1413 863 1467 sein
900 1424 951 1465 et
978 1411 1211 1479 septimi,
1242 1410 1381 1478 quod
1414 1410 1553 1463 tertii
1584 1408 1728 1462 modi
1760 1406 2004 1476 proposi-

433 1507 508 1556 tio
531 1520 595 1556 εχ
618 1503 918 1571 conjunctis
946 1502 1202 1555 nascitur.
1233 1500 1358 1553 llazc
1384 1514 1511 1552 vero
1540 1500 1673 1553 sexti
1706 1508 1761 1552 et
1790 1497 2001 1565 septimi

432 1608 497 1648 ex
530 1594 812 1663 disjunctis
843 1593 1082 1646 terminis
1109 1592 1308 1653 existit,
1342 1600 1397 1644 ut
1426 1592 1479 1643 in
1511 1589 1879 1657 superioribus
1905 1603 2002 1657 pa-

434 1694 513 1737 tet
541 1684 823 1749 cxemplis.
860 1684 935 1741 Ex
960 1683 1040 1735 his
1072 1681 1253 1749 igitur,
1286 1681 1475 1750 inquit,
1500 1680 1671 1733 modis
1700 1678 2004 1732 conclusio-

2103 492 2250 559 dam,
2281 506 2471 562 ex‘qua
2517 493 2577 547 lit
2604 494 2821 564 aliquid,
2856 512 3013 566 quam
3046 500 3322 553 materiam
3353 511 3532 567 vocat;
3569 512 3673 556 ter.

2107 584 2233 636 tiam
2262 584 2522 637 rationem
2543 599 2605 637 ac
2623 587 2880 653 speciem,
2903 604 3006 655 qua
3034 587 3445 659 unumquodque
3476 594 3672 647 forma—

2102 686 2215 743 tur;
2235 687 2499 745 quartam,
2529 680 2683 734 finem
2706 692 2920 749 propter
2939 698 3103 750 quem
3119 685 3389 752 quodlibet
3412 684 3663 754 efﬁcitur,

2101 778 2158 823 at
2198 782 2326 822 vero
2376 769 2453 822 Μ.
2489 769 2691 823 Tullius
2733 771 3079 839 principalem
3128 789 3408 828 causarum
3452 776 3671 829 divisiov-

2104 873 2225 913 nem
2258 859 2384 912 facit
2423 859 2476 911 in
2508 874 2567 912 ea
2596 875 2713 927 quae
2756 860 2989 913 efﬁciant
3030 862 3227 931 aliquid
3272 874 3328 917 et
3360 867 3409 918 in
3444 881 3503 919 ea
3553 870 3670 922 sine

2103 950 2294 1020 quibus
2323 949 2461 1004 efﬁci
2510 959 2794 1018 nequeant,
2828 962 2885 1003 ut
2916 952 2966 1004 id
3022 954 3162 1021 quod
3215 955 3399 1017 efﬁcit,
3450 956 3514 1009 ad
3554 973 3668 1011 eam
3709 954 3715 961 ’

2102 1053 2317 1093 causam
2377 1038 2637 1092 referatur
2677 1040 2728 1092 in
2760 1054 2862 1108 qua
2900 1050 3075 1094 motus
3104 1043 3421 1109 principium
3470 1048 3669 1099 consti-

2104 1135 2276 1181 tutum
2305 1135 2407 1192 est,
2440 1126 2495 1179 id
2522 1142 2647 1180 vero
2668 1128 2783 1182 sine
2810 1143 2915 1196 quo
2946 1144 3051 1183 non
3101 1130 3157 1182 ﬁt
3182 1131 3401 1199 aliquid,
3453 1140 3560 1185 tum
3600 1134 3674 1186 ad

2104 1220 2432 1274 intellectum
2478 1221 2714 1273 materiae
2767 1220 3142 1287 transferatur,
3196 1221 3277 1274 vel
3324 1236 3509 1275 eorum
3555 1238 3671 1291 qua)
3748 1262 3751 1267 ι

2103 1310 2386 1378 conjuncta
2435 1309 2673 1365 materiae
2715 1308 3003 1363 efﬁcientis
3052 1310 3299 1376 adjuvant
3341 1310 3682 1379 faculttem,

2105 1409 2215 1455 tum
2243 1400 2308 1455 ad
2338 1400 2573 1469 reliquas
2610 1414 2802 1455 causas
2840 1401 3087 1463 ducatur,
3137 1410 3194 1454 ut
3226 1402 3378 1469 paulo
3409 1384 3673 1470 posterius

2103 1493 2399 1561 apparebit.
2434 1494 2559 1560 Ejus
2596 1494 2757 1561 igitur
2796 1507 2994 1556 causa},
3040 1508 3158 1562 quas
3204 1495 3255 1546 vi
3286 1510 3379 1547 sua
3435 1495 3485 1547 id
3530 1494 3671 1562 quod

2105 1582 2401 1650 subjectum
2446 1591 2526 1634 est
2591 1581 2777 1645 efﬁcit,
2818 1582 2924 1635 tale
2971 1585 3219 1650 proponit
3260 1586 3581 1651 exemplum,
3613 1595 3673 1638 ut

2106 1673 2245 1740 ignis
2284 1671 2530 1724 accendit
2558 1687 2570 1723 :
2597 1685 2718 1723 nam
2760 1672 3097 1725 accensiouis
3135 1673 3302 1740 ipsius
3332 1670 3489 1727 causa
3536 1676 3671 1742 ignis

430 1790 529 1829 nes
569 1775 980 1828 innumerabiles
1035 1782 1346 1839 nascuntur,
1398 1787 1534 1825 unus
1588 1772 1730 1824 enim
1774 1770 2001 1837 quilibet
2039 1753 2082 1810 Β
2110 1773 2214 1824 εει,
2257 1772 2310 1815 ει
2340 1762 2390 1814 id
2420 1762 2636 1815 efﬁcere
2656 1769 2850 1829 pateat,
2888 1772 3051 1831 atque
3094 1762 3219 1815 illud
3250 1764 3387 1832 quod
3430 1765 3675 1819 accendi-

431 1881 617 1917 corum
656 1864 845 1916 modus
884 1863 1105 1916 infinitis
1135 1861 1571 1916 conclusionibus
1604 1860 1772 1927 aptari
1804 1864 1999 1923 potest,

432 1956 597 2008 veluti
632 1956 834 2022 primus
856 1970 918 2007 ac
948 1954 1215 2007 secundus
1246 1954 1297 2007 in
1322 1953 1569 2006 omnibus
1601 1967 1716 2018 quae
1741 1950 1841 2003 sibi
1869 1963 1999 2001 con-

433 2060 567 2097 nexa
598 2054 740 2107 sunt,
773 2058 997 2112 quorum
1041 2042 1217 2095 nullus
1248 2051 1634 2105 estnumcrus,
1668 2040 1711 2092 si
1736 2040 1854 2107 quis
1881 2053 2003 2105 per-

431 2134 581 2203 scqui
606 2135 751 2199 velit,
786 2135 1016 2202 ilemqttc
1040 2134 1447 2201 repugnantium
1477 2132 1682 2185 infinita
1712 2142 1790 2184 est
1820 2132 2001 2183 mufti-

432 2226 579 2285 tudo,
617 2227 665 2277 in
698 2225 889 2292 quibus
920 2225 1106 2278 tertius
1140 2224 1328 2277 modus
1372 2233 1451 2276 est
1494 2223 1660 2286 utilis;
1694 2222 1819 2275 item
1853 2221 2001 2287 plura

431 2315 697 2381 disjuncta
749 2324 872 2367 sunt
926 2316 976 2368 in
1030 2315 1223 2384 quibus
1253 2325 1493 2382 quartus,
1552 2324 1605 2367 et
1656 2314 1895 2382 quintus,
1949 2319 2003 2366 et

430 2414 639 2467 sextus,
672 2413 723 2456 et
752 2405 1012 2471 septimus
1051 2404 1330 2473 plurimum
1363 2405 1556 2456 valent.
1592 2408 1763 2471 Atque
1796 2404 1847 2456 in
1896 2403 1997 2467 his,

432 2495 628 2561 inquit,
658 2496 830 2549 omnis
857 2496 966 2549 fere
993 2507 1072 2549 est
1102 2496 1398 2561 dialectica,
1448 2495 1542 2547 sed
1579 2496 1643 2547 ad
1696 2496 1898 2562 topicos
1926 2495 2003 2547 io-

428 2602 523 2640 cos
561 2597 670 2641 tres
700 2589 851 2655 primi
892 2589 1032 2641 modi
1066 2598 1189 2641 sunt
1219 2589 1528 2653 necessarii,
1563 2588 1651 2655 qui
1679 2587 2002 2641 antecessio-

434 2696 572 2741 ιιι-ιιι,
624 2680 1054 2733 consecutionem
1097 2687 1151 2732 et
1200 2679 1599 2747 repugnantiam
1651 2686 1852 2731 tenent.
1901 2677 2002 2729 lie-

434 2768 562 2833 liqui
583 2783 707 2821 vero
723 2782 838 2820 com
850 2767 1057 2835 piendo:
1075 2766 1451 2834 disputationis
1474 2767 1640 2833 magis
1658 2766 1823 2832 gratia
1844 2780 1999 2833 quam

376 2852 379 2853 ⁷
432 2857 573 2925 quod
597 2857 660 2911 ad
692 2857 827 2911 hanc
853 2857 1239 2912 institutionem
1271 2857 1561 2912 necessarii
1593 2856 1790 2919 fuerint
1820 2857 2002 2910 viden-

431 2959 523 3002 tur
548 2949 760 3016 adjecti.

505 3039 783 3093 Proximus
830 3047 903 3094 est
936 3044 1075 3093 locus
1105 3055 1273 3093 rerum
1302 3030 1639 3109 efﬁcientium,
1687 3056 1800 3109 qua:
1833 3054 2001 3093 cauete

432 3134 791 3203 appellantur,
837 3132 1021 3184 deinde
1058 3148 1226 3184 rerum
1255 3131 1548 3196 e/I't'ctarum
1592 3131 1653 3183 ab
1681 3132 2001 3199 eﬁicieutibus

433 3224 623 3288 causis;
653 3223 838 3276 harum
881 3224 1109 3292 exempla
1153 3232 1204 3275 ut
1254 3224 1561 3287 reliquorum
1590 3223 1815 3275 locorum
1846 3224 2002 3289 paulo

431 3323 550 3365 ante
569 3314 734 3381 posui,
766 3323 811 3365 et
839 3313 1040 3381 quidem
1066 3328 1127 3365 ea:
1148 3314 1268 3382 jure
1288 3313 1439 3365 civili.
1470 3312 1573 3367 Sed
1601 3313 1706 3366 htec
1728 3324 1899 3381 patent
1926 3314 2005 3366 la-

434 3407 535 3458 tius
565 3422 582 3457 .·
604 3421 880 3457 causarum
907 3404 1038 3457 enim
1069 3420 1252 3473 genera
1282 3404 1384 3457 duo
1414 3413 1527 3457 sunt
1557 3421 1573 3457 .'
1599 3421 1755 3456 unum
1794 3403 1929 3472 quod
1957 3404 2005 3457 vi

433 3513 527 3549 sua
551 3496 606 3548 id
637 3496 773 3563 quod
795 3495 887 3548 sub
913 3511 974 3548 ea
1000 3496 1283 3565 subjectum
1314 3504 1408 3559 est,
1437 3506 1570 3547 certe
1594 3495 1759 3562 eﬁicit,
1794 3504 1845 3546 ut
1874 3494 2005 3561 ignis

432 3589 695 3651 accendit;
726 3586 943 3639 alterunt
972 3588 1107 3654 quod
1138 3594 1374 3639 naturam
1414 3585 1657 3653 cﬁiciendi
1696 3601 1793 3636 non
1834 3585 2002 3646 habet,

432 3680 523 3731 sed
563 3680 670 3734 sine
705 3695 804 3746 quo
842 3678 966 3746 efﬁci
1012 3694 1111 3729 non
1142 3677 1320 3745 possit,
1365 3687 1418 3729 ut
1466 3677 1509 3728 si
1530 3677 1649 3742 .qus's
1680 3690 1747 3727 ws
1796 3690 2005 3727 causam

433 3778 615 3821 statua:
635 3768 751 3820 velit
773 3768 958 3831 dicere,
985 3766 1121 3835 quod
1144 3768 1252 3819 sine
1278 3781 1337 3817 eo
1365 3781 1463 3818 non
1493 3766 1648 3830 possit
1671 3765 1813 3832 e/ﬁci.
1837 3763 2006 3834 Hujus

437 3859 631 3928 generis
668 3872 938 3909 causarum
995 3856 1103 3909 sine
1154 3873 1254 3923 quo
1302 3873 1402 3908 non
1451 3856 1691 3924 efﬁcitur,
1737 3856 1841 3907 alia
1888 3864 2005 3906 sunt

438 3947 610 4014 quieta
654 3942 781 3995 nihil
817 3944 1040 4013 agentia,
1083 3942 1269 3996 stolida
1312 3945 1704 4012 quodammodo,
1748 3953 1801 3996 ut
1842 3944 2006 4006 locus,

438 4044 659 4102 tempus,
700 4035 936 4098 materia,
964 4036 1296 4103 ferramenta,
1329 4045 1375 4086 et
1413 4048 1594 4087 cretera
1629 4034 1824 4103 generis
1870 4035 2010 4102 ejus-

438 4129 589 4188 dem;
618 4127 727 4180 alia
752 4136 922 4180 autem
949 4128 1341 4197 pra’cursionem
1374 4128 1648 4194 quamdam
1678 4128 1916 4181 adhibent
1940 4128 2006 4180 ad

436 4218 768 4287 efficiendum,
798 4226 845 4271 et
873 4220 1105 4284 quaedam
1133 4216 1355 4281 alferunt
1391 4234 1478 4283 per
1507 4234 1561 4271 se
1584 4220 1906 4288 adjumenta,
1938 4226 2011 4270 et-

433 4309 477 4358 si
509 4324 609 4359 non
637 4307 939 4369 necessaria,
972 4315 1025 4357 ut
1059 4306 1223 4357 amori
1251 4308 1539 4375 congressio
1566 4322 1775 4360 causam
1807 4307 1999 4359 attule-

436 4404 538 4461 rat,
569 4410 711 4445 antor
739 4396 955 4461 ﬂagitio.
992 4394 1073 4447 Ea:
1109 4396 1202 4448 hoc
1232 4412 1412 4464 genere
1438 4412 1709 4449 causarum
1740 4412 1803 4448 ea:
1844 4405 2010 4449 aeter—

437 4486 598 4535 nitate
628 4486 952 4551 pendentium
983 4486 1143 4551 fatum
1187 4502 1217 4536 a
1266 4484 1453 4538 Stoicis
1491 4486 1727 4548 nectitur,
1764 4495 1913 4552 atque
1952 4494 2006 4536 ut

436 4592 610 4627 earum
648 4590 919 4628 causarum
946 4576 1054 4627 sine
1087 4575 1269 4639 quibus
1295 4576 1420 4642 effici
1464 4591 1565 4627 non
1594 4584 1775 4643 potest,
1820 4591 2007 4643 genera

436 4665 617 4730 dividi,
650 4666 722 4717 sic
740 4652 890 4717 etiam
922 4664 1238 4732 eﬂicientium
1267 4665 1425 4716 dividi
1447 4674 1674 4731 possunt.
1710 4664 1843 4718 Sunt
1874 4666 2009 4718 enim

435 4757 553 4809 alia:
573 4772 743 4810 causa:
770 4772 885 4825 qua:
915 4758 1064 4822 plane
1082 4757 1296 4824 eﬂiciant
1325 4755 1467 4806 nulla
1490 4772 1543 4807 re
1572 4757 1639 4808 ad
1636 4758 1863 4825 juvante,
1892 4757 2010 4810 alia:

434 4867 548 4917 quia
577 4852 810 4919 adjuvari
840 4852 1015 4914 velint,
1056 4861 1108 4903 ut
1149 4850 1403 4916 sapientia
1446 4850 1592 4918 eﬁicit
1625 4850 1915 4917 sapientes:
1943 4868 2009 4903 an

435 4943 547 4992 sola
590 4956 679 5009 per
720 4957 772 4994 se
810 4941 978 4993 beatos
1017 4941 1215 5008 e/ﬁciat,
1264 4954 1421 4992 necne
1465 4937 1581 4991 sold
1614 4956 1703 5007 per
1751 4956 1823 5001 se,
1871 4956 2006 5008 qua:-

433 5031 531 5081 stio
553 5039 645 5082 est.

506 5123 628 5174 Post
660 5137 782 5176 eum
817 5122 990 5177 locum
1015 5122 1104 5191 qui
1131 5124 1181 5175 in
1212 5121 1521 5177 conditione
1550 5130 1633 5177 est
1658 5122 2003 5183 constitutus,

431 5229 766 5282 consequens
810 5224 926 5270 erat
976 5217 1022 5268 is
1064 5214 1155 5283 qui
1193 5212 1632 5268 considerabatur
1676 5228 1739 5267 ex
1790 5214 2002 5274 causis;

432 5312 554 5369 post
584 5304 723 5357 hunc
772 5303 817 5357 is
865 5311 1211 5358 enumeratos
1246 5302 1396 5356 locus
1439 5312 1521 5356 est
1547 5302 1657 5371 qui,
1708 5303 1761 5355 in
1802 5300 2005 5355 effectis

431 5405 713 5445 causarum
772 5391 995 5459 positus,
1045 5375 1355 5458 argumenta
1415 5392 1718 5460 praestabat.
1768 5392 2004 5457 Quorum

428 5482 646 5549 quidem
676 5484 919 5552 superius
950 5482 1018 5535 bl.
1040 5482 1247 5537 Tullius
1274 5483 1517 5550 exempla
1547 5483 1845 5551 proposuit,
1866 5496 2005 5535 nunc

433 5573 695 5627 rationem
728 5575 886 5628 latius
917 5582 1127 5627 tractat.
1165 5571 1294 5627 Cum
1327 5572 1487 5642 igitur
1516 5572 1834 5628 Aristoteles
1873 5586 2003 5640 qua-

432 5673 552 5722 tuor
583 5665 822 5735 posuerit
850 5678 1062 5729 causas,
1101 5663 1290 5732 quibus
1332 5660 1999 5739 unumquodqueconﬁci-

2104 1861 2209 1917 tur,
2241 1862 2420 1907 movet
2444 1863 2603 1921 atque
2636 1862 2922 1921 permutat.
2963 1853 3091 1906 Eam
3125 1869 3253 1907 vero
3279 1869 3515 1917 causam,
3552 1856 3670 1909 sine

2103 1960 2205 2014 qua
2240 1945 2290 1997 id
2322 1944 2461 2013 quod
2501 1944 2801 1997 faciendum
2833 1953 2916 1998 est
2947 1946 3060 1999 ﬁeri
3099 1947 3297 2012 nequit,
3328 1948 3396 2000 ab
3425 1962 3528 2000 una
3554 1948 3675 2015 ejus

2105 2045 2254 2103 parte
2279 2035 2547 2101 designat,
2574 2035 2735 2088 veluti
2760 2050 2879 2088 cum
2907 2036 3033 2089 dicit
3059 2051 3134 2089 tes
3166 2051 3377 2091 causam
3412 2054 3531 2093 esse
3556 2048 3672 2093 sta-

2104 2139 2229 2195 tute,
2272 2130 2412 2198 quod
2460 2130 2575 2183 sine
2603 2144 2668 2183 eo
2696 2140 2865 2191 statua
2917 2146 3020 2183 non
3054 2132 3219 2198 possit
3257 2133 3524 2186 existere:
3561 2135 3664 2186 hoc

2103 2219 2266 2284 enim,
2305 2230 2361 2273 ιιι
2385 2233 2479 2285 per
2500 2218 2795 2273 faciendam
2818 2220 3133 2274 divisionem
3171 2221 3451 2285 clarescet,
3482 2237 3587 2274 non
3610 2238 3672 2276 ea

2104 2310 2216 2378 ipsa
2229 2317 2311 2364 est
2327 2324 2483 2364 causa
2506 2310 2621 2362 sine
2644 2325 2745 2377 qua
2767 2324 2869 2363 non
2893 2309 3144 2374 efficitur,
3167 2313 3258 2364 sed
3279 2326 3399 2381 pars
3419 2312 3535 2380 ejus
3551 2326 3672 2366 esse

2105 2402 2509 2455 monstrabitur.
2561 2401 2690 2454 Eam
2723 2415 2854 2454 vero
2884 2416 3098 2455 causam
3151 2402 3268 2455 sine
3308 2417 3410 2469 qua
3443 2402 3493 2454 id
3534 2401 3675 2470 quod

2104 2493 2404 2547 faciendum
2441 2502 2548 2556 est,
2580 2492 2719 2546 efﬁci
2744 2507 2851 2545 non
2886 2501 3079 2561 potest,
3111 2493 3302 2546 dividit
3344 2493 3443 2546 hoc
3474 2493 3631 2546 modo
3658 2510 3672 2546 :

2104 2586 2206 2637 a‘ia
2228 2584 2372 2637 enim
2400 2593 2524 2637 sunt
2545 2583 2743 2652 quieta,
2775 2586 2907 2638 nihil
2932 2587 3160 2654 agentia,
3194 2586 3286 2640 sed
3316 2584 3507 2639 stolida
3535 2590 3703 2653 (μισ-⁸

2105 2672 2408 2736 dammodo,
2438 2686 2500 2726 ac
2526 2688 2621 2740 per
2646 2688 2728 2737 se,
2757 2674 2856 2726 nisi
2884 2674 3071 2743 agendi
3100 2684 3249 2729 extra
3282 2686 3455 2731 motus
3480 2690 3669 2731 acces-

2104 2764 2257 2828 serit,
2290 2764 2583 2817 immobilia
2610 2782 2623 2814 :
2650 2764 2836 2817 borum
2863 2766 3126 2833 exempla,
3157 2775 3211 2819 ut
3243 2766 3409 2831 locus,
3439 2779 3670 2835 tempus,

2106 2854 2348 2916 materia,
2399 2854 2828 2908 instrumentum.
2892 2856 3062 2909 Omne
3114 2857 3254 2909 enim
3296 2857 3436 2925 quod
3478 2857 3556 2921 ﬁt,
3592 2858 3671 2911 lo-

2107 2959 2229 2997 cum
2276 2959 2499 2998 necesse
2529 2953 2611 2997 est
2643 2945 2838 2998 habere
2882 2945 3200 3014 subjectum,
3234 2945 3286 2998 in
3318 2961 3422 3015 quo
3449 2946 3549 2999 nisi
3577 2947 3676 3000 ali—

2107 3036 2232 3105 quid
2275 3035 2385 3101 ﬁat,
2419 3036 2566 3088 Iocus
2595 3034 2709 3103 ipse
2741 3035 3027 3088 immobilis
3051 3045 3154 3102 est,
3188 3037 3254 3088 ad
3274 3035 3475 3105 aliquid
3507 3036 3676 3104 expli-

2107 3129 2352 3181 candum.
2387 3128 2620 3196 Itemque
2650 3130 2869 3182 materia
2898 3137 2953 3181 et
2980 3130 3349 3190 instrumenta,
3380 3130 3481 3183 nisi
3510 3145 3671 3183 manu

2107 3229 2423 3273 moveantur
2458 3219 2711 3288 artiﬁcis,
2743 3221 2854 3288 ipsa
2894 3223 3208 3276 naturaliter
3258 3223 3389 3276 nihil
3442 3223 3670 3291 egerint.

2110 3312 2342 3378 Tempus
2367 3324 2582 3378 quoque
2610 3313 2906 3379 operationi
2936 3313 3231 3381 subjectum
3245 3324 3345 3379 est,
3370 3329 3487 3382 quas
3513 3314 3555 3366 si
3583 3312 3675 3366 de-

2107 3402 2196 3465 sit,
2225 3402 2355 3453 nihil
2388 3401 2567 3468 ipsum
2589 3402 2823 3469 proprias
2868 3413 3070 3456 naturae
3118 3403 3321 3456 ratione
3369 3401 3671 3470 perfecerit.

2108 3496 2279 3563 Atque
2331 3494 2445 3548 haec
2493 3494 2706 3561 quidem
2753 3504 2877 3548 sunt
2921 3509 3039 3563 qua:
3076 3495 3205 3547 nihil
3236 3494 3462 3562 agentia,
3496 3503 3673 3546 tamen

2109 3601 2285 3639 causa:
2311 3594 2469 3649 sunt,
2490 3585 2533 3638 si
2558 3584 2639 3639 his
2661 3585 2897 3639 efﬁciens
2919 3587 3154 3653 operatio
3177 3586 3528 3652 superveniet.
3560 3585 3676 3638 Alia

2109 3694 2235 3732 vero
2261 3693 2379 3746 quae
2409 3679 2458 3730 in
2491 3690 2637 3731 motu
2670 3681 2838 3746 posita
2866 3679 3278 3747 praecursionem
3301 3676 3581 3746 quamdam
3608 3673 3675 3728 ad

2111 3768 2449 3820 efficientiam
2477 3782 2540 3820 ac
2562 3772 3001 3836 praeparationem
3032 3767 3277 3822 videntur
3298 3766 3512 3831 afferre,
3535 3764 3679 3818 velut

2109 3860 2307 3913 amoris
2335 3875 2495 3914 causa
2524 3869 2607 3912 est
2635 3861 2964 3927 congressio,
2988 3874 3106 3926 quas
3135 3861 3428 3925 praecessit,
3452 3867 3506 3912 et
3528 3871 3679 3910 amor

2110 3949 2318 4016 flagitii.
2352 3949 2427 4001 Ex
2456 3948 2556 4009 his,
2588 3948 2782 4015 inquit,
2806 3948 2981 3999 causis
3006 3948 3183 4001 Stoica
3204 3947 3490 4013 disputatio
3514 3945 3676 3996 fatum

2112 4040 2399 4093 connectit.
2460 4038 2643 4091 Fatum
2695 4038 2837 4090 enim
2886 4036 3070 4088 dicunt
3118 4050 3237 4089 esse
3267 4034 3679 4102 prtecedentium

2111 4144 2391 4183 causarum
2405 4128 2949 4196 subsequentiumque
2961 4126 3357 4195 perplexionem
3370 4125 3677 4193 quamdam,

2111 4229 2162 4274 et
2184 4227 2386 4273 catenas
2413 4233 2559 4271 more
2586 4216 2988 4279 continentiam,
3025 4216 3126 4268 hoc
3167 4214 3366 4267 modo:
3403 4213 3524 4265 ldeo
3550 4229 3677 4280 pro-

2115 4308 2282 4363 fectus
2311 4317 2394 4362 est
2441 4322 2685 4377 peregre,
2731 4306 2980 4374 quoniam
3028 4315 3308 4373 parentum
3353 4303 3677 4357 iracundiam

2118 4401 2255 4454 ferre
2286 4416 2388 4453 non
2420 4408 2650 4468 poterat;
2682 4398 2882 4453 idcirco
2914 4408 3193 4466 parentum
3217 4395 3540 4451 iracundiam
3563 4408 3679 4448 suc-

2062 4485 2090 4529 ⁴
2114 4491 2355 4547 cessione
2370 4506 2475 4543 non
2504 4489 2724 4554 ferebat,
2751 4492 2873 4558 quia
2902 4489 3086 4542 amicas
3114 4502 3293 4541 amore
3319 4485 3677 4549 detinebatur,

2115 4585 2316 4639 idcirco
2354 4583 2584 4648 amabat,
2618 4583 2757 4650 quod
2798 4594 2939 4648 saepe
2971 4580 3138 4634 fuerat
3175 4589 3296 4633 ante
3319 4582 3677 4645 'congressus;

2109 4677 2238 4731 ideo
2281 4689 2599 4743 congressus
2644 4683 2747 4737 est,
2779 4672 2903 4741 quia
2950 4672 3147 4741 aliquid
3184 4680 3243 4725 ut
3270 4669 3683 4739 congrederetur

2120 4766 2415 4835 prmcessit.
2452 4766 2631 4833 Itaque
2683 4764 2873 4817 ordine
2903 4763 3314 4831 praecedentium
3348 4774 3683 4827 consequen-

2118 4859 2354 4926 tiumque
2406 4871 2582 4911 rerum
2625 4855 2787 4909 fatum
2834 4854 2929 4923 (ut’
2956 4854 3109 4923 dicit)
3135 4869 3165 4907 a
3195 4852 3389 4909 Stoicis
3433 4851 3680 4905 nectitur.

2119 4948 2248 5003 ltem
2276 4946 2461 5001 dividit
2485 4961 2599 5001 eam
2624 4932 2837 4999 causam
2867 4960 2988 5013 qum
3010 4945 3061 4997 vi
3091 4959 3183 4997 sua
3223 4943 3382 4997 efficit
3407 4941 3599 5009 aliquid
3633 4941 3681 4993 in

2114 5053 2232 5092 eam
2260 5053 2377 5107 quas
2406 5038 2469 5090 ad
2502 5036 2841 5091 efﬁciendum
2870 5036 2970 5089 sibi
3021 5036 3264 5099 sufﬁciat,
3313 5047 3536 5100 eamque
3563 5045 3682 5099 qua:

2115 5127 2447 5181 extrinsecus
2473 5125 2961 5180 adminiculationis
2992 5125 3247 5194 indigeat.
3279 5123 3483 5180 Sufﬁcit
3526 5122 3683 5190 igitur

2114 5219 2213 5272 sibi
2245 5218 2308 5271 ad
2356 5217 2691 5271 efficiendum
2738 5224 2917 5281 causa,
2952 5227 3007 5271 ut
3034 5215 3293 5283 sapientia
3337 5214 3551 5267 efﬁcere
3596 5226 3683 5264 sa-

2119 5308 2320 5374 pientes
2348 5322 2441 5374 per
2468 5321 2526 5360 se
2559 5307 2703 5359 nullo
2733 5307 2945 5373 penitus
2990 5306 3170 5370 adjuta
3216 5304 3370 5357 solet.
3416 5302 3517 5355 Sed
3566 5299 3680 5351 haec

2114 5414 2179 5451 an
2211 5394 2323 5449 sola
2356 5398 2537 5450 beatus
2563 5397 2775 5451 efﬁcere
2805 5397 2991 5464 possit,
3019 5396 3275 5464 quaeritur
3304 5411 3370 5448 an
3392 5396 3438 5449 ei
3462 5394 3678 5447 sintex-

2118 5485 2379 5538 trinsecus
2406 5484 2646 5537 addenda
2678 5498 2794 5548 qua:
2819 5484 3025 5549 juvent,
3055 5485 3134 5538 vel
3161 5481 3385 5536 fortuna:
3411 5483 3565 5545 bona,
3592 5476 3675 5531 vel
3728 5506 3735 5513 -

2112 5569 2371 5640 corporis,
2397 5572 2571 5641 itaque
2598 5586 2660 5624 ea
2688 5586 2848 5625 causa
2883 5587 3001 5639 quae
3044 5572 3090 5624 vi
3123 5587 3215 5625 sua
3262 5569 3425 5631 efficit
3451 5567 3669 5636 aliquid,

2111 5670 2199 5718 aut
2231 5659 2350 5716 talis
2376 5671 2476 5729 est,
2507 5670 2561 5715 ut
2590 5662 2636 5716 ei
2681 5661 2821 5749 nulla
2848 5663 2955 5717 sint
2995 5663 3328 5726 extrinsecus
3372 5660 3674 5727 adiumenta
