4274 6272
570 218 706 274 1167

1785 208 1892 264 AN.
1936 204 2143 263 MANL.
2182 203 2332 263 SEV.
2373 201 2588 257 BOE'l'll

3679 200 3836 253 illi;

569 328 878 399 quaerenda,
907 324 1068 382 veluti
1097 322 1285 377 artiﬁci
1337 321 1691 376 instrumenta
1720 319 1983 388 qutedam,
2015 318 2133 386 qui-
2164 319 2213 377 Α
2239 310 2349 366 r'ant
2378 316 2540 367 trabes
2558 313 2581 367 .'
2599 313 2695 366 nisi
2715 313 2876 365 enimc
2889 311 3153 366 ccidissent
3179 312 3403 383 abiegnis
3418 313 3487 365 ad
3505 322 3688 366 terram
3711 325 3835 367 tra-

572 420 673 475 bus
703 421 753 473 id
792 418 931 486 quod
959 416 1297 471 efficiendum
1324 422 1434 468 ἐει
1475 412 1705 479 explicet
1735 422 1894 480 alque
1930 410 2141 465 confor-

573 522 701 567 met.
732 510 919 562 Earum
948 521 1075 561 vero
1102 507 1338 563 omnium
1370 519 1487 571 qua:
1518 503 1721 556 Tullius
1748 501 1936 555 statuit
1978 499 2029 553 in
2059 500 2140 551 al-

576 610 771 654 terutra
799 598 1062 651 divisione
1101 611 1404 659 causarum,
1454 594 1538 647 illa
1568 594 1779 661 quidem
1811 606 1927 660 qute
1967 589 2017 644 vi
2048 603 2141 642 sua

574 692 840 757 explicant
890 706 950 744 ea
982 706 1205 759 quorum
1238 704 1413 743 causae
1444 696 1589 749 sunt,
1620 686 1795 739 omnia
1827 694 1931 736 tam
1966 698 2057 749 per
2088 696 2146 735 se

574 782 638 835 ad
669 780 1009 834 efficiendum
1062 780 1315 843 valentia,
1347 794 1504 846 quam
1555 777 1761 843 (μιωείιί
1812 774 2145 827 extrinsecus

570 871 859 940 juvaminis
914 871 1224 939 indigentia,
1260 872 1310 922 iu
1361 884 1420 922 ea
1473 866 1828 920 Aristotelica:
1865 863 2146 917 divisionis

574 977 731 1014 causa
764 964 1099 1026 locabuntur,
1131 978 1249 1031 qua:
1270 973 1350 1014 est
1385 960 1698 1028 principium
1729 967 1922 1012 motus.
1970 958 2149 1023 Quan-

576 1069 732 1120 quam
781 1053 847 1105 de
877 1058 1135 1120 sapientia
1189 1053 1283 1107 tali
1319 1067 1494 1105 causa:
1543 1066 1648 1104 non
1679 1050 1925 1103 convenit
1969 1063 2149 1100 exem-

578 1142 746 1209 plum,
774 1143 866 1195 sed
901 1146 1073 1208 potius
1106 1143 1166 1195 ad
1200 1142 1456 1195 rationem
1488 1142 1821 1210 formamque
1849 1140 2147 1195 contendit.

569 1230 816 1304 .Natnque
849 1232 1102 1299 sapientia
1138 1234 1342 1286 ratione
1372 1231 1598 1298 quadam
1630 1240 1788 1299 atque
1821 1230 1987 1283 forma
2029 1230 2149 1281 efﬁ-

578 1323 653 1376 cit
680 1317 965 1389 sapientes.
1002 1324 1128 1388 Ejus
1159 1339 1284 1377 vero
1328 1340 1506 1377 causa:
1537 1338 1695 1391 quam
1726 1323 1928 1375 Tullius
1963 1319 2149 1383 refert,

581 1416 698 1467 sine
725 1429 824 1479 qua
850 1428 951 1465 non
986 1414 1042 1467 fit
1069 1414 1285 1479 aliquid,
1335 1415 1553 1469 materia
1585 1413 1819 1480 quidem,
1866 1422 2073 1478 tempus
2100 1419 2154 1463 et

580 1505 747 1569 locus,
780 1506 829 1559 id
861 1515 962 1570 est,
993 1522 1057 1559 ex
1086 1522 1190 1574 quo
1224 1507 1302 1569 fit,
1335 1508 1418 1559 vel
1451 1507 1501 1558 in
1534 1521 1639 1571 quo
1674 1507 1750 1568 ﬁt,
1779 1521 1897 1572 quae
1925 1513 2049 1557 sunt
2072 1504 2152 1558 ef-

582 1597 777 1650 ficienti
816 1597 1113 1650 substantia
1160 1608 1362 1649 natura:
1403 1612 1417 1651 ε
1453 1605 1507 1648 ut
1536 1611 1639 1648 uno
1683 1597 1952 1649 intellecm
2005 1608 2151 1647 com-

2241 407 2350 468 bes,
2382 407 2516 476 Argo
2542 406 2633 457 illa
2677 406 2816 474 facta
2861 420 2963 456 non
3005 412 3154 467 esset,
3196 419 3285 455 nec
3330 413 3493 455 tamen
3526 405 3624 473 fuit
3660 406 3711 456 in
3738 405 3838 458 Itis

2245 496 2466 547 trabibus
2503 495 2747 563 eﬁicicudi
2790 496 2863 545 vis
2888 493 3192 544 necessaria.
3222 492 3285 544 At
3310 508 3421 543 cum
3448 493 3500 544 in
3532 494 3704 563 Ajacis
3725 510 3839 544 na—

2244 600 2350 638 vem
2387 585 2749 652 crispisulcans
2776 585 2979 653 igneum
3011 580 3201 651 fulmen
3224 582 3469 649 injectum
3498 590 3590 644 est,
3620 583 3836 645 inﬂam-

2246 690 2415 729 matur
2440 678 2579 729 navt’s
2610 679 2910 728 necessario.

2320 785 2490 837 Prima
2521 783 2735 851 quidem
2787 796 3065 835 causarum
3104 779 3321 842 divisio,
3356 778 3651 832 secundum
3697 778 3833 832 Tul-

2251 875 2400 936 lium,
2432 873 2525 927 fuit
2555 874 2606 927 itt
2631 888 2693 927 ea
2722 887 2837 943 quae
2861 873 3136 925 efﬁcerent
3156 868 3377 937 aliquid,
3408 881 3459 921 et
3485 884 3544 921 ea
3572 871 3688 922 sine
3708 873 3861 937 qui-,

2250 967 2347 1021 bus
2374 966 2508 1020 effici
2540 980 2642 1019 non
2676 974 2873 1032 posset,
2905 975 3066 1031 atque
3111 961 3240 1015 illud
3272 961 3489 1029 quidem
3521 962 3659 1029 quod
3704 962 3829 1013 effi-

2250 1066 2415 1121 ceret,
2452 1057 2503 1108 in
2530 1056 2734 1122 gemina
2765 1054 2889 1107 item
2916 1053 3142 1121 partitus
3163 1059 3266 1113 est,
3286 1049 3486 1103 scilicet
3520 1050 3571 1101 in
3604 1050 3653 1102 id
3676 1050 3837 1116 quod

2252 1147 2315 1199 ad
2364 1145 2700 1199 efﬁciendum
2749 1143 2948 1210 aliquid
2979 1142 3331 1195 necessariam
3366 1140 3469 1191 vim
3501 1138 3820 1207 possideret,

2253 1251 2423 1305 neque
2451 1236 2608 1288 ullius
2634 1234 2894 1303 indigeret
2916 1232 3254 1287 extrinsecus
3279 1230 3591 1298 adjumenti,
3615 1242 3666 1284 et
3691 1232 3743 1283 in
3767 1232 3823 1283 id

2252 1329 2391 1397 quod
2424 1328 2526 1381 nisi
2580 1327 2699 1381 aliis
2746 1326 3120 1394 adjuvantibus
3170 1324 3378 1388 Operari
3411 1331 3570 1390 atque
3604 1322 3825 1375 efﬁcere

2258 1434 2362 1481 non
2393 1428 2595 1488 posset.
2625 1420 2701 1471 Ac
2730 1418 2954 1485 primum
2986 1415 3052 1467 de
3077 1429 3136 1468 ea
3169 1414 3400 1481 loquitur
3421 1427 3579 1467 causa
3612 1426 3730 1475 qua:
3750 1414 3830 1464 ef-

2256 1510 2465 1564 ﬁciendi
2513 1511 2619 1564 vim
2654 1517 2825 1571 tenet,
2857 1508 2972 1574 ejus
3002 1509 3142 1559 enim
3173 1520 3234 1558 ea
3274 1518 3396 1571 pars
3432 1492 3516 1556 cui
3546 1503 3821 1557 efficiendi

2256 1601 2546 1652 necessitas
2575 1598 2746 1661 adest,
2777 1596 2956 1651 statim
3004 1610 3183 1649 secum
3212 1592 3611 1646 conclusionem
3662 1592 3833 1646 comi-

584 1685 998 1753 prehendantur,
1022 1685 1105 1738 vel
1125 1687 1346 1753 materia
1370 1696 1511 1746 sunt,
1539 1685 1620 1737 vel
1644 1686 1878 1737 materia:
1901 1685 2012 1736 vice
2029 1698 2152 1751 sape
2184 1682 2231 1739 B
2261 1698 2364 1741 tem
2389 1688 2582 1751 trahit;
2610 1686 2748 1740 dicta
2781 1687 2920 1740 enim
2946 1700 3125 1750 causa,
3154 1699 3270 1752 qua:
3295 1684 3600 1738 necessario
3626 1683 3836 1752 aliquid:

585 1778 784 1843 posita;
813 1777 1161 1829 instrumenta
1189 1790 1315 1829 vero
1340 1778 1388 1828 ei
1415 1790 1588 1828 causa:
1614 1783 1874 1840 suntquae
1902 1774 1964 1826 ad
1994 1775 2152 1827 tinent

582 1874 846 1931 Spectant,
881 1864 972 1918 sed
1024 1881 1127 1917 non
1179 1865 1292 1931 ipsa
1342 1863 1483 1928 ﬁnis,
1509 1867 1629 1932 quia
1673 1878 1776 1916 non
1810 1863 1928 1916 ﬁnis
1958 1862 2155 1915 instru-

584 1967 760 2007 menta
795 1955 1025 2021 respicit,
1054 1958 1144 2007 sed
1195 1936 1308 2009 ltte‘c
1336 1957 1513 2008 linem.
1544 1954 1895 2007 Instrumenta
1928 1967 2154 2020 namque

586 2055 803 2113 propter
837 2047 1063 2113 aliquem
1094 2046 1252 2098 finem
1297 2054 1565 2110 parantur.
1601 2042 1704 2097 Sed
1754 2042 1944 2094 tnirttm
1986 2040 2153 2094 videri

590 2144 766 2200 potest
811 2151 906 2188 cur
944 2136 1377 2203 congressionem
1432 2136 1630 2187 amoris
1677 2149 1888 2191 causam
1939 2147 2043 2185 non
2075 2132 2157 2185 in-

587 2235 733 2279 terea
780 2235 1132 2289 euutneravtt,
1178 2240 1295 2295 quae
1344 2226 1539 2278 habent
1577 2224 1840 2278 efﬁciendi
1888 2223 2013 2285 vim,
2063 2222 2155 2276 sed

537 2330 544 2337 '
586 2314 729 2369 inter
748 2331 839 2368 eas
871 2308 1104 2383 posuerit
1134 2331 1341 2379 causas,
1376 2318 1493 2369 sine
1521 2315 1711 2384 quibus
1738 2314 1873 2368 efﬁci
1921 2329 2024 2367 non
2066 2329 2159 2381 po-

589 2416 715 2472 test,
750 2422 869 2460 cum
921 2417 1093 2460 tamen
1148 2417 1270 2477 agat
1315 2407 1510 2475 aliquid
1557 2417 1715 2475 atque
1758 2414 1984 2458 moveat.
2026 2403 2156 2457 Nattt

564 2498 702 2562 -ipsa
740 2499 1048 2564 congressio
1093 2498 1293 2567 aliquid
1330 2499 1538 2550 videtur
1569 2498 1806 2561 efficere,
1863 2494 2160 2563 similisque

588 2595 672 2640 est
708 2586 757 2639 ei
801 2600 973 2665 causa;
1011 2602 1129 2656 qua:
1159 2588 1268 2653 ipsa
1300 2587 1511 2654 quidem
1543 2586 1699 2640 habet
1724 2585 1989 2640 efﬁciendi
2028 2586 2157 2651 vim,

591 2677 686 2732 sed
714 2678 831 2732 sine
858 2677 1181 2731 adminiculo
1204 2694 1309 2732 nou
1341 2690 1538 2750 potest,
1571 2681 1729 2733 veluti
1760 2694 1877 2733 cum
1906 2680 2162 2747 quaeritur

589 2768 655 2821 dc
678 2767 934 2836 sapientia
967 2784 1032 2821 an
1066 2770 1175 2823 sola
1204 2769 1413 2823 beatum
1448 2770 1613 2838 possit
1651 2769 1884 2822 efficere.
1913 2769 2017 2823 Sed
2055 2769 2161 2823 Me-

591 2861 855 2913 robaudes
880 2860 1062 2914 rhetor
1089 2862 1158 2914 ita
1183 2862 1465 2926 disseruit,
1512 2878 1693 2915 earum
1716 2876 2013 2925 causarum,
2044 2876 2160 2930 quae

586 2951 851 3005 efﬁciendi
902 2952 1004 3005 vim
1055 2952 1333 3017 haberent,
1390 2969 1506 3007 eam
1558 2966 1678 3007 esse
1738 2936 2060 3013 facultatem,
2104 2959 2159 3003 ut

2259 1779 2443 1842 efﬁcit,
2477 1778 2695 1832 effectus
2723 1777 2881 1830 etiam
2912 1791 3132 1830 necesse
3149 1785 3231 1829 est
3258 1785 3639 1843 consequatur,
3666 1775 3831 1829 veluti

2259 1870 2302 1923 si
2335 1870 2498 1922 Solem
2525 1868 2758 1921 adfuisse
2784 1868 2901 1936 quis
2925 1868 3136 1931 dixerit,
3156 1866 3325 1919 lucem
3354 1880 3565 1935 quoque
3591 1865 3831 1920 adfuisse

2261 1957 2597 2021 monstrabit,
2648 1966 2740 2010 aut
2766 1972 2886 2013 cum
2912 1956 3075 2008 alicui
3106 1954 3295 2009 adesse
3332 1955 3646 2022 sapientiam
3676 1955 3830 2009 dixe~

2260 2046 2450 2109 rimus,
2500 2046 2792 2112 sapientem
2844 2059 3063 2098 necesse
3100 2054 3183 2098 est
3225 2043 3503 2097 fateamur.
3554 2045 3617 2098 At
3665 2045 3716 2097 in
3746 2044 3835 2099 his

2263 2136 2438 2190 causis
2476 2135 2827 2190 efﬁcientibus
2865 2150 2981 2202 qua:
3018 2134 3362 2203 extrapositis
3413 2133 3831 2203 ittdigent'adju-

2263 2231 2476 2291 mentis,
2506 2245 2609 2282 non
2641 2231 2826 2283 eadem
2851 2230 2985 2283 ratio
3012 2238 3091 2284 est
3117 2246 3132 2293 ;
3159 2245 3330 2298 neque
3357 2229 3497 2283 enim
3528 2241 3579 2282 ιιι
3601 2245 3839 2299 qnzeque

2264 2323 2566 2391 hujusmodi
2593 2337 2749 2375 causa
2777 2324 2989 2387 dicitur,
3016 2324 3083 2376 ita
3111 2336 3334 2376 necesse
3363 2333 3439 2376 est
3460 2321 3695 2375 effectum
3728 2339 3822 2378 se-

2263 2413 2373 2481 qui.
2421 2412 2533 2465 Non
2585 2413 2723 2464 enim
2775 2410 3073 2478 bujusmodi
3104 2425 3263 2463 causa
3315 2410 3611 2464 necessario
3657 2409 3826 2463 efficit

2264 2503 2401 2571 quod
2434 2503 2563 2566 vult,
2597 2501 2693 2555 nisi
2732 2503 3072 2567 extrapositis
3102 2498 3314 2553 auxiliis
3341 2500 3650 2565 adjuvetur;
3684 2501 3826 2552 idem

2265 2602 2345 2645 est
2373 2593 2532 2645 etiam
2558 2593 2615 2645 in
2644 2606 2703 2643 ea
2727 2604 2882 2643 causa
2913 2605 3029 2659 quae
3050 2591 3161 2659 ipsa
3192 2582 3405 2658 quidem
3432 2589 3695 2667 efﬁciendi
3723 2591 3831 2641 vim

2265 2699 2369 2737 non
2395 2684 2571 2746 habet,
2616 2683 2709 2736 sed
2739 2682 2852 2735 sine
2881 2697 2943 2736 ea
2973 2699 3075 2736 non
3124 2681 3367 2749 provenit
3402 2680 3641 2734 effectus.
3677 2679 3829 2747 Nam,

2266 2791 2320 2830 ttt
2342 2778 2546 2831 Tullius
2574 2791 2783 2845 quoque
2810 2782 3212 2840 commemorat,
3238 2772 3434 2824 nullam
3459 2772 3511 2825 in
3536 2772 3835 2825 efﬁciendis

2265 2868 2424 2921 rebus
2454 2866 2669 2919 adhibet
2700 2864 3092 2926 necessitatem,
3136 2872 3292 2930 atque
3328 2862 3446 2914 ideo
3489 2861 3629 2914 dicta
3676 2876 3833 2915 causa

2268 2973 2370 3013 non
2401 2958 2577 3012 statim
2610 2957 2847 3025 sequitur
2864 2955 3105 3009 effectus.
3131 2953 3312 3023 Neque
3334 2954 3479 3006 enim
3506 2953 3549 3007 si
3577 2967 3834 3021 congres-

502 3115 512 3121 ς
590 3047 797 3101 etiamsi
848 3030 1169 3116 adjumentis
1218 3050 1550 3102 extrinsecus
1602 3048 1889 3115 indigeant,
1941 3047 2160 3100 effectus
2185 3038 2233 3101 C
2267 3068 2358 3107 sus
2384 3063 2486 3119 est,
2518 3066 2639 3104 mox
2669 3051 2888 3112 amavit,
2912 3062 3016 3101 nec
3037 3049 3081 3101 si
3114 3047 3210 3099 fuit
3238 3060 3330 3108 ais,
3364 3055 3591 3100 statuam
3622 3058 3837 3113 quoque

590 3143 769 3195 tamen
798 3155 977 3193 earum
1009 3139 1073 3192 ad
1107 3140 1155 3192 id
1184 3149 1387 3207 spectet
1418 3139 1557 3206 quod
1602 3138 1936 3192 efﬁciendum
1964 3147 2063 3190 est.
2096 3139 2163 3191 At

598 3228 651 3279 itt
687 3228 766 3281 his
792 3229 969 3281 causis
1008 3245 1124 3297 quae
1155 3238 1278 3282 sunt
1308 3231 1692 3295 prtecursorire.
1726 3227 1931 3280 etiamsi
1962 3227 2039 3280 eis
2064 3243 2161 3279 an-

593 3318 954 3371 teCt-dentihus
979 3319 1175 3385 aliquid
1206 3320 1404 3381 evistit,
1440 3335 1542 3372 non
1569 3329 1743 3371 tamen
1776 3318 1827 3370 id
1872 3316 2009 3385 quod
2052 3318 2166 3369 exi-

592 3414 735 3457 stere
756 3405 1070 3474 intelligitur
1088 3409 1373 3473 praecursio
1397 3408 2039 3474 principaliteroperatur.
2058 3404 2165 3458 Sed

594 3496 693 3549 ἰείη
713 3494 922 3561 quidem
944 3497 1102 3549 veluti
1119 3496 1451 3564 subquadam
1467 3496 1747 3549 occasione
1765 3495 2064 3561 prmt‘urrit,
2081 3494 2165 3547 illa

593 3601 719 3640 vero
734 3585 1188 3653 reslqummistere
1202 3586 1413 3649 dicitur,
1432 3584 1898 3653 :iliisoperantibns
1912 3584 2164 3650 nascitur,

603 3678 809 3745 velutjn
824 3677 1203 3747 congressione
1216 3676 1385 3729 solum
1401 3674 1485 3745 [an
1502 3678 1715 3729 solitum
1730 3674 1773 3744 Ἰ]
1791 3686 1870 3729 est
1886 3676 2018 3728 ﬁeri.
2038 3675 2167 3728 For-

597 3774 739 3819 tasse
764 3769 906 3819 enim
934 3781 1034 3817 non
1065 3774 1280 3833 propter
1296 3782 1534 3819 amorem
1559 3768 1784 3835 quisque
1804 3766 2166 3835 congreditur,

596 3858 691 3910 sed
746 3856 1080 3925 praecedente
1134 3858 1510 3924 congressione
1555 3872 1705 3909 amor
1750 3857 1961 3922 existit,
2010 3873 2169 3925 quem

598 3962 703 4000 non
745 3947 1444 4015 congress.o.principalitrr
1474 3949 1780 4017 appetebat.
1820 3948 1997 4017 Itaque
2034 3965 2169 4017 quo-

599 4036 737 4113 niam
772 4046 965 4103 praater
1014 4038 1445 4105 congressionem
1479 4052 1629 4090 amor
1658 4038 1890 4091 existere
1940 4052 2042 4091 non
2075 4052 2173 4106 ρο-

600 4128 717 4189 tuit,
747 4137 888 4178 recte
919 4126 1056 4178 inter
1084 4142 1175 4178 eas
1196 4142 1382 4180 causas
1413 4127 1720 4195 congressio
1764 4127 1935 4181 locata
1967 4128 2173 4181 videtur

600 4218 713 4270 sine
736 4216 925 4285 quibus
958 4233 1061 4269 non
1092 4217 1344 4281 efficitur;
1377 4219 1629 4284 quoniam
1654 4232 1784 4271 vero
1814 4234 1915 4270 non
1938 4218 2100 4272 efﬁcit
2123 4219 2169 4271 vi

601 4321 718 4369 sua,
767 4308 1195 4375 quandoquidem
1229 4322 1324 4359 nec
1358 4308 1723 4375 principaliter
1748 4317 1801 4359 ut
1826 4308 2175 4376 efﬁciat.spc-

2266 3144 2432 3197 fuisse
2460 3156 2681 3196 necesse
2711 3148 2811 3203 est,
2844 3154 2905 3193 ex
2938 3142 3044 3207 'quo
3066 3138 3285 3191 aliarum
3314 3151 3594 3189 causarum
3625 3135 3838 3204 partitio

2268 3235 2522 3287 nascitur.
2568 3232 2703 3287 Alia:
2750 3244 2978 3298 namque
3005 3243 3179 3282 causa:
3208 3237 3333 3282 Sunt
3360 3227 3697 3286 necessarias,
3722 3224 3837 3279 alite

2267 3326 2506 3378 minime.
2532 3324 2644 3376 Non
2669 3322 3084 3376 necessariarum
3108 3320 3226 3372 alite
3242 3318 3696 3383 suntefﬁcientes,
3716 3315 3835 3370 alia:

2267 3415 2382 3465 sine
2412 3413 2600 3480 quibus
2624 3426 2729 3464 non
2757 3411 3008 3464 efficitur.
3040 3409 3468 3464 Necessariarum
3498 3423 3628 3461 vero
3656 3421 3841 3461 causa-

2269 3486 2385 3556 rum
2416 3504 2689 3557 conclusio
2739 3518 2853 3559 non
2895 3504 3030 3557 solet
3060 3501 3377 3555 conturbare
3403 3518 3416 3561 ;
3472 3510 3529 3552 ut
3559 3499 3703 3554 enim
3726 3498 3841 3551 hac

2269 3593 2794 3659 causalueritdicta,
2829 3595 3007 3646 statim
3053 3594 3103 3646 in
3150 3592 3495 3646 conclusione
3548 3599 3846 3659 sequuntur

2271 3686 2515 3737 effectus.
2548 3683 2660 3739 Non
2707 3681 3130 3737 necessariarum
3161 3696 3307 3745 vero,
3352 3695 3470 3750 quae
3497 3689 3623 3735 sunt
3652 3680 3843 3746 partim

2273 3776 2592 3839 efﬁcientes,
2640 3774 2780 3843 quod
2834 3788 2980 3849 nunc
3028 3773 3210 3836 tacuit,
3236 3771 3328 3825 sed
3359 3770 3513 3838 paulo
3546 3778 3671 3823 ante
3710 3782 3845 3835 prte-

2273 3868 2432 3931 dixit,
2464 3881 2569 3919 non
2614 3867 2809 3919 habent
2837 3865 3248 3928 subsequentem
3277 3860 3480 3915 effectte
3528 3861 3604 3914 rei
3631 3859 3849 3914 conclu-

2275 3960 2499 4012 sionem.
2533 3957 2714 4024 Neque
2754 3958 2894 4010 enitn
2951 3954 2996 4007 si
3052 3953 3202 4006 liberi
3249 3951 3365 4005 sine
3404 3952 3708 4019 parentibus
3739 3965 3844 4003 non

2275 4060 2415 4115 sunt,
2452 4050 2650 4102 idcirco
2678 4049 2728 4102 in
2754 4046 3058 4115 parentibus
3080 4044 3346 4097 efficiendi
3370 4056 3525 4094 causa
3548 4041 3840 4093 necessaria

2275 4140 2393 4204 fttit,
2437 4156 2554 4193 cum
2595 4138 2871 4192 videamus
2902 4136 2952 4190 in
3003 4135 3276 4188 hominum
3327 4145 3447 4185 esse
3477 4137 3725 4197 potestate
3770 4143 3840 4181 ne

2276 4234 2508 4298 gignant.
2544 4231 2619 4282 Ea
2647 4230 2781 4283 vero
2802 4241 2959 4281 causa
2999 4240 3115 4294 qua:
3142 4225 3253 4291 ipsa
3286 4223 3499 4286 quidem
3532 4232 3634 4274 non
3656 4218 3845 4284 efﬁcit,

2277 4322 2369 4373 scd
2403 4321 2518 4372 sine
2567 4319 2679 4386 ipsa
2713 4317 2850 4371 efﬁci
2879 4330 2982 4369 non
3016 4323 3211 4381 potest,
3237 4312 3538 4381 huiusmodi
3561 4321 3641 4365 est
3668 4326 3853 4380 quem--

592 4400 839 4460 ~ctat,scd
865 4409 1065 4449 tantum
1080 4412 1139 4449 ea
1165 4396 1704 4464 antcaliquidexistit,
1726 4406 1865 4449 recte
1884 4397 2018 4450 inter
2038 4413 2169 4465 prte-

2276 4410 2560 4463 admodum
2594 4407 2831 4461 Enniano
2852 4420 3008 4458 versu
3036 4405 3359 4457 declaratur.
3389 4402 3497 4455 Nisi
3524 4401 3666 4454 enim
3708 4401 3854 4453 ceci-

603 4487 891 4549 cursorizis,
912 4502 973 4540 ac
988 4504 1091 4540 non
1107 4488 1244 4541 inter
1272 4487 1559 4541 efficientes
1573 4502 1760 4540 causas
1787 4496 1869 4541 est
1892 4488 2168 4541 collocata.

675 4596 845 4659 Quare
867 4612 978 4647 cum
1003 4599 1056 4649 in
1079 4597 1471 4665 disputationem
1495 4598 1728 4650 inciderit
1758 4614 1914 4651 causa
1935 4600 2179 4668 eﬂiciens,’

601 4686 798 4755 aliquid
827 4690 1109 4741 necessario
1125 4690 1234 4741 sine
1251 4690 1563 4742 dubitatione
1590 4689 1779 4753 licebit,
1804 4691 1940 4757 quod
1968 4691 2175 4759 efﬁcitur

604 4780 666 4831 ab
692 4796 750 4832 ea
778 4796 931 4832 causa
969 4782 1284 4834 concludere.
1311 4780 1439 4833 Ctim
1460 4792 1626 4835 autem
1654 4783 1769 4835 talis
1797 4799 1951 4836 causa
1975 4785 2086 4846 erit,
2119 4793 2174 4835 ut

604 4872 657 4923 in
684 4889 744 4939 ea
770 4888 871 4925 non
895 4874 957 4924 sit
993 4874 1239 4942 efﬁciendi
1282 4875 1570 4936 necessitas,
1604 4876 1888 4927 necessaria
1917 4876 2177 4927 conclusio

607 4978 708 5013 nan
729 4964 971 5030 sequitur.
1000 4966 1158 5029 Atque
1179 4964 1308 5016 illud
1324 4966 1527 5031 quidem
1550 4980 1707 5033 genus
1734 4980 2020 5026 causarum,
2042 4965 2177 5030 quod

607 5054 753 5106 habet
783 5057 881 5108 vim
910 5058 1154 5125 efﬁciendi
1196 5058 1549 5123 necessariam,
1595 5072 1814 5109 errorem
1846 5056 2033 5123 afferre
2074 5073 2177 5109 non

609 5151 714 5215 fere
730 5151 877 5203 solet.
906 5150 1020 5203 "ac
1042 5161 1211 5203 autent
1234 5152 1342 5204 sine
1370 5167 1470 5217 quo
1500 5167 1599 5202 non
1624 5152 1855 5219 efficitur,
1896 5166 2029 5219 stupe
2049 5166 2175 5202 con-

611 5239 797 5292 turbat.
832 5240 953 5295 Non
994 5244 1127 5295 enim
1170 5246 1212 5295 si
1239 5244 1346 5295 sine
1374 5241 1662 5310 parentibus
1686 5239 1784 5308 filii
1810 5257 1915 5293 esse
1935 5256 2034 5310 non
2063 5257 2179 5304 pos-

610 5338 745 5390 sunt,
779 5343 1043 5398 prapterea
1091 5349 1247 5385 causa
1277 5307 1380 5402 [ut
1417 5334 1467 5381 in
1505 5307 1797 5400 parentibus
1828 5307 2066 5400 gignetidi
2094 5348 2180 5383 ue-

556 5436 575 5453 ·
615 5423 839 5473 cessaria
855 5440 874 5487 ;
899 5422 993 5476 hoc
1011 5425 1165 5491 igitur
1187 5426 1297 5478 sine
1316 5439 1412 5491 quo
1437 5440 1539 5476 non
1566 5424 1644 5491 ﬁt,
1677 5423 1738 5474 ab
1762 5438 1819 5474 eo
1848 5422 1901 5474 in
1929 5438 2026 5489 quo
2050 5433 2181 5475 certe

611 5508 695 5573 ﬁt,
717 5508 981 5578 diligenter
1002 5523 1072 5567 est
1094 5514 1456 5582 separandum.
1480 5511 1625 5565 Illud
1646 5512 1776 5566 enim
1799 5518 1870 5565 est
1899 5518 2172 5581 tanquam:

616 5593 829 5669 Utinam
853 5617 914 5654 ne
942 5603 991 5655 in
1014 5620 1213 5658 nemore
1250 5604 1391 5659 Pelio
1421 5605 1715 5675 cecjdissent
1740 5604 1962 5673 abiegnw
1990 5601 2057 5655 ad
2082 5609 2182 5653 ter-

2281 4504 2485 4556 dissent
2526 4501 2762 4566 abiegnas
2816 4499 2991 4552 trabes
3031 4498 3096 4550 ad
3147 4506 3365 4559 terram,
3395 4494 3537 4560 Argo
3589 4494 3675 4545 illa
3716 4491 3852 4545 facta

2282 4612 2385 4650 non
2418 4603 2578 4649 esset.
2618 4593 2698 4647 Ex
2738 4591 2974 4644 trabibus
3014 4603 3242 4656 namque
3290 4588 3434 4655 Argo
3466 4586 3600 4639 facta
3627 4594 3727 4647 est,
3760 4583 3853 4637 sed

2284 4690 2423 4743 nulla
2457 4688 2627 4741 inerat
2667 4685 2908 4739 trabibus
2953 4683 3267 4741 necessitas,
3300 4693 3352 4732 ut
3381 4695 3445 4734 ex
3477 4680 3555 4733 eis
3581 4678 3732 4731 ﬁeret
3763 4693 3856 4731 na-

2284 4781 2392 4839 vis;
2417 4788 2471 4831 at
2498 4793 2624 4831 vero
2653 4792 2715 4831 ea
2738 4790 2893 4829 causa
2923 4788 3041 4841 quin
3083 4780 3165 4827 est
3190 4772 3455 4835 efﬁciens,
3486 4780 3540 4825 et
3566 4787 3685 4841 qua:
3713 4768 3764 4824 in
3794 4786 3856 4825 se

2282 4890 2431 4927 suam
2455 4850 3124 4930 eontiuet'necessitatem,
3151 4866 3269 4918 talis
3298 4878 3396 4920 est.
3440 4866 3606 4931 Quale
3635 4880 3755 4917 cum
3797 4865 3853 4917 in

2282 4964 2467 5029 Ajacis
2488 4974 2679 5014 navem
2714 4959 2922 5025 igneum
2970 4955 3344 5021 cri-pisuleans
3376 4955 3572 5007 fulmen
3602 4954 3853 5021 injectum

2286 5062 2385 5115 est,
2444 5050 2621 5103 statim
2666 5047 2807 5100 enim
2848 5045 3065 5100 accendi
3108 5058 3326 5098 necesse
3364 5054 3447 5097 est
3485 5043 3685 5097 navim.
3732 5042 3856 5095 auia

2288 5145 2424 5208 ignis
2446 5139 2771 5195 accendendi
2803 5137 3098 5192 necessaria
3122 5150 3279 5189 causa
3312 5144 3415 5198 est;
3446 5145 3501 5191 et
3524 5150 3712 5189 sensus
3742 5138 3860 5202 qui-

2282 5240 2401 5292 dem
2429 5246 2514 5292 est
2540 5233 2843 5303 hujusmodi
2865 5274 2878 5295 ,
2924 5233 3055 5286 ordo
3082 5242 3255 5294 autem
3280 5232 3437 5299 paulo
3462 5232 3731 5286 confusior
3750 5238 3854 5296 est,

2282 5330 2357 5382 ait
2382 5329 2521 5382 enim
2551 5326 2652 5379 hoc
2681 5325 2837 5377 modo
2869 5342 2884 5376 :
2914 5326 3087 5389 Atque
3132 5323 3260 5375 illud
3290 5324 3500 5392 quidem
3546 5338 3710 5394 genus
3735 5338 3859 5378 cau-

2285 5436 2486 5483 sarum,
2520 5418 2657 5488 quod
2684 5418 2844 5470 habet
2872 5416 2976 5467 vim
3005 5414 3270 5470 efﬁciendi
3304 5417 3681 5480 necessariam,
3709 5430 3859 5469 erro—

2289 5528 2398 5566 rem
2428 5490 2618 5564 aﬁerre
2664 5522 2770 5561 non
2812 5506 2924 5560 fere
2950 5507 3110 5569 solet;
3142 5506 3241 5559 hoc
3272 5516 3447 5561 autem
3477 5506 3593 5559 sine
3618 5519 3727 5573 quo
3752 5520 3860 5557 non

2287 5601 2540 5667 efﬁcitur,
2589 5613 2732 5669 saepe
2762 5594 3061 5652 conturbat.
3095 5594 3245 5661 Quod
3277 5610 3395 5650 cum
3427 5595 3670 5659 dixisset,
3702 5608 3862 5648 cum-
