4274 6272
376 302 514 357 Ηιο

1206 301 1271 356 1N
1292 300 1548 366 ,TOPICA
1590 297 1946 360 CICERONIS
1983 290 2495 363 cauusurama.
2536 308 2664 366 ua.
2704 313 2767 367 v.

3394 318 3395 321 ‘
3470 298 3609 359 H5“

377 427 478 482 que
507 411 593 467 vel
624 411 896 481 utriusque
923 410 1005 466 vel
1036 410 1257 467 alterius
1281 413 1584 481 exemplum
1626 428 1823 483 ponere
1845 414 1939 470 de-
1965 419 2017 477 Α
2048 417 2241 472 librum
2278 419 2437 487 legat,
2478 422 2909 489 respondebitur,
2948 423 3071 499 quia
3117 420 3322 489 legendi
3366 418 3610 475 voluntas

377 502 596 565 buisset,
643 512 837 556 neutro
881 503 1202 557 conveniens
1246 504 1548 571 exemplum
1594 503 1942 560 similitudine

373 593 542 647 dedit.
565 593 804 664 Namque
833 610 953 647 cum
980 596 1062 649 vel
1087 596 1440 650 necessariam
1464 610 1677 650 causam
1705 598 1941 654 efﬁcien-

373 696 500 749 tem,
535 686 618 739 vel
645 700 762 740 eam
809 687 924 740 sine
970 701 1070 754 qua
1104 701 1206 740 non
1252 688 1502 751 efﬁcitur,
1555 692 1936 759 proposuisset,

374 775 491 841 ejus
536 790 710 829 causa:
751 778 923 843 posuit
969 778 1291 842 exemplum,
1347 794 1463 846 qua:
1501 778 1697 833 efﬁciat
1725 781 1937 850 quidem

373 866 591 933 aliquid,
634 867 727 920 sed
758 882 860 920 non
889 868 1005 921 sine
1054 867 1394 935 extrapositis
1448 870 1788 938 adjumentis,
1838 872 1939 928 hoc

373 956 577 1009 modo:
620 955 734 1009 Non
764 957 902 1010 enim
953 957 996 1009 si
1042 958 1158 1011 sine
1207 960 1513 1025 parentibus
1544 962 1636 1015 ﬁlii
1680 977 1799 1017 esse
1829 978 1935 1019 non

375 1053 613 1110 possunt,
648 1044 925 1111 propterea
956 1059 1112 1099 causa
1146 1045 1243 1100 fuit
1273 1049 1323 1100 in
1353 1049 1659 1115 parentibus
1686 1051 1934 1119 gignendi

372 1133 689 1186 necessaria.
714 1131 970 1188 Parentes
989 1135 1128 1189 enim
1147 1145 1199 1189 et
1220 1139 1451 1191 maxime
1476 1141 1749 1194 masculini
1774 1157 1933 1197 sexus

370 1219 609 1272 efﬁciens
651 1235 807 1274 causa
838 1231 941 1287 est,
975 1224 1068 1277 sed
1101 1239 1204 1278 non
1232 1227 1347 1279 sine
1377 1226 1591 1292 femina,
1625 1230 1675 1281 id
1716 1239 1797 1283 est
1826 1246 1931 1284 non

367 1308 483 1361 sine
512 1311 731 1377 materia
763 1312 1014 1381 quadam,
1044 1324 1098 1368 et
1122 1329 1182 1369 ea
1214 1330 1369 1369 causa
1398 1316 1514 1372 sine
1542 1334 1642 1387 qua
1684 1320 1797 1373 ﬁeri
1826 1335 1930 1374 non

367 1401 555 1465 possit,
604 1415 725 1454 cum
758 1403 870 1469 ipsa
900 1406 1005 1456 vim
1036 1404 1303 1459 efﬁciendi
1352 1422 1457 1461 non
1509 1409 1715 1462 habeat.
1751 1410 1933 1479 itaque

367 1500 466 1542 nec
490 1502 665 1543 causa:
693 1493 1010 1546 necessaria:
1032 1502 1087 1547 et
1111 1495 1390 1550 efﬁcientis
1412 1499 1584 1565 posuit
1607 1501 1927 1567 exemplum,

369 1592 467 1630 nec
494 1578 609 1646 ejus
644 1581 760 1634 sine
800 1597 903 1650 qua
953 1584 1065 1637 ﬁeri
1098 1585 1227 1639 nihil
1278 1588 1462 1653 possit,
1514 1588 1605 1641 sed
1649 1590 1930 1645 efficientis

366 1666 602 1733 quidem,
630 1683 735 1722 non
767 1681 942 1725 tamen
972 1674 1311 1740 necessariae;
1338 1677 1433 1730 sed
1464 1678 1671 1731 videtur
1698 1682 1929 1735 tacuisse

367 1759 420 1809 in
454 1760 812 1826 propositione
838 1763 886 1815 id
935 1767 1084 1831 cujus
1114 1768 1289 1833 posuit
1316 1770 1647 1836 exemplum;
1686 1772 1756 1823 ita
1787 1773 1927 1824 enim

366 1847 600 1910 apertius
627 1848 728 1903 dici
778 1852 1078 1919 potuisset:
1115 1856 1285 1923 Atque
1328 1857 1455 1910 illud
1503 1858 1716 1926 quidem
1764 1875 1933 1929 genus

367 1950 668 1999 causarum,
697 1941 834 2008 quod
860 1941 1014 1996 habet
1033 1943 1138 1996 vim
1158 1944 1420 2000 efﬁciendi
1440 1950 1817 2015 necessariam,
1845 1962 1934 2002 er-

366 2042 544 2083 rorem
578 2030 769 2087 afferre
816 2048 923 2088 non
956 2035 1067 2091 fere
1093 2039 1262 2101 solet;
1296 2038 1397 2093 hoc
1429 2050 1604 2093 autem
1655 2041 1795 2109 quod
1826 2057 1931 2096 non

368 2118 529 2175 habet
576 2123 838 2178 efficiendi
884 2127 989 2179 vim
1022 2130 1395 2193 necessariam,
1431 2130 1513 2184 vel
1547 2132 1647 2184 hoc
1685 2133 1799 2186 sine
1825 2147 1933 2199 quo

367 2227 473 2265 non
503 2211 747 2279 efﬁcitur,
794 2232 936 2285 saepe
961 2220 1260 2295 conturbat.
1312 2221 1492 2289 Itaque
1530 2223 1607 2277 sic
1636 2223 1933 2295 intelligen-

366 2302 492 2355 dum
535 2312 634 2369 est,
684 2306 834 2373 quasi
882 2306 951 2359 ita
982 2307 1052 2361 sit
1098 2291 1338 2373 dictum;
1374 2324 1499 2365 nam
1535 2310 1602 2367 de
1631 2291 1931 2369 necessaria

366 2407 523 2449 causa
552 2395 753 2447 nullum
784 2398 957 2463 posuit
985 2402 1308 2470 exemplum.
1334 2402 1483 2468 Quod
1516 2420 1647 2458 vero
1683 2406 1927 2473 subjecit,

367 2486 605 2557 utrisque
651 2488 824 2545 causis
854 2495 1101 2547 convenit
1130 2499 1394 2563 posterius
1442 2500 1788 2564 enumeratis,
1822 2509 1928 2554 tam

368 2576 623 2632 efﬁcienti
645 2596 748 2634 non
789 2583 1125 2649 necessariae,
1157 2600 1314 2654 quam
1349 2587 1467 2655 ejus
1506 2590 1622 2643 sine
1662 2607 1764 2659 qua
1796 2592 1930 2646 nihil

367 2665 613 2721 efﬁcitur.
634 2669 883 2725 Parentes
904 2688 1137 2741 namque
1160 2684 1263 2729 tam
1293 2680 1575 2732 masmilini
1599 2695 1757 2734 sexus
1772 2697 1928 2749 quam

369 2761 603 2815 feminini
646 2778 766 2817 esse
790 2763 1059 2830 dicuntur,
1107 2783 1329 2833 quorum
1385 2771 1597 2837 quidem
1648 2775 1931 2829 masculini

368 2870 530 2907 sexus
558 2869 617 2907 ea
642 2869 795 2909 causa
829 2864 911 2910 est
932 2872 1048 2923 qurc
1072 2856 1288 2923 efﬁciat,
1335 2861 1427 2915 sed
1459 2878 1562 2915 non
1603 2868 1927 2919 necessaria.

368 2944 630 2997 Feminini
660 2959 787 2999 vero
807 2961 866 3000 ea
898 2962 1015 3016 quae
1039 2964 1141 3001 non
1171 2947 1387 3014 efﬁciat,
1412 2953 1502 3005 sed
1529 2954 1642 3006 sine
1664 2971 1763 3024 qua
1792 2956 1929 3010 efﬁci

368 3048 472 3087 non
505 3034 687 3101 possit.
720 3026 848 3100 Qua:
875 3052 994 3089 cum
1018 3039 1087 3090 ita
1116 3039 1239 3104 sint,
1271 3040 1635 3097 discernendae
1657 3054 1779 3098 sunt
1806 3061 1933 3099 cau-

2043 518 2142 563 est.
2173 510 2578 567 Perturbatione
2603 515 2783 579 animi,
2815 525 2873 568 ut
2898 514 2942 568 si
2965 515 3083 582 quis
3115 513 3303 567 timore
3331 511 3607 580 pauescat,

2042 607 2132 652 aut
2173 599 2358 654 urbem
2406 599 2590 668 fugiat,
2634 603 2789 658 bellis
2825 604 3067 658 civilibus
3104 603 3469 657 conturbatus.
3504 603 3609 654 lla-

2041 687 2173 751 bitu,
2200 698 2256 741 ut
2294 688 2339 741 si
2383 688 2583 743 idcirco
2610 690 2889 745 Trebatius
2933 693 3089 746 facile
3126 693 3192 747 de
3225 691 3359 759 juris
3403 691 3609 743 ratione

2041 780 2395 846 Γθεβοηάετίιν
2426 784 2671 849 Quoniam
2716 786 2880 838 multo
2920 799 3016 838 usu
3061 792 3390 837 constantem
3429 782 3606 837 civilis

2038 871 2275 923 scientia:
2310 870 2545 925 habitum
2578 881 2745 937 tenet,
2779 874 2857 926 vel
2889 875 2930 927 si
2962 874 3079 942 quis
3118 873 3314 927 idcirco
3350 874 3607 925 irascatur

2038 960 2209 1025 facile,
2240 961 2359 1028 quia
2390 962 2506 1029 ejus
2534 964 2743 1015 animus
2771 978 2862 1030 per
2888 962 3173 1015 iracundia:
3210 962 3443 1015 habitum
3472 961 3605 1014 effe—

2036 1058 2179 1101 ratus
2218 1057 2317 1103 est.
2359 1051 2576 1115 Natura,
2612 1060 2667 1103 ut
2695 1052 2737 1103 si
2775 1051 2893 1119 quis
2934 1051 3130 1103 idcirco
3175 1050 3382 1103 dicatur
3425 1050 3599 1105 irasci.

2034 1140 2154 1207 quia
2181 1140 2493 1194 naturaliter
2520 1141 2802 1194 iracundus
2826 1152 2926 1205 est,
2952 1141 3106 1208 idque
3128 1141 3173 1193 ei
3201 1141 3252 1193 in
3284 1140 3396 1193 dies
3418 1141 3600 1192 vitium

2034 1215 2262 1283 crescat.
2294 1234 2444 1297 Arte,
2470 1242 2526 1285 ut
2546 1234 2587 1286 si
2619 1234 2815 1287 idcirco
2846 1234 2979 1287 bene
3007 1236 3228 1300 quisque
3260 1233 3454 1300 pingat,
3483 1233 3600 1299 quia

2035 1324 2150 1391 ejus
2180 1324 2311 1378 artis
2343 1326 2546 1394 peritus
2577 1340 2697 1380 esse
2744 1336 3088 1394 proponatur.
3121 1326 3278 1387 Casu,
3314 1333 3371 1377 ut
3400 1339 3518 1392 quin
3548 1323 3600 1375 in

2033 1423 2213 1481 nostra
2241 1425 2504 1481 potestate
2535 1417 2683 1469 nullo
2710 1418 2868 1469 modo
2897 1426 3038 1480 sunt,
3071 1416 3203 1468 ﬁunt
3235 1424 3429 1475 tamen,
3459 1413 3603 1466 velut

2033 1501 2087 1553 in
2115 1512 2262 1555 certo
2300 1509 2595 1570 prmsertim
2643 1514 2904 1571 tempore,
2938 1506 3262 1571 prosperitas
3292 1502 3595 1570 navigandi.

2033 1590 2205 1658 Atque
2232 1576 2417 1645 horum
2450 1593 2686 1645 omnium
2717 1593 2844 1646 nihil
2878 1608 2906 1644 a
2937 1606 3089 1644 causa
3123 1607 3345 1645 vacuum
3374 1602 3476 1655 est,
3501 1605 3600 1643 nec

2033 1676 2320 1749 quidquam
2358 1692 2439 1735 est
2478 1683 2528 1735 in
2560 1682 2718 1735 rebus
2748 1681 2886 1748 quod
2926 1696 3029 1735 non
3058 1682 3230 1747 aliqua
3260 1695 3416 1733 causa
3445 1680 3603 1745 perﬁ-

2034 1772 2157 1824 ciat.
2182 1772 2370 1824 Omnia
2394 1774 2533 1824 enim
2559 1787 2675 1839 qua:
2706 1770 2838 1824 ﬁunt
2868 1772 3061 1826 habent
3086 1773 3310 1837 aliquam
3342 1772 3598 1824 rationem

2034 1875 2129 1915 cur
2155 1862 2289 1916 facta
2321 1863 2447 1928 sint,
2477 1877 2633 1930 quam
2666 1863 2709 1915 si
2744 1863 2862 1931 quis
2899 1862 3129 1918 reddere
3160 1863 3345 1929 possit,
3384 1876 3599 1914 causam

2033 1966 2247 2019 quoque
2276 1950 2590 2004 reddiderit.
2623 1950 2676 2003 Id
2706 1962 2791 2004 est
2820 1951 2959 2004 enim
2998 1966 3157 2004 causa
3200 1959 3412 2017 prapter
3440 1963 3597 2015 quam

2032 2041 2444 2112 unumquodque
2474 2041 2774 2097 Illancines
2803 2056 2930 2094 vero
2954 2057 3128 2095 causa!
3157 2056 3276 2107 qua:
3302 2042 3384 2093 vel
3412 2055 3474 2093 ex
3505 2056 3601 2093 vo-

2033 2133 2254 2197 iuntate,
2302 2134 2384 2188 vel
2436 2133 2835 2202 perturbatione
2888 2132 3047 2186 animi
3099 2131 3484 2200 intellgnntur,
3531 2130 3599 2182 ad

2033 2239 2149 2277 eam
2184 2239 2396 2278 causam
2432 2225 2718 2292 pertinent,
2745 2238 2861 2292 qua:
2888 2235 2967 2275 est
2995 2223 3234 2277 movendi
3264 2220 3599 2289 principium,

2034 2326 2091 2369 ut
2122 2317 2174 2368 in
2210 2316 2542 2369 Aristotelici
2589 2315 2825 2368 diximus
2870 2316 3148 2367 divisione.
3200 2313 3322 2366 ilzec
3366 2314 3505 2366 cnim
3544 2321 3601 2363 ut

2034 2404 2232 2473 aliquid
2277 2403 2561 2468 efﬁciatur,
2612 2404 2857 2457 movendi
2910 2403 3221 2471 principium
3265 2411 3409 2468 sunt,
3456 2412 3508 2454 at
3547 2400 3600 2453 in

2034 2506 2167 2557 arte,
2201 2494 2285 2548 vel
2327 2494 2532 2557 habitu,
2565 2494 2647 2546 vel
2694 2503 2901 2554 natura,
2944 2492 3029 2544 illa
3066 2506 3221 2543 causa
3269 2501 3370 2551 est,
3400 2506 3517 2558 qua:
3550 2490 3599 2542 in

2034 2584 2240 2639 ratione
2277 2583 2537 2637 consistit.
2579 2582 2796 2651 Species
2829 2584 2969 2637 enim
3008 2596 3069 2634 ac
3102 2581 3237 2633 ratio
3269 2578 3605 2646 uniuscujus-

2033 2690 2136 2745 que
2167 2673 2463 2728 elﬁciendae
2492 2673 2568 2727 rei
2603 2675 2654 2726 in
2687 2682 2799 2727 arte
2827 2682 2877 2726 et
2909 2672 3086 2724 habitu
3118 2680 3171 2724 et
3209 2681 3391 2724 natura
3433 2669 3601 2737 posita

2033 2774 2136 2818 est.
2169 2764 2489 2817 Casusvero
2517 2762 2751 2816 exterior
2779 2776 2957 2825 causa,
2990 2776 3085 2815 nec
3118 2763 3259 2814 inter
3285 2758 3603 2829 principales

2034 2863 2415 2908 annumeratur
2438 2853 2751 2919 ,secnndum
2779 2853 3136 2907 Aristotelem.
3154 2853 3452 2907 Secundum
3476 2864 3605 2903 vero

2034 2948 2102 3000 Μ.
2134 2946 2361 2999 Tullium
2395 2959 2549 2997 Casus
2577 2954 2657 2997 cst
2689 2945 2857 2998 latens
2883 2942 3083 2997 eﬁectaa
3122 2945 3197 2997 rei
3240 2958 3427 3005 cau-a;
3461 2940 3599 3010 quod

2038 3036 2191 3104 quale
2219 3036 2285 3089 sit
2315 3034 2470 3100 paulo
2502 3034 2764 3102 posterius
2792 3033 3169 3101 designabitor.

367 3141 440 3179 sm
472 3133 525 3177 et
564 3126 887 3192 pervidenda
926 3130 1239 3191 necessitas,
1282 3146 1378 3185 nec
1416 3134 1587 3187 omnis
1614 3149 1771 3189 causa
1796 3152 1933 3204 ρι-ω-
1959 3104 2005 3165 C
2115 3125 2354 3177 Omnium
2401 3137 2566 3177 autem
2610 3140 2876 3176 causarum
2914 3126 2964 3176 in
3004 3123 3117 3175 aliis
3148 3125 3275 3175 inest
3301 3121 3599 3184 constantia,

369 3217 623 3269 mittenda
656 3226 713 3270 ut
743 3217 1097 3284 subsequatur
1126 3219 1365 3287 effectus,
1402 3224 1495 3276 sed
1524 3238 1584 3277 ea
1632 3233 1832 3279 tantum
1881 3228 1933 3282 in

367 3321 469 3368 qna
496 3316 578 3359 est
599 3306 860 3361 efficiendi
895 3310 1207 3377 necessitas,
1239 3312 1444 3367 etiamsi
1472 3315 1803 3371 extrinsecus
1842 3318 1937 3372 ad-

365 3398 603 3465 jumenta
624 3396 907 3452 defuerint.

438 3490 599 3555 Atque
633 3492 781 3542 etiam
819 3500 891 3543 est
932 3506 1199 3545 causarum
1246 3493 1625 3562 dissimilitudo,
1654 3499 1792 3567 quod
1820 3499 1938 3552 alia:

367 3589 483 3631 sunt
511 3589 563 3631 ut
594 3582 699 3634 sine
722 3583 827 3634 ulla
854 3584 1162 3647 appetitione
1187 3587 1361 3648 animi,
1392 3588 1501 3639 sine
1526 3588 1801 3656 voluntate,
1829 3592 1937 3643 sine

368 3673 622 3740 Opinione,
654 3690 803 3727 suum
833 3680 979 3745 quasi
1009 3694 1131 3743 Opus
1174 3681 1406 3747 efﬁciant,
1442 3684 1573 3734 velut
1613 3698 1758 3737 omne
1787 3686 1936 3735 inter.

301 3808 323 3822 .
366 3775 447 3817 eat
475 3764 608 3831 quod
631 3774 795 3817 ortum
822 3776 914 3820 est.
952 3770 1077 3819 Alite
1106 3781 1271 3821 autem
1298 3780 1386 3822 aut
1415 3772 1669 3825 voluntate
1697 3775 1935 3841 eﬂiciuut,

368 3865 456 3906 aut
502 3858 872 3916 perturbatiOne
904 3859 1091 3921 animi,
1130 3869 1216 3913 aut
1256 3862 1457 3925 habitu,
1491 3872 1576 3914 aut
1608 3874 1816 3927 natura,
1848 3874 1939 3917 aut

370 3956 499 4011 arte,
531 3953 617 3996 aut
655 3962 795 3997 casu.
851 3947 1134 4015 Voluntate,
1186 3960 1241 4002 ut
1278 3961 1331 4004 tu
1382 3969 1492 4005 cum
1541 3955 1674 4007 [tunc
1715 3956 1939 4009 libellum

370 4035 518 4103 legis.
552 4033 953 4101 Perturbatione,
988 4047 1041 4091 ut
1067 4040 1110 4093 si
1134 4042 1245 4105 quis
1282 4052 1509 4095 eventum
1540 4045 1717 4098 horum
1747 4057 1940 4114 tempo-

371 4138 485 4174 rum
534 4124 723 4177 timeat.
774 4125 991 4191 Habitu,
1033 4136 1086 4180 ut
1122 4131 1210 4196 qui
1245 4130 1395 4197 facile
1432 4142 1478 4183 et
1526 4133 1624 4185 cito
1666 4137 1937 4190 irascatur.

372 4212 592 4276 Natura,
624 4222 674 4265 ut
700 4215 875 4267 vitium
902 4217 954 4270 in
978 4218 1082 4270 dies
1107 4228 1319 4273 crescat.
1349 4223 1487 4287 Arte,
1519 4234 1572 4276 nt
1596 4225 1717 4278 bene
1742 4228 1939 4297 pingat.

371 4301 521 4363 Casu,
568 4312 623 4356 ut
662 4321 898 4373 prospere
944 4309 1161 4379 naviget.
1208 4309 1357 4363 Nihil
1403 4312 1583 4365 horum
1624 4317 1733 4369 sine
1767 4332 1940 4370 causa.

374 4392 483 4444 Nec
508 4394 783 4462 quidquam
826 4400 1051 4466 omnino,
1083 4401 1172 4455 sed
1202 4400 1495 4474 Imjusmodi
1525 4422 1690 4460 causa:
1721 4424 1819 4460 non
1851 4426 1941 4461 ne-

373 4498 623 4534 cessante.

448 4570 596 4624 Facit
626 4572 782 4626 aliam
807 4582 1296 4633 rursus'causarum
1324 4580 1638 4639 divisionem
1672 4585 1741 4639 ita
1768 4604 1781 4638 :
1806 4584 1943 4640 Cau-

374 4678 552 4716 sarum
597 4660 739 4718 enim
785 4666 901 4720 alia:
949 4678 1073 4721 sunt
1111 4685 1227 4739 qum
1273 4687 1367 4725 sua
1421 4676 1646 4743 quadam
1696 4677 1780 4741 vi,
1829 4678 1943 4732 sine

374 4754 724 4821 appetitione,
756 4758 871 4810 sine
898 4758 1194 4826 voluntate,
1232 4762 1346 4815 sine
1374 4764 1644 4830 opinione,
1674 4781 1833 4819 unum
1863 4776 1945 4820 at-

374 4856 476 4909 que
503 4842 749 4896 eumdem
792 4846 843 4898 in
881 4847 1175 4901 efﬁciendis
1203 4849 1362 4905 rebus
1386 4852 1625 4906 ordinem
1660 4865 1861 4921 tenent,
1888 4866 1944 4911 ut

374 4938 455 4981 est
497 4931 714 4985 interire
757 4936 933 4988 omnia
966 4952 1083 5003 quae
1114 4949 1228 4991 orta
1274 4950 1417 4994 sunt.
1461 4941 1595 4995 Nam
1620 4945 1739 5012 quia
1774 4954 1943 5000 ortum

376 5027 475 5081 est,
504 5020 704 5073 idcirco
745 5024 903 5078 etiam
948 5040 1167 5081 necesse
1211 5029 1449 5095 interire,
1490 5047 1588 5087 nec
1629 5044 1804 5089 tamen
1832 5038 1947 5105 ipse

374 5120 543 5173 ortus,
579 5119 638 5163 ut
671 5122 863 5167 caetera
908 5116 1194 5181 intereant,
1231 5119 1315 5172 vel
1365 5124 1594 5189 appetitu
1633 5125 1831 5193 aliquo,
1863 5129 1945 5181 vel

372 5198 667 5265 voluntate,
706 5203 789 5255 vel
829 5204 1078 5271 opinione
1104 5208 1300 5273 efﬁcit;
1326 5211 1416 5263 sed
1446 5211 1514 5263 ita
1543 5223 1625 5267 est
1654 5217 1719 5267 ab
1747 5225 1947 5270 :eterno

375 5305 555 5343 rerum
578 5302 739 5358 statu,
765 5303 822 5347 ut
844 5291 1097 5365 quidquid
1117 5309 1290 5354 ortum
1314 5312 1416 5368 est,
1442 5292 1564 5373 quia.
1583 5309 1788 5375 accepit
1806 5322 1943 5373 esse,

377 5383 658 5448 aliquando
694 5388 851 5440 etiam
882 5402 1002 5443 esse
1031 5390 1271 5449 desistat.
1308 5394 1434 5447 item
1474 5397 1591 5450 alia:
1622 5407 1746 5452 sunt
1774 5414 1947 5453 causa:

376 5486 495 5538 quas
518 5482 606 5525 aut
637 5473 686 5527 in
711 5477 1002 5543 voluntate,
1028 5487 1120 5531 aut
1143 5480 1195 5533 in
1227 5484 1625 5550 perturbatione
1650 5488 1833 5551 animi,
1859 5498 1949 5542 aut

380 5564 429 5615 in
477 5564 680 5632 habitu,
709 5576 799 5621 aut
844 5570 897 5622 in
945 5577 1155 5634 natura,
1199 5580 1290 5627 aut
1322 5574 1372 5627 in
1405 5586 1517 5630 arte
1547 5591 1741 5631 casuve
1769 5580 1947 5633 consi-

377 5661 541 5710 stunt.
585 5657 889 5726 Voluntate,
922 5671 981 5715 ut
1011 5662 1053 5715 si
1082 5673 1280 5732 quarrat
1315 5666 1505 5735 aliquis
1539 5684 1631 5723 cur
1666 5668 1948 5727 Trebatius

2036 3221 2089 3271 in
2118 3219 2234 3270 aliis
2274 3233 2372 3268 non
2412 3218 2558 3269 inest.
2606 3215 2671 3268 In
2702 3227 2881 3268 natura
2910 3226 2955 3268 et
2983 3227 3088 3267 arte
3115 3217 3400 3267 constantia
3428 3224 3519 3273 est,
3551 3216 3601 3265 iu

2037 3314 2229 3364 steteris
2274 3308 2433 3361 nulla.
2478 3310 2582 3363 Sed
2621 3320 2785 3361 tamen
2836 3324 3008 3361 carum
3048 3325 3314 3362 causarum
3360 3324 3469 3373 qua?
3505 3323 3602 3358 non

2037 3411 2154 3454 sunt
2184 3409 2488 3461 constantes,
2519 3400 2637 3452 alia:
2666 3409 2783 3451 sunt
2809 3401 3105 3470 perspicua',
3136 3401 3185 3451 al
3207 3402 3444 3451 azlatent.
3482 3396 3605 3449 Per-

2035 3493 2226 3559 spicua!
2255 3500 2369 3543 sunt
2397 3508 2510 3561 qua:
2538 3492 2894 3557 appetitionem
2926 3493 3082 3543 animi
3106 3492 3457 3560 judiciumqne
3487 3500 3604 3540 tau-

2038 3595 2185 3653 gunt;
2235 3585 2390 3636 latent
2435 3599 2547 3650 qute
2590 3584 2825 3651 subjecta:
2867 3592 2984 3634 sunt
3027 3586 3263 3647 fortuna‘.
3317 3581 3445 3635 Cum
3474 3583 3606 3636 enim

2039 3673 2168 3726 nihil
2192 3676 2298 3726 sine
2323 3688 2478 3725 causa
2501 3674 2610 3739 ﬁat,
2636 3672 2728 3723 hoc
2753 3673 2917 3741 ipsum
2942 3675 3155 3740 fortuna:
3180 3683 3378 3724 crmtus
3399 3677 3608 3725 obscura

2040 3782 2194 3817 causa
2245 3775 2288 3817 et
2336 3766 2547 3816 latenter
2589 3764 2817 3832 cﬁicitur.
2862 3765 3022 3833 Atque
3058 3767 3207 3817 etiam
3248 3781 3305 3817 ea
3340 3781 3450 3832 qua:
3480 3766 3609 3831 ﬁunt

2041 3858 2227 3925 partim
2257 3866 2375 3909 sunt
2404 3858 2656 3923 ignorata,
2684 3856 2867 3923 partim
2891 3858 3175 3907 voluntaria
3203 3871 3221 3908 .'
3248 3858 3478 3926 ignorata
3499 3870 3613 3925 qua!

2042 3949 2333 4001 necessitate
2362 3947 2509 4013 ﬁunt,
2537 3947 2821 3998 roluntaria
2861 3960 2973 4008 qua:
3012 3945 3255 4007 cons'lio;
3298 3964 3410 4012 qua’
3445 3957 3611 3998 autem

2041 4039 2265 4108 fartuna,
2291 4038 2365 4088 re!
2392 4038 2645 4105 ignorata,
2669 4034 2746 4087 uel
2768 4034 3075 4087 voluntaria.
3106 4034 3242 4086 Nam
3264 4036 3436 4103 jacere
3461 4038 3611 4087 telum

2041 4127 2312 4179 voluntatis
2344 4133 2447 4184 est;
2477 4124 2628 4187 ferire
2656 4138 2796 4188 quem
2828 4124 3066 4187 volueris,
3111 4123 3348 4188 fortuna'.
3396 4124 3474 4174 Er
3514 4138 3613 4189 quo

2043 4218 2175 4268 aries
2205 4215 2291 4268 ille
2322 4214 2588 4282 subjicitur
2622 4214 2672 4265 in
2712 4215 2886 4266 vestris
2917 4214 3221 4276 actionibus,
3256 4216 3300 4267 si
3326 4215 3475 4265 telum
3504 4232 3614 4266 ma-

2043 4322 2111 4358 nu
2157 4306 2304 4374 fugit,
2339 4306 2501 4373 magis
2538 4321 2688 4373 quant
2732 4305 2874 4373 jecit.
2910 4303 3109 4357 Cadunt
3140 4307 3286 4358 etiam
3322 4307 3372 4357 in
3403 4307 3609 4372 ignora-

2044 4399 2227 4450 tionem
2250 4406 2397 4465 atque
2416 4397 2808 4461 imprudentiam
2832 4396 3227 4466 perturbationes
3250 4398 3425 4458 animi,
3451 4412 3613 4461 quan-

1968 4468 2019 4528 D
2046 4505 2193 4555 quam
2213 4497 2327 4540 sunt
2350 4488 2669 4550 t'oluntariw,
2694 4487 3043 4556 objurgatione
3063 4488 3192 4538 enim
3215 4496 3260 4538 ct
3277 4486 3617 4537 admonitione

2046 4579 2388 4647 dejiciuntur;
2430 4586 2595 4629 tamen
2643 4577 2824 4628 habent
2874 4586 3039 4628 tantos
3072 4586 3267 4641 motus,
3311 4586 3364 4628 ut
3410 4593 3467 4628 ea
3506 4592 3619 4644 qum

2045 4668 2330 4720 uoluntaria
2372 4674 2516 4729 sunt,
2569 4675 2654 4717 aut
2702 4666 2981 4717 necessaria
3028 4665 3309 4729 interdum,
3358 4676 3445 4715 aut
3489 4673 3620 4716 certe

2046 4760 2276 4828 ignorata
2306 4758 2586 4809 vidcantur.

2119 4869 2321 4922 Rursus
2350 4882 2629 4921 causarum
2657 4865 2972 4920 divisionem
3001 4865 3157 4920 aliam
3188 4867 3381 4920 claram
3406 4880 3467 4918 ac
3500 4882 3615 4931 per.

2051 4960 2286 5028 spicuam
2340 4958 2533 5027 prodit.
2573 4959 2864 5011 Causarum
2901 4974 3129 5027 namque
3171 4958 3289 5010 alia:
3334 4967 3457 5009 sunt
3489 4971 3620 5009 con-

2051 5058 2286 5114 stantes,
2335 5050 2449 5102 alia:
2492 5064 2618 5102 vero
2668 5048 3050 5103 inconstantes.
3103 5048 3417 5102 Constantes
3465 5062 3621 5104 sunt.

2051 5154 2274 5207 quarum
2301 5155 2403 5192 non
2433 5137 2540 5192 fere
2564 5138 2795 5191 variatur
2815 5138 3060 5203 effectus;
3086 5138 3447 5190 inconstantes
3472 5151 3619 5195 vero,

2051 5244 2169 5295 qum
2200 5229 2303 5283 huc
2333 5239 2490 5297 atque
2520 5229 2643 5282 illuc
2673 5228 2995 5283 facilioribus
3027 5228 3406 5281 mutationibus
3441 5237 3622 5281 trans-

2051 5317 2313 5372 feruntur.
2362 5320 2546 5371 Omnia
2597 5319 2755 5385 igitur
2803 5334 2920 5386 qua!
2969 5334 3031 5373 ex
3083 5327 3264 5369 natura
3310 5328 3467 5386 atque
3508 5330 3623 5369 arte.

2051 5405 2399 5471 descendunt,
2447 5409 2743 5461 constantia
2791 5417 2934 5462 sunt.
2982 5408 3176 5461 Natura
3227 5408 3423 5476 quippe
3462 5418 3622 5477 atque

2052 5510 2140 5549 ars
2171 5511 2324 5549 suum
2356 5510 2566 5565 semper
2596 5513 2728 5565 opus
2758 5497 3016 5559 efﬁciunt,
3049 5497 3149 5550 nisi
3181 5498 3434 5566 subjectae
3455 5508 3619 5551 mate—

2053 5586 2145 5639 ria:
2168 5584 2344 5638 obstet
2370 5586 2647 5641 incertum.
2679 5585 2808 5640 Nam
2835 5588 2972 5655 quod
3004 5603 3138 5641 unus
3162 5587 3404 5658 idemque
3431 5590 3617 5643 artifex

2054 5692 2116 5731 ex
2149 5676 2331 5731 eadem
2375 5692 2514 5745 sazpe
2555 5678 2772 5732 materia
2822 5693 2924 5735 non
2968 5680 3248 5735 admodum
3282 5683 3483 5738 similes
3514 5692 3622 5737 sta-
3700 5662 3708 5669 ’
