4274 6272
656 274 788 328 “51

1879 261 1989 317 AN.
2031 259 2236 315 MANL.
2274 256 2429 313 SEV.
2466 254 2684 311 ΒΟΕΤΙΙ

3752 250 3903 304 H52

653 400 775 445 tuas
804 376 1023 453 format,
1057 399 1159 439 non
1189 391 1270 436 est
1310 381 1424 434 lucc
1463 380 1515 432 in
1552 387 1667 432 arte
1695 379 1940 442 varietas,
1983 377 2075 430 sed
2108 387 2215 430 tum
2246 376 2292 435 Α
2321 388 2543 443 quorum
2585 378 2834 426 eventum
2864 382 3022 423 causa
3052 366 3140 429 sit,
3172 374 3450 420 monstrat.
3483 364 3593 421 Nec
3623 379 3708 418 me
3735 380 3909 419 smn:

655 483 710 535 in
742 480 953 534 artificis
983 489 1157 533 manu,
1192 487 1309 539 qua:
1337 471 1692 537 integritatem
1720 470 1851 521 artis
1877 469 2084 535 assequi
2114 484 2219 519 non

658 577 860 633 potest,
895 576 1001 616 tum
1042 565 1091 615 in
1134 563 1245 629 ipsa
1287 561 1529 622 materia,
1569 574 1687 626 qua:
1731 558 2025 612 efﬁcientia:
2065 568 2223 627 atque

668 658 850 708 forma:
881 667 983 705 nou
1013 652 1284 719 mqualiter
1313 651 1476 703 cedit.
1504 650 1645 702 Idem
1676 658 1756 701 est
1786 651 1836 701 in
1865 658 2069 713 natura,
2104 665 2221 703 ser-

657 753 746 795 vat
771 757 996 809 namque
1023 742 1373 813 constantiam
1407 753 1712 801 suam,cuin
1741 740 2007 790 hominem
2034 737 2223 790 format

657 849 724 885 ex
775 832 1010 884 homine.
1054 830 1233 896 Itaque
1279 828 1469 881 similia
1511 827 1562 879 in
1602 829 1807 899 caeteris
1854 841 1920 879 ex
1964 825 2224 879 similibus

657 920 859 988 gignit;
890 929 943 971 at
973 934 1093 971 cum
1124 926 1479 972 mon~trosum
1503 917 1699 982 aliquid
1730 917 1970 980 effertur,
1999 932 2101 970 non
2132 932 2225 969 na-

660 1021 795 1063 turm
823 1009 972 1070 vitio,
1006 1008 1099 1060 sed
1138 1010 1374 1060 materiae
1406 1008 1578 1075 potius
1605 1007 1921 1073 applicatur,
1950 1021 2015 1059 ex
2044 1021 2145 1074 qua
2174 1005 2226 1058 id

662 1098 802 1166 quod
833 1096 1046 1150 efficere
1074 1095 1452 1157 contendebat,
1484 1110 1587 1148 non
1617 1094 1691 1146 ita
1721 1094 1889 1161 potuit
1918 1102 2103 1147 natura
2131 1109 2228 1147 ex-

663 1187 883 1254 plicare,
922 1185 1013 1238 sed
1055 1185 1190 1237 inter
1220 1193 1527 1237 constantes
1565 1196 1751 1235 causas
1784 1182 1990 1235 habitus
2020 1196 2229 1249 quoque

663 1276 844 1329 debuit
877 1275 1119 1342 adjungi;
1153 1288 1273 1325 nam
1302 1272 1440 1339 quod
1480 1287 1541 1324 ex
1577 1270 1754 1324 habitu
1790 1270 2042 1338 cujusque
2074 1270 2151 1332 fit,
2178 1270 2229 1323 id

664 1373 935 1427 constans,
987 1377 1083 1415 nec
1130 1361 1378 1413 mutabile
1424 1375 1542 1414 csse
1591 1360 1755 1423 solet;
1804 1359 2229 1428 quandoquidem

664 1456 861 1510 idcirco
891 1454 1098 1507 habitus
1129 1453 1339 1515 dicitur,
1382 1453 1502 1519 quia
1545 1427 1886 1505 diuturnitate
1906 1427 2148 1504 'haben’di
2178 1452 2230 1503 in

666 1557 870 1601 natura:
918 1543 1319 1597 similitudinem
1365 1542 1609 1595 vertitur.
1659 1541 1765 1596 Sed
1808 1541 1984 1593 forsan
2028 1540 2232 1594 Tullius

665 1638 798 1690 vidit
835 1635 976 1703 quod
1021 1644 1205 1686 natura
1248 1642 1406 1700 atque
1448 1646 1553 1697 ars,
1587 1646 1692 1684 non
1726 1641 1828 1683 tam
1870 1632 1921 1684 in
1962 1630 2233 1685 eﬂecﬁbus

2326 464 2595 517 hominum
2640 470 2848 514 mentes
2892 459 3217 525 arrogantia!
3236 464 3441 519 notent,
3470 456 3611 525 quod
3642 456 3789 510 velut
3814 461 3906 509 af-

2324 552 2514 606 fectata
2545 551 2859 604 auctoritate
2889 547 3143 600 Tullianis
3172 546 3451 600 sententiis
3499 561 3745 613 pugnem,
3770 561 3902 598 cum

2324 642 2578 696 adversus
2624 655 2715 693 eas
2742 638 2936 706 siquid
2987 637 3248 690 videbitur
3298 651 3401 689 non
3453 646 3657 698 nostra,
3690 638 3779 689 sed
3828 638 3904 689 ab

2326 733 2705 802 antiquissimis
2754 738 2974 784 tractata
3018 743 3384 797 compenseni.
3439 728 3592 792 Quod
3638 729 3680 780 si
3714 738 3905 781 nostra

2325 838 2535 893 quoque
2560 820 3165 888 diceremus,‘oporteret
3188 829 3363 871 tamen
3385 833 3477 872 eos
3506 832 3613 871 non
3644 833 3907 885 persona-

2325 930 2443 968 rum
2474 922 2815 974 vetustatem,
2846 910 2937 964 sed
2970 924 3155 963 eorum
3188 924 3305 977 qua:
3351 916 3693 975 opponuntur
3718 909 3905 961 consi-

2328 1005 2521 1058 derare
2562 1002 2843 1064 rationem,
2889 1014 2987 1053 nec
3030 999 3205 1053 odisse
3252 997 3426 1066 potius
3475 1011 3593 1063 qua:
3643 997 3905 1050 adversus

2329 1092 2506 1160 magni
2552 1091 2779 1144 nominis
2826 1090 2967 1141 viros
3019 1089 3285 1151 dicuntur,
3338 1101 3496 1154 quam
3522 1087 3808 1151 contraria,
3855 1086 3907 1138 si

2329 1192 2587 1253 possent,
2638 1181 3095 1250 argumentatione
3162 1178 3457 1231 revincere.
3526 1177 3651 1229 Nam
3717 1177 3762 1229 si
3819 1176 3907 1230 eis

2331 1276 2401 1329 ιι.
2424 1275 2628 1328 Tullius
2654 1277 2705 1326 in
2735 1271 3051 1325 diffinitione
3080 1284 3256 1323 rerum
3291 1267 3507 1321 nimium
3534 1268 3726 1335 placet,
3752 1282 3909 1336 qua:-

2332 1382 2452 1419 nam
2484 1374 2566 1420 est
2610 1365 2803 1417 invidia
2836 1378 2930 1416 nos
2961 1376 3169 1429 quoque
3217 1359 3609 1414 Aristotelicam
3640 1359 3905 1412 rationem

2332 1454 2593 1525 probare?
2628 1452 2776 1519 Quod
2818 1453 2862 1505 si
2906 1452 3322 1517 intemperanter
3370 1448 3735 1502 molestissimi
3784 1462 3908 1501 esse

2334 1554 2578 1613 pergunt,
2608 1543 2822 1596 audiant
2852 1541 2920 1595 Μ.
2947 1540 3177 1594 Tullium
3224 1538 3458 1592 secundo
3486 1538 3906 1591 Tusculanarum

2335 1636 2747 1703 diSputationum
2790 1632 2927 1685 libro
2969 1632 3337 1685 adhortantem
3388 1631 3585 1698 potius,
3640 1640 3797 1698 atque
3839 1631 3905 1682 ad

666 1734 972 1779 constantes
1009 1738 1165 1790 quam
1207 1723 1257 1775 in
1302 1721 1509 1789 propria
1550 1724 1751 1773 ratione
1784 1735 1903 1774 csse
1933 1721 2233 1787 intelligun-
2261 1725 2306 1783 Β
2334 1736 2602 1781 certamen
2627 1733 2927 1790 vocantem,
2977 1721 3078 1775 hoc
3125 1714 3445 1775 modo:sed
3492 1729 3669 1774 tamen
3701 1728 3906 1773 tantum

670 1826 777 1876 tur,
809 1816 1069 1868 iotantnm
1093 1822 1152 1864 ut
1177 1811 1317 1880 quod
1344 1825 1431 1863 ars
1461 1824 1522 1863 ac
1546 1820 1729 1863 natura
1760 1810 2035 1877 delinquit,
2062 1818 2231 1862 mate-

670 1906 764 1957 ria:
791 1904 986 1971 smpius
1004 1904 1313 1970 imputetur,
1338 1900 1546 1953 habitus
1566 1915 1693 1952 vero
1721 1900 1833 1965 ipse
1853 1899 2235 1953 consuetudine

672 1994 897 2057 quadam
929 1994 1180 2046 collectus
1206 1999 1306 2051 est,
1340 1988 1427 2056 qui
1457 2004 1559 2041 non
1589 1990 1790 2040 ratione
1819 1988 2013 2054 aliquid
2036 1998 2089 2042 et
2115 2002 2236 2056 pro-

670 2086 783 2151 pria
822 2084 1137 2144 constantia,
1170 2081 1261 2134 sed
1290 2096 1387 2133 usu
1417 2080 1561 2140 facit,
1592 2088 1751 2147 atque
1793 2078 1989 2131 idcirco
2019 2080 2235 2133 forsitan

672 2174 931 2236 habitum,
960 2172 1047 2241 qni
1087 2172 1224 2225 inter
1267 2180 1457 2223 caetera
1505 2178 1693 2236 prater
1723 2177 1889 2222 artem
1916 2178 1969 2222 et
1998 2178 2237 2223 naturam

670 2266 948 2321 videbatur
995 2278 1113 2318 esse
1147 2261 1519 2325 constantior,
1569 2275 1598 2313 a
1651 2262 1823 2313 causis
1875 2261 2240 2315 constantibus

675 2356 995 2423 segregavit.
1043 2354 1115 2405 Ea
1158 2367 1283 2405 vero
1310 2367 1427 2422 quae
1464 2365 1569 2404 non
1602 2363 1721 2403 sunt
1749 2350 2066 2411 constantia,
2099 2349 2148 2402 in
2178 2364 2241 2403 ea

675 2446 860 2501 dividit
889 2460 1002 2511 qua:
1023 2452 1146 2496 sunt
1173 2444 1471 2511 perspicua,
1505 2449 1559 2495 et
1585 2440 1635 2493 in
1666 2456 1726 2493 ea
1752 2455 1867 2508 qua:
1898 2440 2084 2494 latent.
2112 2440 2244 2493 Per-

678 2539 856 2604 spicua
885 2545 1005 2589 sunt
1032 2550 1150 2601 qua:
1190 2534 1257 2587 ab
1301 2534 1458 2586 animi
1492 2533 1727 2599 quolibet
1753 2541 1897 2585 motu
1928 2532 2010 2585 vel
2039 2532 2243 2599 appeti-

679 2628 840 2690 tione,
875 2626 953 2677 vel
981 2623 1162 2690 jndicii
1196 2622 1399 2674 ratione
1430 2608 1665 2688 profecta
1698 2630 1854 2685 sunt;
1896 2622 2063 2673 latent
2115 2636 2246 2675 vero

677 2730 796 2781 qua:
841 2714 1063 2766 fortuna:
1110 2710 1407 2778 snbjaceut.
1448 2709 1575 2762 Nam
1613 2710 1732 2776 quia
1769 2725 1871 2763 non
1902 2712 2107 2775 ignorat
2131 2712 2246 2764 ani-

680 2819 799 2858 mus
830 2805 880 2856 iu
909 2818 1064 2869 quam
1098 2811 1300 2869 partem
1331 2802 1584 2864 declinet,
1624 2801 1713 2869 qui
1755 2803 1963 2854 tametsi
2001 2802 2123 2855 boni
2155 2802 2247 2855 ali-

680 2894 893 2963 quando
940 2893 1097 2946 habet
1140 2892 1418 2961 judicium,
1472 2907 1739 2961 nunquam
1789 2902 1963 2946 tamen
2011 2894 2124 2959 ejus
2173 2894 2246 2947 rei

682 2998 840 3052 quam
873 2983 1035 3037 efficit
1064 2976 1331 3036 notionem
1360 2983 1631 3051 relinquit,
1659 2992 1853 3052 praeter
1881 2999 1975 3039 eos
2009 2985 2095 3052 qui
2128 2986 2246 3037 fun-

2334 1820 2484 1871 ahest
2527 1824 2584 1869 ut
2622 1815 2781 1869 scribi
2830 1822 3016 1867 contra
3071 1826 3166 1865 nos
3221 1812 3482 1874 nolimus,
3531 1820 3591 1864 ut
3648 1811 3700 1864 id
3748 1811 3906 1863 etiam

2336 1908 2565 1960 maxime
2609 1914 2877 1973 optemus.
2932 1903 3044 1969 Ipsa
3096 1901 3236 1954 enim
3298 1900 3517 1953 Graeciaa
3573 1900 3911 1968 philosrtphia

2339 2010 2607 2065 nunquam
2638 1995 2689 2047 in
2721 1992 2925 2046 honore
2958 1997 3159 2044 tantum
3206 1989 3413 2055 fuisset,
3446 1988 3547 2042 nisi
3576 1989 3913 2043 doctissimo-

2340 2105 2454 2144 rum
2503 2085 2976 2148 contentionibus,
3028 2082 3552 2151 dissensionibusque
3617 2081 3907 2143 crevisset;

2340 2177 2687 2247 quamobrem
2712 2176 2897 2229 hortor
2917 2188 3125 2235 omnes,
3170 2174 3259 2242 qui
3313 2172 3488 2226 facere
3514 2172 3564 2225 id
3590 2180 3831 2239 possunt,
3857 2180 3915 2225 ut

2342 2268 2458 2335 ejus
2495 2280 2704 2333 quoque
2732 2265 2944 2332 generis
2983 2263 3195 2317 laudem
3242 2260 3350 2329 jam
3391 2250 3659 2329 languenti
3689 2261 3915 2315 (ἱκεσίας

2343 2357 2588 2423 eripiant,
2618 2363 2671 2407 et
2692 2353 3025 2407 transferant
3050 2353 3102 2406 in
3132 2354 3266 2405 hanc
3293 2353 3497 2415 urbem,
3519 2352 3651 2404 sicut
3678 2351 3916 2415 reliquas

2344 2461 2549 2509 omnes,
2578 2461 2695 2514 qua:
2720 2445 2932 2513 quidem
2976 2456 3128 2498 erant
3175 2444 3485 2510 expetenda:
3526 2442 3699 2496 studio
3747 2452 3915 2511 atque

2344 2536 2603 2590 industria
2618 2550 2710 2587 sua
2726 2533 2957 2602 majores
2975 2535 3138 2587 nostri
3158 2536 3497 2589 transtulere.
3514 2534 3577 2588 Et
3590 2548 3793 2597 rursus,
3813 2549 3920 2588 nos

2344 2631 2431 2699 qui
2446 2629 2716 2697 sequimur
2730 2626 3146 2694 probabilia,nec
3161 2627 3294 2679 ultra
3308 2642 3464 2693 quam
3478 2625 3616 2694 quod
3628 2618 3925 2681 verisimile

2346 2722 2595 2786 occurrit,
2626 2719 2871 2789 progredi
2901 2733 3200 2784 possumus,
3233 2728 3285 2772 et
3303 2720 3471 2773 refelli
3498 2716 3613 2772 sin‘e
3635 2718 3926 2785 pertinacia

2345 2822 2400 2866 et
2421 2812 2663 2866 refellere
2684 2812 2797 2865 sine
2815 2811 3083 2865 iracundia
3109 2811 3493 2878 pa'ratisumus.
3511 2812 3770 2877 Quocirca
3797 2827 3916 2879 quae

2349 2903 2541 2955 malum
2556 2904 2691 2956 ratio
2702 2911 2783 2974 est
2798 2900 2963 2969 ipsius
2979 2899 3211 2954 M.Tullii
3228 2902 3550 2955 voluntatem
3562 2900 3928 2969 jndiciumque

2347 2992 2802 3055 convellere,cum
2840 2989 3077 3059 ejusdem
3108 3002 3293 3044 contra
3322 3006 3417 3044 nos
3448 2982 3727 3045 sententiis
3756 3000 3921 3058 atque

683 3072 824 3127 ditus
855 3083 1030 3137 mente
1065 3074 1368 3142 capiuntur,
1402 3082 1455 3127 et
1500 3075 1549 3127 in
1595 3075 1784 3143 quibus
1820 3074 1928 3143 jam
1969 3075 2111 3128 nulla
2149 3091 2247 3127 vo-
2276 3083 2318 3141 ρ
2353 3096 2371 3134 2

2240 3102 2247 3115 ι
2276 3083 2318 3141 C
2353 3082 2664 3135 auctoritate
2687 3081 2950 3132 nitantur?
2970 3080 3076 3134 Sed
3103 3081 3147 3134 si
3172 3082 3254 3134 cui
3276 3083 3688 3135 commentarios
3713 3090 3928 3134 nostros

684 3165 863 3218 luntas
891 3174 994 3227 est,
1028 3180 1249 3219 necesse
1287 3176 1366 3218 est
1412 3174 1532 3219 nota
1562 3180 1698 3226 e<se,
1732 3181 1847 3234 qua:
1883 3182 1947 3219 ex
1978 3166 2251 3221 voluntate

685 3256 771 3310 vel
808 3257 970 3310 animi
1014 3256 1214 3324 judicio
1266 3257 1415 3308 fiunt.
1463 3255 1692 3309 Fortuna
1732 3271 1857 3308 vero
1888 3242 2059 3324 atque
2099 3270 2252 3310 casus

690 3364 903 3416 semper
932 3349 1143 3416 ignotus
1173 3357 1274 3400 est.
1303 3347 1464 3413 Cujus
1506 3349 1717 3414 quidem
1763 3357 1946 3401 natura
1990 3363 2138 3415 aeque
2171 3350 2251 3402 in-

686 3449 830 3492 certa
853 3448 953 3500 est,
972 3448 1127 3505 atque
1146 3454 1205 3491 ea
1229 3454 1345 3503 qua:
1364 3439 1573 3493 casibus
1591 3439 1715 3506 ipsis
1739 3439 1889 3492 fiunt.
1918 3439 2021 3493 Sed
2043 3440 2109 3491 Μ.
2125 3440 2255 3493 Tul-

687 3526 793 3579 lius
815 3525 1004 3578 dilfinit
1031 3541 1149 3578 esse
1175 3541 1376 3586 casum,
1408 3536 1651 3578 eventum
1678 3528 1851 3579 causis
1877 3528 2159 3580 latentibus
2180 3528 2257 3581 ef-

689 3617 912 3680 fectum;
935 3630 1050 3683 qua:
1079 3629 1181 3667 non
1206 3615 1412 3666 videtur
1440 3615 1642 3680 integra
1663 3613 1906 3666 diffinitio
1923 3632 1934 3665 ;
1951 3616 2075 3682 quid
2090 3617 2254 3683 enim,

689 3706 733 3758 si
770 3705 948 3757 adhuc
984 3704 1172 3756 lateret
1199 3703 1391 3769 quibus
1426 3702 1598 3754 causis
1635 3701 1762 3755 solis
1791 3702 2027 3756 defectus
2056 3704 2258 3759 lumeve

691 3794 1046 3859 contingeret,
1076 3806 1200 3845 num
1233 3791 1432 3844 idcirco
1458 3805 1585 3844 casu
1613 3801 1769 3859 atque
1800 3791 2008 3845 fortuna
2049 3793 2258 3857 fierent,

690 3901 810 3953 qua:
835 3883 1201 3938 constantibus
1221 3883 1341 3938 οωΙί
1365 3884 1596 3938 motibus
1616 3883 2048 3937 administratur?
2068 3886 2147 3938 An
2169 3900 2259 3939 ca-

646 4032 651 4037 ,
690 3990 782 4030 sus
820 3975 1034 4044 quidem
1069 3983 1343 4044 putaretur
1381 3975 1447 4027 ab
1490 3974 1573 4028 his
1613 3974 1702 4042 qui
1737 3975 1971 4029 defectus
2001 3978 2258 4032 rationem

696 4067 932 4132 reperire
954 4080 1057 4119 non
1080 4073 1313 4132 possent,
1334 4079 1426 4131 per
1446 4078 1503 4117 se
1524 4073 1698 4117 autem
1720 4066 2102 4129 consideratus,
2122 4067 2264 4121 nullo

690 4157 904 4221 quidem
937 4156 1093 4209 modo
1119 4164 1262 4208 esset
1292 4169 1466 4209 casus.
1517 4154 1620 4209 Sed
1653 4155 1721 4208 Μ.
1753 4155 1958 4210 Tullius
1987 4173 2093 4209 non
2123 4159 2265 4226 quod

691 4251 960 4303 videretur
991 4261 1109 4300 esse
1137 4260 1313 4310 casus,
1348 4247 1428 4299 his
1466 4247 1553 4314 qui
1595 4246 1712 4313 ejus
1758 4256 1998 4301 naturam
2048 4250 2265 4303 minime

694 4338 1111 4407 perspexissent,
1140 4336 1231 4389 sed
1256 4336 1379 4405 quid
1403 4337 1620 4389 omnino
1644 4339 1864 4390 fortuna:
1884 4347 2103 4391 eventus
2125 4349 2267 4393 esset

2356 3170 2617 3237 inspicere
2644 3183 2864 3222 vacuum
2895 3169 3073 3232 fuerit,
3094 3172 3224 3223 sciat
3254 3170 3366 3222 litec
3394 3185 3492 3224 nos
3518 3186 3583 3223 ex
3617 3170 3931 3223 Aristotelis

2356 3260 2589 3314 secundo
2618 3258 2960 3327 l’hysicorum
2992 3258 3266 3311 volumine
3296 3258 3614 3321 advertisse,
3647 3273 3768 3326 quae
3798 3268 3933 3313 tam-

2357 3352 2455 3405 etsi
2499 3350 2702 3403 altioris
2734 3349 3085 3418 philosophiae
3112 3349 3502 3416 disputationes
3550 3360 3790 3418 tangunt,
3826 3365 3930 3404 non

2358 3452 2439 3497 est
2468 3454 2641 3496 tamen
2682 3442 2873 3496 studiis
2915 3442 3283 3503 invidendum,
3316 3443 3358 3496 si
3390 3440 3675 3496 rhetoricis
3720 3457 3933 3511 quoque

2359 3550 2419 3587 ac
2458 3535 2749 3588 dialecticis
2812 3536 3260 3603 disputationibus
3326 3534 3759 3599 admisceamus,
3811 3548 3931 3602 qua:

2359 3634 2482 3676 sunt
2514 3623 2854 3690 profundiura
2890 3635 3112 3689 naturas,
3148 3640 3318 3691 neque
3347 3626 3651 3690 pigrescere
3680 3637 3741 3675 ac
3768 3622 3933 3676 dilas-

2360 3713 2462 3763 sari
2493 3711 2701 3764 animos
2739 3711 2955 3781 dignum
2985 3722 3091 3775 est,
3121 3728 3254 3780 quos
3284 3712 3603 3764 intenziores
3633 3726 3692 3763 ac
3719 3721 3937 3779 vegetos

2362 3805 2475 3872 ipsa
2506 3822 2680 3859 rerum
2709 3807 3026 3873 ambiguitas
3051 3815 3107 3860 et
3131 3806 3393 3858 variarum
3435 3805 3671 3872 cognitio
3696 3803 3937 3871 specula-

2366 3899 2564 3950 tionum
2594 3897 2815 3952 deberet
2855 3897 3093 3961 efficere,
3121 3912 3238 3950 cum
3272 3897 3565 3962 praesertim
3596 3911 3658 3949 ea
3682 3895 3934 3949 librorum

2365 4002 2551 4044 natura
2582 3991 2671 4054 sit,
2705 3998 2761 4043 ut
2790 3991 2853 4044 ad
2888 3990 3165 4059 legendum
3208 3987 3473 4043 studiosos
3504 3997 3702 4052 teneat,
3731 3987 3934 4041 nullum

2364 4068 2518 4147 cogat
2544 4079 2808 4147 ignavum.
2846 4079 3090 4132 Dicamus
3136 4077 3294 4146 igitur
3320 4077 3443 4144 quid
3472 4086 3690 4130 eventus
3715 4076 3785 4128 sit
3813 4074 3927 4128 for-

2368 4179 2527 4227 tunae.
2563 4168 2640 4221 vel
2670 4183 2892 4236 quarum
2945 4183 3121 4221 rerum
3172 4181 3290 4219 sors
3332 4180 3489 4220 causa
3537 4180 3651 4219 esse
3694 4165 3929 4218 dicatur.

2365 4260 2551 4313 Omnia
2582 4260 2739 4326 igitur
2786 4259 2916 4312 fiunt
2961 4260 3040 4312 vel
3090 4259 3495 4313 iinmutabiliter
3521 4272 3580 4311 ac
3606 4271 3839 4325 semper,
3871 4266 3937 4310 ut

2367 4350 2504 4417 quod
2536 4351 2612 4402 sol
2645 4349 2844 4414 oritur;
2877 4350 2954 4402 vel
2998 4351 3218 4415 smpius,
3250 4359 3308 4403 ut
3340 4349 3481 4417 quod
3511 4364 3677 4417 equus
3705 4346 3941 4414 quadru-

612 4458 617 4463 ν
692 4427 1024 4482 (Ιίῖίίηἰιὶοηὶε
1082 4426 1338 4478 rationem
1399 4425 1745 4478 monstrabat.
1805 4427 2068 4481 Eventum
2129 4443 2300 4509 vero]

2252 4454 2254 4469 '
2287 4452 2333 4509 D
2362 4459 2452 4514 pes
2480 4444 2743 4505 nascitur;
2777 4442 2857 4494 vel
2892 4458 3034 4506 raro,
3065 4450 3120 4495 ut
3163 4443 3210 4495 si
3247 4458 3413 4510 equus
3443 4457 3561 4495 cum
3595 4425 3833 4509 quinque
3855 4437 3940 4491 vel

694 4520 981 4575 latentibus
1009 4519 1183 4572 causis
1212 4517 1397 4571 Cicero
1444 4532 1625 4573 casum
1673 4532 1793 4573 esse
1842 4520 1908 4572 ita
1950 4520 2254 4574 concludit:

691 4612 823 4685 Cum
867 4609 1042 4661 omnia
1087 4608 1247 4661 certis
1295 4607 1361 4678 de
1407 4608 1585 4661 causis
1650 4607 1802 4673 fiant,
1856 4617 2083 4677 quorum
2127 4612 2275 4665 ratio

692 4701 1057 4767 Cognoscitur,
1104 4714 1286 4752 eorum
1336 4710 1557 4752 eventus
1604 4714 1730 4753 casu
1788 4701 1901 4755 fieri
1950 4717 2059 4755 non
2102 4718 2258 4770 posse

604 4824 609 4829 -
694 4799 1076 4856 monstrantur,
1102 4788 1195 4841 sed
1237 4797 1487 4856 putantur
1531 4791 1704 4859 aliqua
1755 4791 1869 4845 ﬁeri
1911 4807 2035 4846 casu
2075 4805 2257 4846 eorum

637 4952 640 4957 ‘
694 4898 914 4949 quorum
962 4896 1118 4933 causa
1169 4880 1311 4932 nulla
1362 4881 1566 4935 ratione
1609 4864 1999 4951 cognoscitur,
2035 4885 2105 4936 Ex
2157 4900 2261 4952 quo

693 4974 869 5025 evenit
896 4980 950 5024 ut
980 4971 1201 5025 fortuna
1242 4972 1307 5025 sit
1351 4984 1597 5037 eventus,
1629 4976 1715 5041 qui
1765 4975 2048 5028 latentibus
2088 4977 2263 5029 causis

694 5062 941 5114 efficitur.
977 5062 1073 5115 llic
1102 5062 1259 5131 igitur
1289 5063 1339 5115 in
1388 5063 1546 5116 rebus
1594 5064 1806 5131 quidem
1853 5065 1983 5131 ipsis
2012 5076 2264 5118 constan-

694 5152 820 5204 tiam
861 5154 1025 5220 ponit,
1058 5168 1234 5206 casum
1282 5168 1407 5205 vero
1439 5170 1542 5207 non
1575 5168 1650 5219 re,
1684 5154 1776 5206 sed
1807 5154 2057 5221 Opinione
2101 5157 2259 5208 ineti-

696 5256 795 5299 tur.
825 5246 940 5311 Quo
965 5246 1019 5298 fit
1043 5255 1096 5297 ut
1122 5246 1165 5298 si
1196 5246 1347 5298 aliter
1370 5245 1571 5299 effecta:
1604 5247 1679 5299 rei
1707 5247 1913 5299 noverit
1939 5262 2176 5312 causam,
2210 5246 2259 5299 id

695 5339 834 5417 quod
865 5340 1053 5393 accidit
1084 5338 1304 5391 fortuna:
1337 5354 1441 5391 non
1486 5339 1555 5391 sit
1600 5346 1848 5404 eventus;
1900 5339 2037 5393 idem
2081 5350 2255 5394 tamen

695 5428 763 5480 sit
789 5428 937 5481 alteri
975 5430 1196 5483 fortunzc
1227 5440 1469 5493 eventus,
1502 5430 1544 5482 si
1579 5430 1833 5482 rationem
1861 5431 1999 5482 alter
2030 5433 2254 5498 ignoret.

696 5522 845 5588 Quod
893 5540 1016 5577 ve:o
1065 5526 1298 5577 omnium
1348 5522 1521 5577 rerum
1569 5539 1758 5579 causas
1799 5539 1917 5579 esse
1964 5526 2124 5589 dicit,
2157 5542 2259 5579 non

698 5612 1009 5667 determinat
1048 5602 1262 5682 quales,
1294 5626 1449 5683 atque
1482 5615 1598 5671 ideo
1630 5630 1726 5673 nec
1765 5616 1830 5672 de
1875 5617 2082 5673 fortuna
2128 5596 2259 5687 ipsa,

2367 4537 2533 4589 tiibus
2563 4534 2783 4603 pedibus
2829 4542 3167 4601 procreetur;
3200 4533 3281 4586 vel
3329 4547 3497 4600 teque,
3535 4541 3591 4583 ut
3646 4531 3698 4583 in
3743 4529 3935 4596 quibus

2367 4624 2726 4678 faciendarum
2755 4637 2931 4675 rerum
2960 4622 3089 4675 nihil
3141 4623 3380 4683 interest,
3411 4636 3517 4689 quo
3550 4622 3727 4688 potius
3753 4619 3936 4673 volun-

2367 4721 2527 4766 tatem
2572 4725 2870 4779 vergamus.
2917 4714 3088 4778 Atque
3122 4710 3249 4763 illud
3295 4709 3508 4777 quidem
3541 4709 3686 4776 quod
3730 4721 3942 4774 semper

2369 4803 2443 4866 fit,
2475 4803 2609 4856 nihil
2654 4802 2814 4856 habet
2856 4802 3191 4869 oppositum,
3237 4800 3378 4868 quod
3418 4799 3535 4852 ullo
3581 4796 3743 4851 modo
3791 4796 3942 4849 aliter

2368 4894 2487 4954 fiat;
2535 4892 2591 4945 id
2640 4906 2765 4946 vero
2794 4893 2932 4959 quod
2982 4906 3123 4958 saepe
3159 4890 3417 4958 contingit
3448 4888 3609 4941 habet
3639 4889 3939 4949 adversum,

2365 4984 2414 5035 id
2441 4981 2581 5049 quod
2612 4983 2784 5034 rarius
2808 4984 3022 5044 evenit,
3064 4996 3242 5049 neque
3282 4980 3425 5033 enim
3456 4978 3853 5046 saepiusfi'eret,
3881 4989 3943 5028 ac

2366 5088 2470 5124 non
2516 5086 2749 5138 semper,
2784 5073 2883 5125 nisi
2934 5072 3204 5125 diversum
3250 5086 3377 5123 raro
3421 5069 3667 5136 quidem,
3702 5066 3795 5121 sed
3847 5066 3944 5120 ali-

2364 5163 2575 5231 quando
2619 5163 2979 5231 contingeret.
3024 5164 3175 5229 Quod
3223 5162 3382 5230 igitur
3426 5178 3491 5214 ex
3543 5162 3753 5213 fortuna
3787 5158 3867 5219 fit,
3890 5158 3943 5211 in

2364 5255 2704 5322 sempiternis
2757 5269 2863 5307 non
2896 5264 3012 5317 est;
3066 5254 3185 5321 quis
3230 5253 3371 5306 enim
3416 5254 3540 5305 casu
3588 5251 3755 5304 solem
3804 5248 3945 5302 dicat

2365 5344 2620 5399 oriri?Ne
2647 5345 2697 5399 in
2731 5345 2815 5398 his
2837 5346 3051 5413 quidem
3094 5359 3213 5411 qua:
3246 5343 3578 5410 frequentius
3622 5338 3783 5405 fiunt;
3820 5339 3939 5392 nul-

2366 5435 2448 5489 lus
2472 5436 2619 5491 enim
2640 5452 2764 5490 casu
2795 5451 2989 5504 equum
3013 5436 3209 5488 dixerit
3229 5449 3354 5489 esse
3384 5428 3807 5502 quadrupedem.
3841 5429 3945 5485 Nec

2372 5541 2496 5580 vero
2524 5527 2574 5578 in
2608 5526 2689 5579 his
2719 5541 2833 5593 qua:
2867 5525 2979 5577 fieri
3006 5523 3284 5592 inqualiter
3320 5521 3529 5585 solent;
3559 5536 3679 5575 nam
3709 5536 3828 5588 qua:
3856 5533 3946 5571 vo-

2377 5617 2602 5671 luntaria
2634 5626 2755 5671 sunt
2784 5630 2890 5671 non
2920 5616 3167 5670 videntur
3194 5629 3312 5671 esse
3344 5614 3577 5670 fortuita.
3632 5615 3817 5667 ltestat
3851 5611 3944 5681 igi-
