4274 6272
371 371 510 427 ttss
1214 320 1273 413 tu
1312 355 1551 412 TOPICA
1593 342 1948 406 CICERONIS
1985 339 2059 396 co

1985 321 2500 396 COMMENTARIA.
2542 329 2650 383 LIB
2699 327 2756 382 ν.
3465 315 3602 368 1154
3643 396 3656 405 ⁸

369 495 456 539 tur
481 491 536 537 ut
560 481 612 535 in
640 479 722 533 bis
769 476 994 530 fortuna:
1022 479 1241 528 eventus
1270 469 1362 533 sit,
1391 480 1510 536 qua:
1561 463 1731 518 rarius
1773 459 1926 514 fiunt.
1959 461 2006 516 Α
2039 461 2057 516 ι

1918 500 1926 514 ,
1959 461 2006 516 Α
2039 445 2277 516 ponitur,
2304 455 2424 509 quae
2466 437 2667 507 judicio
2713 447 2926 504 quoque
2973 428 3257 500 conjuncta
3302 435 3412 489 est.
3455 435 3515 478 ut
3561 425 3606 478 si

371 577 568 630 Eorum
599 585 726 625 vero
768 583 884 637 qure
914 566 1068 629 ﬁunt,
1100 561 1290 631 partim
1344 558 1503 637 ﬁnem
1547 555 1778 622 aliquem
1810 563 1933 614 spe-

372 673 537 728 ctant,
564 663 756 730 partim
787 657 1022 712 minime.
1050 654 1178 719 Quis
1207 651 1348 705 enim
1381 629 1502 700 finis
1531 659 1649 698 esse
1678 651 1868 711 potest,
1893 642 1939 694 si

376 728 591 808 manum
618 748 920 808 extendam,
944 745 987 797 si
1011 754 1182 811 genua
1206 738 1538 806 complicem,
1565 744 1720 800 atque
1742 728 1941 799 aliquid

375 852 558 916 jacens
586 844 728 898 humi
760 841 962 901 tollant,
990 835 1131 905 quod
1159 833 1318 886 nullis
1341 831 1524 884 usibus
1551 824 1850 894 applicem?
1874 824 1943 875 At

380 915 509 991 vero
529 951 588 989 ea
617 949 734 1002 quae
756 932 984 995 aliquem
1014 928 1171 978 finem
1204 928 1446 989 spectant
1475 917 1664 986 partim
1696 915 1941 968 volunta-

383 1028 450 1080 tis
478 1034 617 1086 suut,
649 1021 836 1089 partim
863 1026 1082 1082 naturae,
1105 1011 1428 1072 Volutttatis,
1461 1018 1517 1060 ttt
1542 1008 1585 1060 si
1606 1006 1726 1075 quis
1748 1003 1946 1058 idcirco

382 1115 540 1168 domo
561 1109 879 1180 egrediatur,
903 1115 963 1158 ut
986 1104 1166 1157 videat
1190 1099 1440 1153 amicum.
1462 1096 1694 1164 Naturae,
1724 1104 1781 1146 ut
1804 1092 1944 1160 quod

383 1213 462 1256 est
491 1203 543 1253 in
571 1197 904 1252 animalibus.
953 1193 1141 1246 Omnia
1188 1206 1304 1258 qua:
1345 1189 1412 1241 ab
1459 1203 1517 1240 ea
1571 1185 1699 1238 fiunt
1745 1192 1946 1237 certam

381 1287 626 1342 animalis
660 1284 948 1352 respiciunt
971 1280 1275 1341 utilitatem,
1297 1285 1456 1341 atque
1485 1273 1548 1326 ad
1577 1272 1692 1339 ejus
1721 1271 1946 1322 salutem

382 1377 953 1440 conservationemque
990 1369 1224 1424 omnium
1279 1366 1638 1419 membrorum
1682 1369 1949 1414 momenta

384 1477 510 1522 sunt
553 1467 860 1521 constituta.
891 1463 1087 1516 Casum
1129 1459 1288 1527 igitur
1334 1471 1396 1509 ac
1444 1454 1688 1507 fortuitos
1732 1461 1952 1504 eventus

387 1562 442 1612 in
484 1559 568 1611 his
613 1570 732 1611 esse
773 1554 1040 1622 ponimus,
1071 1565 1188 1617 qua:
1226 1563 1345 1601 cum
1388 1546 1558 1598 rarius
1605 1544 1751 1620 fiant,
1781 1542 1832 1594 in
1871 1541 1953 1593 bis

388 1660 567 1703 tamen
619 1661 713 1715 per
749 1641 998 1698 accidens
1041 1643 1310 1702 eveniunt,
1343 1654 1460 1705 qua:
1507 1623 1721 1704 propter
1761 1633 1954 1699 aliquid

393 1740 558 1791 fiunt:
593 1736 754 1789 veluti
789 1735 832 1787 si
863 1733 983 1802 quis
1012 1743 1258 1800 egressus
1283 1728 1443 1780 domo
1473 1737 1530 1777 tit
1553 1725 1780 1778 amicum
1810 1722 1957 1774 vide-

391 1837 495 1892 ret,
529 1823 836 1893 prtetericns
861 1821 1082 1874 cadente
1110 1818 1339 1884 desuper
1365 1815 1540 1882 lapide
1589 1815 1724 1867 ictus
1751 1819 1862 1875 est;
1902 1809 1954 1863 id
1986 1832 2034 1889 Β

393 1917 552 1983 igitur
579 1915 720 1983 quod
760 1912 955 1970 evenit.
987 1910 1040 1963 in
1082 1909 1286 1961 rariore
1313 1920 1472 1959 causa
1516 1903 1813 1970 ponendum
1845 1910 1955 1963 est;

393 2007 618 2058 accessit
667 2017 792 2056 vero
837 2002 885 2054 ei
916 1999 1206 2061 voluntati,
1235 2012 1352 2064 qua:
1399 2003 1598 2049 certum
1642 1990 1960 2060 respiciebat

394 2096 576 2150 linem.
613 2095 684 2147 Ea
715 2109 842 2146 vero
871 2093 966 2144 fttit
996 2091 1155 2143 domo
1195 2087 1503 2158 egrediendi
1537 2099 1715 2146 causa,
1746 2092 1799 2136 ut
1830 2079 1962 2132 ami-

395 2203 517 2242 cum
549 2187 772 2238 videret.
804 2185 1023 2246 ltnrsus,
1053 2181 1302 2248 quoniam
1351 2179 1480 2247 lapis
1509 2174 1817 2229 naturaliter
1845 2186 1963 2240 gra-

399 2278 484 2330 vis
522 2284 626 2336 est,
659 2275 892 2344 gravitas
940 2287 1064 2324 vero
1117 2283 1311 2324 terram
1368 2271 1520 2336 petit.
1562 2279 1719 2318 casus
1749 2263 1962 2331 quidem

398 2366 589 2434 lapidis
620 2374 834 2432 propter
866 2362 1061 2430 aliquid
1111 2359 1423 2414 naturaliter
1466 2359 1633 2410 factus
1671 2362 1792 2417 est;
1820 2351 1885 2404 ad
1914 2350 1964 2404 id

397 2456 539 2510 enim
592 2455 782 2522 lapidis
831 2463 1038 2506 natura.
1073 2451 1353 2512 tendebat,
1383 2457 1439 2500 ιιι
1490 2448 1542 2499 itt
1591 2460 1743 2498 suum
1793 2445 1964 2495 locum

401 2547 605 2613 pondus
631 2545 852 2598 veniens
879 2543 1306 2610 conquiesceret.
1336 2538 1439 2592 Sed
1471 2537 1590 2590 huic
1621 2533 1848 2588 naturali
1881 2533 1964 2584 in-

402 2637 628 2690 tentioni
673 2634 866 2687 accidit
912 2632 962 2686 id
1008 2632 1148 2700 quod
1195 2630 1365 2683 rarius
1411 2629 1614 2690 evenit,
1661 2624 1865 2678 scilicet
1911 2629 1970 2674 ut

404 2735 704 2794 percuteret
733 2732 922 2791 caput;
969 2737 1073 2789 quo
1104 2721 1160 2772 lit
1187 2728 1245 2773 ut
1272 2720 1340 2772 sit
1381 2716 1670 2771 secundum
1714 2713 1970 2766 Aristote-

405 2817 509 2869 lem
561 2815 768 2868 fortuna
815 2814 896 2865 vel
946 2824 1123 2872 casus,
1172 2823 1330 2862 causa
1371 2822 1465 2874 per
1508 2805 1757 2858 accidens
1797 2802 1970 2854 rarius

403 2904 767 2960 evenientium'
799 2905 850 2958 in
883 2903 965 2957 his
994 2903 1153 2956 rebus
1180 2915 1298 2968 qua:
1340 2907 1554 2965 propter
1584 2893 1781 2961 aliquid
1815 2894 1966 2946 fiunt.

403 2999 535 3064 Qua:
575 3013 696 3052 cum
746 2997 815 3049 ita
859 2998 986 3057 sint,
1017 3008 1243 3062 cumque
1286 2991 1534 3044 difiittitio
1578 2987 1907 3041 Arismtelica
1939 3001 1965 3038 a

406 3085 648 3139 Tulliana
673 3084 955 3152 plurimum
980 3081 1262 3148 discrepet,
1293 3078 1421 3132 illud
1454 3089 1626 3130 tamen
1659 3075 1710 3128 in
1737 3075 1971 3142 utrisque

405 3188 646 3236 constat.
691 3179 740 3231 id
792 3178 931 3236 quod
980 3179 1203 3229 fortuna:
1253 3174 1548 3236 subjectum
1592 3178 1706 3231 est,
1752 3168 1968 3222 incertis

631 3219 646 3242 ,
692 3189 740 3231 id
792 3189 931 3246 quod
980 3189 1203 3229 tortunre
1253 3189 1548 3237 subjectum
1592 3189 1706 3231 est,
1753 3189 1968 3222 incertis
1995 3190 2038 3248 ρ
2076 3189 2185 3200 w-v
2211 3189 2481 3214 r'"""'"
2509 3189 2651 3196 ~--—-
2683 3189 2838 3196 νην-η
3391 3189 3402 3205 ι
3696 3219 3701 3225 Ι

659 3284 868 3305 “mm,
907 3283 1027 3305 περ
1061 3264 1412 3305 “nmen...”
1466 3261 1596 3305 Νη...
1629 3263 1749 3305 “ml
1790 3261 1840 3305 ίη
1887 3259 1967 3305 his
2071 3251 2228 3305 atque
2249 3235 2489 3290 defensio
2512 3233 3008 3301 injuriSperitorum
3032 3231 3467 3300 responstottibus
3494 3231 3642 3284 inve-

407 3271 619 3324 casibus
659 3284 868 3336 semper
907 3283 1027 3344 esse
1061 3264 1414 3332 suppositum.
1464 3261 1596 3314 Nam
1629 3263 1749 3314 licet
1790 3261 1840 3313 iit
1887 3259 1967 3312 his

409 3359 569 3412 rebus
595 3373 737 3425 smpe
765 3357 975 3410 fortuna
1019 3369 1144 3406 suos
1177 3352 1479 3418 experiatur
1507 3359 1678 3412 actus,
1712 3365 1826 3416 qua:
1872 3363 1990 3400 νου

410 3453 612 3506 lttntate
657 3457 803 3511 sunt,
833 3455 886 3499 et
913 3446 978 3498 ad
1007 3444 1237 3512 aliquem
1271 3443 1426 3497 finem
1469 3441 1789 3504 referuntur,
1821 3451 1970 3493 extra

410 3549 584 3590 tamen
615 3537 809 3590 accidit
831 3524 972 3603 quod
999 3535 1222 3586 fortuna:
1250 3540 1352 3598 est,
1379 3546 1476 3584 nec
1499 3531 1566 3584 ab
1587 3545 1651 3583 eo
1674 3531 1775 3582 line
1804 3529 1969 3592 venit,

410 3642 563 3696 quem
595 3625 693 3681 sibi
719 3627 925 3678 animus
956 3633 1079 3676 ante
1110 3628 1470 3690 perspexerat.
1505 3620 1608 3674 Sed
1638 3635 1757 3673 cum
1789 3619 1973 3672 Cicero

410 3717 684 3770 divisisset
711 3730 898 3768 causas
939 3715 990 3767 in
1036 3729 1126 3766 eas
1168 3729 1284 3780 qua:
1335 3712 1626 3784 perSpicu-ae
1657 3719 1798 3773 sunt,
1825 3719 1880 3764 et
1924 3714 1972 3762 in

410 3823 505 3861 eas
535 3823 652 3875 quae
683 3808 936 3867 laterent,
965 3820 1190 3872 cumque
1233 3819 1323 3858 eas
1367 3819 1484 3872 quas
1536 3802 1822 3869 perSpicuae
1871 3803 1975 3856 sint

412 3899 615 3952 diceret
658 3913 777 3951 esse
819 3913 936 3964 qua:
985 3897 1362 3963 appetitionem
1408 3895 1568 3952 animi
1614 3893 1977 3960 judiciumque

414 3995 712 4054 tangerent,
743 3985 1076 4040 manifestum
1126 3993 1208 4037 est
1249 3999 1368 4037 eum
1412 3985 1496 4036 vel
1538 3992 1731 4047 artem,
1763 3983 1845 4036 vel
1887 3998 1980 4036 vo-

413 4080 693 4142 luntatem,
723 4077 807 4131 vel
857 4075 1336 4144 perturbationem,
1370 4075 1454 4128 vel
1508 4074 1743 4127 habitum
1796 4073 1845 4126 in
1898 4072 1978 4125 his

411 4169 585 4224 causis
613 4181 808 4237 ponere
836 4182 953 4235 quae
983 4167 1276 4235 perspicuae
1305 4175 1459 4228 sunt;
1510 4165 1758 4217 voluntas
1787 4163 1980 4230 quippe

411 4272 570 4330 atque
596 4260 757 4316 animi
782 4258 1108 4328 perturbatio
1133 4257 1182 4311 itt
1204 4256 1530 4325 appetitione
1560 4257 1796 4324 ponitur,
1839 4269 1980 4321 saepe

413 4355 557 4406 enim
605 4367 669 4404 ex
720 4346 1145 4423 perturbatione'
1179 4347 1374 4416 aliquid
1436 4349 1762 4416 appetimus,
1814 4355 1978 4400 artem

419 4453 546 4491 vero
570 4439 651 4491 vel
680 4438 911 4491 habitum
937 4439 986 4490 in
1006 4437 1238 4504 judicio;
1273 4447 1390 4490 arte
1413 4451 1642 4503 namque
1660 4435 1978 4503 judicamus,

418 4527 630 4580 habitus
656 4541 784 4580 vero
814 4528 877 4578 ad
909 4536 1191 4594 utrumque
1219 4527 1476 4594 pertinet:
1508 4541 1626 4577 nam
1656 4535 1710 4576 et
1741 4524 1983 4576 volunta-

420 4629 502 4671 tes
541 4615 866 4670 consuetudo
913 4615 1196 4676 ministrat,
1225 4625 1278 4668 et
1325 4615 1492 4667 multo
1544 4628 1641 4665 usu
1695 4613 1990 4678 peritiaque

421 4707 479 4760 fit
502 4706 742 4775 quaedam
770 4706 1063 4758 constantia
1088 4703 1382 4770 jttdicandi.
1415 4701 1608 4754 Casum
1641 4701 1691 4752 in
1723 4717 1826 4752 non
1861 4715 1982 4766 per-

419 4797 618 4865 spicuis
651 4795 844 4863 posuit.
880 4794 953 4847 De
999 4803 1188 4847 natura
1232 4794 1491 4845 incettum
1532 4800 1614 4843 est
1646 4803 1820 4842 utrum
1853 4790 1994 4842 inter

422 4887 730 4958 perspicuas
771 4901 837 4940 an
890 4886 1029 4939 inter
1083 4885 1308 4938 latentes
1363 4883 1533 4950 ipsam
1562 4884 1792 4936 collocet-
1827 4898 1839 4932 :
1872 4897 1991 4933 nam

421 4982 468 5034 si
524 4981 662 5034 inter
731 4978 956 5032 latentes
1017 4991 1224 5044 causas,
1279 4977 1445 5042 ipsam
1503 4985 1742 5029 naturam
1813 4987 1993 5026 casum

427 5070 699 5122 videretur
745 5078 929 5136 putare
961 5069 1154 5135 :cujus
1195 5065 1463 5134 opinionis
1511 5065 1650 5118 nulla
1701 5064 1840 5118 ratio
1885 5072 1986 5116 est.

423 5159 573 5225 Quod
602 5159 646 5212 si
677 5161 811 5213 inter
855 5159 1162 5227 perspicuas
1182 5199 1197 5221 ,
1228 5173 1471 5224 quianam
1523 5158 1775 5225 appetitio
1826 5153 1990 5209 animi

425 5250 505 5302 vel
529 5249 790 5319 judicium
832 5251 882 5302 in
915 5258 1100 5302 natura
1148 5258 1229 5302 est
1253 5249 1276 5302 τ
1302 5248 1482 5318 Neque
1520 5249 1661 5301 enim
1693 5246 1992 5316 appetendo

423 5340 622 5408 aliquid
651 5340 733 5394 vel
751 5339 1043 5408 judicando
1072 5339 1195 5392 fact
1221 5351 1430 5402 natura,
1455 5337 1554 5391 nisi
1581 5338 1715 5392 forte
1737 5337 1990 5404 quoniam

424 5447 491 5484 ex
532 5430 642 5500 ipsa
677 5445 819 5498 smpe
849 5431 1096 5484 habililas
1141 5431 1381 5498 qtttedam
1432 5439 1628 5483 mentis
1666 5438 1720 5482 et
1749 5429 1994 5496 corporis

426 5521 602 5574 existit
624 5563 640 5584 ,
671 5538 790 5589 quae
820 5521 1067 5574 habilitas
1096 5521 1160 5574 ad
1185 5534 1615 5586 unamquamque
1643 5534 1753 5572 rem
1781 5519 1997 5587 adjuvat

427 5612 791 5676 voluntatem;
824 5611 874 5664 id
905 5612 1044 5663 enim
1078 5613 1306 5663 maxime
1337 5610 1580 5663 volumus
1613 5609 1677 5662 ad
1713 5610 1853 5677 quod
1900 5608 1996 5663 ba-

428 5701 562 5759 biles
603 5719 806 5760 sumus.
859 5701 965 5758 Sed
1011 5711 1198 5758 natura
1264 5702 1401 5754 inter
1459 5700 1767 5769 perspicuas
1812 5693 2005 5756 causas

2007 571 2012 575 -
2045 531 2357 588 naturaliter
2383 541 2516 582 sano
2542 529 2766 594 quisque
2791 521 2992 592 judicio
3019 522 3476 589 compositusest:
3510 530 3606 583 aps

2046 619 2289 690 petitioni
2311 619 2497 679 etiam,
2524 623 2580 666 ut
2596 615 2640 666 si
2665 613 2976 666 naturaliter
2997 609 3194 678 aliquid
3218 609 3426 660 anitnus
3443 614 3606 673 petat.

2045 712 2141 764 His
2178 707 2422 777 adjungit
2467 706 2628 758 aliam
2677 717 2956 758 causarum
2982 700 3332 760 divisionem;
3363 696 3438 748 ait
3465 695 3609 748 enim

2045 802 2176 854 alias
2205 812 2394 852 causis
2423 811 2542 849 esse
2566 795 2911 854 voluntarias,
2939 791 3068 843 abas
3097 791 3398 856 ignoratas:
3425 785 3613 837 voluti-

2048 893 2231 955 tarias,
2253 903 2342 942 eas
2357 898 2688 954 quaecunque
2709 881 2994 948 ex-judicio
3016 880 3230 930 veniunt
3253 875 3445 938 animi;
3470 874 3614 940 igno-

2048 989 2190 1033 ratas
2235 978 2289 1030 in
2334 975 2528 1044 quibus
2573 970 2866 1024 necessitas
2901 966 3130 1044 domina
3179 975 3280 1027 est,
3332 964 3383 1015 id
3429 973 3510 1015 est
3560 979 3612 1014 in

2049 1069 2242 1138 quibus
2268 1076 2358 1119 aut
2391 1054 2758 1116 ontnino'non
2809 1041 3072 1119 volumus,
3099 1064 3191 1107 aut
3220 1069 3286 1106 ne
3315 1054 3361 1104 si
3392 1051 3613 1104 velimus

2050 1163 2264 1231 quidem
2312 1157 2467 1210 aliter
2515 1156 2692 1207 facere
2721 1163 3024 1220 possumus,
3057 1157 3111 1199 ιιι
3143 1148 3195 1199 iti
3243 1157 3428 1197 natura
3458 1151 3617 1208 atque

2052 1267 2202 1304 casu.
2232 1247 2558 1303 Necessitate
2584 1245 2726 1298 enim
2772 1241 2997 1309 quadam
3025 1246 3227 1290 natura:
3251 1236 3436 1304 gravia
3464 1235 3619 1286 deor-

2053 1357 2169 1395 sum
2213 1340 2474 1410 leruntur,
2509 1334 2824 1389 necessitate
2867 1332 2992 1382 item
3042 1327 3238 1380 factum
3282 1326 3530 1386 dicimus,
3564 1329 3621 1373 ut

2054 1433 2242 1500 aliquis
2270 1431 2521 1498 ignorans
2543 1433 2687 1490 jacto
2717 1433 2862 1475 trans
2904 1421 3162 1488 parietem
3195 1417 3371 1484 lapide
3404 1425 3622 1482 praeter-

2056 1533 2268 1574 euntem
2302 1520 2572 1571 hominem
2609 1511 2914 1579 perenterit.
2969 1510 3161 1573 anne‘
3183 1509 3473 1568 net-essitas
3502 1503 3624 1556 talis

2057 1618 2159 1672 est,
2182 1623 2285 1660 tton
2311 1606 2452 1672 quod
2480 1607 2635 1654 aliter
2664 1601 2778 1651 lieri
2802 1614 2904 1651 non
2931 1597 3209 1664 potuisset,
3235 1595 3334 1648 nisi
3365 1605 3417 1646 ut
3447 1594 3623 1660 lapide

2053 1699 2194 1766 jacto
2243 1703 2560 1763 percuteret,
2593 1691 2686 1744 sed
2726 1691 2849 1755 quia
2898 1690 3144 1740 voluntas
3187 1685 3377 1749 «ιιιυιι,
3405 1695 3460 1738 ει
3515 1698 3620 1735 non

2060 1789 2276 1850 idcirco,
2304 1786 2428 1853 quia
2461 1783 2644 1844 voluit,
2675 1782 2817 1832 fecit.
2865 1778 3016 1831 Prior
3046 1790 3171 1828 viro
3203 1774 3268 1828 ne
3302 1773 3492 1826 essitas
3515 1773 3626 1841 jam

2063 1882 2186 1934 talis
2215 1889 2318 1942 est,
2350 1877 2401 1930 in
2433 1891 2532 1942 qua
2583 1873 2726 1926 nulla
2767 1872 3011 1923 voluntas
3032 1879 3132 1931 est,
3167 1868 3248 1920 vel
3281 1881 3341 1918 ea
3371 1881 3487 1934 quae
3522 1873 3625 1930 est,

2063 1985 2130 2024 ne
2162 1970 2211 2022 id
2240 1968 2378 2035 quod
2425 1963 2569 2032 cupit
2610 1963 2822 2026 elliciat,
2853 1961 3109 2013 validiore
3153 1959 3468 2010 necessitate
3497 1973 3629 2008 cott-

2063 2063 2358 2129 stringitur.
2402 2057 2534 2111 Nam
2578 2070 2696 2108 cum
2741 2055 2873 2120 lapis
2918 2054 3166 2105 deorsum
3216 2051 3427 2117 prOpria
3458 2051 3630 2116 gravi-

2065 2166 2173 2208 tate
2193 2153 2493 2221 deponitur,
2513 2150 2650 2202 ntilla
2681 2149 2922 2200 voluntas
2951 2138 3158 2207 esl,sed
3189 2153 3390 2194 tantum
3426 2152 3628 2208 natura:

2066 2244 2392 2310 necessitas;
2423 2251 2475 2293 at
2520 2240 2562 2292 si
2611 2239 2769 2296 homo
2800 2236 3051 2289 deorsum
3101 2233 3274 2296 cadat,
3305 2245 3385 2284 est
3415 2230 3629 2298 quidem

2067 2350 2171 2388 non
2199 2331 2420 2386 cadendi
2451 2331 2713 2390 voluntas,
2747 2327 2840 2379 sed
2891 2326 3016 2378 lerri
3065 2342 3169 2392 quo
3201 2341 3303 2376 non
3338 2325 3470 2390 tuli,
3503 2323 3633 2374 vali-

2067 2425 2184 2479 dior
2237 2433 2436 2476 naturte
2487 2435 2643 2473 causa
2695 2419 2984 2484 compellit.
3047 2417 3378 2468 \‘ountatetn
3434 2430 3557 2466 vero
3605 2428 3635 2465 a

2069 2515 2300 2570 fortuitis
2327 2514 2606 2566 eventibus
2635 2527 2737 2564 uno
2768 2510 3063 2575 eodemque
3092 2507 3367 2574 aptissimo
3410 2506 3636 2558 secrevit

2069 2606 2333 2672 exemplo,
2386 2603 2546 2656 veluti
2596 2603 2639 2654 si
2693 2612 2851 2653 teutn
2906 2615 3062 2651 manu
3105 2600 3296 2666 jaciat,
3347 2599 3639 2662 nolens,ue

2071 2701 2225 2754 feriat
2250 2705 2684 2766 prietereuutetn.
2715 2693 2842 2747 Nam
2862 2693 3056 2761 jecisse
3086 2707 3150 2744 ex
3179 2691 3465 2742 voluntatis
3497 2690 3640 2756 priu-

2069 2789 2208 2857 cipio
2237 2787 2490 2839 nascitur.
2526 2784 2727 2836 Idcirco
2756 2783 2897 2836 enim
2922 2782 3082 2849 jecit,
3111 2780 3234 2848 quia
3264 2779 3448 2834 voluit.
3485 2780 3641 2847 lgno-

2072 2878 2207 2930 ravit
2229 2891 2356 2930 vero
2386 2874 2526 2944 quod
2553 2881 3072 2942 percuteret;neque
3101 2869 3238 2921 enim
3258 2868 3493 2935 jecisset,
3513 2873 3553 2919 si
3581 2881 3642 2919 se

2074 2981 2446 3036 percussurunt
2481 2962 2774 3032 praevidere
2803 2962 3083 3029 potuiSSet.
3129 2959 3308 3024 Neque
3333 2957 3485 3026 jecit,
3516 2957 3640 3022 quia

2073 3059 2239 3110 voluit
2257 3063 2487 3124 percute;
2504 3069 2552 3106 e.
2579 3051 2632 3105 Si
2655 3059 2830 3103 autem
2853 3063 2958 3101 non
2984 3049 3298 3116 ignorasset,
3317 3061 3420 3097 non
3449 3061 3528 3112 pet
3544 3060 3639 3096 cu-

2076 3159 2185 3200 terc
2211 3146 2481 3214 potuisset.
2507 3142 2653 3196 Unde
2679 3143 2838 3196 etiam
2865 3140 3343 3192 machinamentum
3373 3136 3638 3205 quoddam

2073 3329 2234 3393 nitur,
2268 3328 2365 3380 hoc
2395 3326 2552 3379 modo
2582 3343 2597 3378 :
2630 3326 2684 3378 Si
2717 3326 2876 3378 telum
2909 3339 3066 3376 manu
3117 3326 3244 3390 tugit
3288 3324 3452 3391 magis
3482 3338 3637 3391 quant

2045 3418 2226 3497 'jecit;
2255 3433 2389 3470 -nam
2415 3417 2460 3469 si
2484 3416 2602 3484 quis
2625 3415 2784 3469 caadis
2811 3423 3111 3478 accusetur,
3131 3416 3325 3482 Optima
3353 3419 3489 3468 solet
3521 3429 3641 3467 esse

2074 3508 2332 3572 defensio,
2352 3507 2395 3559 si
2415 3507 2517 3559 alia
2541 3521 2645 3559 non
2668 3506 2922 3573 suppetit,
2940 3505 3132 3573 fugisse
3156 3520 3314 3556 manu
3335 3506 3515 3566 telum,
3537 3520 3645 3558 ma-

2080 3601 2160 3669 gis
2182 3615 2337 3668 quam
2368 3599 2590 3652 voluerit
2613 3598 2828 3666 jtcisse,
2852 3609 2908 3650 ut
2933 3613 3037 3650 lion
3064 3598 3337 3661 voluntati,
3368 3614 3483 3665 (jlltl:
3505 3613 3638 3652 con-

2077 3691 2358 3743 demnatur
2379 3689 2430 3742 itt
2458 3689 2650 3756 culpis,
2669 3689 2760 3742 sed
2794 3688 3105 3756 ignorantia:
3136 3688 3332 3742 factum
3356 3691 3638 3744 tribuatur.

2081 3780 2154 3835 De
2181 3780 2663 3847 perturbationibus
2684 3791 2858 3835 autem
2884 3783 3181 3836 animorum
3200 3786 3355 3850 paulo
3370 3767 3644 3837 confusius

2075 3874 2333 3943 judicium
2373 3885 2474 3928 est.
2509 3874 2741 3926 Dubitari
2779 3875 2922 3928 enim
2956 3881 3128 3941 potest
3168 3883 3340 3926 utrum
3372 3889 3437 3926 ex
3460 3875 3646 3927 volun-

2083 3977 2209 4032 tate,
2235 3982 2301 4018 an
2334 3967 2671 4031 necessitate,
2698 3981 2764 4018 an
2792 3980 2854 4018 ex
2886 3964 3218 4031 ignoratione
3249 3967 3474 4028 venerit,
3507 3967 3647 4033 qqu

2084 4056 2480 4126 perturbatione
2533 4065 2821 4123 peccatur:
2877 4054 3125 4107 videntur
3179 4055 3319 4106 enim
3354 4057 3647 4109 voluntaria

2083 4162 2202 4202 esse
2247 4154 2461 4214 peccata
2485 4183 2500 4206 ,
2531 4144 2779 4212 quoniam
2810 4144 2897 4212 qui
2931 4143 3272 4211 perturbatus
3322 4153 3404 4197 est
3449 4147 3651 4212 appetit

2084 4237 2282 4305 aliquid
2305 4277 2320 4302 ,
2354 4247 2444 4288 aut
2477 4235 2627 4304 fugit.
2682 4233 2787 4288 Sed
2829 4233 2880 4286 in
2919 4233 3020 4286 hoc
3061 4233 3386 4300 perturbatio
3415 4233 3530 4301 ejus
3560 4250 3653 4302 ap-

2087 4337 2261 4395 paret,
2280 4331 2417 4396 quod
2437 4341 2538 4379 non
2567 4324 2810 4394 fugienda
2837 4325 2986 4392 vitat,
3019 4331 3074 4378 et
3109 4337 3213 4376 non
3244 4322 3540 4392 appetenda
3570 4326 3652 4377 t.i-

2088 4421 2188 4474 mis
2215 4428 2449 4488 exoptat.
2511 4419 2674 4472 Porro
2724 4427 2898 4471 autem
2939 4417 3188 4486 quoniam
3221 4419 3270 4469 in
3297 4417 3653 4484 perturbatio-

2094 4510 2247 4563 nibus
2275 4522 2393 4562 sunt
2418 4507 2637 4562 confusa
2657 4507 2852 4576 judicia
2872 4507 3066 4578 (neque
3093 4508 3234 4561 enim
3262 4507 3416 4560 aliter
3440 4507 3492 4560 id
3516 4508 3655 4576 quod

2063 4672 2076 4688 .
2095 4599 2400 4666 fugiendum
2432 4608 2510 4652 est
2539 4613 2682 4664 saepe
2711 4606 2966 4664 appetunt
3004 4598 3316 4664 perturbati,
3345 4598 3447 4651 nisi
3478 4600 3657 4651 obt-te-

2094 4701 2213 4745 CillO
2268 4690 2656 4756 obscuratoque
2701 4688 2960 4757 judicio),
3003 4674 3313 4758 quod'vero
3381 4689 3437 4743 fit
3497 4705 3563 4744 an
3589 4693 3658 4745 nti

2092 4782 2422 4844 confusione,
2450 4795 2591 4849 saepe
2623 4781 2724 4833 tale
2764 4788 2848 4834 est
2885 4791 2941 4833 ut
2981 4783 3147 4836 nollet
3175 4784 3453 4837 admisisse
3475 4785 3561 4853 qui
3591 4787 3662 4838 fec

2094 4876 2186 4942 cit,
2217 4885 2270 4929 et
2298 4875 2476 4930 evenit
2500 4882 2557 4926 ut
2588 4889 2689 4926 non
2709 4873 2847 4928 inter
2876 4875 3220 4939 voluntarias,
3243 4876 3336 4930 sed
3355 4876 3493 4929 inter
3517 4877 3663 4946 igno~

2099 4978 2237 5020 ratas
2270 4967 2348 5020 vel
2383 4965 2712 5019 necessarias
2751 4981 2937 5018 causas
2987 4967 3284 5020 animorum
3337 4969 3664 5035 perturbatio

2089 5058 2156 5111 sit
2183 5073 2196 5122 ;
2231 5058 2502 5110 'intantutn
2540 5071 2670 5110 vero
2696 5055 2786 5124 qui
2829 5056 3167 5125 perturbatus
3196 5069 3295 5124 est,
3330 5074 3358 5112 a
3387 5073 3512 5112 vera
3541 5059 3658 5112 dis-

2093 5152 2328 5208 cretione
2363 5149 2620 5215 discedit,
2671 5157 2726 5201 ut
2767 5149 2822 5201 iit
2857 5163 2971 5201 eam
3003 5149 3169 5216 possit
3204 5159 3344 5205 recta
3369 5151 3508 5205 bene
3532 5165 3662 5204 con-

2095 5242 2379 5296 sulentium
2407 5240 2770 5293 admonitione
2799 5238 2999 5292 reduci.
3061 5240 3174 5305 Quo
3206 5240 3263 5292 fit
3285 5249 3340 5294 ιιι
3369 5243 3664 5295 animorum

2097 5331 2428 5401 perturbatio
2465 5331 2587 5399 jure
2629 5346 2659 5384 a
2702 5333 2875 5384 causis
2905 5330 3216 5383 voluntariis
3242 5342 3567 5400 segregetur,
3615 5341 3669 5386 et

2099 5431 2191 5474 aut
2212 5421 2263 5475 in
2301 5420 2630 5489 ignoratione
2653 5461 2667 5486 ,
2698 5428 2789 5474 aut
2813 5419 2866 5473 in
2894 5421 3212 5475 necessitate
3237 5435 3478 5489 ponatur.
3536 5424 3667 5476 Nunt

2103 5514 2240 5580 quod
2263 5513 2372 5566 ait:
2393 5513 2592 5566 Tamen
2622 5513 2816 5567 habent
2843 5521 3017 5566 tantos
3048 5525 3244 5582 motus,
3275 5526 3329 5569 ut
3357 5533 3416 5570 ea
3439 5533 3557 5584 qum
3587 5535 3670 5570 vo-

2111 5607 2340 5660 lnntaria
2382 5615 2543 5668 sunt,
2574 5613 2664 5658 aut
2711 5605 3010 5660 necessaria
3071 5605 3366 5674 interdum,
3398 5619 3490 5662 aut
3526 5620 3670 5664 certe

2109 5700 2347 5770 ignorata
2377 5697 2686 5759 videantur,
2717 5696 2788 5751 ita
2819 5696 3220 5774 intelligendum
3269 5708 3351 5754 est
3379 5715 3392 5754 :
3417 5701 3668 5770 quoniam
