4274 6272
702 312 844 367 1155

1904 310 1905 313 “
1941 306 2047 358 ΑΝ.
2084 306 2285 359 MANL.
2330 308 2481 365 δην.
2522 308 2743 364 ΒΟΕΤΙΙ

3820 315 3846 367 1
3864 316 3975 369 liis

699 431 871 484 omnis
916 428 1074 481 animi
1124 424 1297 493 passio
1336 421 1594 492 judicium
1638 422 1955 485 conturbat,
1999 421 2274 476 confundit
2302 434 2353 488 Α
2377 435 2465 477 aut
2496 425 2548 477 in
2576 422 2888 478 necessariis
2937 422 3109 476 causis
3138 422 3292 490 poni,
3344 431 3434 474 aut
3462 422 3512 475 in
3545 420 3802 490 ignoratis
3826 466 3845 491 ,
3911 426 3969 478 id

700 535 829 573 Vero
877 526 1072 570 rectam
1104 514 1505 576 discretionem,
1553 513 1596 565 si
1619 512 1797 566 acrior
1834 511 1992 566 fuerit
2019 529 2176 582 quam
2214 521 2273 566 ut

700 608 917 661 rationis
972 604 1280 657 retinaculis
1327 613 1687 670 temperetur,
1755 612 1810 655 et
1846 604 1901 655 fit
1930 603 2172 671 quaedam
2205 618 2270 657 ex

698 695 1188 765 perturbationibus
1212 694 1374 747 veluti
1398 694 1623 747 violenta
1649 692 1957 756 necessitas,
1978 703 2033 744 ut
2052 692 2269 746 dubium

696 794 765 837 sit
816 795 991 835 utrum
1042 785 1085 835 is
1132 784 1220 850 qui
1264 781 1459 850 aliquid
1513 780 1851 848 perturbatus
1896 782 2075 833 animo
2123 780 2266 844 facit,

699 875 949 942 ignorans
977 875 1164 936 faciat;
1211 873 1373 925 veluti
1405 887 1522 924 cum
1554 886 1679 924 casu
1712 872 1961 939 ignorans
1989 870 2266 939 delinquit,

705 980 823 1016 tum
862 967 1092 1016 futurum
1126 978 1232 1015 non
1265 962 1506 1027 providet
1548 976 1725 1015 casum
1746 1000 1761 1026 ,
1793 977 1858 1012 an
1889 962 2063 1013 sciens
2093 962 2265 1026 faciat,

689 1059 774 1109 vel
805 1054 1122 1107 neceSsitate
1161 1056 1408 1105 ducatur.
1457 1051 1606 1117 Quod
1636 1044 1794 1120 igitur
1823 1052 1957 1104 dixd
1999 1068 2012 1103 :
2044 1055 2146 1105 Aut
2176 1068 2269 1104 ne-

690 1146 919 1197 cessaria
948 1158 1066 1196 esse
1086 1181 1100 1204 ,
1154 1152 1248 1194 aut
1278 1142 1547 1210 ignorata,
1594 1152 1645 1195 et
1675 1142 1854 1193 divisit
1882 1157 1909 1192 a
1950 1144 2268 1195 necessariis

690 1236 926 1303 ignorata
947 1278 960 1301 ,
998 1253 1100 1287 linit
1133 1246 1329 1302 pugnat
1356 1248 1537 1288 eontra
1568 1236 1620 1288 id
1664 1235 1804 1302 quod
1835 1233 2078 1301 superius
2109 1234 2263 1295 dixit,

686 1343 748 1378 ea
776 1341 894 1393 qua:
924 1328 1162 1391 ignorata
1203 1335 1327 1376 sunt
1351 1340 1471 1377 esse
1502 1339 1826 1377 necessaria.
1886 1326 2013 1397 Nam
2048 1323 2098 1374 id
2127 1322 2267 1390 quod

687 1426 767 1468 est
800 1417 1098 1483 ignoratum
1130 1416 1201 1467 ita
1228 1416 1620 1483 quodammodo
1649 1416 1835 1467 dividit
1863 1432 1877 1468 :
1907 1416 2265 1483 ignoraturum

688 1503 794 1555 alia
827 1504 1052 1570 quadam
1080 1505 1403 1556 necessitate
1437 1506 1598 1569 liunt,
1632 1504 1755 1554 dum
1788 1512 1880 1555 aut
1912 1503 2054 1556 nulla
2084 1503 2269 1555 volun-

604 1622 607 1625 λ
688 1603 773 1645 tas
800 1604 902 1659 est,
928 1604 1017 1645 aut
1041 1608 1102 1645 ea
1129 1609 1247 1661 qua:
1276 1602 1391 1654 est,
1417 1594 1721 1645 necessitati
1751 1595 1935 1661 nequit
1964 1594 2225 1647 obsistere
2250 1611 2264 1659 ;

687 1686 789 1739 alia
806 1701 955 1753 casu,
986 1701 1105 1738 cum
1133 1688 1182 1738 in
1219 1687 1299 1737 his
1328 1686 1600 1746 faciendis,
1620 1701 1736 1753 qua:
1766 1685 2093 1753 ignorantur,
2128 1689 2266 1739 nulla

688 1779 935 1830 Voluntas
957 1766 1229 1843 estaQund
1251 1779 1408 1844 igitur
1436 1780 1590 1844 dixit,
1620 1781 2047 1845 perturbationes
2075 1783 2258 1844 animi,
2298 1799 2342 1856 Β

693 1914 1053 1926 .—‘______

2374 514 2491 567 sine
2516 514 2675 566 dubio
2696 512 2929 576 sensisse
2959 512 3289 579 intelligitur,
3318 511 3744 578 perturbationes
3764 517 3963 578 animi,

2372 611 2464 654 aut
2498 601 2549 653 in
2579 602 2659 653 his
2690 600 3093 669 essc'ignoratis
3124 600 3176 651 in
3209 599 3400 667 quibus
3434 614 3493 651 ea
3527 582 3818 655 necessitas
3849 617 3961 664 est,

2373 703 2429 744 ut
2457 693 2699 745 voluntas
2723 693 2984 744 obsistere
3014 706 3119 744 non
3146 695 3330 758 possit,
3363 702 3453 743 aut
3482 692 3533 744 in
3560 690 3643 744 bis
3677 692 3727 744 in
3759 695 3962 761 quibus

2372 784 2512 834 nulla
2539 782 2776 833 voluntas
2806 792 2919 845 est,
2977 783 3069 834 sed
3099 782 3169 834 sit
3192 780 3442 834 delictum
3468 786 3714 836 cwcitate
3737 784 3956 850 iudicii,

2373 872 2516 924 Velut
2546 871 2596 924 in
2629 870 2710 923 his
2740 870 2827 939 qui
2866 871 3273 923 immoderatius
3316 872 3513 924 anzoris
3545 872 3818 939 cupiditati
3850 874 3953 926 de.-

2369 962 2641 1015 Serviunt:
2668 971 2758 1013 aut
2788 961 2929 1013 enim
2958 964 3180 1012 conluso
3202 959 3400 1029 judicio
3428 960 3493 1012 ab
3526 962 3803 1016 honestate
3834 963 3952 1014 d.s-

2370 1053 2586 1115 cedunt,
2627 1060 2680 1103 et
2730 1053 2854 1103 dum
2896 1052 3046 1118 quasi
3086 1050 3284 1102 bonum
3319 1062 3606 1118 appetunt,
3643 1053 3692 1102 in
3744 1052 3950 1105 malum

2369 1141 2619 1194 decidunt
2650 1140 2974 1209 ignorantes,
3001 1150 3157 1207 atque
3189 1140 3261 1192 ita
3290 1142 3338 1191 in
3368 1155 3493 1193 casu
3523 1141 3746 1209 quodam
3777 1152 3951 1212 atque

2368 1246 2552 1285 errore
2583 1232 2793 1299 ponitur
2831 1245 2981 1283 amor
3021 1230 3369 1293 immodicus;
3419 1240 3509 1282 aut
3556 1234 3695 1285 novit
3723 1235 3951 1300 quidem

2368 1323 2508 1391 quod
2538 1322 2739 1389 appetit
2774 1335 2897 1374 esse
2944 1322 3245 1383 vitandum,
3287 1321 3378 1373 sed
3406 1320 3622 1389 majoris
3649 1336 3765 1374 actu
3792 1324 3953 1390 cupi-

2369 1416 2550 1468 ditatis
2580 1413 2902 1481 impellitur,
2930 1420 3087 1481 atque
3119 1413 3187 1465 ita
3219 1414 3355 1465 inter
3376 1427 3435 1464 ea
3466 1414 3764 1466 necessaria
3791 1432 3949 1483 ρυιιι-

2371 1519 2475 1575 tur,
2507 1523 2624 1575 quae
2666 1515 2755 1558 aut
2809 1520 2913 1557 non
2954 1504 3151 1558 habent
3180 1504 3534 1564 Vuluulalem,
3574 1513 3665 1556 aut
3694 1519 3809 1557 eam
3871 1508 3942 1557 ita

2370 1596 2634 1649 infirmam
2688 1609 2749 1648 ac
2778 1593 3045 1660 debilem,
3102 1602 3159 1647 ut
3206 1593 3350 1646 nullo
3392 1592 3549 1646 modo
3601 1594 3944 1648 validioribus

2371 1689 2708 1757 passionibus
2729 1687 3013 1739 obnitatur.

1936 2013 2225 2088 LIBER
2281 2009 2695 2088 SEXTUS.

2126 2160 2454 2174 ,σι-ι.-

754 2258 892 2313 Fore
914 2256 1189 2327 quosdam,
1217 2256 1406 2310 Patrici
1440 2256 1714 2309 rhetorum
1746 2257 2067 2323 peritissime
2089 2298 2102 2320 ,
2155 2273 2259 2311 non

684 2347 1054 2407 dubitaverim,
1085 2350 1169 2415 qui
1204 2348 1344 2399 hunc
1377 2349 1427 2398 in
1468 2346 1634 2413 Tepic
1660 2362 1684 2399 s
1715 2348 1961 2402 altiorem
1995 2366 2059 2401 ex
2093 2350 2266 2415 philo-

683 2438 867 2507 sophia
899 2446 1178 2489 tractatum
1215 2437 1357 2488 varia
1403 2438 1791 2491 obtrectatione
1842 2438 2258 2505 reprehendant,

684 2528 803 2597 quia
832 2527 970 2579 inter
1009 2526 1235 2593 logicant
1258 2524 1671 2591 disputationem
1700 2527 1975 2595 physicam
2020 2529 2260 2595 interpo-

683 2617 808 2670 suit.
857 2616 918 2668 ili
968 2630 1092 2667 vero
1120 2625 1264 2679 sunt,
1311 2616 1392 2667 vel
1433 2615 1622 2682 quibus
1656 2618 1755 2669 hoc
1801 2625 1971 2669 totum
2020 2619 2255 2685 philoso-

685 2707 833 2774 phari
862 2705 1169 2771 diSpliceat,
1206 2706 1286 2758 vel
1328 2707 1416 2773 qui
1452 2706 1503 2758 in
1543 2719 1978 2775 argumentorum
2013 2711 2142 2763 lm-is
2170 2729 2262 2765 na-

684 2795 878 2850 turales
910 2794 1195 2847 admisceri
1235 2808 1424 2847 causas
1454 2798 1762 2863 oportuisse
1793 2814 1895 2849 non
1928 2799 2258 2853 existiment.

683 2887 789 2941 Sed
816 2896 997 2938 contra
1031 2886 1233 2951 priores
1260 2885 1498 2952 quidem,
1520 2896 1573 2938 et
1596 2901 1623 2937 a
1650 2887 1723 2939 Μ.
1741 2885 1939 2949 Tullio,
1975 2900 2027 2941 et
2056 2890 2122 2943 ab
2148 2891 2261 2958 ipsa

683 2979 1075 3058 quodammodo
1117 2978 1345 3028 humana
1378 2983 1585 3030 ratione
1607 3019 1622 3041 ,
1675 2994 1793 3046 qua:
1834 2981 1886 3032 in
1919 2992 2061 3032 motu
2092 2985 2260 3049 posita

682 3071 879 3138 aliquid
908 3082 1120 3135 semper
1157 3069 1394 3134 inquirit,
1422 3078 1580 3136 atque
1611 3084 1794 3122 amore
1823 3071 2061 3123 scientia:
2088 3088 2261 3139 neque

683 3162 855 3228 decipi
892 3161 1120 3228 patitur,
1169 3173 1340 3227 neque
1373 3160 1479 3210 ullo
1520 3160 1677 3211 modo
1707 3175 1735 3211 a
1774 3161 2022 3213 veritatis
2053 3162 2258 3216 ratione

684 3254 922 3317 traduci,
972 3267 1113 3319 saepe
1145 3253 1478 3319 multumque
1516 3266 1829 3319 responsum
1866 3261 1967 3306 est.
2014 3253 2103 3306 llis
2131 3269 2257 3307 vero

681 3342 773 3408 qui
802 3341 1216 3409 sequestrandus
1253 3342 1320 3394 ab
1351 3342 1581 3393 oratoria
1618 3342 1865 3395 facultate
1908 3343 2257 3411 pliil0$0phite

681 3432 993 3498 disciplinas
1022 3441 1229 3497 putant,
1266 3433 1696 3498 respondendum
1722 3434 1955 3485 breviter
1985 3429 2253 3488 eiistimo.

682 3520 909 3574 Ratione
924 3519 1136 3583 quidem
1160 3519 1648 3585 reperirilquiddam
1674 3530 1864 3587 potest.
1882 3523 1974 3574 sed
1993 3524 2041 3574 id
2072 3525 2257 3576 melius

682 3619 843 3678 atque
871 3608 1074 3660 facilius
1106 3608 1293 3659 artifex
1326 3608 1519 3672 faciet,
1563 3610 1605 3659 si
1637 3609 1688 3661 in
1713 3624 1874 3675 Opere
1902 3614 2256 3665 construendo

680 3699 809 3753 artis
841 3699 1141 3750 facultatem
1165 3706 1323 3764 atque
1351 3699 1666 3764 elegantiam
1690 3710 1980 3767 comparet.
2020 3700 2074 3753 in
2103 3719 2257 3771 argu-

680 3789 871 3843 mentis
900 3803 1108 3855 quoque
1149 3787 1287 3838 idem
1323 3801 1443 3839 esse
1475 3790 1816 3865 manifestum
1864 3802 1975 3854 est,
2030 3792 2079 3843 vi
2110 3808 2259 3844 nam-

679 3897 782 3949 que
807 3879 1057 3933 naturalis
1084 3878 1279 3946 ingenii
1310 3888 1620 3947 argumenta
1655 3891 1987 3948 promuntur.
2035 3883 2139 3937 Sed
2170 3900 2255 3938 ais

680 3970 982 4022 facultatem
1024 3968 1224 4019 imitata
1255 3979 1456 4020 natura:
1488 3970 1624 4020 viam
1653 3972 1935 4037 quamdam
1969 3972 2257 4027 rationem-

677 4075 781 4131 que
803 4060 1018 4127 reperit,
1047 4073 1146 4127 qua
1175 4058 1225 4111 id
1258 4058 1398 4111 efﬁci
1429 4058 1634 4111 facilius
1659 4077 1720 4111 ac
1751 4061 1939 4114 melius
1971 4063 2162 4129 possit.
2199 4066 2253 4115 In

675 4168 776 4222 qua
800 4166 857 4204 re
883 4151 1092 4204 illorum
1122 4158 1344 4203 neéesse
1368 4161 1453 4203 est
1484 4153 1911 4217 reprehendatur
1935 4170 2107 4222 error,
2165 4173 2195 4224 q
2222 4156 2253 4209 .i

675 4244 999 4297 rhetoricam
1033 4241 1332 4295 facultatem
1360 4244 1657 4295 naturalem
1682 4257 1801 4297 esse
1824 4245 2094 4309 dixerunt,
2117 4262 2250 4314 quo-

677 4337 818 4390 niam
850 4334 1073 4401 quilibet
1116 4336 1277 4386 totius
1307 4335 1438 4386 artis
1463 4336 1670 4388 alit-nus
1692 4345 1745 4387 et
1772 4336 2049 4390 intendere
2083 4341 2131 4390 itt
2172 4340 2251 4391 alo

675 4434 846 4478 terum
869 4415 1172 4485 crim'e'n,'et
1226 4421 1347 4475 sese
1380 4438 1603 4490 purgare
1634 4424 1801 4485 solet,
1855 4433 1909 4479 et
1937 4436 2248 4494 argumento

2371 2257 2413 2310 si
2441 2254 2875 2309 demonstrentur
2895 2250 2996 2305 loci
3032 2251 3083 2303 in
3112 2250 3303 2319 quibus
3334 2258 3642 2318 argumenta
3672 2260 3796 2304 sunt
3819 2248 3937 2305 col-

2370 2348 2564 2401 locata.
2613 2346 2819 2399 Etenim
2850 2355 2903 2396 ut
2925 2345 2967 2398 si
2997 2346 3116 2411 quis
3146 2343 3341 2410 aliquid
3377 2354 3593 2411 qttxrat,
3649 2342 3857 2395 facilius
3881 2342 3936 2395 id

2370 2438 2491 2490 inve
2511 2437 2690 2503 vtigare
2713 2436 2875 2502 possit
2902 2444 3059 2501 atque
3094 2432 3331 2486 invenire
3356 2472 3370 2495 ,
3414 2433 3455 2486 si
3506 2432 3654 2485 locus
3694 2435 3741 2485 ei
3770 2447 3932 2485 mon-

2368 2538 2570 2582 Stretur
2596 2527 2682 2581 ubi
2714 2528 2785 2580 sit
2834 2525 3063 2594 positum
3094 2526 3144 2577 id
3192 2525 3333 2591 quod
3376 2524 3627 2593 inquirit;
3671 2523 3739 2576 ita
3768 2524 3935 2576 etiam

2366 2634 2487 2673 cum
2518 2618 2637 2686 quis
2666 2627 3036 2684 argumentum
3065 2615 3308 2667 invenire
3330 2623 3554 2667 conatur
3573 2654 3588 2676 ,
3635 2612 3681 2666 si
3708 2614 3757 2667 ei
3785 2613 3939 2668 locns

2367 2709 2455 2762 ubi
2476 2717 2845 2776 argumentum
2896 2708 2964 2757 sit
2996 2704 3247 2775 positum,
3280 2703 3600 2766 declaretur,
3628 2702 3833 2756 facilius
3853 2719 3941 2755 ar-

2364 2810 2673 2869 gumentum
2725 2799 2867 2866 quod
2923 2797 3114 2863 quaerit
3139 2796 3333 2849 valebit
3382 2796 3641 2849 invenire.
3695 2794 3768 2847 Ita
3796 2796 3938 2848 enim

2364 2893 2701 2952 Aristoteles,
2732 2900 2785 2943 et
2806 2890 2876 2941 ita
2910 2886 3117 2940 Tullius
3141 2887 3376 2954 appellat
3410 2900 3506 2939 eas
3534 2885 3693 2938 sedes
3720 2883 3777 2936 in
3822 2886 3944 2949 qui-

2364 2984 2462 3037 bus
2504 2992 2813 3049 argumenta
2859 2990 2982 3034 sunt.
3023 2981 3310 3041 collocata,
3338 2979 3388 3031 id
3433 2988 3517 3032 est
3536 2981 3701 3042 locus,
3757 2982 3843 3048 qui
3873 2978 3941 3031 ab

2365 3072 2649 3126 Aristotele
2680 3073 2851 3137 topica
2880 3079 3048 3122 vocati
3078 3079 3222 3123 sunt.
3267 3069 3372 3124 Sed
3409 3070 3656 3139 quoniam
3699 3070 3767 3124 de
3792 3071 3942 3123 sedi-

2288 3132 2332 3193 Ο
2363 3132 2913 3228 busargumeniorutn
2944 3159 3233 3226 loquimur,
3262 3132 3625 3228 iticujusmodi
3644 3160 3748 3213 sint
3780 3162 3940 3228 paulo

2358 3253 2514 3305 altius
2544 3252 2917 3317 expediamus;
2960 3249 3107 3302 locus
3136 3249 3281 3301 enim
3322 3264 3426 3321 non
3459 3265 3566 3303 uno
3592 3250 3749 3304 modo
3773 3251 3934 3304 intel-

2359 3344 2555 3410 ligitur.
2609 3342 2683 3394 Ac
2730 3341 3094 3407 relinquamus
3121 3340 3332 3407 quidem
3364 3354 3456 3393 eos
3491 3342 3640 3395 locos
3670 3358 3803 3411 quos
3837 3342 3933 3395 Vi-

2357 3433 2595 3486 ctorinus
2624 3432 2813 3483 frustra
2838 3440 2998 3498 atque
3018 3429 3449 3483 inconvenienter
3476 3431 3768 3499 interserit,
3789 3433 3936 3485 velut

2357 3538 2451 3576 eos
2479 3523 2565 3589 qui
2588 3535 2811 3589 corpora
2844 3520 3189 3584 concludunt,
3219 3534 3282 3573 ac
3324 3508 3639 3588 simpliciter
3668 3522 3932 3589 intelliga-

2360 3628 2478 3666 mus
2508 3628 2601 3666 eos
2634 3612 2782 3664 locns
2812 3623 3245 3680 argmnentorum
3274 3624 3391 3664 esse
3432 3613 3523 3679 qui
3558 3613 3692 3665 intra
3720 3627 3778 3666 se
3803 3628 3931 3665 con-

2359 3704 2527 3757 tinent
2543 3711 2852 3771 argumenta
2877 3704 2925 3756 in
2951 3702 3147 3770 quibus
3168 3701 3497 3769 exponendis
3519 3704 3777 3770 p05terius
3802 3704 3927 3771 quid

2358 3796 2425 3848 sit
2454 3795 2593 3863 quod
2618 3796 2844 3847 dicimus
2876 3793 3072 3847 clarius
3101 3793 3400 3861 apparebit.
3455 3793 3606 3846 Nunc
3641 3794 3927 3846 communi-

2358 3897 2438 3941 ter
2465 3887 2531 3940 de
2566 3894 2672 3939 tota
2704 3886 2937 3938 locorum
2970 3885 3207 3951 ratione,
3250 3884 3421 3952 deque
3447 3884 3920 3953 argumentatione,

2357 3993 2419 4032 ac
2450 3979 2519 4032 de
2548 3976 2934 4045 quaestionibus
2957 3986 3009 4029 et
3028 3976 3482 4044 propositionibus
3504 3992 3793 4044 earumque
3819 3987 3929 4028 ter-

2358 4069 2515 4122 minis
2540 4068 2752 4121 videtur
2779 4081 2898 4121 esse
2930 4066 3280 4120 tractandum.
3320 4070 3398 4119 Ac
3422 4067 3644 4131 primum
3674 4068 3925 4134 quoniam

2359 4161 2504 4213 locus
2525 4160 2612 4225 qui
2640 4168 2896 4212 tractatur
2924 4160 2974 4210 in
2996 4157 3366 4224 Topicis,<non
3396 4159 3678 4227 cujuslibet
3704 4160 3797 4217 rei,
3823 4158 3920 4210 sed

2356 4260 2558 4304 tantum
2591 4250 2739 4303 locus
2770 4261 2849 4301 est
2889 4248 3218 4316 argumenti,
3290 4252 3534 4315 exposito
3572 4249 3711 4315 prius
3758 4261 3920 4315 argu-

2357 4340 2516 4392 menti
2549 4336 2819 4392 intellectu
2843 4378 2858 4398 ,
2900 4338 3153 4403 deinceps
3184 4338 3251 4391 de
3299 4339 3399 4392 loci
3434 4340 3637 4392 ratione
3665 4339 3923 4391 tractabi-

2356 4446 2491 4482 mus.
2519 4428 2722 4482 Diflinit
2763 4429 2922 4498 igitur
2953 4429 3157 4483 Tullius
3189 4440 3557 4497 argumentum
3587 4431 3685 4483 hoc
3717 4431 3874 4483 modo
3903 4448 3917 4480 :
3966 4436 3983 4449 '

672 4513 871 4583 aliquid
893 4516 1117 4580 probare
1146 4514 1440 4566 contendit.
1470 4514 2096 4581 Reprehendendietiam
2124 4532 2247 4572 sunt
2279 4498 2327 4555 Β
2353 4523 2735 4589 Argumentum
2763 4528 2844 4571 est
2886 4519 3023 4573 ratio
3043 4536 3163 4587 qua:
3189 4521 3265 4573 rei
3318 4520 3491 4573 dubiae
3534 4520 3692 4572 faciat
3739 4522 3919 4573 fidem.

672 4606 762 4673 qui
792 4605 1031 4658 eamdem
1068 4604 1372 4675 facultatem
1406 4604 1456 4656 itt
1482 4607 1591 4657 sola
1622 4615 1738 4660 arte
1772 4609 1991 4673 positam
2022 4623 2141 4663 esse
2169 4610 2249 4663 (ii-

672 4701 904 4745 Xerunt:
936 4693 1171 4758 Oportuit
1208 4694 1348 4747 enim
1388 4708 1481 4747 eos
1518 4696 1977 4761 animadvertere,
2033 4716 2245 4754 otttnem

672 4784 885 4853 quidem
906 4793 1073 4837 artem
1099 4785 1179 4836 sui
1222 4788 1499 4839 materiam
1514 4787 1743 4842 effectus
1774 4805 1836 4842 ex
1866 4800 2051 4843 natura
2083 4792 2251 4845 susci-

678 4891 838 4945 pere,
891 4876 983 4930 sed
1014 4877 1064 4928 in
1097 4891 1159 4930 ea
1191 4884 1366 4930 tamen
1397 4880 1603 4933 ratione
1644 4887 1909 4949 propriam
1944 4882 2247 4937 facultatem

675 4966 1098 5035 elegantiamque
1128 4967 1377 5033 experiri.
1426 4969 1549 5022 lla‘c
1577 4971 1754 5037 itaque
1789 4987 1904 5038 qum
1944 4974 2136 5026 artium
2165 4989 2251 5027 ra-

673 5058 748 5111 tio
775 5059 1012 5126 perlicit,
1057 5056 1125 5109 ab
1154 5056 1414 5122 impetitis
1444 5060 1601 5111 etiam
1644 5060 1756 5114 fieri
1781 5101 1796 5125 ,
1827 5070 2094 5129 utcunque
2124 5079 2249 5117 con-

672 5149 886 5217 tigerit,
948 5158 1185 5215 possunt.
1247 5149 1388 5201 Bene
1417 5159 1591 5202 autem
1630 5166 1692 5204 ac
1716 5150 1869 5205 facile
1885 5166 2042 5205 nemo
2064 5154 2248 5219 efficit,

672 5241 774 5294 nisi
801 5242 930 5293 artis
956 5240 1159 5292 ratione
1190 5237 1346 5291 fuerit
1384 5238 1696 5293 instructus.
1737 5240 1867 5293 Cum
1894 5241 2052 5308 igitur
2082 5246 2243 5299 totius

673 5331 855 5404 operis
882 5332 994 5383 lizec
1042 5330 1111 5383 sit
1140 5330 1359 5382 intentio
1380 5368 1393 5391 ,
1440 5338 1497 5382 ut
1528 5340 1835 5398 argumenta
1864 5346 1983 5400 quae
2025 5334 2244 5388 confusa

673 5434 728 5475 et
760 5422 924 5475 veluti
953 5422 1126 5474 clausa
1158 5430 1345 5474 natura
1384 5422 1714 5489 suppeditat,
1779 5425 2126 5478 artificialiter
2160 5442 2245 5478 ve-

673 5515 951 5584 stigentur,
1007 5513 1130 5581 quid
1160 5514 1230 5567 sit
1256 5528 1351 5581 per
1377 5514 1516 5581 quod
1541 5516 1754 5569 efficere
1781 5516 1830 5567 id
1852 5516 1991 5583 quod
2019 5517 2238 5583 proruit-

675 5605 739 5657 tit
762 5621 847 5658 ars
876 5604 1085 5669 valeat,
1113 5604 1213 5656 sub
1237 5605 1465 5671 exempli
1496 5608 1767 5660 notatione
1794 5606 2158 5662 demonstrat:
2188 5616 2245 5661 ut

675 5694 818 5748 enim
850 5694 1052 5748 facilius
1080 5706 1387 5762 argumenta
1410 5700 1766 5769 reperiantur,
1794 5699 1881 5754 illa
1904 5715 1992 5755 res
2019 5702 2230 5768 efficiet,

2356 4598 2596 4677 Sutnpsit
2627 4611 2783 4678 igitur
2811 4608 3072 4664 rationem
3104 4619 3160 4661 ut
3191 4625 3376 4679 genus.
3400 4609 3596 4663 Omnes
3619 4611 3758 4663 enim
3790 4610 3922 4677 inju-

2354 4702 2481 4754 tiosi
2515 4712 2637 4754 sunt
2665 4700 2757 4769 qui
2790 4701 3050 4755 oratiOnis
3085 4701 3334 4755 virtutem
3367 4716 3397 4753 a
3437 4702 3712 4766 sapientia:
3757 4702 3921 4754 ratio-

2354 4808 2421 4848 ne
2448 4792 2769 4861 sejungunt,
2818 4793 3085 4862 aliamque
3123 4808 3241 4847 esse
3283 4793 3494 4847 dicendi
3535 4804 3703 4848 artem
3734 4795 3917 4855 velint.

2355 4884 2513 4937 aliam
2552 4883 2905 4951 intelligendi.
2952 4884 3083 4938 Nam
3126 4885 3169 4936 si
3202 4884 3333 4937 nihil
3372 4874 3613 4938 oratione
3641 4886 3780 4938 aliud
3811 4886 3920 4955 agi-

2355 4990 2494 5039 mus,
2520 4974 2621 5028 nisi
2671 4976 2891 5029 interius
2931 4977 3161 5046 cogitata
3204 4977 3499 5044 vulgamus,
3556 4991 3675 5044 quae
3720 4977 3953 5033 malum.

2353 5070 2488 5123 ratio
2518 5081 2616 5132 est,
2641 5070 2895 5123 orationis
2922 5070 3238 5138 elegantiam
3272 5085 3298 5120 a
3326 5071 3709 5123 sententiarum
3746 5073 3920 5139 gravi-

2353 5168 2459 5213 tate
2485 5159 2787 5227 seponere?
2810 5159 2939 5225 Quae
2966 5174 3127 5228 porro
3153 5161 3533 5215 sententiarum
3551 5162 3781 5229 gravitas
3801 5176 3920 5214 esse

2355 5260 2557 5319 potest,
2594 5250 2710 5305 sine
2736 5265 2916 5303 earum
2965 5267 3142 5305 rerum
3187 5253 3253 5307 de
3289 5254 3497 5323 quibus,
3526 5254 3807 5308 dicendum
3837 5263 3919 5306 est

2354 5341 2829 5408 comprehensione
2857 5342 2878 5393 ?
2906 5342 3034 5406 Quae
3060 5357 3187 5395 vero
3216 5343 3317 5394 alia
3345 5342 3624 5412 disciplina
3676 5356 3915 5397 naturam

2350 5432 2834 5500 proprietatemque
2864 5448 3042 5486 rerum
3069 5434 3301 5487 omnium
3331 5434 3513 5499 docet,
3548 5442 3625 5488 vel
3656 5450 3774 5505 qua:
3805 5451 3917 5487 om-

2351 5524 2479 5576 nino
2501 5539 2686 5577 eorum
2722 5538 2839 5591 qua:
2860 5525 3080 5593 intelligi
3110 5530 3374 5593 possunt?
3392 5529 3669 5581 scientiam
3701 5530 3916 5597 profite-

2348 5626 2431 5667 tur
2454 5657 2469 5681 ,
2504 5616 2602 5670 nisi
2646 5615 2758 5669 haec
2784 5624 2988 5670 tantum
3028 5634 3088 5670 ex
3119 5632 3222 5685 qua
3254 5632 3351 5670 nos
3385 5630 3545 5685 pauca
3573 5621 3915 5686 pra‘sumpsi-

2349 5723 2467 5761 nius
2497 5706 2880 5779 philosophia?
2929 5723 3047 5777 qua:
3098 5710 3253 5763 longe
3274 5709 3429 5763 aliter
3463 5710 3528 5765 de
3574 5712 3655 5765 his
3686 5713 3829 5782 ipsis‘
3862 5712 3913 5771 in
