4274 6272
398 328 533 423 i157

1272 362 1335 415 IN
1376 361 1615 416 TUPlCA
1655 357 2013 415 CICERONIS
2052 358 2563 417 COMMENTARIA.
2607 361 2715 416 LIB
2754 361 2843 416 VI.

3507 368 3645 422 H58

398 482 613 548 proprio
651 477 968 545 sapientium
999 485 1160 529 tracta
1191 491 1223 527 u
1268 475 1541 543 disputare
1571 474 1726 527 solet.
1787 472 1968 541 Neque
1998 483 2043 538 Α
2075 481 2221 525 certe
2251 482 2410 541 atque
2446 473 2651 527 acutius
2675 490 2769 543 pro
2818 474 2983 543 ipsius
3012 476 3143 549 artis
3197 486 3382 532 natura
3430 482 3644 535 tractari

400 575 470 625 ita
503 571 697 624 cursim
728 580 783 623 ut
812 586 936 632 nos,
967 583 1104 638 qua},
1133 568 1176 621 si
1217 576 1271 620 ut
1297 570 1349 620 in
1383 568 1591 621 illorum
1616 566 1765 619 libris
1807 568 1961 630 solet,

400 661 659 729 prolixius
688 658 1001 712 disserenda
1031 656 1377 724 sumpsissem
1404 695 1419 719 ,
1464 655 1581 722 quis
1611 655 1773 708 lerret
1823 655 1965 707 inso-

398 750 620 804 lentium
653 749 927 801 hominum
973 748 1329 800 temeritatem
1374 755 1663 811 provectus
1707 758 1831 811 suos
1858 743 1967 796 cul-

402 855 530 908 pare
580 841 864 893 volentium
914 838 1104 906 quibus
1148 836 1489 904 provectibns
1521 838 1873 902 proficerent,
1925 836 1966 887 si

396 929 626 983 studiosi
671 929 845 997 potius
872 942 1030 995 quam
1061 924 1268 994 queruli
1296 939 1417 979 esse
1464 924 1728 978 mallent?
1756 924 1861 979 Sed
1892 926 1969 976 his

393 1022 827 1075 contentionibus
854 1034 1024 1088 neque
1051 1018 1271 1086 antiqua
1302 1018 1473 1071 caruit
1512 1030 1673 1079 mtas,
1726 1032 1825 1071 nec
1873 1031 1968 1071 nos

401 1121 471 1167 ita
503 1113 712 1167 delicati
743 1126 963 1176 sumus,
1016 1119 1072 1163 ut
1107 1111 1303 1179 quibus
1328 1108 1577 1177 patientia
1621 1107 1964 1160 doctissimo-

400 1219 514 1256 rum
548 1202 818 1255 hominum
844 1202 1042 1270 saapius
1062 1201 1289 1263 obstitit,
1318 1199 1459 1252 ferre
1493 1198 1743 1256 nolimus,
1775 1198 1898 1249 dum
1917 1206 1971 1249 et

394 1294 637 1360 pluribus
675 1294 928 1363 prodesse
960 1308 1273 1362 possumus,
1331 1302 1385 1345 et
1412 1292 1732 1360 sapientium
1758 1289 1961 1359 judicia

392 1404 807 1457 consequamur.
864 1388 945 1442 Ad
975 1403 1131 1456 quem
1183 1387 1341 1440 linem
1380 1386 1465 1438 hic
1514 1394 1697 1438 noster
1744 1385 1893 1438 labor
1918 1391 1974 1436 et

397 1482 557 1533 totius
587 1483 764 1547 operis
804 1494 1009 1531 summa
1052 1476 1345 1531 contendit.
1397 1475 1502 1530 Sed
1536 1474 1649 1529 haec
1693 1474 1967 1527 hactenus.

397 1569 549 1622 Nunc
581 1580 844 1636 suscepta:
873 1569 1218 1634 expositionis
1250 1568 1489 1619 ordinem
1525 1580 1925 1633 persequamur.

475 1657 601 1710 Toto
624 1659 779 1724 igitur
810 1657 918 1708 loco
949 1672 1216 1707 causarum
1242 1654 1533 1723 explicato,
1574 1670 1637 1705 ea:
1673 1669 1845 1704 earum
1868 1653 1973 1720 dif-

379 1727 610 1820 ..ferentia
642 1749 691 1800 in
722 1750 918 1817 magnis
942 1748 1143 1816 quidem
1170 1748 1338 1798 causis
1360 1747 1435 1798 vel
1473 1754 1731 1797 oratorum
1755 1743 1831 1795 vel
1858 1743 1972 1812 plri-

2071 569 2279 629 potest,
2324 562 2528 616 scilicet
2576 564 2872 619 ubertatem
2922 582 3040 635 quae
3081 569 3296 633 deerat,
3349 572 3645 627 subtilitate

2068 663 2186 716 qua:
2217 650 2616 717 poteratinesse
2640 666 3017 720 eotnpcnsans.
3080 656 3289 711 Habent
3316 659 3455 712 enim
3483 664 3643 713 etiam

2069 740 2168 807 ipsi
2214 744 2485 808 proprium
2514 758 2757 811 campum
2790 747 2840 797 in
2887 761 2993 813 quo
3041 762 3224 801 eorum
3268 751 3437 803 virtus
3478 754 3646 819 possit

2069 833 2290 886 enitere.
2324 832 2421 886 Est
2452 834 2593 886 enim
2648 820 3150 900 juriscmtsultornm
3207 844 3501 907 prudentia:
3536 845 3646 912 pri-

2073 930 2310 974 vatarum
2343 926 2569 990 quaestio
2603 939 2917 989 Causarum,
2966 933 3305 999 maximeque
3342 936 3392 986 in
3418 935 3523 988 iliis
3552 950 3647 991 ne-

2070 1012 2256 1078 gotiis;
2287 1013 2371 1065 hic
2400 1029 2685 1069 causarum
2716 1016 2868 1070 locus
2898 1020 3319 1087 eXami'naliitur,
3361 1027 3411 1077 in
3452 1028 3644 1089 quibus

2071 1102 2223 1155 bona:
2262 1104 2383 1156 lidei
2412 1104 2609 1170 judicia
2642 1117 2946 1159 nectuntur.
2984 1112 3036 1160 tn
3071 1110 3152 1162 his
3181 1112 3320 1164 enim
3353 1114 3443 1181 qui
3489 1116 3645 1170 fuerit

2071 1192 2280 1246 animus
2310 1196 2735 1249 contrahentiutn
2769 1200 2933 1264 quasri
2981 1200 3150 1265 solet,
3185 1201 3272 1269 qui
3314 1204 3643 1271 deprehendi

2074 1282 2157 1333 vix
2206 1284 2433 1349 poterit,
2477 1286 2574 1338 nisi
2622 1289 3043 1353 pra-cedentibus
3095 1294 3269 1344 causis
3300 1294 3643 1361 intelligatur.

2073 1372 2123 1423 lu
2150 1372 2229 1425 his
2260 1376 2648 1441 igiturjudiciis
2677 1377 2729 1429 in
2752 1380 2943 1445 quibus
2973 1380 3183 1434 additur
3207 1392 3261 1434 ut
3290 1398 3350 1435 ex
3377 1385 3511 1437 bona
3539 1386 3642 1440 fide

2066 1459 2347 1527 judicent,
2377 1465 2425 1515 id
2450 1478 2531 1517 est
2563 1466 2650 1517 ubi
2682 1468 2748 1518 ita
2780 1467 2989 1533 judices
3016 1469 3208 1524 dantur
3231 1512 3246 1535 ,
3300 1485 3355 1525 ut
3384 1491 3488 1526 non
3518 1477 3646 1529 stri-

2073 1564 2185 1602 Ctas
2217 1552 2355 1605 inter
2386 1552 2653 1620 litigantes
2683 1557 3052 1623 stipulationes
3076 1599 3089 1622 ,
3138 1563 3229 1613 sed
3265 1566 3454 1616 bat-ant
3487 1566 3643 1621 fidem

2073 1650 2332 1705 quierant,
2382 1641 2642 1709 plurimus
2679 1660 2960 1699 causarum
3006 1663 3132 1701 usus
3170 1663 3247 1702 est
3290 1668 3301 1702 :
3349 1655 3557 1708 additur
3590 1666 3648 1709 ut

2075 1730 2211 1783 inter
2237 1732 2404 1785 bonos
2435 1733 2572 1788 bene
2602 1736 2685 1804 agi
2717 1750 2959 1805 oportet,
3003 1742 3414 1798 considerantur
3442 1765 3642 1817 mores,

396 1841 724 1910 “sophorum
769 1856 955 1908 magna
991 1850 1409 1907 argumenwrum
1445 1837 1666 1903 δκρραει
1704 1837 1882 1905 copia.
1916 1836 1971 1887 εη
2002 1842 2047 1900 Β
2076 1822 2410 1891 inquiruntur
2447 1830 2705 1892 consilia;
2759 1835 3011 1887 statuitur
3036 1837 3267 1902 quibus,
3310 1842 3541 1908 quidque
3577 1845 3645 1897 de

398 1934 570 1986 restris
600 1940 764 1982 autem
785 1931 828 1981 si
856 1946 955 1982 non
985 1930 1203 1991 uberior,
1227 1939 1276 1979 at
1328 1928 1543 1989 fortasse
1564 1926 1830 1986 subtilior;
1862 1925 1970 1989 pri-

392 2034 514 2075 tata
543 2022 675 2074 enim
692 2020 896 2090 judicia
929 2019 1268 2070 maximarum
1312 2016 1515 2083 quidem
1543 2030 1714 2066 rerum
1745 2015 1794 2064 in
1817 2014 1973 2079 juris-

398 2113 747 2166 consultorum
782 2111 902 2162 mihi
923 2110 1153 2161 videntur
1173 2122 1283 2161 esse
1308 2106 1595 2173 prudentia.
1645 2102 1781 2157 Nam
1808 2113 1855 2153 et
1881 2102 1974 2153 ad-

397 2216 515 2255 sunt
538 2206 774 2270 multum,
806 2212 851 2253 et
872 2200 1176 2253 adhibentur
1203 2200 1255 2250 in
1284 2197 1496 2250 consilia
1517 2235 1530 2260 ,
1556 2206 1601 2248 et
1630 2197 1861 2265 patronis
1889 2194 1971 2244 di-

399 2292 668 2358 ligentibus
697 2292 763 2342 ad
784 2306 958 2343 eorum
1003 2289 1331 2357 prudentiam
1370 2283 1779 2353 confugientibus
1802 2284 1974 2334 Itas'as

392 2383 706 2435 ministrant.
756 2380 819 2433 1η
842 2380 1072 2433 omnibus
1096 2380 1252 2447 igitur
1262 2380 1477 2446 judiciis
1498 2379 1550 2429 in
1581 2377 1762 2445 Quibus
1780 2390 1843 2428 ea:
1872 2375 1974 2439 ﬁde

391 2481 530 2527 bona
558 2485 628 2526 est
650 2474 901 2533 additum,
927 2472 1123 2537 primus
1144 2486 1413 2522 causarum
1442 2485 1559 2521 usus
1613 2477 1707 2531 est,
1746 2476 1802 2519 ut
1842 2466 1974 2517 inter

394 2565 555 2616 bonos
596 2564 714 2615 bene
744 2562 827 2629 agi
869 2569 1085 2629 Oportet.
1142 2558 1206 2611 In
1254 2562 1525 2629 primisque
1554 2558 1605 2609 in
1652 2557 1864 2609 arbitrio
1900 2555 1973 2608 rei

395 2654 614 2714 uxoria’,
638 2654 687 2703 in
719 2668 817 2719 quo
849 2659 920 2703 est
958 2651 1079 2717 quid
1098 2652 1298 2713 melius,
1328 2649 1519 2713 aquius
1544 2649 1713 2717 parati
1740 2663 1846 2699 esse
1881 2648 1972 2697 de-

402 2750 510 2793 oent
576 2739 662 2790 Illi
691 2741 864 2792 dolum
886 2744 1074 2793 nmium
1096 2779 1109 2801 ,
1143 2739 1220 2790 illi
1248 2740 1400 2806 ﬁdem
1424 2740 1638 2802 bonum,
1664 2738 1744 2790 illi
1774 2752 1971 2804 a'qttunt

399 2832 618 2894 bonum;
666 2831 743 2881 illi
765 2831 888 2897 quid
921 2832 1112 2881 socium
1148 2831 1304 2881 socio.
1360 2829 1496 2893 Quid
1523 2845 1635 2881 eum
1666 2829 1751 2897 qui
1776 2828 1973 2897 negotia

396 2920 568 2972 aliena
597 2930 842 2983 curasset,
870 2918 916 2970 ei
947 2920 1096 2986 cujus
1118 2934 1175 2969 ea
1201 2918 1400 2986 negotia
1433 2918 1666 2985 fuissent.
1697 2918 1831 2981 Quid
1855 2931 1973 2968 eum

392 3012 487 3063 aui
512 3010 824 3073 mandasset,
858 3025 1028 3060 eumve
1047 3008 1129 3059 cui
1152 3009 1451 3061 mandatum
1485 3019 1634 3072 esset,
1662 3011 1879 3060 alterum
1902 3007 1975 3058 al-

396 3101 495 3153 teri
520 3110 758 3168 praestare
778 3106 1044 3166 Oporteret.
1068 3096 1203 3160 Quid
1235 3099 1396 3149 rirum
1420 3100 1588 3159 uxori,
1607 3100 1730 3166 quid
1760 3113 1970 3149 uxorem

2078 1918 2253 1969 causis
2293 1918 2722 1975 administratum
2756 1926 2844 1978 sit.
2894 1927 2950 1980 In
3006 1929 3297 1995 primisque
3350 1934 3402 1985 in
3447 1934 3649 2000 judicio

2080 2006 2287 2059 uxoria:
2328 2010 2404 2060 rei
2456 2010 2759 2066 uberrimus
2804 2028 3081 2069 causarum
3120 2030 3369 2076 tractatus
3400 2034 3501 2077 est.
3559 2027 3650 2078 Est

2076 2104 2252 2149 autem
2301 2097 2560 2165 judicium
2593 2104 2794 2156 uxoritn
2822 2107 2898 2158 rei
2923 2146 2937 2169 ,
2974 2109 3180 2175 quoties
3207 2122 3328 2177 post
3355 2114 3646 2169 divortium

2078 2184 2145 2237 de
2176 2185 2300 2239 dote
2330 2192 2601 2242 contentio
2635 2202 2733 2244 est.
2793 2192 2899 2247 Dos
2944 2197 3085 2250 enim
3142 2198 3267 2251 licet
3312 2205 3649 2258 matrimonio

2077 2285 2356 2330 constante
2382 2278 2434 2331 in
2465 2281 2615 2333 bonis
2642 2282 2740 2334 viri
2768 2283 2869 2347 sit,
2910 2293 2993 2337 est
3015 2296 3187 2340 tamen
3224 2290 3274 2341 in
3307 2292 3484 2344 ttxotis
3506 2294 3647 2360 jure,

2077 2375 2132 2417 et
2166 2353 2284 2432 post
2315 2367 2600 2422 divortium
2627 2373 2767 2424 velut
2792 2387 2877 2427 res
2905 2378 3086 2429 uxoria
3125 2378 3231 2445 peti
3261 2388 3451 2449 potest.
3506 2353 3649 2449 .Qua:

2075 2455 2292 2523 quidem
2325 2457 2423 2511 dos
2445 2459 2709 2514 interdum
2742 2463 2823 2516 his
2852 2467 3244 2523 conditionibus
3273 2472 3388 2525 dari
3419 2473 3647 2540 solebat,

2079 2555 2134 2597 ut
2180 2546 2224 2598 si
2276 2548 2414 2600 inter
2442 2548 2607 2602 virum
2639 2567 2964 2623 uxoremque
2993 2558 3273 2613 divortium
3321 2564 3647 2632 contigisset,

2078 2636 2219 2701 quod
2246 2636 2438 2690 melius
2484 2640 2688 2705 aequius
2717 2654 2879 2707 esset,
2912 2645 3051 2713 apud
3109 2649 3279 2701 virum
3325 2665 3646 2720 remaneret,

2075 2728 2334 2791 reliquum
2364 2731 2504 2784 dotis
2529 2736 2901 2788 restitueretur
2923 2737 3074 2789 uxori
3097 2779 3112 2803 ,
3145 2739 3197 2791 id
3224 2750 3305 2795 est
3337 2752 3390 2794 ut
3420 2746 3560 2812 quod
3584 2761 3650 2799 ex

2074 2816 2197 2871 dote
2222 2820 2513 2885 judicatum
2546 2824 2732 2877 luisset
2772 2827 2971 2880 melius
3007 2830 3211 2897 aequius
3255 2846 3372 2886 esse
3421 2844 3476 2887 ut
3505 2836 3643 2903 apud

2074 2910 2244 2962 virum
2278 2923 2552 2978 maneret,
2587 2916 2641 2988 id
2672 2915 2753 2968 vir
2780 2918 2876 2970 sibi
2901 2918 3196 2985 retineret;
3225 2925 3363 2992 quod
3394 2939 3520 2979 vero
3543 2941 3650 2979 non

2074 3010 2216 3053 esset
2246 3004 2434 3055 melius
2461 3005 2664 3070 :Bquius
2689 3007 2826 3072 apud
2844 3010 3011 3062 virum
3037 3025 3273 3077 manere,
3296 3014 3343 3066 id
3369 3029 3499 3067 uxor
3528 3026 3645 3081 post

2072 3089 2358 3143 divortium
2389 3093 2671 3160 reciperet.
2712 3098 2767 3148 ln
2798 3112 2904 3164 quo
2924 3100 3126 3165 judicio
3158 3118 3259 3154 non
3288 3113 3488 3158 tantum
3520 3108 3651 3163 boni

394 3188 505 3239 υῑνο
536 3188 877 3241 ιναάέάτηηι,
912 3186 1098 3239 Licebit
1129 3188 1306 3256 igitur,
1334 3189 1601 3257 diligenter
1644 3189 1857 3259 cogniti;
1884 3203 1965 3237 ην.
2001 3208 2046 3269 C
2082 3191 2270 3234 natura
2300 3185 2527 3249 Spectari
2558 3186 2721 3250 solet,
2778 3203 2958 3241 verum
2989 3191 3148 3243 etiam
3182 3198 3510 3262 comparatio
3558 3200 3652 3251 bo-

396 3287 752 3344 gumentorum
781 3276 924 3338 locis,
957 3294 1055 3328 non
1076 3278 1225 3329 modo
1256 3281 1537 3330 oratoribus
1563 3288 1608 3331 et
1629 3279 1968 3347 pltilosOp/tis,

399 3367 488 3417 sed
508 3368 646 3436 juris
676 3369 824 3420 etiam
859 3369 1031 3435 peritfs
1062 3368 1265 3436 copiose
1291 3369 1352 3421 de
1384 3370 1844 3422 consultationibus
1866 3371 1970 3423 suis

397 3458 681 3527 disputare.

471 3548 651 3600 Diviso
676 3562 957 3602 causarum
1002 3549 1119 3604 loco
1162 3561 1319 3619 atque
1370 3551 1561 3606 ordine
1593 3551 1703 3606 suis
1733 3554 1972 3620 partibus

397 3638 701 3701 distributo,
724 3638 791 3692 de
818 3640 919 3692 loci
947 3642 1186 3707 ejusdem
1220 3642 1487 3705 facultate,
1522 3643 1820 3711 quibusque
1844 3643 1973 3697 ube-

398 3730 541 3795 rius,
571 3730 863 3798 quibusque
891 3733 1163 3799 angustius
1202 3734 1664 3798 accommodetur,
1723 3734 1796 3786 uti
1828 3748 1972 3803 saepe

399 3820 643 3873 Ciceroni
685 3835 800 3873 mos
831 3830 948 3885 est,
984 3822 1221 3876 disserit.
1275 3825 1508 3877 Primum
1556 3826 1733 3890 enim,
1776 3826 1968 3894 inquit,

399 3910 705 3961 oratoribus
728 3926 789 3962 ac
841 3911 1193 3981 philosophis,
1238 3929 1466 3981 quorum
1514 3917 1568 3967 in
1598 3914 1973 3982 disputationi-

401 3999 501 4053 bus
534 3999 673 4066 larga
704 4002 922 4053 materia
947 4011 1049 4067 est,
1075 4005 1237 4056 multa
1268 4021 1334 4057 ex
1360 4020 1639 4059 causarum
1675 4008 1793 4061 loco
1814 4024 1975 4077 argu-

400 4101 701 4145 mentorum
739 4094 975 4160 suppetit
1003 4096 1177 4160 enpia.
1221 4093 1531 4150 Communis
1571 4101 1767 4167 quippe
1797 4112 1975 4153 orato-

400 4184 546 4237 ribus
589 4199 649 4237 ac
696 4185 1023 4253 philosophis
1063 4185 1146 4239 hic
1198 4187 1345 4241 locus
1385 4203 1504 4243 esse
1534 4191 1857 4257 prospicitur
1884 4194 1973 4260 qui

398 4282 481 4325 est
502 4288 530 4325 a
553 4275 725 4327 causis
747 4316 760 4335 ,
795 4276 876 4328 his
890 4285 1108 4329 naturas
1133 4292 1308 4330 rerum
1340 4278 1480 4346 quod
1510 4289 1593 4333 est
1623 4282 1977 4348 philosophia;

400 4367 691 4432 preprium,
738 4367 844 4419 illis
870 4369 1008 4436 quod
1060 4372 1308 4424 oratoria:
1360 4371 1629 4426 facultatis
1673 4384 1787 4442 est,
1839 4376 1975 4428 facta

405 4454 763 4519 probantibus.
819 4458 948 4510 Nam
997 4470 1196 4514 etcum
1246 4477 1333 4516 res
1382 4464 1636 4531 quaslibet
1672 4468 1954 4534 quaeritur,

402 4545 519 4611 ejus
565 4560 738 4599 causa;
780 4564 807 4599 a
846 4549 1176 4616 phitosotihis
1218 4555 1471 4624 vestigari
1528 4557 1725 4611 solent.
1770 4558 1970 4625 Quibus
1999 4580 2052 4639 Β

402 4638 711 4704 praemissis,
743 4648 799 4691 ut
823 4642 1064 4706 superius
1086 4642 1284 4695 dictmn
1312 4653 1427 4708 est,
1461 4648 1752 4699 comitatur
1791 4649 1969 4700 statim

399 4725 539 4793 quod
569 4728 989 4782 coiicludeudum
1013 4738 1120 4797 est,
1162 4742 1215 4785 et
1246 4744 1489 4786 oratores
1517 4736 1581 4787 ad
1614 4736 1969 4803 suspicionem

400 4817 717 4871 movendam
748 4820 1191 4889 detergendamve
1241 4824 1496 4876 factorum
1553 4839 1747 4878 causas
1792 4828 1971 4896 requi-

401 4916 543 4957 runt.
602 4906 710 4960 lloc
741 4908 932 4976 quippe
957 4910 1146 4963 stabile
1168 4911 1221 4963 in
1256 4911 1529 4966 hominum
1565 4915 1829 4969 mentibus
1859 4932 1973 4969 ma-

399 5005 518 5056 net,
570 4998 707 5062 quod
741 5014 909 5066 neque
940 4999 1169 5065 factum,
1205 5006 1375 5071 neque
1408 5019 1494 5058 res
1533 5004 1637 5057 ulla
1684 5017 1879 5072 praeter
1910 5007 1974 5060 il-

400 5086 499 5139 lam
519 5089 752 5141 omnium
783 5090 1074 5158 principem
1098 5102 1365 5156 naturam,
1397 5094 1511 5147 sine
1535 5096 1765 5162 propriis
1798 5098 1973 5150 eausis

401 5182 566 5242 possit
597 5179 845 5233 existere.
877 5180 992 5246 Quo
1020 5182 1077 5234 lit
1110 5192 1167 5237 ut
1205 5184 1509 5237 uberrimus
1537 5201 1819 5240 causarum
1844 5203 1973 5241 usus

399 5268 472 5320 sit
498 5270 547 5320 in
576 5270 844 5324 rhetorum
876 5275 1208 5329 orationibus
1230 5316 1247 5341 ,
1292 5277 1843 5347 philosophorumque
1868 5289 1974 5333 tra-

398 5370 563 5412 ctatu.
594 5361 698 5414 Sed
732 5372 784 5414 ut
809 5364 949 5416 hunc
970 5364 1207 5419 libellum
1239 5369 1306 5419 M.
1342 5367 1545 5420 Tullius
1576 5370 1838 5432 scribens,
1865 5369 1976 5435 ple-

399 5461 560 5513 raque
589 5452 766 5505 omnia
796 5451 1046 5506 Trebatio
1074 5456 1286 5510 dedisse
1316 5456 1561 5522 videatur
1580 5500 1594 5522 ,
1632 5459 1773 5511 hunc
1803 5460 1975 5513 locum

396 5536 531 5606 juris
560 5555 770 5609 quoque
814 5544 1071 5597 consultis
1110 5546 1421 5600 atu-ibutum
1470 5563 1588 5603 esse
1620 5549 1977 5616 demonstrat,

398 5631 620 5686 dicens:
656 5635 764 5689 Etsi
795 5636 897 5689 non
931 5647 1032 5690 tam
1077 5639 1268 5694 uberes
1314 5645 1744 5709 opportunitates
1787 5644 1980 5700 habeat

403 5724 490 5779 hic
518 5728 662 5783 locus
693 5728 743 5783 in
771 5728 1200 5799 jurisperitorum
1228 5734 1664 5803 responsionibus
1732 5736 1979 5791 subtilius

2078 3286 2263 3325 norum
2323 3274 2397 3335 lit,
2457 3287 2515 3327 ut
2569 3292 2673 3329 non
2723 3288 2826 3330 tam
2859 3281 2998 3348 quod
3030 3297 3277 3351 aequum,
3312 3288 3403 3339 sed
3450 3291 3639 3344 melius

2076 3362 2383 3430 tequiusque
2410 3373 2493 3417 est
2518 3366 2565 3418 id
2596 3368 2926 3435 sequendum
2955 3374 3042 3423 sit.
3060 3372 3187 3438 Qua:
3219 3378 3395 3428 omnia
3418 3392 3478 3431 ex
3511 3369 3650 3445 pra:

2074 3453 2387 3507 cedentibus
2433 3456 2610 3509 causis
2654 3456 2962 3527 investigari
3011 3464 3204 3515 solent.
3274 3465 3402 3518 Nam
3443 3468 3488 3519 si
3553 3469 3649 3522 viri
3720 3518 3724 3525 .

2076 3544 2231 3612 culpa
2263 3545 2545 3600 divortium
2576 3549 2770 3602 factum
2802 3564 2911 3615 e5t,
2959 3556 3161 3620 mquius
3194 3558 3383 3610 melius
3411 3566 3493 3612 est
3521 3562 3653 3616 nihil

2077 3635 2221 3702 apud
2248 3637 2414 3690 virum
2439 3655 2677 3693 manere.
2731 3641 2787 3696 Si
2820 3641 3059 3699 mulieris
3105 3654 3188 3698 cst
3226 3634 3409 3716 Culpa,
3446 3653 3653 3719 aaquius

2079 3726 2271 3779 melius
2293 3737 2375 3780 est
2406 3741 2622 3782 sextans
2651 3734 2893 3786 retineri.
2936 3735 2990 3787 lu
3025 3737 3212 3803 hisque
3245 3742 3490 3795 omnibus
3516 3746 3655 3810 peri-

2078 3817 2267 3870 tissimi
2307 3818 2675 3887 juriscmtsulti
2711 3838 2830 3877 esse
2853 3825 3077 3892 debent;
3133 3845 3238 3896 quo
3276 3831 3332 3883 lit
3370 3842 3424 3885 ut
3455 3834 3653 3889 Treba-

2080 3900 2210 3960 titim
2242 3924 2453 3977 quoque
2500 3912 2741 3965 hortetur
2772 3915 2836 3965 ad
2870 3917 3125 3969 studium.
3178 3919 3336 3973 Multa
3361 3925 3504 3977 enim
3535 3941 3655 3981 esse

2076 3999 2223 4065 dicit,
2253 4018 2370 4068 qua:
2398 4017 2581 4055 eorum
2615 4019 2831 4069 operam
2863 4017 3191 4073 exspectant.
3245 4011 3324 4064 Illi
3348 4015 3522 4077 enim,
3572 4019 3653 4069 in-

2076 4094 2207 4159 quit,
2241 4093 2420 4145 dolum
2453 4094 2674 4157 ntalutn,
2707 4095 2781 4146 illi
2807 4096 2997 4148 bonam
3028 4097 3208 4162 fidem,
3259 4100 3334 4153 illi
3362 4118 3569 4170 mquum
3601 4115 3657 4158 et

2077 4184 2296 4247 bonum,
2328 4184 2407 4236 illi
2431 4185 2591 4236 etiam
2621 4185 2747 4252 quid
2775 4188 2950 4238 socius
2980 4191 3128 4241 socio
3158 4202 3410 4256 priestare
3439 4192 3651 4259 debeat,

2077 4275 2201 4342 quid
2220 4274 2263 4328 is
2293 4275 2381 4343 qui
2412 4275 2642 4328 alienum
2676 4276 2725 4328 in
2760 4292 2816 4329 se
2845 4279 3133 4345 gerendum
3167 4291 3358 4348 sponte
3383 4284 3653 4350 negotium

2077 4369 2436 4432 suscepisset,
2472 4366 2695 4434 eicojus
2722 4367 2772 4420 id
2807 4370 3075 4436 negotium
3100 4369 3299 4437 fuerat,
3333 4375 3456 4442 quid
3490 4375 3533 4427 is
3563 4378 3654 4443 qui

2076 4458 2406 4511 mandaverit
2452 4459 2499 4511 ci
2539 4463 2621 4510 cui
2670 4450 3000 4513 mandaverit
3050 4475 3268 4515 suorum
3313 4464 3648 4532 negotiorum

2078 4550 2345 4615 actiones,
2376 4549 2502 4619 quid
2534 4551 2614 4603 vir
2642 4552 2828 4616 uxori,
2869 4552 2995 4620 quid
3030 4568 3163 4605 uxor
3192 4555 3305 4607 viro
3335 4555 3652 4621 tradiderit;

2080 4656 2198 4709 qua:
2227 4642 2401 4693 omnia
2429 4641 2493 4693 ad
2529 4645 2820 4709 posteriora
2852 4656 3026 4695 causas
3050 4653 3205 4709 sunt,
3257 4655 3415 4711 atque
3462 4646 3656 4700 exinde

2076 4731 2275 4801 judicia
2308 4742 2607 4785 sumuntur.
2651 4732 2854 4787 Idcirco
2885 4734 3056 4797 enim,
3086 4735 3233 4789 verbi
3264 4748 3465 4803 gratia,
3489 4736 3657 4803 quod-

2081 4825 2208 4877 libet
2239 4824 2368 4877 illud
2395 4823 2557 4893 judex
2590 4825 2936 4893 pronuntiare
2960 4826 3118 4881 debet
3160 4828 3214 4880 in
3257 4828 3437 4882 uxoris
3474 4844 3535 4881 ac
3558 4828 3655 4883 viri

2080 4929 2258 4981 causa,
2283 4915 2405 4983 quia
2426 4917 2594 4968 virum
2621 4917 2719 4971 hoc
2736 4926 2990 4985 praestare
3015 4929 3218 4987 oportet
3248 4921 3430 4983 uxori;
3455 4919 3655 4974 idcirco

2080 5006 2241 5059 etiam
2272 5006 2520 5060 mandato
2552 5010 2627 5061 rei
2652 5011 2735 5062 cui
2763 5010 3113 5073 mandaverit,
3138 5011 3400 5079 obligatus
3423 5026 3543 5065 esse
3566 5013 3652 5080 juo

2079 5095 2338 5150 dicandus
2364 5106 2445 5151 est
2470 5137 2484 5161 ,
2526 5101 2647 5165 quia
2682 5099 2820 5153 inter
2859 5103 3225 5154 mandatorum
3265 5114 3657 5171 susceptorem-

2080 5202 2185 5254 que
2223 5189 2417 5256 negOtii
2450 5189 2578 5243 illud
2616 5201 2698 5243 est
2746 5191 3166 5256 observandum,
3229 5194 3405 5245 omnia
3449 5209 3657 5261 quolue

2080 5292 2199 5345 quae
2230 5280 2452 5347 quisque
2480 5281 2630 5333 alteri
2670 5292 2923 5347 praestare
2966 5282 3152 5348 debet,
3186 5297 3246 5337 ea
3276 5284 3327 5335 in
3366 5284 3656 5337 tractandis

2076 5366 2486 5436 iudicandisque
2533 5372 2757 5438 negotiis
2795 5385 2970 5423 causa:
3020 5381 3164 5425 sunt.
3206 5373 3459 5439 Quocirca
3512 5385 3658 5429 recte

2085 5458 2371 5521 conclusit,
2406 5458 2690 5528 diligenter
2718 5463 2943 5529 cognitis
2964 5476 3397 5533 argumentorum
3427 5468 3578 5535 locis,
3603 5478 3657 5521 et

2083 5548 2414 5613 oratoribus‘,
2471 5560 2525 5605 et
2556 5552 2922 5621 philosophis,
2980 5554 3454 5620 et‘jurisconsultis
3502 5576 3657 5628 argu-

2084 5649 2386 5693 mentorum
2414 5643 2619 5710 copiam
2647 5658 2751 5696 non
2776 5644 3095 5698 defuturam.

2153 5733 2469 5802 Coujunctus
2498 5736 2617 5791 huic
2646 5754 2916 5821 causarum
2956 5738 3067 5791 (dco
3102 5740 3187 5795 ille
3211 5742 3348 5797 lorus
3381 5753 3452 5797 cst
3472 5745 3559 5812 qui
3579 5748 3660 5814 cf-
