4274 6272
688 347 825 402 “59

1887 327 1998 382 AN.
2041 324 2244 381 MANL.
2287 323 2435 378 SEV.
2478 320 2698 377 BOETII

3786 313 3925 365 MBO

687 458 858 528 ficitur
883 470 946 508 ea;
973 433 1178 504 causis:
1217 453 1270 499 ut
1295 445 1427 498 enim
1453 457 1610 495 causa
1635 440 1758 510 quid
1783 438 1846 492 sit
1867 438 2100 505 eﬂ'ectum
2124 436 2253 489 indi-
2283 447 2335 506 Α
2363 444 2456 500 est,
2496 434 2607 500 pari
2639 432 2803 503 gloria
2828 431 3009 485 debent
3038 446 3144 486 esse
3166 430 3219 484 hi
3251 430 3342 500 qui
3372 429 3642 484 consulunt
3681 437 3728 480 et
3751 427 3804 479 lii
3833 429 3932 496 qui

687 559 792 614 cat,
821 546 892 597 sic
919 541 1049 609 quod
1070 537 1303 605 eﬂ'ectum
1328 544 1419 600 est,
1447 548 1559 601 qua:
1578 532 1727 600 fuerit
1750 544 1905 581 causa
1922 528 2248 580 demonstrat.

690 638 792 690 Hic
820 635 961 686 locus
1002 628 1324 694 suppeditare
1363 625 1485 677 solet
1517 621 1799 676 oratoribus
1828 627 1875 671 et
1902 617 2092 687 poetis,
2124 631 2255 685 saepe

687 726 840 777 etiam
879 720 1195 790 philusOphis
1219 757 1233 778 ,
1268 717 1355 768 sed
1391 714 1469 766 his
1498 713 1583 781 qui
1616 720 1789 763 ornate
1819 717 1866 760 et
1893 708 2089 775 copiose
2118 705 2256 773 loqui

653 880 657 883 ,
690 821 937 882 possunt,
979 809 1261 862 mirabilem
1305 806 1503 872 copiam
1556 801 1787 867 dicendi,
1817 814 1931 850 cum
1957 795 2255 848 denuntiant

691 904 810 973 quid
841 919 903 957 ex
927 916 1123 970 quaque
1155 915 1208 951 re
1233 898 1293 949 sit
1324 899 1574 964 futurum.
1622 890 1907 944 Causarum
1928 889 2058 941 enim
2086 887 2258 956 cogniv

693 997 763 1047 tio
781 995 1126 1063 cognitionem
1151 997 1438 1041 eventorum
1479 984 1623 1052 facit.

765 1085 950 1138 Umnia
977 1096 1095 1150 qua:
1127 1078 1192 1132 ad
1217 1095 1276 1132 se
1312 1077 1617 1130 referuntur
1649 1081 1793 1125 recte
1840 1068 2086 1122 dicuntur
2135 1079 2258 1120 esse

691 1174 1012 1242 canjuncta;
1071 1170 1181 1236 ipsa
1211 1167 1351 1221 enim
1403 1163 1591 1216 relatio
1621 1175 1796 1213 rerum
1841 1157 2010 1211 ellicit
2039 1154 2259 1221 conjun-

694 1265 958 1324 ctiouem;
990 1259 1128 1327 quod
1159 1259 1202 1310 si
1235 1271 1392 1309 causa
1413 1253 1634 1320 alicujus
1661 1265 1819 1303 causa
1849 1258 1964 1312 est,
1998 1262 2100 1300 non
2129 1247 2260 1299 alte-

693 1353 825 1414 rius,
843 1348 942 1402 uisi
971 1332 1303 1400 sui'ell‘ecms
1332 1351 1412 1394 est
1438 1354 1620 1403 causa,
1638 1338 1867 1404 itemque
1889 1335 1936 1386 si
1963 1342 2046 1387 est
2068 1330 2258 1398 aliquis

695 1442 914 1496 elIectus
939 1483 952 1505 ,
1008 1453 1074 1491 ex
1103 1448 1382 1489 cauSarum
1427 1431 1700 1497 principiis
1730 1427 1912 1490 venit;
1955 1427 2075 1492 jure
2101 1424 2260 1490 igitur

695 1532 764 1584 ab
793 1529 998 1582 eﬂ'ectis
1035 1527 1183 1577 locus
1206 1564 1220 1586 ,
1253 1535 1529 1573 causarum
1555 1521 1671 1570 loco
1701 1516 1863 1569 debet
1891 1527 2008 1567 esse
2038 1515 2256 1578 conjun—

694 1631 834 1674 ctus.
879 1617 1138 1684 Quoniam
1183 1628 1308 1665 vero
1354 1626 1565 1677 semper
1595 1624 1714 1676 qua:
1759 1605 1823 1659 ad
1865 1621 1925 1658 se
1962 1604 2261 1658 referuntur

693 1717 1004 1776 aequantur,
1059 1715 1277 1754 necesse
1303 1708 1384 1751 est
1406 1738 1420 1762 ,
1452 1712 1570 1764 qua:
1621 1697 1832 1748 ubertas
1862 1698 1930 1745 sit
1958 1706 2258 1756 causarum,

2355 526 2653 592 defendunt;
2685 536 2734 575 at
2760 525 2893 590 quod
2926 525 3146 590 primum
3171 531 3262 588 est,
3293 525 3430 591 quod
3457 522 3685 590 sequitur
3715 521 3888 588 igitur.

2425 615 2607 668 Omnis
2649 614 2973 680 comparatio
3017 614 3211 682 duplex
3242 622 3323 667 est
3355 631 3366 665 :
3401 621 3491 665 aut
3527 612 3672 665 enim
3699 609 3928 678 aequalia

2357 705 2567 759 sibimet
2607 713 2996 772 comparantur,
3028 714 3118 756 aut
3148 704 3456 770 inthnalia;
3489 701 3582 755 sed
3615 701 3668 753 in
3700 702 3782 752 liis
3810 714 3932 766 quas

2357 805 2477 848 sunt
2505 794 2725 862 aequalia
2754 808 2964 860 semper
2991 792 3174 844 eadem
3213 807 3331 844 esse
3370 800 3591 843 notatur
3630 788 3928 857 aequalitas.

2358 883 2637 952 luazqualia
2667 897 2842 936 autem
2888 883 2940 934 in
2965 882 3170 950 gemina
3203 881 3367 934 veluti
3405 881 3643 934 membra
3678 877 3930 931 dividuo!-

2361 985 2464 1038 tur,
2498 975 2718 1026 minoris
2747 973 2950 1026 scilicet
2975 982 3133 1040 atque
3161 970 3396 1038 majoris.
3424 969 3556 1022 Nam
3587 968 3726 1037 quod
3755 967 3932 1020 minus

2360 1074 2461 1128 est,
2481 1078 2587 1116 non
2619 1077 2710 1129 per
2737 1076 2796 1114 se
2820 1062 2990 1114 minus
3017 1070 3118 1122 est,
3137 1061 3230 1113 sed
3255 1057 3655 1126 comparatione
3687 1056 3928 1122 majoris.

2359 1152 2594 1220 Itemque
2630 1151 2769 1220 quod
2805 1152 2972 1219 majus
3005 1163 3107 1215 est,
3145 1151 3368 1202 minoris
3403 1147 3802 1214 comparatione
3846 1148 3931 1196 di:

2359 1241 2495 1293 titur
2524 1240 2714 1308 majus.
2756 1239 2884 1306 Qua:
2918 1254 3038 1292 cum
3077 1239 3148 1292 ita
3197 1241 3325 1302 sint,
3371 1235 3567 1290 dividit
3606 1250 3760 1302 atque
3799 1249 3933 1288 ante

2361 1330 2540 1385 oculos
2592 1331 2739 1396 punit
2785 1330 3020 1382 omnium
3086 1327 3544 1396 comparationum
3597 1326 3818 1386 modos,
3872 1334 3932 1377 et

2360 1424 2499 1490 quod
2529 1437 2648 1475 raro
2679 1425 2733 1475 in
2761 1421 3122 1489 superioribus
3160 1421 3290 1472 locis
3320 1419 3462 1482 fecit,
3501 1418 3641 1484 ipsas
3671 1417 3929 1468 maximas

2363 1512 2751 1580 propositiones
2783 1513 2928 1580 ponit
2979 1512 3029 1563 in
3070 1509 3551 1578 comparationibus
3591 1491 3929 1567 constitutas,

2361 1612 2418 1653 ut
2443 1601 2490 1653 si
2521 1601 2731 1670 quando
2767 1601 2882 1654 loco
2913 1601 2984 1654 sit
3015 1601 3168 1654 nobis
3210 1597 3620 1665 comparationis
3651 1597 3929 1659 utendum,

2365 1693 2651 1748 habeamus
2702 1694 3007 1762 quoddam,
3037 1685 3211 1746 ivelut
3262 1691 3580 1746 inventionis
3635 1690 3927 1756 exetnplar,

695 1799 881 1851 eadem
920 1807 1128 1862 quoque
1164 1790 1231 1843 sit
1255 1790 1587 1843 eli'ectorum.
1628 1785 1889 1850 Quoniam
1921 1785 2064 1836 enim
2096 1796 2252 1836 causa
2288 1799 2334 1856 B
2361 1783 2426 1834 ad
2474 1783 2614 1851 quod
2659 1793 2984 1850 quaerentem
3035 1782 3266 1834 animum
3317 1783 3579 1850 possimus
3628 1779 3927 1832 advertere.

697 1897 891 1956 praeter
918 1885 1168 1936 ell'ectum
1197 1894 1318 1933 esse
1359 1893 1464 1930 non
1499 1885 1705 1944 potest,
1735 1890 1855 1926 cum
1882 1874 1951 1926 sit
1979 1887 2136 1925 causa
2164 1886 2258 1924 su-

697 1995 791 2047 per
819 1976 1086 2037 etl'ettum,
1118 1983 1336 2023 necesse
1361 1977 1442 2020 est
1472 1978 1526 2019 ut
1547 1981 1611 2018 ex
1642 1964 1916 2017 eventibus
1946 1976 2154 2029 quoque
2184 1971 2258 2013 at-

696 2084 798 2136 que
824 2063 1096 2119 elfecnbus
1115 2101 1130 2124 ,
1161 2059 1387 2126 plurima
1417 2063 1699 2122 suppetant
1727 2060 2039 2120 argumenta
2057 2089 2072 2115 ,
2099 2049 2262 2117 siqui-

695 2159 816 2211 dem
866 2169 931 2208 οι
979 2151 1151 2219 causis
1201 2146 1359 2199 etiam
1403 2145 1626 2212 plurima
1674 2141 2078 2194 eoutralnmtur.
2131 2137 2261 2191 Nam

695 2249 835 2302 sicut
860 2243 1142 2311 cujuslibet
1174 2237 1393 2292 effectus
1427 2242 1599 2302 potest
1630 2246 1789 2285 causa
1833 2228 2082 2293 tractari,
2131 2228 2174 2281 si
2196 2242 2260 2281 ex

698 2339 932 2408 qualibet
955 2348 1112 2388 causa
1141 2339 1336 2399 potest,
1362 2326 1453 2394 qui
1480 2325 1548 2376 sit
1576 2332 1797 2376 eventus
1825 2321 2067 2383 ostendi,
2085 2330 2260 2372 recte-

698 2406 804 2499 que
825 2428 945 2494 ,aiv,
969 2417 1485 2485 causarumcognitio
1507 2423 1790 2468 eventuum
1811 2409 2165 2478 cognitionem
2183 2406 2261 2458 fa-

687 2506 806 2581 'cit;
839 2523 896 2568 ut
937 2514 1075 2565 enim
1108 2511 1159 2560 iu
1194 2503 1618 2575 printlicameutis
1645 2501 1977 2565 ostenditur,
2009 2499 2132 2551 sciri
2161 2511 2263 2549 rc—

700 2608 915 2658 lativum
938 2597 1150 2668 aliquod
1187 2613 1289 2649 non
1323 2602 1518 2662 potest,
1548 2601 1742 2660 praeter
1771 2589 1960 2658 reliqui
1986 2588 2261 2641 scientiam

697 2694 927 2750 relativi.

771 2804 1012 2872 Reliquus
1067 2809 1138 2852 est
1174 2795 1573 2861 comparationis
1615 2794 1777 2856 locus,
1826 2793 1976 2862 cujus
2017 2806 2174 2858 genus
2215 2797 2263 2842 et

651 2895 656 2904 ’
695 2896 984 2964 exemplum
1029 2905 1186 2956 supra
1217 2891 1434 2957 positum
1463 2893 1557 2946 est,
1589 2892 1644 2936 ut
1673 2891 1989 2945 cceterorunt,
2018 2897 2152 2932 nunc
2171 2895 2260 2932 ea:-

695 2983 933 3055 plicanda
947 2979 1180 3034 tractatio
1192 2987 1284 3029 est.
1304 2973 1854 3042 Comparanturigitur
1884 2987 1941 3023 ea
1958 2971 2126 3022 omnia
2150 2985 2264 3038 qua:

691 3084 782 3128 aut
822 3074 1039 3141 majora,
1066 3078 1150 3122 aut
1183 3069 1398 3129 minora,
1443 3074 1532 3116 aut
1564 3065 1708 3130 paria
1734 3065 1971 3114 dicuntur
2002 3075 2022 3113 .'
2075 3060 2263 3128 in-qui-

2364 1876 2548 1929 Omnis
2593 1876 2748 1944 igitur
2798 1874 3152 1942 comparatio,
3200 1883 3288 1925 aut
3334 1878 3384 1926 in
3432 1883 3654 1924 numero
3697 1877 3928 1932 constat,

2363 1974 2452 2018 aut
2479 1965 2530 2017 in
2565 1949 2761 2033 specie,
2789 1973 2879 2015 aut
2924 1966 2973 2014 iu
3002 1964 3073 2028 vi,
3105 1971 3192 2017 aut
3228 1962 3278 2014 in
3316 1960 3493 2029 aliqua
3524 1961 3691 2012 locata
3723 1959 3930 2012 extrin-

2363 2069 2515 2108 secus
2543 2055 2844 2108 atIectione.
2893 2051 3024 2106 Nam
3063 2043 3413 2121 quodcunque
3437 2050 3682 2104 conferre
3710 2058 3932 2101 conten-

2363 2145 2559 2208 dimus,
2605 2152 2696 2196 aut
2742 2158 2966 2196 numero
3016 2155 3405 2210 comparamus,
3447 2147 3504 2192 et
3545 2138 3834 2193 secundum
3879 2135 3930 2188 id

2362 2233 2502 2286 aliud
2536 2234 2727 2299 majus,
2755 2231 2895 2284 aliud
2923 2230 3097 2282 minus
3123 2243 3241 2283 esse
3272 2228 3644 2290 decernimus;
3693 2235 3784 2278 aut
3809 2240 3932 2292 Spe-

2362 2325 2498 2376 ciem
2538 2322 2704 2388 ipsam
2751 2321 3038 2382 iutuentes,
3069 2331 3290 2384 eamque
3333 2316 3422 2368 alii
3469 2325 3832 2382 comparantes
3863 2314 3931 2366 de

2362 2412 2667 2467 excellentia
2687 2410 2941 2479 judicium
2964 2410 3179 2473 damus;
3217 2417 3309 2461 aut
3338 2408 3479 2480 "aliud
3502 2407 3926 2467 consideramus,

2363 2503 2488 2573 quid
2519 2517 2603 2557 res
2633 2516 2855 2570 qua-que
2887 2501 3049 2569 possit
3079 2500 3312 2566 allicere,
3345 2507 3399 2552 et
3441 2497 3490 2550 in
3520 2505 3768 2564 quantum
3799 2494 3926 2563 ejus

2364 2595 2609 2664 progredi
2638 2595 2802 2663 possit
2835 2602 3040 2656 natura,
3069 2599 3156 2645 aut
3191 2607 3253 2646 ex
3286 2592 3509 2644 aliorum
3534 2587 3928 2658 quodammodo

2362 2685 2726 2748 continentia,
2772 2691 2826 2736 et
2864 2697 2928 2736 ex
2976 2681 3435 2734 circumstantium
3488 2679 3760 2732 aﬂectione
3813 2693 3931 2730 rem

2364 2791 2518 2844 quam
2553 2774 2642 2827 alii
2679 2773 2996 2827 conferimus
3033 2772 3316 2824 intuemur.
3365 2769 3598 2824 Numero
3628 2770 3784 2836 igitur
3812 2783 3934 2835 quas

2364 2875 2760 2936 comparantur,
2784 2865 2833 2932 εἰ,
2858 2880 2924 2917 ex
2953 2863 3140 2917 eodem
3165 2864 3272 2916 sint
3298 2877 3515 2932 genere,
3545 2862 3690 2928 plura
3720 2863 3908 2929 paueio
3932 2899 3934 2902 μ

2364 2963 2510 3015 ribus
2549 2969 2961 3027 anteponuntur,
2993 2957 3136 3010 velut
3164 2959 3207 3010 si
3240 2956 3375 3009 bona
3418 2957 3594 3008 omnia
3623 2956 3730 3007 sint
3755 2967 3934 3022 aequa-

2365 3051 2454 3116 lia,
2476 3049 2595 3118 jure
2619 3053 2894 3118 quisquam
2928 3049 3079 3116 plura
3104 3047 3237 3099 bona
3265 3045 3601 3113 paucioribus
3628 3031 3931 3114 anteponit.

691 3168 785 3218 bus
807 3136 1093 3232 spectantur
1136 3157 1264 3222 IHL’C,
1309 3171 1569 3216 numerus,
1628 3154 1851 3220 species,
1885 3153 1980 3215 vis,
2023 3150 2258 3220 quautam
2288 3142 2332 3204 C
2365 3144 2432 3198 Et
2460 3152 2542 3196 est
2571 3143 2684 3194 lucc
2713 3141 2943 3194 maxima
2973 3139 3258 3207 propasitio
3280 3156 3292 3188 :
3312 3136 3469 3190 Plura
3503 3137 3634 3190 bona
3664 3137 3934 3203 pauciori-

690 3260 847 3312 etiam
867 3257 954 3325 [ad
977 3271 1055 3306 res
1097 3252 1294 3320 aliquas
1324 3249 1545 3313 a/I'ectio.
1601 3246 1830 3299 Numero
1865 3248 1936 3298 sic
1986 3261 2257 3314 compara-

647 3352 659 3366 '
693 3349 898 3410 buntur,
925 3357 976 3397 ut
1018 3347 1167 3411 plura
1198 3344 1328 3394 bona
1359 3339 1680 3406 pauciorilus
1707 3339 1846 3390 bonis
1865 3346 2258 3406 anteponantur,

693 3439 938 3506 pauciora
959 3435 1111 3496 mala,
1146 3433 1292 3482 ntalis
1324 3429 1588 3496 pluribus;
1620 3431 1945 3481 diuturniora
1989 3429 2120 3480 bona
2151 3429 2260 3481 bre-

693 3525 934 3586 uioribus,
966 3524 1113 3588 longe
1151 3531 1196 3569 et
1221 3519 1318 3570 late
1356 3527 1628 3583 pervagata
1667 3528 1924 3584 angustqs,
1978 3531 2040 3568 ea:
2081 3519 2257 3582 quibus

693 3617 843 3682 plura
881 3610 1008 3660 bona
1038 3612 1412 3676 propagentur,
1449 3619 1658 3670 quisque
1703 3608 1870 3671 plures
1912 3603 2170 3655 imitentur
2211 3607 2258 3656 et

695 3703 908 3773 faciant.
962 3699 1143 3766 Specie
1167 3707 1333 3747 autem
1367 3702 1750 3760 comparantur,
1777 3701 1828 3743 ut
1861 3702 2252 3759 anteponantur,

691 3807 806 3860 qua:
835 3801 1041 3859 prapter
1064 3802 1114 3838 se
1136 3783 1413 3852 expetenda
1443 3790 1580 3844 sunt,
1605 3781 1681 3834 his
1710 3795 1824 3849 quae
1857 3791 2062 3846 propter
2087 3780 2256 3844 aliud,

688 3895 734 3939 et
759 3894 811 3936 ut
842 3887 1018 3935 innata
1047 3889 1196 3947 atque
1222 3878 1371 3929 insita
1398 3878 1666 3945 assumptis
1691 3885 1736 3928 et
1767 3876 2082 3940 adventitiis,
2129 3877 2257 3930 inte-

688 3992 783 4046 gru
818 3973 1203 4030 contaminatis,
1225 3970 1457 4038 jocunda
1506 3967 1671 4019 minus
1715 3967 1990 4035 jocundis,
2045 3967 2256 4020 honesta

685 4071 809 4136 ipsis
840 4065 988 4118 etiam
1011 4064 1235 4124 utilibus,
1262 4059 1505 4125 proclwia
1528 4058 1818 4124 laboriosis,
1842 4059 2120 4112 necessaria
2154 4075 2255 4112 non

683 4156 1003 4219 necessariis,
1034 4169 1126 4208 sua
1147 4151 1328 4204 alienis
1349 4190 1363 4214 ,
1393 4167 1511 4202 rara
1534 4149 1826 4220 vulgaribus
1847 4191 1862 4216 ,
1899 4150 2254 4203 desiderabilia

683 4251 762 4302 Itis
783 4249 960 4314 quibus
993 4245 1141 4315 facile
1161 4259 1332 4296 carere
1356 4243 1517 4306 possis
1534 4281 1548 4305 ,
1576 4242 1797 4310 perfecta
1817 4241 2068 4294 inchoatis
2085 4282 2100 4304 ,
2145 4252 2252 4295 tota

683 4340 930 4408 partibus,
946 4340 1139 4390 ratione
1160 4335 1378 4406 uigentia
1402 4333 1614 4386 rationis
1635 4333 1940 4401 expertibus,
1966 4335 2251 4386 voluntaria

681 4429 998 4492 necessariis,
1027 4427 1253 4478 animata
1284 4423 1599 4483 inanimutis,
1625 4421 1882 4474 naturalia
1906 4439 2006 4474 non
2034 4432 2250 4475 natura-

2365 3235 2463 3288 bus
2489 3243 2904 3301 anteponuntur,
2932 3239 2987 3285 et
3017 3237 3067 3282 in
3093 3235 3301 3283 caeteris
3340 3242 3550 3297 quoque
3578 3228 3767 3281 eadem
3797 3228 3931 3280 ratic

2365 3325 2678 3397 perSpicitur
2710 3323 3056 3385 maximarum
3099 3320 3538 3389 propositionum.
3570 3319 3641 3371 At
3674 3319 3718 3371 si
3751 3320 3931 3371 omnia

2363 3413 2416 3466 in
2451 3412 2716 3465 contrario
2755 3414 2861 3463 sint
2887 3425 3106 3479 genere,
3144 3409 3430 3477 pluralitati
3464 3409 3706 3474 paucitas
3736 3407 3928 3474 praefe-

2363 3501 2528 3554 renda
2559 3509 2661 3563 est,
2694 3508 2750 3552 ut
2785 3514 2949 3566 pauca
2978 3499 3113 3551 mala
3148 3497 3384 3565 pluribus
3415 3494 3597 3560 malis,
3629 3497 3769 3548 mala
3802 3510 3930 3548 vero

2364 3592 2475 3658 ipsa
2507 3591 2658 3643 bonis
2698 3589 2845 3641 nullo
2881 3587 3039 3641 modo
3078 3591 3440 3642 conteruntur.
3494 3588 3622 3652 Qua:
3651 3586 3790 3639 enim
3822 3586 3931 3638 ullo

2363 3683 2520 3737 modo
2561 3694 2990 3752 compensautur,
3036 3684 3086 3735 in
3115 3683 3300 3736 eodem
3325 3695 3458 3746 esse
3487 3694 3683 3749 genere
3709 3678 3928 3742 debent,

2363 3787 2467 3825 non
2512 3771 2568 3823 in
2606 3771 2890 3824 contrario.
2939 3771 3071 3824 Nam
3101 3787 3219 3824 cum
3261 3771 3542 3823 adversum
3575 3784 3633 3824 se
3660 3769 3926 3822 contraria

2331 3862 2395 3918 'e
2423 3864 2639 3932 regione
2678 3863 2848 3916 locata
2895 3873 3041 3930 sunt,
3085 3861 3313 3915 conferri
3363 3861 3764 3929 compararique
3815 3875 3924 3912 non

2362 3962 2604 4023 possunt,
2655 3953 2792 4022 quod
2839 3953 2937 4006 sibi
2979 3951 3343 4019 intelliguntur
3371 3936 3498 4003 esse
3546 3949 3780 4002 inimica.
3829 3947 3926 4000 Est

2361 4046 2518 4100 etiam
2561 4043 2850 4098 secundum
2896 4057 3170 4095 numerum
3211 4039 3536 4108 comparatio
3574 4040 3625 4092 in
3667 4037 3924 4106 temporis

2360 4149 2569 4205 quoque
2599 4136 2824 4188 ratione.
2873 4131 3003 4184 Nam
3035 4147 3153 4184 eum
3185 4141 3392 4198 tempus
3421 4129 3580 4184 certis
3608 4130 3924 4197 quibusdam

2359 4227 2543 4294 spatiis
2590 4223 2870 4286 dividatur,
2923 4222 3066 4274 velut
3115 4221 3280 4284 horto,
3325 4220 3450 4286 diei,
3497 4219 3706 4282 mensis,
3754 4228 3923 4284 atque

2292 4339 2294 4345 π
2358 4318 2518 4383 anni,
2563 4331 2628 4369 cx
2660 4315 2952 4382 aequalibus
2992 4313 3143 4365 bonis
3181 4327 3241 4365 ea
3285 4313 3452 4379 magis
3493 4309 3726 4378 eligenda
3770 4319 3920 4370 sunt,

2357 4423 2474 4477 qua:
2514 4407 2812 4458 diuturnius
2859 4412 3226 4471 perseverant,
3259 4401 3402 4470 quod
3447 4402 3500 4453 in
3528 4414 3748 4453 numero
3780 4399 3923 4468 posi-

679 4520 831 4581 libus,
863 4518 1144 4584 artiﬁciosa
1173 4533 1272 4567 non
1293 4514 1601 4582 artiﬁciosis.
1643 4513 1732 4566 Vis
1768 4524 1932 4566 autem
1962 4515 2015 4566 in
2046 4529 2250 4582 compa-

2292 4495 2326 4554 Ι)
2355 4509 2463 4552 tum
2503 4511 2619 4550 esse.
2653 4497 2828 4548 nullus
2858 4496 3084 4560 ignorat.
3136 4493 3248 4561 Ipsa
3278 4494 3418 4546 enim
3451 4491 3919 4558 diuturnitas'plu-

679 4611 879 4662 ratione
902 4609 973 4662 sic
990 4609 1208 4660 cernitur
1227 4621 1246 4658 :
1261 4604 1491 4674 Eﬁiciens
1507 4620 1661 4657 causa
1674 4606 1875 4673 gravior
1895 4621 2046 4672 quam
2061 4621 2161 4658 non
2179 4607 2250 4674 ef-

684 4699 896 4765 ]iciens;
936 4713 1048 4764 qua?
1070 4712 1123 4748 se
1152 4696 1276 4762 ipsis
1299 4705 1532 4747 contenta
1562 4704 1699 4758 sunt,
1725 4694 1936 4747 meliora
1961 4712 2109 4760 quam
2136 4711 2248 4764 quae

679 4797 824 4859 egent
843 4787 978 4849 aliis;
993 4802 1104 4854 quae
1120 4787 1171 4836 in
1193 4796 1391 4850 nostra,
1411 4785 1690 4852 quantique:
1706 4786 1756 4837 in
1773 4785 1989 4838 aliorum
2004 4795 2248 4853 potestate

681 4888 832 4941 sunt;
861 4877 1064 4930 stabilia
1092 4876 1298 4927 incertis
1326 4891 1343 4938 ;
1373 4890 1486 4942 qua:
1517 4875 1643 4941 eripi
1669 4891 1767 4926 non
1788 4888 2016 4941 possunt,
2038 4875 2115 4930 his
2137 4894 2250 4946 quis

679 4976 906 5036 possunt.
956 4965 1167 5030 AIfectio
1198 4976 1364 5016 autem
1394 4964 1458 5015 ad
1483 4979 1561 5015 res
1591 4963 1788 5029 aliquas
1811 4973 1882 5016 est
1904 4965 2201 5034 ltujusntodi
2227 4981 2246 5020 :

681 5056 979 5121 Principum
998 5055 1259 5106 commoda
1277 5054 1470 5120 majora
1493 5068 1644 5118 quam
1670 5051 2003 5119 reliquorum,
2029 5055 2243 5123 itemque

677 5160 788 5214 qua:
801 5144 1130 5215 jocundiora,
1153 5157 1267 5214 qua:
1293 5145 1370 5212 pla
1383 5142 1520 5193 ribus
1566 5143 1778 5210 probata
1795 5184 1808 5203 ,
1836 5159 1949 5212 quis
1971 5145 2031 5196 ab
2053 5147 2242 5209 optimo

674 5253 871 5306 quoque
899 5235 1124 5288 laudata.
1150 5235 1309 5302 Atque
1330 5241 1382 5283 ut
1411 5233 1516 5284 lucc
1547 5233 1598 5284 in
1630 5249 1809 5300 compa
1827 5233 2006 5286 'atione
2034 5234 2243 5289 meliora

673 5338 822 5390 sunt,
845 5330 915 5380 sic
939 5328 1186 5379 deteriora
1207 5341 1318 5394 qua:
1346 5325 1422 5376 his
1446 5331 1562 5375 sunt
1596 5310 1878 5379 contraria.
1931 5325 2122 5379 Parum
2144 5345 2239 5381 au-

670 5426 774 5471 tem
798 5418 1108 5486 comparatio
1137 5432 1223 5468 nec
1253 5417 1450 5468 elationu
1467 5431 1514 5466 m
1539 5417 1710 5482 habet,
1729 5433 1817 5470 nec
1839 5417 2241 5486 submissionem;

671 5518 745 5560 est
785 5508 916 5560 enim
955 5509 1180 5576 a‘qualis.
1234 5505 1403 5558 Multa
1451 5514 1618 5559 autem
1665 5516 1780 5559 sunt
1809 5523 1919 5574 qua:
1957 5511 2241 5578 azqualitale

670 5601 785 5664 ipsa
813 5609 1186 5666 comparentur,
1235 5612 1348 5666 qua:
1373 5598 1445 5649 ita
1464 5597 1568 5665 [ere
1593 5599 1965 5650 conclurluntur
1989 5615 2007 5652 :
2034 5599 2094 5654 Si
2122 5617 2242 5652 con-

669 5687 784 5738 silio
803 5686 983 5754 juvare
1012 5685 1141 5738 circs
1183 5694 1225 5737 rt
1263 5685 1479 5751 auxilio,
1511 5701 1656 5755 (equa
1685 5686 1735 5738 in
1765 5687 1930 5740 .laude
1952 5690 2241 5757 ponendum

2350 4589 2515 4642 rimos
2555 4601 2673 4640 esse
2705 4586 2788 4638 vel
2823 4585 2955 4646 dies,
2987 4584 3069 4637 vel
3109 4598 3342 4646 menses,
3373 4583 3456 4636 vel
3496 4595 3664 4634 annos
3704 4581 3917 4642 fatetur,

2350 4680 2541 4750 quibus
2584 4678 2741 4731 duret
2770 4675 2818 4728 id
2849 4675 2987 4744 quod
3035 4675 3264 4743 eligitur.
3324 4673 3506 4740 Longe
3535 4673 3696 4750 etiam
3729 4685 3920 4741 perva-

2349 4782 2467 4839 gata
2498 4771 2654 4836 bona,
2687 4769 2920 4838 angustis
2945 4778 3000 4820 et
3029 4767 3082 4821 in
3115 4781 3273 4819 unum
3312 4766 3587 4818 minimum
3609 4743 3800 4817 locum
3829 4779 3922 4817 co-

2350 4865 2568 4918 arctatis
2597 4865 2799 4918 numeri
2829 4863 3226 4930 comparatione
3257 4859 3584 4930 praecedunt.
3640 4861 3771 4913 Nam
3801 4874 3919 4928 quae

2357 4955 2513 5024 longe
2543 4956 2748 5024 lateque
2779 4964 3057 5024 pervagata
3087 4961 3230 5015 sunt,
3263 4967 3324 5005 ea
3358 4951 3410 5005 in
3443 4952 3699 5019 plurimas
3729 4961 3916 5019 gentes

2355 5046 2700 5113 regionesque
2743 5045 2928 5098 diliusa
2963 5053 3119 5105 sunt;
3152 5042 3419 5111 pluralitas
3467 5057 3594 5094 vero
3640 5042 3921 5109 cujuslibet

2353 5138 2429 5192 rei
2465 5151 2741 5190 numerum
2786 5145 3006 5206 spectat.
3061 5122 3175 5188 Jam
3206 5149 3332 5196 vero
3368 5149 3432 5188 ex
3461 5149 3564 5202 quo
3601 5135 3752 5202 plura
3798 5149 3919 5201 pro-

2351 5234 2609 5296 pagantur
2650 5228 2821 5292 bona,
2862 5228 2978 5295 quis
3007 5242 3111 5280 non
3154 5227 3354 5295 judicct
3413 5241 3531 5281 esse
3575 5227 3795 5282 meliora
3835 5227 3920 5280 liis

2353 5334 2574 5388 quorum
2603 5327 2683 5372 cst
2714 5319 2864 5387 inOps
2903 5321 3158 5372 bonorum
3200 5320 3628 5389 contractiorque
3676 5321 3917 5374 fecundi-

2348 5410 2470 5464 tas?
2507 5411 2634 5477 Quis
2663 5413 2819 5464 etiam
2854 5412 3046 5464 bonum
3077 5413 3214 5480 quod
3246 5413 3419 5480 plures
3451 5415 3722 5468 imitentur
3749 5426 3809 5468 ut
3837 5413 3916 5466 la-

2345 5505 2507 5567 ciant,
2539 5506 2748 5559 emteris
2783 5520 2899 5573 qua:
2930 5505 2998 5558 ita
3029 5521 3133 5558 non
3174 5507 3300 5571 sint,
3341 5507 3603 5562 excellere
3643 5522 3747 5563 non
3778 5507 3919 5562 arbi-

2346 5606 2532 5663 tretur,
2563 5613 2675 5667 qum
2703 5599 2754 5652 iu
2787 5613 3008 5653 numero
3035 5608 3281 5652 constare
3309 5601 3428 5668 quis
3456 5601 3679 5666 nesciat,
3705 5600 3916 5669 quando

2349 5693 2399 5744 in
2431 5708 2654 5748 numero
2702 5694 2976 5763 pluralitas
3026 5696 3280 5748 C0ttrl3l?
3313 5697 3498 5764 Specie
3529 5713 3655 5762 vero
3701 5714 3917 5771 compa-
