4258 6270
316 372 447 425 1161

1174 365 1235 417 IN
1278 362 1515 417 TOPICA
1558 358 1917 412 ClCERONlS
1957 356 2469 411 COMMtNTARlA.
2514 356 2620 410 LIB
2661 354 2749 409 Vl.

3441 351 3575 404 “0'2

316 493 524 547 rantur,
576 495 695 548 qua:
744 493 839 547 per
883 478 1056 545 seipsa
1105 474 1440 529 considerata
1491 488 1600 525 sum
1640 470 1897 538 quodam-
1922 472 1971 528 Α
2002 470 2179 521 nullus
2215 458 2417 521 dubitat
2458 482 2577 519 esse
2616 469 2857 521 meliora.
2895 466 3196 518 Voluntaria
3241 482 3447 534 quoque
3488 482 3581 520 ne-

286 574 476 628 .modo
526 568 939 639 pulclu-itudutis
993 564 1183 617 merito
1241 562 1449 615 caeteris
1506 557 1895 612 antefetuntur.

318 664 533 717 Meliora
575 660 715 714 enim
758 668 880 709 sunt
911 671 1028 724 qua:
1070 662 1284 723 propter
1321 666 1400 713 se,
1439 665 1593 716 quam
1630 662 1748 715 qua}
1782 661 1899 714 pro—

319 768 436 825 pter
481 753 623 807 aliud
670 758 1010 818 expetuntur,
1055 746 1220 799 veluti
1266 745 1410 797 salus
1451 758 1567 811 qua:
1600 749 1813 809 propter
1843 753 1901 791 se

281 852 285 857 ”
320 847 612 913 expetitur,
636 842 895 897 medicina
922 848 1137 908 propter
1157 838 1416 900 salutem;
1437 836 1685 905 quocirca
1716 832 1902 886 melior

320 949 403 991 est
430 937 575 989 salus
606 949 761 1002 quam
790 932 1054 985 medicina
1079 938 1268 999 :atque
1300 929 1412 981 bare
1442 942 1546 980 non
1577 924 1641 977 ad
1672 924 1903 991 aliquem

322 1041 627 1089 numerum,
675 1038 773 1077 nec
824 1032 1093 1090 postremo
1142 1021 1206 1073 ad
1255 1020 1485 1088 aliquam
1534 1016 1902 1086 quantitatem,

323 1118 417 1171 sed
456 1116 521 1169 ad
567 1115 733 1182 ipsam
776 1113 1011 1180 speciem
1044 1111 1231 1163 salutis
1261 1125 1322 1163 ac
1352 1108 1631 1163 medicinae
1658 1104 1905 1158 conside—

325 1206 585 1258 rationem
610 1198 1201 1268 referentcs,judicium
1235 1196 1545 1265 promimus.
1577 1194 1668 1247 Illa
1695 1205 1908 1262 quoque

326 1308 442 1363 qua:
475 1292 652 1367 innata
681 1299 841 1358 atque
867 1290 1021 1343 insita
1045 1298 1187 1349 sunt,
1213 1288 1501 1355 assumptis
1527 1294 1580 1339 et
1604 1282 1909 1338 adventitiis

326 1382 551 1436 meliora
588 1379 925 1448 judicantur,
972 1378 1115 1433 unde
1161 1377 1338 1451 innata
1395 1376 1634 1430 moribus
1679 1374 1910 1442 gravitas

330 1478 489 1544 longe
539 1473 767 1541 amplius
812 1466 1027 1523 excellit
1079 1481 1195 1521 eam
1245 1481 1361 1535 quae
1416 1480 1510 1534 per
1560 1462 1909 1518 imitationem

331 1567 633 1621 affectator.
688 1564 891 1630 Integra
937 1560 1095 1612 etiam
1141 1556 1314 1625 potius
1352 1570 1510 1625 quam
1551 1551 1910 1608 contaminata

335 1659 571 1715 melioris
601 1657 673 1711 rei
702 1655 955 1724 judicium
986 1651 1183 1705 ferunt.
1226 1650 1357 1702 Nam
1384 1664 1503 1716 qua:
1532 1646 1736 1712 integra
1768 1650 1911 1704 sunt,

334 1765 485 1804 suatn
514 1738 745 1815 Speciem
774 1750 1007 1808 servant,
1040 1755 1157 1809 qua:
1185 1736 1543 1791 contaminata
1586 1744 1709 1787 sunt
1754 1741 1915 1799 atque

2002 574 2092 613 ces
2123 559 2252 612 ariis
2276 559 2395 626 jure
2435 569 2850 624 anteponuntur,
2903 572 3130 625 namque
3175 558 3469 610 voluntaria
3514 557 3580 608 li-

2004 651 2129 702 bera
2165 657 2317 712 sunt,
2347 664 2467 717 qum
2496 650 2793 701 necessaria
2822 648 3048 715 quodam
3082 662 3177 700 nos
3216 646 3376 700 veluti
3407 646 3582 699 domi-

2004 740 2457 795 nio-necessitatis
2486 740 2808 807 astringunt,
2849 750 3006 805 atque
3048 737 3167 791 ideo
3210 738 3425 791 meliora
3465 752 3583 790 esse

2006 830 2300 885 voluntaria
2354 830 2668 884 necessariis
2722 829 3127 891 existimamus;
3185 843 3483 895 quanquam
3531 829 3585 881 in

2010 924 2111 975 ltoc
2137 921 2295 973 etiam
2329 919 2457 973 illud
2490 918 2714 986 intelligi
2746 918 2935 985 possit,
2982 918 3119 982 quod
3166 933 3193 970 a
3240 920 3392 972 nobis
3427 934 3587 987 supe-

2009 1014 2121 1068 rius
2159 1013 2356 1083 dictpm
2404 1022 2505 1073 est,
2563 1025 2666 1083 non
2721 1012 3021 1065 necessaria
3075 1023 3218 1076 saepe
3272 1011 3587 1064 necessariis

2009 1105 2282 1173 anteponi,
2312 1086 2742 1171 quandoquidem
2769 1116 2831 1155 ea
2860 1116 2976 1168 qua:
3004 1100 3297 1153 voluntaria
3326 1108 3451 1153 sunt
3480 1116 3585 1153 non

2011 1195 2210 1249 fuerint
2262 1192 2596 1256 necessaria;
2658 1192 2961 1246 voluntaria
3012 1206 3140 1243 vero
3194 1191 3415 1245 meliora
3467 1200 3589 1243 sunt

2010 1284 2346 1339 necessariis.
2398 1283 2511 1336 Non
2555 1283 2854 1336 necessaria
2898 1282 3059 1349 igitur
3086 1296 3231 1349 saepe
3268 1280 3589 1335 necessariis

2013 1376 2314 1438 excellunt;
2356 1374 2587 1429 animata
2612 1388 2819 1441 quoque
2844 1372 3169 1435 inanimatis,
3203 1372 3368 1440 ipsius
3399 1373 3591 1425 animm

2014 1465 2296 1532 negatione
2334 1462 2692 1524 considerata,
2726 1460 3095 1530 anteponenda
3140 1476 3257 1515 esse
3302 1463 3438 1516 ratio
3476 1477 3591 1529 per-

2014 1556 2222 1610 suadet.
2272 1555 2537 1610 Naturalia
2585 1556 2744 1608 etiam
2785 1570 2889 1607 non
2930 1555 3278 1617 naturalibus,
3326 1564 3381 1609 et
3427 1557 3596 1608 artifi-

2016 1648 2159 1701 ciosa
2207 1646 2585 1700 inartiliciosis.
2642 1646 2994 1713 Optimusque
3035 1645 3118 1698 bic
3160 1646 3355 1714 gradus
3394 1659 3494 1709 eSt,
3539 1656 3593 1700 ut

2019 1748 2262 1791 naturam
2312 1737 2433 1799 arti,
2484 1745 2651 1789 artem
2701 1736 2953 1801 prazferas
3003 1736 3233 1801 inet-tite,
3264 1752 3351 1790 ars
3399 1739 3593 1806 quippe

335 1856 401 1893 ex
443 1838 614 1904 aliqua
663 1841 811 1903 parte
842 1829 1053 1895 vitiata,
1087 1829 1132 1881 si
1163 1843 1264 1898 qua
1306 1828 1468 1881 etiam
1501 1824 1695 1887 inerat,
1719 1821 1912 1890 speciei
1949 1827 1995 1885 Β
2025 1829 2261 1882 imitatur
2299 1838 2564 1882 naturam.
2607 1827 2723 1894 Quo
2763 1830 2817 1880 fit
2860 1838 2919 1880 ut
2957 1828 3005 1881 id
3037 1827 3176 1896 quod
3218 1834 3267 1879 in
3310 1844 3367 1881 se
3407 1830 3595 1882 retinet

338 1924 785 1998 pulchritudinem
817 1919 1186 1989 perdiderunt.
1237 1915 1474 1971 Jocunda
1516 1914 1689 1968 minus
1722 1914 1915 1983 jocuu-

340 2019 419 2072 dis
470 2015 712 2077 meliora,
744 2014 1047 2066 communis
1098 2010 1335 2063 omnium
1375 2007 1686 2060 animalium
1731 2016 1917 2059 natura

341 2107 615 2176 dijudicat.
674 2104 906 2157 Honesta
972 2101 1190 2155 utilibus
1234 2100 1501 2168 sapientes
1548 2105 1917 2164 anteponunt;

341 2197 595 2268 proclivia
633 2194 909 2248 laboriosis
949 2190 1199 2245 anteferri
1239 2190 1327 2243 illa
1356 2204 1441 2243 res
1465 2197 1749 2253 monstrat,
1779 2189 1918 2256 quod

342 2302 500 2342 nemo
531 2285 595 2338 ad
626 2283 871 2339 eumdem
904 2281 1062 2335 linem
1096 2296 1191 2349 per
1222 2279 1541 2332 laboriosam
1574 2289 1733 2347 atque
1761 2292 1918 2346 aSpe-

344 2393 457 2430 ram
490 2379 626 2429 viam
685 2374 904 2428 tendere
950 2374 1146 2440 cupiat,
1180 2372 1243 2423 ad
1289 2385 1445 2439 quem
1490 2370 1656 2438 possit
1698 2368 1919 2437 proclivi

343 2468 592 2536 facilique
623 2465 815 2518 itinere
854 2463 1152 2532 pervenire.
1186 2461 1359 2514 Labor
1388 2460 1582 2528 quippe
1623 2458 1795 2513 omnis
1842 2460 1921 2511 in-

342 2556 607 2626 jocundus
636 2564 738 2617 est,
768 2552 1000 2621 jocunda
1029 2560 1111 2606 est
1141 2552 1384 2605 facilitas.
1422 2551 1730 2604 Necessaria
1758 2550 1919 2603 etiam

343 2660 448 2699 non
486 2641 801 2699 necessariis
843 2641 1036 2710 partim
1072 2641 1329 2707 praeferri,
1365 2641 1557 2707 partim
1588 2640 1747 2692 etiam
1779 2648 1922 2707 post-

343 2736 471 2804 poni
523 2734 749 2799 debent,
792 2732 931 2801 quod
994 2730 1060 2783 M.
1111 2730 1318 2783 Tullius
1368 2730 1573 2781 tacuit:
1620 2729 1921 2782 necessaria

345 2826 540 2896 quippe
582 2824 937 2894 praeferuntur
985 2822 1067 2875 his
1113 2837 1218 2875 non
1263 2820 1603 2885 necessariis,
1652 2835 1767 2888 qua:
1814 2833 1919 2892 non

345 2917 471 2973 boni
502 2917 728 2981 ratione,
759 2914 853 2968 sed
884 2912 1171 2983 voluptatis
1203 2911 1529 2981 appetitione
1564 2921 1690 2965 sunt
1722 2911 1922 2965 consti-

347 3017 479 3073 tuta,
532 3007 696 3061 veluti
746 3007 871 3060 luxu
914 3005 1062 3074 regio
1108 3016 1289 3072 parata
1336 3004 1578 3058 convivia
1623 3003 1797 3057 nullus
1840 3018 1924 3055 sa-

346 3099 501 3168 piens
526 3098 728 3167 judicet
752 3112 872 3151 esse
912 3097 1135 3149 meliora
1178 3094 1261 3148 his
1290 3110 1406 3164 quae
1446 3108 1648 3148 natura:
1678 3095 1923 3163 expleant

2022 1920 2264 1989 pulchri,
2307 1935 2372 1973 ex
2423 1931 2608 1973 natura
2656 1918 2864 1982 veniat,
2914 1921 3064 1987 cujus
3116 1919 3309 1972 imitari
3362 1920 3596 1986 speciem

2022 2012 2187 2078 cupit.
2227 2012 2407 2080 Longe
2434 2027 2559 2064 vero
2593 2019 2858 2079 postrema
2892 2022 3012 2063 sunt
3049 2025 3166 2077 qua:
3211 2025 3329 2069 eum
3372 2009 3596 2063 artificio

2022 2114 2228 2166 carent,
2275 2119 2378 2156 non
2427 2118 2457 2156 a
2500 2106 2677 2169 specie
2726 2101 2897 2155 solum
2948 2112 3171 2162 natura},
3219 2116 3403 2154 verum
3437 2102 3594 2153 etiam

2022 2195 2090 2248 ab
2120 2194 2413 2247 imitatione
2442 2193 2740 2256 discedunt,
2798 2202 2957 2259 atque
2988 2192 3104 2243 lta‘c
3131 2191 3342 2258 quidem
3374 2192 3439 2244 de
3477 2208 3596 2259 spe-

2024 2284 2107 2337 cie
2147 2286 2200 2336 in
2228 2282 2716 2350 comparationibus
2746 2280 3176 2333 con-iderantur.
3212 2281 3305 2333 Vis
3334 2290 3508 2333 autem
3543 2281 3595 2333 in

2024 2386 2090 2425 eo
2137 2372 2379 2424 consistit
2427 2371 2477 2423 in
2525 2384 2629 2439 quo
2675 2370 3045 2422 eottsideratttr
3090 2369 3213 2437 quid
3268 2384 3597 2436 unaquaeque

2025 2477 2113 2517 res
2162 2462 2329 2531 possit
2374 2460 2607 2521 effiCere,
2654 2474 2772 2511 nam
2822 2460 2959 2526 quod
3003 2474 3224 2526 qumque
3269 2473 3353 2510 res
3403 2467 3596 2524 potest,

2026 2570 2089 2609 ea
2152 2555 2230 2607 vis
2294 2553 2408 2621 ejus
2472 2551 2769 2606 rectissime
2833 2551 3046 2604 dicitur.
3128 2552 3378 2604 lil'lieicns
3444 2553 3598 2619 igitur

2026 2660 2182 2700 causa
2236 2645 2534 2713 graviorem
2590 2643 2697 2695 vim
2761 2641 2915 2695 habet
2975 2656 3135 2709 quam
3183 2657 3243 2695 ea
3296 2656 3413 2710 qu.c
3468 2642 3598 2694 uiltil

2025 2734 2227 2790 efficit:
2271 2735 2416 2789 velut
2472 2732 2660 2787 artifex
2727 2734 2915 2787 me'ior
2971 2749 3128 2802 quam
3190 2736 3437 2799 materia,
3508 2736 3595 2787 illa

2027 2825 2224 2893 quippe
2253 2824 2442 2878 stolida
2489 2834 2573 2878 est
2614 2835 2772 2892 atque
2804 2823 3044 2877 immota.
3097 2823 3203 2877 Nec
3242 2824 3440 2892 aliquid
3488 2828 3601 2878 efl'to

2027 2918 2198 2983 ciens,
2232 2918 2330 2971 nisi
2374 2918 2597 2970 formam
2641 2919 2708 2969 ab
2747 2914 2971 2979 artiﬁce,
3021 2916 3072 2967 id
3118 2925 3199 2968 est
3241 2916 3309 2967 ab
3338 2914 3600 2969 efficiente

2030 3023 2214 3073 causa,
2244 3008 2566 3076 susceperit.
2611 3005 2739 3059 Item
2782 3022 2899 3074 qua:
2926 3020 2984 3058 se
3010 3006 3138 3072 ipsis
3163 3014 3410 3059 contenta
3443 3017 3601 3069 sunt,

2032 3103 2254 3157 meliora
2297 3115 2419 3156 esse
2467 3101 2550 3155 bis
2589 3098 2838 3153 videntur
2885 3114 3004 3167 qua:
3046 3109 3204 3167 egent
3242 3098 3405 3151 aliis:
3443 3099 3603 3153 \‘Cluli

348 3191 719 3255 indigentiam.
777 3188 1028 3255 Quadam
1075 3202 1201 3241 vero
1247 3198 1370 3240 sunt
1418 3203 1537 3257 qua:
1583 3189 1697 3257 ipsa
1745 3190 1922 3256 specie
1952 3201 1999 3263 (ς
2034 3194 2269 3248 omnium
2315 3194 2453 3246 Deus
2498 3192 2731 3261 optimus
2773 3200 2887 3254 est,
2921 3191 3045 3257 quia
3094 3191 3239 3245 nullo
3284 3190 3511 3260 indiget,
3552 3202 3604 3244 et

349 3281 498 3350 boni,
527 3296 643 3335 cum
675 3297 777 3335 non
814 3282 1117 3337 necessaria
1164 3282 1291 3346 sint,
1327 3283 1550 3337 meliora
1577 3292 1701 3336 sunt
1743 3297 1926 3338 ncces-

326 3374 529 3428 -sariis.
576 3373 709 3427 Nam
739 3374 918 3429 vivere
949 3376 1309 3428 necessarium
1352 3383 1456 3441 est,
1487 3389 1540 3429 et
1568 3374 1684 3429 sine
1713 3390 1776 3429 eo
1805 3377 1928 3427 sub-

351 3465 543 3519 sistere
588 3465 785 3519 animal
834 3466 1037 3534 nequit.
1092 3466 1467 3535 PliilosOpbari
1512 3482 1641 3521 vero
1692 3483 1799 3520 non
1848 3476 1931 3519 est

353 3556 739 3618 necessarium,
792 3558 983 3611 melius
1035 3566 1209 3611 tamen
1267 3558 1532 3627 longeque
1581 3558 1928 3613 excellentius

354 3655 438 3701 est
477 3647 847 3715 pltilOSOphum
893 3647 1071 3703 vivere
1114 3663 1274 3717 quam
1322 3658 1524 3702 tantum
1558 3650 1736 3703 vivere
1764 3666 1775 3701 :
1802 3649 1927 3705 illud

354 3738 494 3791 enim
525 3753 645 3792 raro
673 3739 959 3807 paucisque
988 3738 1149 3793 etiam
1179 3739 1447 3793 utentibus
1475 3741 1681 3794 ratione
1706 3756 1930 3795 conces-

356 3840 502 3889 sum;
524 3827 651 3880 illud
673 3827 963 3895 pecudibus
984 3843 1266 3883 commune
1281 3830 1579 3883 nobiscum.
1601 3831 1701 3885 Sua
1720 3846 1929 3901 quoque

356 3917 543 3971 alienis
570 3917 689 3985 jure
718 3919 937 3972 meliora
976 3934 1095 3973 esse
1120 3920 1393 3985 dicuntur,
1421 3922 1582 3975 veluti
1626 3921 1930 3976 hominibus

358 4008 493 4061 ratio
525 4008 700 4076 potius
742 4023 899 4075 quam
946 4010 1228 4077 voluptatis
1273 4012 1529 4079 appetitio
1563 4030 1573 4065 :
1610 4012 1736 4065 illud
1784 4012 1926 4066 enim

358 4098 630 4166 proprium
670 4107 751 4151 eat
786 4098 1038 4162 ltomiuis,
1070 4098 1198 4152 illud
1239 4100 1509 4163 alienum;
1556 4116 1675 4154 rara
1721 4117 1930 4169 quoque

358 4189 667 4258 vulgaribus
693 4189 914 4243 meliora
945 4200 1086 4244 sunt.
1111 4190 1284 4261 Atque
1310 4191 1396 4246 hic
1424 4192 1568 4245 locus
1591 4192 1853 4260 approbat
1880 4193 1931 4245 id

359 4282 497 4349 quod
523 4282 767 4351 superius
787 4281 985 4336 dictum
1007 4293 1109 4351 est,
1136 4283 1599 4352 pbilosotiltantem
1628 4285 1788 4337 vitam
1819 4285 1930 4351 ipsa

362 4371 470 4437 vita
499 4385 617 4424 esse
643 4372 918 4426 meliorem
954 4389 966 4424 :
1006 4390 1127 4427 nam
1168 4389 1286 4442 quae
1334 4389 1453 4428 rara
1501 4386 1645 4439 sunt,
1679 4374 1834 4428 facile
1878 4376 1929 4428 id

360 4460 502 4527 quod
532 4461 747 4529 vulgare
772 4471 854 4516 est
884 4463 1227 4518 antecedunt.
1261 4464 1636 4519 Desiderabilia
1668 4474 1825 4517 et:am
1850 4464 1931 4519 his

2031 3284 2149 3351 ipso
2177 3291 2366 3339 cuncta
2405 3296 2530 3337 sunt
2576 3281 2771 3348 indiga.
2818 3280 2947 3333 ltent
2996 3295 3116 3348 qute
3160 3283 3209 3332 in
3257 3292 3434 3335 nostra
3481 3294 3605 3333 sunt

2031 3381 2290 3443 potestate
2318 3373 2486 3440 magis
2526 3371 2767 3439 eligenda
2815 3380 2941 3423 sunt
2981 3386 3137 3439 quam
3170 3386 3287 3440 quae
3334 3373 3385 3424 in
3430 3372 3605 3426 aliena

2030 3481 2188 3520 manu
2213 3464 2383 3534 posita
2412 3464 2564 3517 facile
2596 3463 2863 3516 labuntur.
2889 3463 3006 3527 Quo
3037 3462 3095 3526 fit
3122 3474 3179 3515 ut
3210 3465 3276 3517 sit
3300 3466 3469 3518 virtus
3494 3482 3607 3518 me-

2029 3557 2132 3611 lior
2158 3569 2315 3625 quam
2344 3555 2571 3617 divitiae;
2598 3568 2717 3607 nam
2746 3555 2915 3608 virtus
2937 3564 3016 3608 est
3040 3554 3092 3607 in
3116 3564 3293 3608 nostra
3323 3564 3603 3623 poteStatc,

2031 3648 2337 3701 divitiarum
2388 3645 2599 3699 fortuna
2646 3644 2861 3698 domina
2909 3656 3011 3699 est.
3053 3646 3167 3698 Jam
3218 3662 3345 3700 vero
3393 3648 3604 3700 stabilia

2032 3741 2273 3805 incertis,
2305 3755 2421 3809 quae
2449 3738 2583 3808 eripi
2620 3754 2722 3792 non
2756 3747 2999 3807 possunt,
3028 3738 3110 3792 liis
3138 3754 3256 3807 qua:
3285 3748 3525 3808 possunt,
3562 3742 3609 3793 si

2034 3844 2210 3887 tamen
2243 3833 2379 3886 bona
2418 3840 2563 3897 sunt,
2593 3832 2713 3899 quis
2753 3847 2857 3884 non
2898 3832 3160 3902 intelligit
3199 3848 3320 3887 esse
3354 3836 3610 3888 meliora?
3654 3856 3661 3865 ο

2033 3922 2269 3989 Quorum
2335 3933 2513 3973 tamen
2581 3922 2818 3974 locorum
2880 3935 3001 3988 pars
3072 3923 3335 3975 contraria
3392 3937 3611 3979 contra-

2036 4016 2175 4068 rium
2210 4023 2353 4067 tenet
2381 4030 2393 4064 :
2426 4011 2679 4079 inspectis
2718 4012 2913 4079 quippe
2945 4010 3028 4063 his
3061 4026 3178 4079 quat
3210 4014 3424 4065 meliora
3454 4027 3572 4067 sunt
3594 4057 3611 4077 ,

2034 4106 2077 4160 si
2102 4105 2290 4157 horum
2320 4102 2544 4155 adversa
2586 4100 2893 4163 videamus,
2939 4100 3207 4153 deteriora
3251 4111 3392 4153 sunt.
3430 4104 3611 4155 Restat

2034 4200 2086 4251 in
2113 4196 2392 4251 alfeCtione
2420 4193 2587 4262 posita
2614 4193 2942 4258 comparatio
2976 4209 3092 4259 qua:
3122 4193 3191 4245 ita
3230 4201 3508 4257 tractatur,
3554 4206 3612 4247 ttt

2036 4304 2142 4343 non
2172 4303 2267 4356 per
2297 4286 2638 4350 semetipsam
2674 4298 2760 4337 res
2785 4300 2903 4353 qua:
2936 4285 3024 4337 alii
3068 4287 3361 4349 confertur,
3405 4289 3495 4339 sed
3540 4304 3612 4343 et

2036 4380 2255 4434 alterius
2286 4377 2565 4446 cujuslibet
2612 4376 3041 4431 consideratione.
3081 4387 3348 4445 pensetur,
3386 4379 3524 4432 velut
3559 4382 3608 4432 in

2040 4474 2207 4525 tribus
2243 4470 2557 4539 quibusdam
2586 4472 2745 4521 rebus
2786 4470 2828 4522 si
2861 4469 2976 4521 dote
3018 4469 3082 4521 ad
3125 4484 3183 4522 se
3212 4471 3438 4529 invicem
3468 4488 3613 4524 eum-

359 4551 553 4619 quibus
590 4553 744 4607 facile
786 4570 973 4609 carere
1016 4557 1207 4623 possis,
1248 4556 1333 4609 illa
1381 4572 1466 4611 res
1512 4558 1771 4633 approbat
1814 4572 1933 4611 esse
1960 4554 2015 4613 D
2042 4575 2315 4632 parentur,
2348 4579 2378 4616 e
2403 4581 2413 4611 ι
2442 4560 2580 4628 quod
2613 4561 2676 4612 ad
2711 4544 2922 4615 tertiani
2964 4562 3079 4628 plus
3122 4563 3362 4616 minusve
3390 4565 3615 4631 jungau-

359 4644 617 4706 meliora,
676 4645 818 4712 quod
867 4648 1100 4700 maxime
1147 4647 1537 4712 desiderantur,
1597 4656 1651 4702 et
1697 4650 1811 4702 sine
1852 4649 1935 4704 bis

359 4734 515 4785 anxia
545 4734 650 4786 vita
678 4746 782 4801 est,
815 4736 975 4790 veluti
1013 4738 1056 4790 si
1087 4736 1207 4807 quis
1236 4740 1441 4806 capillis
1470 4739 1640 4793 visum
1672 4740 1931 4794 conferat.

360 4821 580 4888 Aigrius
617 4824 759 4876 enim
808 4825 1095 4879 toleramus
1135 4840 1321 4881 carere
1350 4828 1467 4881 visu
1496 4842 1656 4896 quam
1685 4830 1930 4897 capillis;

362 4912 435 4964 ita
463 4927 529 4965 ex
557 4911 656 4966 hoc
688 4913 963 4969 meliorem
1007 4931 1126 4971 esse
1154 4919 1322 4971 visunt
1361 4919 1568 4987 capillis
1590 4919 1892 4988 judieamus
1918 4960 1933 4985 ,

362 5002 501 5069 quod
530 5002 610 5056 his
644 5005 817 5068 facile,
853 5005 944 5059 illo
970 5020 1125 5075 ωειυο
1153 5009 1333 5062 animo
1375 5024 1559 5064 carere
1600 5026 1703 5063 non
1742 5027 1934 5080 possu-

361 5106 501 5146 mus.
545 5094 783 5149 Perfecta
824 5098 986 5151 etiam
1034 5100 1359 5167 imperfectis
1405 5104 1718 5157 naturaliter
1758 5104 1936 5158 excel-

363 5185 500 5249 lunt,
542 5184 629 5238 illa
666 5189 805 5240 enim
843 5203 993 5242 suam
1030 5190 1252 5245 formam
1301 5193 1488 5261 adepta
1532 5205 1676 5259 sunt,
1708 5195 1795 5249 illa
1840 5196 1937 5250 nti-

364 5275 528 5331 nime.
580 5278 709 5333 Tota
757 5281 918 5334 etiam
961 5284 1201 5350 partibus
1235 5286 1421 5340 eodem
1467 5289 1627 5343 modo
1671 5291 1939 5345 excellen-

364 5366 500 5419 tiora
529 5381 649 5421 esse
685 5370 1004 5425 arbitramur
1034 5391 1047 5427 :
1080 5390 1201 5428 nam
1243 5378 1381 5444 quod
1426 5387 1594 5432 totum
1625 5390 1727 5446 est,
1778 5382 1939 5437 habet

365 5464 570 5507 natura:
594 5459 861 5525 propriam
907 5462 1153 5517 formam.
1184 5465 1335 5532 Quod
1376 5482 1504 5521 vero
1532 5484 1653 5537 pars
1681 5481 1757 5523 est
1791 5484 1842 5525 et
1870 5472 1934 5524 ad

366 5542 531 5594 totius
563 5544 744 5597 nititur
778 5551 1181 5617 perfectionem,
1214 5556 1447 5609 nondum
1496 5575 1605 5612 sua:
1648 5561 1939 5627 pulchritu-

365 5631 506 5683 dinis
547 5634 778 5700 speciem
814 5640 979 5706 cepit,
1027 5642 1125 5695 nisi
1159 5644 1224 5697 ad
1260 5644 1418 5699 totius
1468 5648 1823 5717 integritatem
1857 5668 1939 5706 re-

369 5723 589 5777 feratur.
617 5722 731 5778 Jam
762 5743 888 5781 vero
919 5732 1126 5785 ratione
1158 5736 1356 5791 utentia
1390 5739 1607 5793 rationis
1632 5741 1937 5810 expettibus

653 5844 919 5905 PATRUL.
970 5846 1186 5906 LXIV.

2042 4665 2146 4708 tur.
2190 4655 2309 4707 Sint
2364 4651 2506 4704 enim
2560 4651 2666 4703 dtto
2721 4651 2962 4717 qumdam
3018 4651 3261 4703 Immanis
3317 4654 3475 4705 rebus
3524 4670 3616 4708 ac-

2041 4745 2407 4805 commodata,
2461 4756 2682 4807 quarum
2730 4757 2831 4792 una
2883 4741 3210 4811 principibus
3250 4753 3409 4811 atque
3456 4748 3613 4799 etiam

2041 4838 2138 4905 ipsi
2189 4836 2492 4901 reipublica:
2558 4834 3051 4888 accommodatior:
3091 4837 3175 4889 ltic
3219 4837 3375 4905 igitur
3411 4840 3617 4907 judica-

2041 4928 2213 4981 bimus
2238 4940 2353 4977 eam
2387 4938 2496 4976 rem
2528 4937 2647 4975 esse
2676 4924 2946 4975 meliorem
2984 4940 3103 4991 qum
3146 4926 3456 4980 melioribus
3495 4946 3617 4995 pro-

2044 5020 2190 5078 dest,
2225 5016 2275 5069 id
2306 5027 2385 5069 est
2417 5024 2474 5066 ttt
2504 5012 2808 5080 reipubltem
2852 5015 2933 5067 vel
2978 5016 3304 5082 principibus
3336 5031 3438 5069 non
3484 5034 3617 5073 con-

2045 5110 2345 5163 siderantes
2373 5115 2427 5157 ut
2470 5118 2589 5158 sese
2627 5118 2711 5156 res
2754 5104 2974 5171 ltabeat,
3020 5105 3111 5157 sed
3140 5116 3397 5173 quantum
3443 5111 3623 5175 rcipu--

2046 5203 2197 5255 blicre
2244 5201 2325 5253 vel
2366 5197 2692 5265 principibus
2733 5195 2975 5261 adjuncta
3022 5197 3109 5249 sit.
3158 5199 3279 5250 llmc
3328 5198 3489 5265 igitur
3536 5218 3621 5253 res

2046 5308 2108 5346 ex
2142 5290 2419 5343 affectione
2446 5296 2529 5340 est
2554 5296 2877 5352 comparati,
2924 5286 3215 5353 meliusque
3251 5285 3522 5354 judiratur
3570 5294 3616 5341 iit

2048 5381 2185 5449 quod
2238 5376 2565 5444 principibus
2613 5376 2948 5428 commodum
2996 5384 3112 5437 est,
3162 5390 3319 5443 quam
3372 5378 3424 5430 id
3476 5380 3617 5446 quod

2043 5474 2303 5541 aliquibus
2364 5469 2608 5536 privatis,
2662 5467 2910 5534 quoniam
2962 5466 3231 5535 principes
3291 5470 3615 5537 reliquorum

2045 5565 2204 5618 etiam
2242 5562 2517 5614 continent
2544 5567 2763 5610 statum.
2810 5558 3006 5610 Eodem
3040 5560 3195 5611 modo
3243 5572 3364 5615 sunt
3396 5580 3510 5631 quas
3538 5580 3619 5614 se-

2045 5665 2296 5724 qttttntur,
2324 5661 2378 5703 ut
2407 5665 2524 5718 qua:
2547 5647 2859 5716 jttcundiora
2908 5659 3030 5702 sunt
3063 5652 3177 5718 plur
3204 5654 3319 5713 bus,
3355 5670 3471 5722 qua:
3512 5658 3620 5708 cla-

2049 5747 2188 5801 riora
2236 5746 2369 5798 inter
2402 5742 2615 5803 multis,
2660 5754 2777 5809 qtttr
2812 5741 3053 5807 pluribus
3086 5746 3427 5810 eontptobata
3464 5758 3583 5800 sunt
3606 5790 3618 5812 ,

3191 5858 3262 5915 37
