4274 6272
702 368 835 421 Ησδ

1894 357 2001 410 ΑΝ.
2045 356 2249 411 MANL.
2292 355 2438 410 SEV.
2474 355 2695 410 BUETII

3804 357 3941 410 Ηιιό

696 484 915 535 meliora
959 477 1233 529 ducantur.
1274 470 1404 523 Nam
1457 469 1667 523 etiamsi
1714 484 1888 523 minus
1931 471 2040 537 ipsa
2097 470 2255 537 hujus
2286 478 2335 531 Α
2365 472 2554 525 sitione
2583 486 2698 540 qu;e
2738 468 2986 523 dicebat:
3018 468 3072 525 Si
3103 468 3327 522 consilio
3355 477 3409 522 et
3450 468 3650 522 auxilio
3680 470 3824 524 cives
3847 469 3942 538 ju-

698 582 897 626 natura:
924 567 1057 625 sint;
1085 562 1362 616 affectione
1391 570 1564 613 tamen
1582 600 1595 623 ,
1622 572 1676 612 ut
1703 558 1904 613 dictum
1934 569 2043 623 εει,
2073 575 2257 611 eorum

696 664 883 732 quibus
904 660 984 713 vel
1009 656 1327 727 jucundiora
1348 697 1362 719 ,
1397 655 1475 711 vel
1507 655 1645 708 inter
1668 669 1801 723 quos
1839 655 2060 707 clariora
2104 666 2257 720 sunt,

696 762 781 805 aut
822 766 850 803 a
878 748 1066 817 quibus
1108 746 1427 815 probantur,
1462 743 1687 796 meliora
1719 742 2071 796 existimanda
2114 752 2256 795 sunt.

694 842 799 896 Sed
843 853 1142 909 quanquam
1174 836 1223 889 id
1264 834 1404 903 quod
1436 848 1464 887 a
1510 832 1749 899 pluribus
1788 832 1983 885 bonum
2025 830 2257 893 ducitur,

694 935 941 1001 superius
980 934 1033 985 in
1066 946 1126 985 ca
1168 928 1576 997 comparationis
1616 935 1765 994 parte
1805 926 2041 992 posuerit
2074 926 2124 978 in
2155 940 2257 993 qua

694 1025 854 1081 ﬂebat
891 1022 1180 1077 secundum
1224 1034 1499 1073 numerum
1539 1018 1890 1085 comparatio,
1921 1016 2051 1077 nihil
2084 1028 2258 1069 tamen

698 1118 917 1187 impedit
940 1115 1181 1169 eumdem
1210 1114 1381 1165 locum
1416 1110 1706 1165 secundum
1739 1110 1894 1162 aliam
1922 1120 2076 1178 atque
2101 1109 2257 1161 aliam

696 1208 1172 1265 considerationem
1202 1202 1431 1256 diversis
1463 1200 1750 1269 generibus
1790 1199 1942 1252 subdi
1972 1217 1982 1249 :
2015 1200 2155 1251 velut
2180 1198 2256 1249 ala

697 1302 807 1355 avis
852 1314 971 1354 cum
1014 1293 1301 1350 substantia
1346 1293 1446 1354 sit,
1490 1291 1673 1343 eadem
1730 1298 1903 1342 tamen
1953 1288 2016 1340 ad
2063 1287 2258 1356 aliquid

697 1406 817 1446 esse
844 1386 1173 1454 intelligitur,
1204 1383 1245 1435 si
1273 1381 1337 1434 ad
1366 1381 1561 1433 alatum
1589 1377 1975 1431 consideretur.
2014 1377 2103 1430 Illa
2132 1392 2260 1445 quo-

697 1496 799 1551 que
837 1494 901 1533 ex
951 1475 1230 1529 affectione
1261 1471 1506 1523 videntur
1535 1484 1594 1541 es
1623 1483 1653 1522 e
1685 1468 1904 1521 meliora
1948 1481 2062 1534 qua:
2100 1466 2167 1518 ab
2196 1480 2260 1518 eo
2300 1514 2305 1519 ,

698 1570 907 1626 laudata
946 1574 1104 1628 sunt,
1146 1570 1331 1617 contra
1377 1574 1533 1628 quem
1577 1558 1854 1612 dialectica
1889 1557 2129 1611 oratione
2178 1556 2259 1609 vel

698 1661 961 1717 rhetorica
1003 1656 1251 1710 facultate
1282 1651 1582 1706 disseritur.
1614 1650 1743 1701 Nam
1771 1658 1827 1701 ιιι
1870 1648 2143 1702 revincere
2169 1646 2261 1699 ad-

698 1750 990 1807 versarium
1031 1744 1231 1813 possis,
1273 1750 1354 1793 sat
1395 1750 1478 1793 est
1527 1740 1569 1791 si
1615 1753 1734 1791 eum
1787 1737 1881 1790 tibi
1909 1736 2260 1813 consensisse

2366 574 2487 613 vare
2513 574 2661 628 requa
2706 560 2759 613 in
2792 559 2944 612 laude
2975 570 3282 626 poneretur,
3318 559 3431 626 pari
3472 558 3637 626 gloria
3664 574 3781 613 esse
3815 576 3940 613 ora-

2361 661 2506 705 tores
2532 652 2770 719 jurisque
2792 652 3081 705 consultos.
3106 652 3257 717 Quod
3282 654 3519 718 sequitur
3542 652 3721 719 igitur,
3750 653 3799 705 id
3828 665 3937 720 est,

2364 744 2476 811 pari
2507 744 2672 811 gloria
2714 744 2911 796 debent
2940 757 3059 795 esse
3084 743 3172 810 qui
3201 743 3486 795 consulunt
3514 757 3577 795 ac
3606 742 3935 809 defendunt;

2363 834 2413 887 id
2443 835 2582 888 enim
2607 842 2720 887 erat
2745 848 3078 901 consequens
3109 836 3159 885 in
3191 846 3253 887 ea
3287 835 3655 900 pr0positione
3681 851 3800 903 quze
3829 846 3935 890 sta‘

2360 928 2578 980 tuebat:
2608 927 2661 980 Si
2689 926 2909 979 consilio
2932 935 2986 979 et
3013 925 3210 979 auxilio
3236 928 3378 979 cives
3410 928 3598 994 juvare
3628 943 3726 995 par
3752 943 3928 998 esset,

2363 1032 2516 1084 pares
2546 1031 2665 1070 esse
2691 1018 2778 1085 qui
2807 1018 3087 1070 consulunt
3116 1032 3177 1070 ac
3205 1016 3519 1071 defendunt.

2434 1108 2665 1175 Perfecta
2708 1117 2777 1160 est
2829 1109 2991 1159 omnis
3042 1118 3455 1176 argumentorum
3506 1111 3932 1165 inveniendorum

2358 1202 2646 1267 prteceptio,
2676 1208 2728 1251 ut
2768 1215 2883 1251 cum
2913 1204 3169 1266 profectus
3198 1199 3267 1250 sis
3294 1216 3325 1250 a
3352 1200 3665 1265 deﬁnitione,
3696 1220 3727 1254 a
3755 1206 3929 1272 parti-

2358 1293 2512 1352 tione,
2539 1308 2569 1343 a
2592 1293 2866 1353 notatione,
2909 1307 2939 1341 a
2969 1293 3276 1360 coniugatis,
3306 1308 3337 1343 a
3373 1308 3573 1359 genere.
3606 1310 3636 1345 a
3670 1294 3865 1360 forma,
3894 1311 3930 1346 a

2357 1383 2710 1447 similitudine,
2750 1398 2781 1433 a
2821 1380 3138 1447 differentia,
3170 1398 3200 1432 a
3229 1383 3519 1443 contrariis,
3550 1383 3611 1435 ab
3645 1386 3928 1453 adjunctis,

2359 1488 2389 1524 a
2419 1473 2857 1541 consequentibus,
2886 1472 2947 1523 ab
2985 1472 3406 1538 antecedentibus,
3441 1490 3471 1525 a
3504 1476 3928 1545 repugnantibus,

2359 1579 2390 1613 a
2422 1564 2614 1628 causis,
2641 1562 2701 1614 ab
2723 1562 2938 1628 affectis,
2976 1580 3007 1615 a
3037 1569 3411 1629 comparatione
3441 1568 3725 1631 maiorum,
3761 1570 3927 1622 mino—

2358 1668 2500 1718 rum,
2538 1654 2768 1723 parium,
2811 1654 2959 1706 nulla
3003 1666 3243 1723 prwterea
3274 1656 3419 1708 sedes
3459 1659 3749 1725 argumenti
3789 1675 3930 1728 qure-

2358 1744 2515 1797 renda
2535 1744 2619 1795 sit.

698 1835 1113 1899 monstraveriS.
1164 1842 1324 1896 aliine
1373 1830 1422 1882 id
1473 1826 1752 1896 aliquando
1803 1827 1946 1879 νειυι
1999 1825 2257 1893 οριὶηιιιιη
2291 1828 2337 1886 Β
2432 1833 2667 1887 Tametsi
2693 1848 2761 1886 cx
2794 1833 2874 1887 his
2903 1848 3020 1902 qua:
3048 1833 3186 1887 dicta
3210 1843 3333 1888 sunt
3361 1835 3688 1905 intelligatur
3720 1837 3923 1892 nullum

699 1931 1034 2002 praedicasse,
1077 1925 1215 1992 quod
1249 1934 1302 1976 tu
1346 1922 1535 1974 melius
1563 1934 1621 1973 re
1654 1917 1923 1985 preposita
1966 1928 2263 1969 monstrare

699 2020 1010 2078 contendas.
1042 2014 1203 2068 Dictis
1240 2012 1395 2079 igitur
1421 2009 1666 2061 omnibus
1694 2006 1971 2060 meliorum
2001 2005 2152 2068 locis,
2184 2003 2263 2057 his

700 2110 927 2181 oppositi
969 2122 1087 2176 qua:
1132 2102 1393 2157 deteriora
1447 2109 1571 2153 sunt
1623 2098 1995 2153 continebunt.
2056 2097 2262 2151 Parium

700 2215 827 2257 vero
870 2198 1009 2251 nulla
1051 2192 1300 2249 discretio
1340 2199 1441 2243 ε-ι.
1476 2191 1656 2255 Neque
1689 2186 1831 2241 enim
1857 2185 1996 2252 quod
2032 2199 2125 2253 par
2151 2194 2262 2247 est,

701 2300 791 2345 aut
836 2286 1182 2342 intentionem
1228 2294 1475 2341 sumere,
1517 2284 1608 2330 aut
1648 2277 2015 2330 remissionem
2068 2282 2259 2341 potest.

701 2383 901 2451 Quibus
945 2387 1119 2431 autem
1168 2373 1337 2426 modis
1392 2372 1528 2423 inter
1575 2383 1632 2421 se
1689 2367 1891 2434 majora
1952 2366 2264 2431 minoraque

701 2473 1019 2541 penduntur,
1063 2465 1247 2518 iisdem
1285 2463 1422 2515 inter
1454 2476 1513 2513 se
1554 2458 1699 2527 paria
1743 2456 2103 2512 conferuntur.
2136 2455 2263 2508 Nam

702 2577 816 2629 qua!
848 2558 927 2611 vel
959 2567 1201 2615 numero,
1242 2550 1326 2603 vel
1361 2548 1561 2615 specie,
1609 2547 1689 2598 vel
1736 2546 1819 2607 vi,
1861 2545 1942 2598 vel
1990 2542 2265 2596 affectione

703 2649 927 2709 fuerint,
958 2658 1107 2712 mque
1137 2641 1278 2707 paria
1302 2652 1420 2691 esse
1450 2636 1720 2689 dicuntur.
1758 2635 2050 2689 Commune
2089 2642 2263 2687 autem

702 2747 1014 2794 cunctorum
1055 2730 1352 2797 exemplum
1394 2737 1499 2789 est,
1530 2726 1669 2794 quod
1699 2726 1893 2779 Cicero
1931 2725 1982 2777 in
2016 2726 2267 2793 qualitate

702 2826 1008 2889 constituit,
1051 2837 1169 2892 quae
1223 2819 1452 2889 qualitas
1501 2818 1552 2869 in
1600 2818 1803 2869 cunctis
1855 2816 2068 2883 paribus
2116 2828 2264 2880 aequa

703 2932 814 2988 est,
858 2918 951 2974 sed
991 2917 1073 2970 vel
1120 2926 1363 2975 numero,
1402 2909 1485 2963 vel
1529 2908 1728 2977 specie,
1772 2906 1853 2960 vel
1897 2906 1984 2971 vi,
2028 2905 2110 2957 vel
2140 2904 2266 2957 affe-

704 3015 876 3070 ctione
903 3010 1047 3080 paria
1077 3016 1217 3060 sunt.
1246 3002 1374 3057 Nam
1406 3000 1459 3054 in
1489 3014 1671 3053 eorum
1709 2997 2107 3065 comparatione
2150 3010 2268 3063 qua;

705 3105 901 3173 majora
932 3101 1014 3155 vel
1047 3098 1251 3152 minora
1280 3100 1437 3157 sunt,
1484 3105 1587 3144 uua
1616 3088 1858 3157 quaedam
1899 3089 2124 3154 qualitas
2155 3094 2265 3149 est,

2364 1924 2659 1992 argumenti
2702 1923 2875 1975 locum
2919 1937 3036 1976 esse
3078 1925 3436 1992 praeteritum,
3477 1927 3712 1981 breviter
3755 1937 3928 1982 tamen

2363 2016 2635 2069 Ciceronis
2660 2015 3056 2069 conclusionem
3076 2053 3091 2079 ,
3125 2031 3225 2082 qua
3253 2030 3310 2069 se
3342 2015 3477 2069 nihil
3505 2018 3754 2072 omisisse
3785 2034 3931 2072 com-

2366 2102 2658 2169 memorat,
2688 2105 2753 2157 ad
2783 2106 3096 2173 ampliorem
3135 2105 3393 2159 doctrina:
3435 2105 3592 2161 fidem
3631 2111 3931 2176 approban-

2365 2198 2486 2251 dam
2518 2212 2659 2263 reor,
2693 2198 2746 2251 in
2778 2197 2861 2251 his
2888 2198 3031 2251 enim
3074 2198 3205 2251 nihil
3249 2198 3467 2253 omnino
3512 2203 3931 2267 praetermittitur

2366 2303 2481 2357 qua:
2505 2297 2651 2341 certa
2681 2287 2885 2341 ratione
2907 2297 3217 2341 tractantur.
3243 2289 3394 2342 Nulla
3422 2305 3551 2343 vero
3576 2292 3772 2344 certior
3797 2293 3932 2347 ratio

2366 2377 2657 2441 divisione;
2706 2376 2845 2444 quod
2889 2377 3029 2430 enim
3076 2377 3301 2445 quisque
3332 2378 3555 2443 partitur
3579 2394 3606 2431 a
3636 2382 3931 2434 communi-

2288 2532 2293 2537 ,
2368 2473 2464 2525 bus
2501 2472 2551 2524 in
2586 2470 2921 2540 particularta
2954 2468 3409 2533 deducens,_cum
3458 2479 3654 2523 rectum
3699 2469 3800 2524 iter
3848 2471 3930 2525 in-

2368 2566 2553 2625 sistat,
2597 2562 2700 2615 labi
2733 2570 2891 2628 atque
2920 2560 2971 2615 in
3010 2576 3251 2615 errorem
3288 2561 3409 2615 duci
3457 2577 3559 2616 non
3592 2572 3782 2631 potest.
3822 2563 3932 2618 Lo-

2368 2668 2549 2708 corum
2584 2653 2744 2721 igitur
2788 2651 3025 2705 omnium
3072 2652 3242 2720 prima
3288 2651 3477 2705 divisio
3508 2652 3603 2705 fuit
3632 2668 3685 2705 tn
3723 2668 3783 2707 ea
3810 2668 3934 2722 quae

2370 2744 2421 2798 in
2458 2745 2585 2812 ipsis
2631 2744 2911 2806 hmrerent,
2952 2750 3006 2795 et
3040 2756 3101 2796 ea
3140 2757 3258 2809 quae
3299 2750 3701 2796 assumereutur
3729 2746 3935 2799 extrin-

2369 2850 2541 2888 secus.
2562 2831 2732 2899 Cujus
2752 2833 3027 2885 divisionis
3054 2833 3181 2885 nihil
3207 2833 3436 2887 medium
3462 2835 3687 2901 reperiri
3717 2844 3893 2901 potest
3918 2852 3933 2888 :

2369 2935 2458 2979 aut
2484 2926 2623 2978 enim
2662 2924 2716 2976 in
2764 2924 2881 2991 ipso
2918 2932 2999 2976 est
3044 2923 3243 2993 aliquid
3288 2922 3355 2977 de
3393 2937 3499 2991 quo
3528 2926 3804 2992 quaeritur,
3847 2934 3937 2980 aut

2370 3014 2701 3068 extrinsecus
2728 3027 2947 3067 necesse
2974 3022 3054 3067 est
3083 3021 3405 3066 assumatur.
3443 3012 3732 3067 Videamus
3774 3014 3938 3083 igitur

2372 3118 2509 3158 nunc
2536 3101 2979 3171 quemadmodum
3004 3102 3290 3169 disputatio
3321 3116 3416 3169 per
3446 3102 3575 3155 nihil
3599 3103 3938 3158 omittenlem

705 3195 797 3251 sed
829 3196 1013 3247 horum
1053 3187 1358 3242 accessione
1398 3183 1688 3235 variantur.
1720 3178 1850 3231 Nam
1873 3178 2068 3246 quibus
2097 3177 2149 3229 in
2173 3189 2267 3229 ea-
2295 3176 2340 3239 C
2370 3196 2683 3250 divisionem
2729 3195 2948 3249 rem“...
2998 3193 3193 3248 Eorum
3238 3194 3398 3262 igitur
3440 3193 3707 3257 ιοεοτυιη.
3748 3196 3839 3263 qui
3886 3196 3938 3250 εη

706 3288 823 3340 dem
871 3283 1123 3351 qualitate
1169 3277 1343 3345 major
1387 3286 1658 3335 numerus,
1710 3269 1978 3338 pulchrior
2025 3267 2261 3335 species,

706 3375 969 3428 efficacior
994 3371 1094 3433 vis,
1122 3368 1187 3421 ad
1219 3364 1535 3436 pretiosiora
1575 3361 1908 3429 conjunctior
1944 3358 2173 3421 affectio,
2207 3371 2269 3411 ea

707 3462 927 3514 meliora
954 3472 1071 3511 esse
1106 3455 1575 3510 existimabuntur.
1610 3454 1739 3516 Quae
1768 3452 1811 3504 si
1840 3464 1992 3517 aequa
2034 3449 2266 3513 iuerint,

708 3550 759 3602 in
788 3546 972 3601 eadem
1004 3545 1254 3613 qualitate
1285 3542 1431 3610 paria
1455 3549 1602 3594 sunt.
1632 3539 1947 3605 Exemplum
1972 3552 2099 3590 vero
2130 3536 2270 3601 quod

708 3636 1007 3706 proposuit.
1038 3633 1102 3685 ad
1137 3629 1518 3683 blandiendum
1552 3627 1785 3681 Trebatii
1827 3628 2061 3678 animum
2096 3624 2267 3690 valet,

708 3741 828 3780 cum
857 3722 1148 3792 propriam,
1173 3719 1223 3771 id
1247 3727 1330 3772 est
1355 3717 1641 3770 oratoriam
1660 3757 1676 3780 ,
1712 3714 2012 3769 facultatem
2042 3727 2160 3766 cum
2185 3712 2273 3781 ju-

709 3806 1071 3885 risperitorum
1104 3810 1256 3865 laude
1284 3807 1555 3878 caujungit
1595 3807 1697 3860 hoc
1722 3805 1917 3858 modo:
1951 3804 2007 3859 Si
2048 3804 2273 3858 consilio

620 3892 627 3905 ’
708 3907 889 3975 iuvare
932 3903 1094 3965 cives,
1140 3898 1278 3967 quod
1324 3896 1755 3965 jurisperitorum
1806 3904 1926 3958 est,
1964 3903 2017 3947 et
2053 3893 2272 3957 auxilio,

708 3996 847 4065 quod
877 4004 1144 4048 oratorum
1187 3999 1297 4055 est,
1337 4004 1487 4057 aequa
1533 3988 1583 4041 in
1635 3987 1787 4040 laude
1818 3986 2119 4055 ponendum
2158 3994 2271 4049 εει,

708 4087 818 4157 pari
854 4085 1017 4155 gloria
1057 4082 1251 4136 debent
1286 4095 1406 4135 esse
1435 4079 1529 4147 qui
1559 4079 1876 4141 consulunt,
1914 4076 1965 4130 id
1997 4084 2079 4129 est
2120 4076 2273 4144 periti

708 4180 864 4250 jur’s,
905 4187 959 4232 et
1003 4176 1055 4229 hi
1096 4175 1184 4244 qui
1227 4171 1550 4236 defendunt,
1592 4170 1642 4223 id
1686 4179 1769 4223 εει
1810 4178 2073 4223 oratores.
2117 4166 2277 4235 Atqui

713 4274 939 4342 primum
962 4280 1077 4334 est,
1119 4268 1169 4321 id
1199 4275 1282 4321 est
1309 4264 1533 4319 consilio
1556 4264 1743 4332 juvare
1771 4262 1938 4320 cives,
1972 4269 2025 4312 ct
2056 4258 2276 4321 auxilio,

710 4379 861 4434 aequa
889 4363 940 4416 in
971 4361 1123 4414 laude
1157 4358 1455 4429 ponendum
1482 4363 1587 4408 est.
1616 4352 1766 4419 Quod
1812 4352 2053 4419 sequitur
2091 4351 2273 4418 igitur,

711 4456 764 4509 id
794 4463 875 4509 est
903 4452 1140 4524 (Supple,
1172 4450 1283 4518 pari
1312 4446 1478 4515 gloria
1500 4446 1696 4497 debent
1716 4457 1833 4495 esse
1858 4441 1947 4509 qui
1971 4440 2272 4505 consulunt,

2371 3286 2498 3353 ipsis
2524 3293 2648 3338 sunt
2683 3284 2751 3337 de
2782 3284 2976 3353 quibus
3006 3284 3197 3351 agitur,
3239 3297 3384 3337 nunc
3425 3297 3489 3337 ex
3521 3292 3656 3347 toto,
3696 3295 3835 3336 nunc
3872 3296 3939 3335 ex

2372 3375 2630 3443 partibus,
2662 3388 2803 3426 nunc
2844 3388 2910 3427 ex
2938 3373 3217 3433 vocabulo,
3248 3387 3385 3425 nunc
3424 3387 3489 3425 ex
3522 3372 3731 3426 affectis
3768 3371 3937 3424 sumi-

2372 3473 2457 3516 tur
2496 3471 2882 3530 argumentum.
2934 3462 2987 3514 lu
3030 3461 3112 3513 his
3156 3461 3313 3529 igitur
3347 3462 3598 3529 quoniam
3644 3461 3774 3514 nihil
3813 3459 3939 3514 reli-

2372 3560 2512 3605 ctum
2551 3554 2623 3605 sit
2660 3551 2935 3617 perspicue
2964 3559 3210 3617 apparet;
3263 3551 3314 3602 in
3359 3564 3424 3602 eo
3452 3550 3593 3604 enim
3636 3549 3777 3617 quod
3811 3564 3939 3602 con-

2368 3639 2607 3708 iunctum
2632 3649 2743 3701 est,
2777 3639 2971 3707 duplex
3015 3639 3273 3691 discretio
3309 3647 3429 3692 est:
3464 3654 3566 3691 una
3614 3654 3677 3693 ex
3716 3654 3781 3692 eo
3824 3638 3941 3704 ipso

2374 3730 2513 3797 quod
2546 3731 2826 3782 formatum
2878 3738 2960 3783 est
2996 3742 3155 3797 atque
3179 3729 3533 3796 compositum
3554 3770 3567 3791 ,
3598 3730 3737 3796 quod
3768 3739 3938 3783 totum

2374 3831 2485 3885 est,
2519 3821 2570 3873 in
2620 3836 2724 3889 quo
2763 3822 2923 3874 etiam
2969 3821 3306 3874 deﬁnitiones
3344 3822 3695 3885 adhibentur;
3738 3821 3841 3874 alia
3884 3822 3939 3876 in

2374 3914 2489 3981 ejus
2516 3914 2751 3980 partibus
2778 3911 3139 3979 inspiciendis,
3166 3926 3232 3965 ex
3255 3913 3445 3981 quibus
3468 3912 3746 3979 compositi
3775 3912 3939 3965 forma

2376 4004 2655 4071 conjuncta
2683 4014 2784 4057 est.
2808 4004 2910 4057 Sed
2939 4004 3191 4073 quoniam
3220 4015 3406 4056 natura
3431 4003 3703 4055 hominum
3732 4002 3782 4055 id
3804 4001 3941 4070 quod

2377 4093 2653 4161 intelligit,
2684 4110 2810 4146 voce
2837 4093 3031 4159 εειψίιιε
3066 4094 3267 4160 prodit,
3302 4108 3523 4148 necesse
3550 4102 3629 4147 est
3667 4104 3721 4145 ut
3749 4108 3943 4148 nomen

2376 4197 2587 4250 quoque
2609 4182 2749 4250 quod
2777 4180 2841 4233 ad
2871 4180 3171 4233 intellectus
3199 4181 3605 4235 declarationem
3635 4180 3944 4247 adhibetur,

2377 4274 2623 4326 ostendat
2654 4273 2881 4339 aliquam
2937 4270 3013 4323 rei
3048 4286 3202 4338 quam
3234 4271 3499 4339 significat
3530 4268 3908 4338 pr0prietatem
3928 4311 3947 4336 ,

2376 4364 2671 4417 intellectus
2703 4363 2927 4428 quippe,
2976 4360 3281 4428 qualitatem
3330 4361 3404 4412 rei
3442 4375 3608 4428 quam
3659 4357 3946 4425 intelligit.

2379 4453 2659 4520 significat.
2690 4450 2939 4515 Quocirca
2978 4464 3169 4501 nomen
3218 4462 3427 4515 quoque
3466 4448 3772 4500 intellectus
3814 4462 3946 4514 qua-

710 4545 762 4597 id
792 4553 876 4598 est
914 4522 1067 4609 ρεὶῆιὶ
1096 4540 1263 4608 juris,
1303 4546 1357 4591 et
1384 4536 1435 4589 iii
1477 4534 1565 4602 qui
1606 4531 1923 4589 defendunt.
1960 4530 2008 4583 id
2038 4539 2117 4582 est
2152 4545 2275 4582 ora-
2302 4522 2354 4581 Β
2382 4543 2581 4595 malem
2612 4539 2875 4608 designat,
2907 4538 3033 4590 Jure
3092 4537 3251 4605 igitur
3295 4537 3490 4589 dictum
3535 4545 3617 4589 est
3657 4536 3946 4602 proluviem.

713 4634 877 4701 tores)
906 4633 1145 4685 infertur.
1177 4630 1249 4682 Ea
1279 4642 1404 4681 vero
1433 4622 1707 4679 conclusio
1747 4630 1831 4674 est
1862 4637 1956 4690 per
1994 4635 2150 4689 quam
2194 4621 2273 4673 di-

712 4727 879 4779 cimus
904 4741 916 4776 :
947 4723 997 4776 hi
1027 4724 1186 4791 igitur
1224 4722 1310 4788 qui
1344 4719 1650 4783 consulunt,
1680 4726 1734 4771 et
1764 4716 1812 4768 hi
1841 4717 1929 4778 qui
1961 4715 2275 4782 defendunt,

716 4819 826 4884 pari
852 4815 1015 4884 gloria
1061 4826 1180 4866 esse
1218 4811 1432 4864 debent.
1472 4809 1581 4862 Hoc
1623 4816 1800 4859 autem
1845 4806 2083 4859 breviter
2113 4806 2278 4859 diale-

710 4909 969 4961 cticorum
1011 4918 1157 4957 mare
1198 4901 1441 4969 protulit,
1471 4900 1557 4967 qui
1598 4900 1676 4951 sic
1720 4898 1996 4951 enuntiant
2029 4913 2043 4951 :
2075 4897 2119 4949 si
2163 4896 2279 4950 dies

712 5009 821 5065 est,
862 4998 1021 5053 lucet.
1062 4998 1128 5047 At
1156 4992 1293 5061 quod
1333 4992 1558 5061 primum
1593 4996 1703 5054 est,
1737 4988 1787 5041 id
1828 4998 2002 5040 autem
2050 4996 2281 5039 tantum-

712 5095 829 5145 dem
863 5100 943 5143 cst
970 5103 1031 5141 ac
1056 5088 1097 5139 si
1130 5086 1353 5145 dicatur,
1387 5082 1528 5150 atqui
1555 5080 1668 5134 dies
1691 5088 1791 5133 est.
1818 5078 1871 5133 ln
1902 5077 2273 5146 propositione

712 5181 853 5235 enim
879 5193 995 5246 qua:
1025 5184 1134 5239 est,
1164 5176 1207 5227 si
1237 5174 1349 5225 dies
1382 5181 1494 5235 est,
1523 5172 1608 5224 lux
1640 5178 1752 5235 est,
1789 5173 1935 5237 prior
1964 5180 2046 5222 est
2080 5184 2277 5237 propo—

720 5271 863 5331 sitio,
894 5268 1009 5322 dies
1034 5275 1131 5320 cst.
1169 5264 1502 5319 Concludunt
1530 5262 1666 5330 quod
1710 5261 1970 5330 sequitur,
2015 5261 2196 5331 igitur,
2228 5263 2278 5315 id

716 5369 825 5425 est,
853 5372 972 5413 esse
1000 5356 1187 5411 lucem.
1212 5337 1263 5407 id
1306 5353 1446 5407 enim
1482 5352 1532 5406 in
1564 5351 1728 5418 prima
1775 5361 1923 5417 parte
1958 5353 2278 5419 prepositio-

717 5450 821 5512 nis,
856 5462 970 5516 quae
1009 5457 1156 5507 erat,
1201 5446 1241 5497 si
1273 5443 1385 5497 dies
1433 5453 1547 5505 est,
1597 5440 1936 5507 sequebatur.
1990 5441 2147 5509 Igitur
2193 5440 2278 5492 hic

716 5553 924 5607 quoque
952 5537 1136 5590 (licere
1178 5534 1253 5588 sic
1296 5534 1511 5600 protulit
1538 5548 1550 5584 :
1582 5530 1738 5597 Atqui
1783 5530 2010 5597 primum
2058 5540 2172 5591 est,
2225 5529 2275 5581 id

720 5638 798 5683 cst
821 5667 834 5689 ,
863 5627 1084 5678 consilio
1110 5635 1161 5678 et
1191 5624 1384 5676 auxilio
1412 5623 1601 5689 juvare
1644 5620 1787 5673 cives
1833 5633 1982 5687 aequa
2032 5618 2080 5670 in
2128 5616 2283 5671 laude

721 5730 839 5770 esse
876 5714 1207 5777 ponendum,
1241 5712 1287 5765 id
1314 5711 1453 5765 enim
1484 5718 1598 5765 erat
1638 5708 1865 5777 primum
1905 5708 1959 5761 in
1988 5720 2053 5762 ea
2087 5717 2281 5774 propo-

2384 4642 2487 4685 tcm
2519 4629 2799 4698 quamdam
2840 4628 2917 4680 rei
2949 4626 3206 4681 vocabu'o
3233 4624 3547 4694 significari,
3579 4634 3739 4691 atque
3785 4626 3856 4676 ita
3886 4637 3947 4678 ex

2386 4737 2450 4775 eo
2495 4720 2632 4773 trahi
2672 4728 3039 4787 argumentum
3086 4726 3286 4781 potest,
3318 4716 3458 4782 quod
3488 4724 3708 4767 vocatur
3748 4727 3778 4764 a
3804 4724 3947 4766 nota.

2386 4811 2582 4863 limum
2627 4824 2753 4862 vero
2799 4808 3031 4860 locorum
3078 4808 3212 4859 alias
3254 4807 3567 4872 partitiones
3601 4805 3779 4869 dedit,
3819 4818 3950 4872 quas

2385 4902 2539 4968 paulo
2573 4907 2690 4967 post
2736 4898 2948 4951 brevius
2991 4896 3331 4963 colligemus.
3376 4896 3579 4949 Afiecta
3625 4909 3777 4957 vero,
3812 4909 3950 4962 quae,

2390 4999 2448 5042 ut
2477 4989 2719 5057 superius
2744 4988 2940 5041 dictum
2972 4997 3081 5050 est,
3115 4989 3166 5039 in
3196 4988 3455 5039 relatione
3485 4986 3809 5049 consistunt,
3840 4985 3952 5052 ipsa

2387 5078 2542 5129 etiam
2572 5079 2671 5130 rite
2714 5076 2880 5130 divisa
2919 5084 3060 5129 sunt.
3090 5075 3219 5128 Nam
3248 5090 3367 5143 qum
3399 5077 3704 5129 referuntur
3747 5075 3813 5127 ad
3858 5075 3952 5126 ali.

2387 5165 2547 5232 quid,
2579 5174 2669 5218 aut
2713 5164 3073 5218 substantialia
3118 5173 3272 5226 sunt,
3320 5173 3411 5218 aut
3452 5165 3771 5219 accidentia.
3816 5164 3952 5218 Sub«

2388 5255 2681 5319 stautialia,
2714 5264 2781 5327 ,ιιι
2813 5255 3123 5325 conjugata,
3156 5270 3274 5309 nam
3300 5256 3469 5324 justo,
3498 5256 3551 5309 iu
3599 5270 3665 5310 eo
3702 5255 3845 5324 quod
3870 5257 3953 5323 ju-

2388 5355 2502 5399 stus
2550 5355 2664 5410 est,
2703 5345 2910 5414 justitia
2959 5347 3305 5400 substantiam
3358 5347 3500 5400 facit.
3548 5346 3659 5400 Nec
3708 5346 3757 5399 id
3810 5345 3952 5410 dico,

2386 5433 2526 5501 quod
2556 5434 2759 5488 homini
2789 5449 2905 5487 esse
2934 5450 3001 5487 ex
3029 5435 3231 5501 justitia
3261 5435 3632 5499 constituatur,
3665 5434 3759 5488 scd
3785 5434 3952 5502 justo,

2388 5527 2476 5597 qui
2498 5526 2699 5595 justitia
2731 5526 3040 5581 discedente
3075 5527 3452 5593 corrumpitur.
3480 5526 3679 5581 Similis
3705 5536 3763 5580 et
3789 5527 3857 5579 de
3889 5540 3952 5578 eo

2386 5617 2525 5685 quod
2567 5626 2649 5672 est
2682 5616 2825 5686 juste
2867 5616 3144 5683 adverbio,
3173 5621 3309 5671 ratio
3353 5626 3453 5673 est.
3494 5618 3591 5671 Est
3637 5620 3799 5672 etiam
3829 5621 3951 5671 sul»-

2388 5708 2655 5778 stantiale,
2679 5724 2866 5780 genus,
2897 5714 3127 5779 species,
3151 5712 3470 5779 differentia,
3501 5725 3681 5779 causa,
3711 5712 3952 5767 effectus.
