4274 6272
377 326 514 381 1165

1224 317 1287 370 IN
1329 314 1568 371 TOI‘IL'A
1604 310 1956 366 CICERONIS
1991 311 2502 368 COMMENTARIA.
2549 313 2652 368 [ΑΒ
2694 315 2773 370 Vl.

3476 317 3613 383 llﬁﬁ

373 439 711 501 Accidentia,
752 445 807 488 ut
849 433 1203 497 contrarium,
1233 430 1427 491 simile,
1475 427 1812 493 adjunctum,
1851 437 1941 491 pa-
1972 425 2021 482 Α
2043 437 2178 476 .vero
2211 430 2328 490 post
2354 437 2487 475 rem.
2518 423 2688 477 Locus
2720 441 2848 480 vero
2878 428 3245 483 conditionalis
3275 431 3525 488 dividitur
3553 451 3608 490 tn

374 534 476 594 ria,
508 529 742 600 majora,
777 530 999 581 minora.
1045 522 1436 591 Consequentia
1480 533 1605 571 vero
1648 527 1808 583 atque
1856 531 1943 569 rc-

375 621 686 691 pugnantia,
718 620 987 686 quoniam,
1022 625 1077 669 ut
1107 615 1349 682 superius
1378 612 1575 664 dictum
1605 618 1709 669 est,
1734 610 1783 659 in
1817 621 1945 659 con-

374 713 575 765 ditione
607 710 775 778 posita
817 717 970 769 sunt,
1002 721 1142 759 nunc
1170 700 1539 757 substantialia
1582 698 1943 765 reperiuntur,

375 816 517 855 nunc
548 816 671 853 vero
712 801 766 851 in
810 792 1172 850 accidentibus
1218 792 1643 847 considerantur.
1686 788 1947 855 Substan-

330 942 333 947 .
375 890 551 950 tialia.
580 902 635 941 ut
660 904 777 943 cum
804 900 971 956 genus
1001 884 1266 956 antecedit
1297 882 1560 950 Speciem;
1608 879 1905 933 accidentia
1927 917 1941 940 ,

375 993 433 1037 ut
487 978 605 1036 cum
657 978 875 1047 nigredu
934 974 1323 1044 prmcedentem
1381 970 1620 1038 sequitur
1679 982 1940 1031 corvum,

374 1084 670 1141 quanquam
711 1068 869 1122 etiam
920 1066 972 1118 in
1017 1063 1195 1117 causis
1240 1062 1429 1129 aliqua:
1477 1056 1944 1135 accidenteslesse

374 1160 596 1230 possint.
637 1157 709 1212 De
748 1171 974 1225 quarum
1003 1155 1237 1207 omnium
1286 1147 1695 1219 prOprietatibns
1738 1144 1943 1198 Tullius

372 1268 532 1322 supra
573 1251 843 1306 disseruit.
896 1250 1066 1315 Atque
1110 1256 1167 1299 ut
1213 1244 1526 1298 brevissima
1577 1239 1943 1307 descriptione

374 1353 483 1399 tota
536 1343 773 1396 locorum
834 1339 1024 1391 divisio
1075 1337 1377 1404 colligatur,
1426 1336 1528 1387 erit
1580 1332 1682 1384 hoc
1736 1329 1937 1384 modo:

374 1434 546 1488 Omne
583 1438 949 1499 argumentum
988 1440 1079 1480 aut
1120 1443 1182 1480 ex
1217 1426 1299 1478 his
1344 1424 1478 1477 locis
1523 1422 1731 1474 ducitur
1760 1419 1847 1488 qui
1888 1418 1942 1471 in

375 1525 493 1594 ipso
523 1524 589 1577 de
617 1536 720 1590 quo
766 1519 1022 1589 quaeritur
1063 1517 1350 1578 inhaerent,
1379 1522 1471 1567 aut
1496 1528 1561 1567 ex
1597 1512 1678 1564 his
1709 1526 1825 1579 quae
1855 1524 1951 1562 exi

376 1615 639 1668 trinsecus
668 1622 1028 1665 assumuntur.
1061 1608 1109 1661 ls
1149 1624 1274 1661 vero
1318 1606 1464 1658 locus
1494 1604 1581 1672 qui
1628 1604 1679 1655 in
1714 1601 1841 1668 ipsis
1877 1599 1944 1651 de

377 1707 568 1776 quibus
588 1703 840 1772 ambigitu
907 1703 1111 1769 positus
1134 1710 1234 1763 est,
1271 1697 1522 1751 dividitur
1546 1696 1595 1748 in
1619 1709 1738 1747 eum
1766 1694 1940 1745 locum

2051 514 2401 575 antecedens,
2453 526 2783 582 consequens
2836 525 2887 569 et
2948 532 3265 587 repugnans.
3319 520 3611 578 Causarum

2050 616 2259 671 quoque
2292 602 2565 669 multiplex
2608 603 2754 657 locus
2786 616 2867 657 est
2897 622 2909 658 :
2938 606 3055 660 alia:
3083 623 3311 677 namque
3343 621 3610 679 suntquae

2048 693 2097 745 vi
2129 708 2224 746 sua
2264 693 2522 760 efﬁciunt,
2565 694 2682 747 aliae
2711 696 2824 749 sine
2867 697 3059 763 quibus
3080 700 3218 753 e7ﬁci
3265 717 3369 755 non
3417 695 3609 770 p'oteSt.

2050 784 2245 837 Earum
2270 799 2403 849 vero
2430 797 2548 852 quae
2574 785 2623 837 vi
2648 798 2741 837 sua
2769 784 3027 849 efﬁciunt,
3058 787 3176 841 aliae
3216 800 3337 843 sunt
3366 792 3609 845 necessa-

2047 876 2141 929 rite
2187 874 2355 928 nihilo
2403 874 2698 941 indigentes
2743 885 2799 929 ut
2831 876 3083 941 efﬁciant,
3129 879 3246 933 alia:
3304 897 3431 936 vero
3471 884 3612 937 indi:

2046 973 2230 1032 gentes
2279 972 2339 1016 ut
2388 962 2656 1028 efﬁciant,
2726 964 2844 1017 alia:
2886 979 3011 1018 vero
3061 966 3357 1035 indigentes
3399 980 3453 1024 et
3507 987 3611 1025 non

2047 1055 2386 1109 necessariae.
2448 1055 2642 1108 Earum
2700 1069 2827 1109 vero
2901 1056 3018 1110 sine
3069 1058 3258 1125 quibus
3326 1076 3428 1114 non
3491 1066 3612 1115 elli-

2046 1144 2223 1209 citur,
2279 1144 2397 1198 alia:
2447 1154 2570 1198 sunt
2627 1145 2880 1209 mobiles,
2932 1147 3049 1200 aliae
3108 1149 3427 1203 immobiles.
3481 1153 3611 1206 ltem

2046 1249 2323 1287 causarum
2377 1236 2493 1286 alia:
2544 1244 2666 1288 sunt
2712 1249 2814 1288 non
2864 1248 3191 1304 spontanea',
3241 1239 3360 1292 alia:
3407 1254 3469 1294 ex
3518 1256 3614 1294 vo-

2046 1326 2268 1390 luntate,
2301 1327 2420 1380 alia:
2462 1341 2528 1380 ex
2560 1328 2974 1395 perturbatione,
3015 1329 3134 1381 alia:
3160 1344 3222 1382 ex
3257 1330 3459 1395 habitu,
3494 1332 3613 1385 alia:

2044 1430 2109 1469 ex
2159 1429 2382 1479 natura,
2425 1416 2544 1468 alia:
2592 1431 2659 1470 ex
2713 1426 2867 1482 arte,
2923 1418 3039 1471 alia:
3095 1434 3160 1471 ex
3206 1434 3352 1473 casu.
3410 1420 3612 1475 Rursus

2044 1517 2325 1557 causarum
2366 1504 2483 1557 aliae
2514 1513 2639 1558 sunt
2690 1519 3019 1572 constantes,
3065 1506 3185 1561 alia:
3230 1510 3607 1564 inconStantes.

2047 1596 2309 1664 Amplius,
2342 1610 2625 1650 causarum
2654 1597 2773 1650 alite
2800 1609 2923 1650 sunt
2952 1600 3283 1665 voluntariae,
3316 1603 3433 1655 alia:
3458 1604 3611 1671 igno-

2046 1700 2194 1742 ratae.
2234 1689 2596 1756 lgnoratarum
2633 1704 2758 1757 pars
2788 1691 2838 1742 in
2867 1704 3010 1754 casu,
3052 1705 3173 1758 pars
3202 1692 3254 1743 in
3300 1696 3611 1746 necessitate

378 1798 466 1868 qui
494 1806 663 1852 estex
707 1804 837 1859 toto,
870 1804 923 1847 et
952 1794 1003 1846 in
1041 1808 1157 1846 eum
1186 1791 1273 1860 qui
1305 1799 1476 1843 estex
1510 1787 1768 1853 partibus,
1806 1792 1859 1836 et
1889 1783 1940 1835 in
1977 1790 2021 1847 Β
2047 1790 2127 1833 est
2149 1781 2452 1835 constituta.
2503 1780 2934 1834 Necessariarum
2983 1797 3105 1851 pars
3158 1783 3210 1836 in
3265 1785 3337 1850 vi,
3383 1799 3503 1851 pars
3558 1786 3610 1839 iu

378 1905 500 1943 eum
529 1887 617 1956 qni
639 1895 722 1939 est
750 1900 815 1938 ex
846 1894 988 1951 nota,
1016 1891 1068 1936 et
1096 1882 1148 1934 in
1176 1896 1295 1934 eum
1325 1872 1409 1948 qui
1436 1886 1519 1932 εει
1548 1878 1613 1930 ab
1642 1874 1862 1929 aﬁ‘ectis.
1891 1872 1938 1925 ls

378 1988 554 2033 autem
582 1980 670 2047 qui
712 1992 741 2029 a
791 1987 899 2031 toto
942 1985 1051 2038 est,
1094 1991 1122 2027 a
1164 1973 1475 2027 dellnitione
1516 1970 1662 2023 locus
1701 1975 1939 2020 vocatur.

378 2070 753 2125 Deﬁnitionum
802 2083 929 2121 vero
961 2066 1076 2119 alia:
1103 2075 1226 2118 sunt
1256 2063 1503 2131 propriae,
1532 2061 1647 2113 alia:
1679 2075 1781 2111 non
1816 2073 1943 2125 pro-

377 2161 527 2228 prias.
558 2158 673 2211 Non
715 2156 1047 2226 propriarum
1086 2168 1235 2218 vero,
1271 2153 1389 2205 aliae
1420 2160 1543 2205 sunt
1571 2166 1690 2218 quae
1717 2148 1941 2217 singulis

378 2247 683 2301 nominibus
718 2246 1058 2307 denotantur,
1109 2243 1224 2294 alizc
1255 2254 1371 2309 qua:
1419 2240 1661 2292 oratione
1701 2239 1943 2304 pandun-

378 2344 484 2389 tur.
511 2335 703 2388 Earum
730 2347 854 2386 vero
886 2347 1004 2400 qua:
1044 2329 1261 2400 singulis
1300 2328 1599 2382 nominibus
1640 2326 1790 2390 ﬁttnt,
1827 2325 1945 2377 alia:

376 2434 501 2479 sunt
527 2424 579 2477 in
610 2424 799 2493 quibus
826 2437 921 2489 pro
946 2422 1162 2476 nomine
1195 2419 1433 2482 redditur
1469 2431 1681 2482 nomen,
1716 2430 1831 2482 quae
1859 2414 1942 2465 di-

377 2521 570 2567 cuntur
598 2522 703 2566 κατ’
725 2513 962 2574 ἁντίλεξιν
983 2526 996 2575 ;
1021 2510 1139 2562 alia:
1165 2522 1283 2576 qua:
1307 2506 1537 2572 exempli
1559 2506 1723 2572 gratia
1750 2516 1943 2555 nomen

378 2603 687 2671 subjiciunt,
722 2617 838 2670 quae
867 2600 1113 2653 dicuntur
1142 2602 1208 2657 ὡς
1246 2596 1425 2657 τύπος.
1459 2596 1651 2648 Earum
1679 2607 1804 2647 vero
1826 2608 1944 2659 qua:

379 2696 620 2747 oratione
649 2692 1005 2755 declarantur,
1036 2689 1156 2742 alia:
1193 2690 1324 2741 ﬁunt
1353 2704 1383 2741 a
1415 2687 1725 2755 partitione,
1770 2685 1885 2737 alia:
1917 2699 1944 2736 a

380 2784 677 2845 divisione,
733 2782 852 2835 alia;
903 2796 932 2833 a
993 2774 1312 2833 ditl'erentiis
1363 2787 1557 2853 prater
1604 2791 1794 2844 genus,
1827 2790 1945 2843 quae

380 2878 707 2945 ἐννοηματικὴ
736 2873 953 2936 dicitur;
977 2872 1094 2925 alite
1117 2886 1233 2939 quae
1260 2885 1325 2923 ex
1351 2868 1583 2935 pluribus
1608 2867 1946 2935 qualitatibus

380 2966 536 3030 ﬁunt,
569 2966 728 3018 etiam
778 2963 995 3031 singulis
1023 2972 1189 3014 totum
1239 2959 1290 3013 id
1336 2958 1774 3026 signiﬁcantibus,
1804 2955 1943 3023 quod

380 3056 553 3109 omnis
593 3054 900 3122 qualitatum
947 3052 1191 3106 collectio
1234 3050 1487 3114 declarat,
1522 3062 1641 3114 qua:
1692 3057 1946 3099 vocantur

2047 1872 2266 1925 scientia
2300 1872 2469 1939 posita
2500 1880 2601 1925 est.
2635 1871 2832 1925 Eﬁecta
2864 1888 2992 1927 vero
3020 1874 3280 1927 intantum
3305 1875 3465 1928 dividi
3492 1892 3611 1943 pos-

2047 1970 2193 2027 sunt,
2224 1962 2533 2026 inquantum
2565 1962 2629 2014 ad
2662 1962 2904 2030 superius
2954 1963 3124 2016 dictas
3155 1979 3344 2019 causas
3373 1967 3612 2019 referun-

2048 2060 2153 2106 tur.
2205 2052 2376 2106 Locus
2407 2067 2533 2106 vero
2557 2067 2588 2106 a
2640 2055 3038 2121 comparatione
3070 2058 3356 2121 minorum,
3402 2060 3609 2125 parium

2047 2152 2203 2209 atque
2223 2126 2505 2209 majorum,
2528 2142 2775 2196 dividitur
2799 2144 2848 2196 in
2879 2159 3178 2209 numerum,
3197 2146 3452 2213 speciem,
3470 2146 3606 2205 vim.

2047 2234 2113 2287 ad
2146 2248 2231 2287 res
2267 2235 2398 2287 alias
2424 2224 2780 2288 aﬁ‘ectionem.
2812 2234 2941 2301 Qua:
2972 2250 3094 2289 cum
3130 2236 3199 2289 ita
3232 2238 3355 2300 sint,
3386 2251 3610 2305 cumquo
3658 2244 3664 2249 '

2048 2324 2176 2376 nihil
2208 2324 2277 2376 sit
2301 2323 2354 2375 in
2373 2322 2633 2377 divisione
2656 2325 3093 2391 prtctcrtnlssum,
3125 2334 3269 2381 recte
3295 2326 3364 2380 Μ.
3408 2326 3611 2381 Tullius

2050 2414 2385 2481 partitionem
2426 2414 2709 2478 conclusit,
2738 2414 2920 2469 dicens
2962 2416 3157 2469 nullam
3187 2418 3484 2487 argumenti
3528 2434 3612 2473 se«

2048 2504 2167 2557 dem
2198 2519 2316 2559 esse
2353 2505 2697 2571 praeteritam.
2735 2506 2916 2559 Restat
2937 2507 3091 2575 igitur
3113 2508 3260 2561 locus
3297 2511 3387 2578 qui
3412 2513 3613 2565 extrin-

2048 2610 2203 2649 secus
2224 2597 2471 2659 sumitur,
2497 2598 2939 2665 quem,quoniam
2964 2598 3092 2652 nihil
3113 2599 3508 2667 jurisconsultis
3532 2615 3613 2657 est

2050 2687 2215 2753 utilis,
2244 2702 2349 2740 non
2379 2688 2612 2741 Trebatii
2643 2703 2822 2755 causa,
2851 2691 2943 2744 sed
2974 2704 3041 2746 ne
3057 2692 3181 2761 quid
3205 2691 3440 2762 perfecto
3467 2696 3613 2763 operi

2048 2780 2235 2834 deesse
2256 2781 2517 2847 videatur,
2542 2781 2800 2851 adjungit.

2120 2872 2222 2927 Sed
2248 2874 2487 2937 quoniam
2512 2875 2583 2925 ita
2612 2891 2641 2925 a
2660 2873 2909 2942 principio
2932 2873 3214 2939 divisimus,
3240 2883 3294 2927 ut
3322 2876 3449 2927 alios
3475 2874 3613 2927 locos

2048 2964 2323 3017 diceremus
2365 2965 2417 3016 in
2469 2966 2677 3027 eo_ipso
2717 2967 2779 3016 de
2822 2982 2919 3032 quo
2957 2966 3250 3034 ambigitur,
3297 2967 3504 3033 haerere,
3552 2968 3615 3019 de

2046 3055 2225 3123 quibus
2255 3054 2377 3105 satis
2406 3064 2477 3106 est
2510 3054 2738 3116 dictum;
2779 3054 2909 3106 alios
2958 3056 3147 3106 assumi
3187 3059 3518 3123 extrinsecus,
3552 3060 3613 3112 de

380 3142 631 3208 ποιώδης;
659 3143 778 3196 alia:
798 3156 915 3210 quae
940 3157 1005 3195 ex
1040 3140 1417 3202 accidentibus,
1450 3154 1553 3192 non
1582 3136 1822 3205 singulis,
1849 3136 1940 3190 sed
1973 3150 2019 3212 ρ
2049 3143 2110 3195 iis
2137 3159 2301 3211 pauca
2328 3143 2576 3208 dicamus,
2608 3144 2700 3195 etsi
2730 3159 2789 3193 ea
2816 3142 2944 3195 nihil
2976 3147 3179 3195 omnino
3208 3145 3273 3196 ad
3297 3155 3481 3199 vestras
3508 3148 3613 3199 dis«

382 3233 585 3286 cunctis
640 3247 802 3285 unum
832 3230 1028 3296 aliquid
1074 3229 1427 3283 efﬁcientibus
1480 3237 1767 3291 constant;
1815 3226 1934 3279 aliae

381 3339 500 3392 qua:
524 3324 589 3376 ad
616 3320 967 3385 differentiam
994 3319 1218 3385 dantur;
1249 3320 1367 3373 alia:
1399 3335 1492 3389 per
1518 3319 1938 3382 translationem,

380 3413 496 3467 alia:
525 3427 643 3481 quae
664 3427 729 3467 ex
774 3411 1066 3480 privatione
1090 3410 1369 3475 contrarii,
1413 3410 1531 3463 alia:
1560 3424 1679 3477 quae
1708 3408 1937 3477 propriis

380 3504 682 3559 nominibus
697 3512 967 3573 aptantur,
983 3518 1101 3571 qua:
1118 3503 1276 3557 etiam
1291 3504 1649 3560 ύποτύπωσεις
1664 3500 1940 3564 dicuntur;

380 3595 498 3648 aliae
537 3609 628 3662 per
658 3593 996 3663 indigentiam
1030 3592 1193 3659 pleni,
1224 3592 1344 3645 alite
1384 3606 1478 3659 per
1519 3592 1940 3659 protiortionem,

380 3686 496 3738 alite
524 3699 614 3753 per
653 3684 981 3745 relationem,
1011 3682 1129 3736 alia:
1158 3696 1253 3748 per
1282 3696 1517 3735 causam.
1551 3680 1679 3733 ltem
1709 3679 1814 3732 alia
1845 3679 1943 3733 de-

381 3772 634 3827 ﬁnitionis
660 3773 850 3826 divisio
880 3772 1168 3825 secundum
1183 3771 1412 3825 Tullium
1446 3771 1773 3837 principalis,
1803 3769 1943 3838 quod

383 3863 503 3915 alia:
528 3862 885 3930 corporalium
913 3877 1089 3914 rerum
1119 3863 1243 3924 sint,
1281 3862 1398 3913 alim
1428 3859 1859 3927 incorporalium,
1892 3868 1947 3914 et

382 3951 710 4005 deﬁnitionis
735 3950 945 4018 quidem
978 3950 1124 4003 locus
1154 3950 1223 4002 ita
1254 3948 1453 4002 divisus
1486 3958 1585 4003 est.
1632 3951 1676 4002 Α
1709 3951 1945 4017 partibus

382 4047 559 4092 autem
612 4038 756 4092 lucus
786 4039 1035 4092 dividitur
1064 4038 1115 4091 in
1158 4039 1491 4107 partitionem
1522 4050 1575 4092 et
1606 4038 1941 4094 divisionem.

383 4129 425 4182 A
458 4135 581 4181 nota
612 4142 736 4183 vero
766 4127 912 4181 locus
958 4127 1180 4194 simplex
1230 4138 1334 4180 est.
1383 4130 1465 4182 Ab
1510 4128 1713 4183 allectis
1743 4140 1941 4193 autem,

381 4216 468 4270 alii
496 4226 619 4270 sunt
644 4231 671 4268 a
701 4216 1019 4285 conjngatis,
1052 4217 1135 4268 alii
1161 4232 1188 4269 a
1221 4231 1435 4281 genere,
1468 4217 1553 4269 alii
1581 4233 1608 4269 a
1639 4218 1829 4286 l'orma,
1854 4219 1945 4272 alii

380 4322 410 4361 a
437 4307 618 4369 simili,
650 4307 735 4359 alii
770 4322 799 4359 a
842 4307 1161 4372 differentia,
1194 4306 1283 4359 alii
1324 4321 1353 4358 a
1396 4308 1696 4373 CODll‘ut‘ilS,
1745 4309 1835 4361 alii
1881 4310 1948 4363 ab

379 4394 664 4462 adjunctis,
698 4396 784 4447 alii
828 4411 855 4448 a
904 4398 1370 4464 consequentibus,
1418 4399 1853 4452 antecedentibus
1895 4409 1949 4453 et

378 4485 820 4554 repugnantibus,
871 4487 960 4540 alii
999 4504 1029 4540 a
1068 4503 1247 4552 causa,
1291 4489 1379 4541 alii
1423 4489 1489 4542 ab
1528 4491 1751 4555 eﬁecﬁs,
1798 4490 1884 4544 alii
1914 4506 1942 4543 a

377 4577 774 4643 comparatione
802 4579 1035 4643 parium,
1066 4578 1323 4646 majorum
1370 4581 1455 4633 vel
1503 4580 1788 4635 minorum.
1833 4583 1943 4638 Ge-

378 4681 477 4719 nus
508 4672 633 4720 vero
659 4666 910 4720 dividitur
938 4668 989 4721 in
1019 4682 1261 4735 suprema
1293 4684 1509 4737 genera,
1533 4683 1587 4722 et
1622 4671 1673 4722 in
1716 4687 1779 4725 ea
1825 4687 1944 4740 qua:

376 4756 537 4811 etiam
562 4757 765 4822 Species
794 4772 911 4812 esse
934 4769 1173 4827 possunt.
1204 4758 1421 4826 Species
1453 4776 1660 4826 quoque
1689 4761 1943 4816 dividitur

377 4846 430 4899 in
459 4846 668 4899 ultimas
703 4848 909 4915 species
948 4856 1002 4901 et
1044 4848 1095 4901 in
1125 4862 1188 4901 ea
1232 4864 1349 4917 qua:
1378 4850 1537 4900 etiam
1582 4864 1779 4916 genera
1820 4848 1940 4905 esse

375 4951 617 5008 possunt.
672 4940 931 4993 Similiutn
988 4955 1198 5009 quoque
1241 4941 1343 4991 alia
1385 4941 1433 4991 in
1477 4939 1700 5006 singulis
1755 4939 1937 4992 consi-

373 5030 647 5096 derantur,
681 5040 733 5084 et
762 5041 1016 5084 vocantur
1057 5031 1299 5099 exempla
1322 5069 1338 5095 ,
1365 5030 1464 5082 alia
1505 5029 1557 5081 in
1595 5030 1854 5097 pluribus,
1883 5039 1938 5084 et

374 5122 666 5188 appeltatur
706 5122 964 5186 inductio;
1013 5122 1114 5174 alia
1161 5122 1213 5174 in
1255 5120 1574 5189 conjunctis,
1618 5130 1671 5175 et
1720 5130 1939 5175 vocatur

371 5214 666 5280 proportio.
710 5214 837 5265 ltem
882 5210 1301 5265 diﬁ‘ercntiarum
1359 5211 1474 5263 alia:
1529 5219 1652 5263 sunt
1688 5211 1936 5264 substauo

372 5304 547 5369 tiales,
577 5306 717 5365 alite,
752 5305 851 5356 etsi
881 5320 985 5357 non
1016 5303 1414 5367 substantiales,
1448 5303 1829 5370 inseparabiles
1853 5312 1931 5354 ta-

370 5410 513 5456 men,
544 5396 662 5449 alite
691 5410 858 5464 neque
900 5396 1275 5449 substantiales
1314 5411 1486 5463 neque
1526 5395 1931 5462 inseparabiles.

368 5483 770 5539 Contrariorum
802 5489 901 5540 alia
932 5486 1180 5539 dicuntur
1219 5489 1465 5551 adversa,
1503 5487 1603 5540 alia
1645 5486 1931 5554 privantia,

372 5576 470 5629 alia
498 5577 761 5644 negantia,
806 5578 907 5630 alia
953 5577 1189 5631 relativa.
1246 5576 1631 5645 Adjunctorum
1662 5590 1787 5630 vero
1831 5576 1931 5629 alia

369 5674 495 5723 sunt
521 5683 638 5737 qua:
679 5678 802 5725 ante
833 5686 944 5725 rem
988 5673 1244 5735 existunt,
1280 5669 1384 5723 alia
1426 5684 1543 5737 qua:
1574 5684 1690 5722 cum
1718 5683 1796 5733 re,
1829 5669 1931 5722 alia

2051 3234 2332 3301 putationes
2357 3233 2633 3298 pertinent;
2657 3232 2745 3285 sed
2766 3240 2929 3284 tamen
2953 3242 3110 3286 totam
3130 3249 3235 3286 rem
3268 3236 3612 3303 perﬁciamus,

2049 3320 2456 3389 quandoquidem
2510 3321 2768 3388 (repimus.
2801 3319 2979 3388 Neque
3008 3322 3139 3373 enim
3182 3333 3235 3375 tu
3278 3325 3319 3375 is
3381 3340 3433 3375 es
3465 3341 3613 3394 quem

2048 3408 2187 3461 nihil-
2205 3410 2303 3461 nisi
2316 3412 2405 3480 jus
2437 3407 2580 3461 civile
2608 3408 2838 3477 delectet,
2879 3419 2924 3462 et
2954 3412 3193 3479 quoniam
3221 3414 3289 3465 ad
3320 3424 3364 3466 te
3397 3415 3505 3466 [nec
3543 3417 3613 3469 ila

2048 3500 2351 3564 scribuntur,
2386 3508 2438 3552 ut
2469 3500 2618 3552 etiam
2646 3500 2695 3551 in
2716 3499 2933 3552 aliorum
2956 3518 3133 3555 atauus
3154 3503 3252 3555 sint
3275 3515 3503 3567 ventura,
3528 3508 3614 3558 de~

2049 3598 2130 3641 tur
2161 3605 2331 3658 opera,
2366 3598 2421 3642 ut
2444 3589 2874 3659 quamplurimum
2920 3592 2981 3644 iis
3007 3608 3131 3659 quos
3159 3603 3293 3645 recta
3323 3596 3495 3648 studfa
3526 3598 3613 3650 de-

2050 3680 2254 3746 lectam,
2289 3684 2522 3748 prodesse
2550 3684 2817 3749 possimus.

2119 3771 2196 3824 Ne
2226 3772 2373 3825 locus
2403 3773 2529 3825 nihil
2555 3770 2865 3840 jnrisperito
2893 3771 3197 3839 profuturus
3240 3774 3611 3842 negligentiam

2050 3861 2131 3914 sui
2158 3862 2382 3923 faceret,
2406 3862 2711 3915 Trebatium
2742 3872 2797 3914 ut
2826 3862 2877 3914 in
2901 3864 3157 3928 protentio
3185 3879 3403 3932 magnus
3434 3880 3611 3921 orator

2051 3949 2226 4003 reddit
2248 3960 2541 4011 attentum;
2579 3949 2651 4000 ait
2680 3951 2821 4002 enim
2854 3952 2922 4001 ita
2953 3965 3069 4003 sese
3090 3952 3340 4007 divisisse
3386 3956 3435 4007 in
3470 3958 3611 4023 prin-

2050 4038 2210 4107 cipio,
2230 4050 2285 4090 ut
2301 4037 2436 4090 alios
2466 4037 2611 4089 locos
2635 4038 2685 4089 in
2707 4038 2836 4103 ipsis
2856 4038 3059 4091 hmrere
3080 4038 3306 4104 diceret,
3331 4042 3397 4094 de
3420 4046 3611 4111 quibus

2051 4136 2314 4197 ageretur,
2348 4128 2479 4179 alios
2503 4127 2831 4179 extrinsecus
2870 4128 3101 4192 assumi,
3133 4138 3185 4181 et
3212 4143 3329 4181 cum
3359 4130 3425 4183 de
3454 4146 3613 4201 supe-

2051 4220 2276 4273 rioribus
2307 4219 2436 4272 locis
2468 4216 2655 4271 idonee
2687 4217 3009 4284 disputatum
3043 4217 3129 4281 sit,
3163 4219 3494 4273 intractatam
3525 4237 3612 4277 re-

2053 4310 2248 4378 liquam
2294 4317 2493 4377 partem
2526 4322 2628 4360 non
2657 4317 2903 4376 oportere
2935 4307 3215 4374 prmteriri.
3247 4306 3426 4377 Neque
3465 4313 3610 4366 enim

2053 4402 2191 4455 hunc
2215 4416 2334 4455 esse
2363 4400 2686 4463 Trebatium,
2731 4402 2816 4466 qui
2852 4415 2944 4453 sua
2973 4410 3088 4453 arte
3117 4410 3415 4468 contentus,
3446 4414 3608 4472 caates

2053 4508 2225 4545 rorum
2254 4492 2424 4545 studia
2464 4491 2712 4559 negligat,
2743 4506 2925 4543 verum
2957 4492 3227 4559 diligentia
3277 4502 3434 4561 atque
3466 4497 3607 4565 inge-

2050 4582 2139 4635 nio
2171 4582 2452 4649 plurimum
2476 4582 2673 4638 valens.
2705 4593 2891 4633 cuneta
2938 4582 3002 4632 ad
3050 4596 3107 4634 se
3137 4584 3397 4649 pertinere
3433 4586 3610 4651 ducat,

2050 4689 2168 4744 qua:
2197 4673 2500 4727 liberalibus
2522 4672 2709 4724 studiis
2729 4684 3172 4734 annumerentur;
3199 4674 3353 4726 simul
3384 4676 3610 4730 dandam

2050 4779 2169 4819 esse
2198 4780 2409 4831 cperam
2434 4763 2582 4825 dicit,
2614 4762 2774 4829 quoni
2793 4779 2860 4813 nu
2908 4763 3166 4816 benevolo
3195 4764 3371 4817 animo
3398 4764 3611 4820 Cicero~

2051 4858 2131 4910 nis
2162 4871 2293 4923 Opus
2318 4854 2590 4909 Trehnius
2615 4864 2758 4907 esset
2790 4855 3049 4918 editurus,
3081 4863 3137 4907 ut
3162 4871 3279 4908 cum
3324 4857 3374 4909 in
3421 4858 3612 4913 multo-

2051 4966 2167 5003 rum
2196 4965 2381 5003 manns
2408 4950 2661 5014 venisset,
2693 4947 2942 5013 prodesse
2993 4947 3057 5000 iis
3108 4948 3367 5017 integrum
3408 4962 3611 5018 posset,

2047 5042 2133 5107 qui
2167 5042 2325 5095 reetis
2367 5041 2554 5094 studiis
2584 5046 2910 5101 tenerentur,
2960 5039 3059 5090 hoc
3107 5054 3315 5107 quoque
3361 5040 3613 5096 Trebatio

2048 5132 2284 5184 beneficii
2320 5131 2531 5183 nomine
2556 5129 2874 5189 concedens,
2906 5127 3044 5194 quod
3076 5128 3138 5179 ad
3168 5144 3286 5182 eum
3316 5132 3534 5200 scripta,
3561 5145 3613 5188 et

2046 5236 2138 5288 per
2165 5236 2283 5273 cum
2311 5223 2448 5273 edita
2475 5219 2715 5285 plurimis
2746 5233 2838 5284 pro
2863 5226 3010 5269 utnra
3040 5221 3423 5276 conscriberet.
3502 5212 3520 5229 ’

2119 5314 2242 5365 Herc
2272 5328 2387 5380 ergo
2413 5311 2777 5380 argumentatio
2805 5325 2915 5378 qua:
2941 5310 3043 5359 dici
3066 5325 3124 5360 ur
3153 5313 3276 5364 artis
3307 5329 3507 5381 expers,
3558 5317 3610 5368 in

2046 5404 2328 5457 testimonio
2368 5404 2527 5470 posita
2571 5412 2663 5455 est.
2699 5399 3061 5453 Testimonium
3098 5410 3265 5452 autem
3309 5421 3443 5458 nunc
3474 5408 3604 5460 dici-

2047 5510 2154 5544 mus
2181 5506 2323 5542 omne
2352 5490 2484 5556 quod
2513 5491 2573 5542 ab
2608 5490 2781 5557 aliqua
2817 5505 2868 5540 re
2908 5498 3111 5539 externa
3141 5494 3378 5552 sumitur,
3420 5497 3488 5548 tul
3530 5502 3605 5566 fa.

2044 5582 2271 5635 ciendam
2302 5580 2470 5645 fidem.
2924 5584 2929 5591 ‘

2064 5744 2067 5749 Α
2117 5671 2457 5724 Extrinsecus
2495 5670 2718 5737 positum
2760 5670 3050 5743 argumenti
3097 5671 3292 5739 locum,
3332 5687 3487 5745 quem
3532 5675 3604 5731 Μ.
