4274 6272
696 307 827 360 illi?

1927 301 2033 354 AN.
2076 300 2278 354 MANL.
2319 300 2464 354 SEV.
2510 302 2731 358 BOETlI

3807 308 3948 362 1163

691 421 898 476 Tullius
926 427 1075 472 vocat
1113 414 1241 467 artis
1271 421 1568 481 expertem,
1605 413 1656 465 in
1700 411 2002 464 testimonio
2033 401 2258 479 positum
2294 419 2336 471 Α
2367 413 2537 478 Opinio
2569 415 2760 467 mutari
2783 416 2862 467 eis
2891 422 3075 482 potest,
3100 415 3166 466 ad
3193 431 3401 484 eamque
3422 419 3592 469 omnia
3621 418 3867 486 diriqunt,
3893 430 3952 473 et

694 527 813 564 csse
836 506 1155 579 pronuntiat.
1188 503 1420 556 Dubitari
1452 511 1628 557 autem
1659 490 1830 572 potest
1856 502 1976 570 quid
2006 502 2088 556 hic
2110 502 2258 556 locus

691 618 717 649 :t
750 581 1108 666 superioribus
1131 595 1359 660 differat,
1391 611 1523 662 quos
1555 596 1606 648 in
1640 595 1842 649 allectis
1880 596 2088 648 locavit.
2131 596 2259 648 Nam

693 690 764 740 ttti
795 688 976 740 allecta
1008 701 1219 754 semper
1272 687 1322 739 in
1376 686 1638 740 relatione
1671 695 1791 738 sunt
1824 688 2134 749 constituta,
2191 687 2259 737 ita

689 765 844 828 etiam
880 771 1182 830 iestitnonia
1215 775 1278 829 ad
1309 791 1370 830 ea
1410 792 1632 844 quorum
1661 784 1784 828 sunt
1833 779 2134 831 testimonia
2177 794 2261 832 re—

690 869 948 920 feruntur.
983 869 1152 922 Omne
1201 869 1342 922 enim
1378 868 1735 921 testimonium
1771 876 1972 920 testata:
2004 868 2077 920 rei
2110 869 2258 920 testi-

688 961 924 1013 monium
948 969 1048 1012 est.
1073 959 1352 1026 Quocirca,
1381 973 1475 1011 cur
1509 967 1597 1011 aut
1619 972 1678 1010 ea
1704 973 1822 1028 qua:
1852 957 2034 1010 all‘ecta
2064 957 2256 1009 dudum

687 1059 870 1101 vocata
899 1061 1039 1115 sunt,
1078 1064 1179 1102 non
1209 1049 1542 1102 extrinsecus
1565 1049 1909 1112 collocentur,
1935 1057 2025 1101 aut
2053 1063 2113 1102 ea
2142 1064 2259 1117 qua:

688 1159 826 1194 nunc
855 1151 1108 1196 vocantur
1134 1142 1487 1202 extrinsecus,
1529 1154 1632 1192 non
1667 1141 1804 1192 inter
1833 1140 2018 1194 all‘ecta
2059 1155 2258 1207 ponan-

689 1246 793 1297 tur,
825 1232 991 1299 quaeri
1035 1239 1228 1298 potest,
1262 1246 1380 1284 tum
1431 1231 1720 1298 praesertim
1749 1245 1811 1282 ea
1852 1245 1968 1298 qum
2013 1231 2257 1298 adjuncta

685 1337 806 1376 esse
838 1322 1053 1390 negotio
1081 1321 1328 1390 superius
1353 1320 1606 1385 diximus,
1631 1320 1792 1372 voluti
1816 1321 2080 1388 quoddam
2113 1321 2262 1373 testi;

689 1416 920 1468 monium
966 1428 1108 1482 smpe
1139 1413 1295 1467 rebus
1339 1411 1584 1477 all‘erant,
1637 1428 1755 1469 cum
1804 1427 1866 1464 ex
1914 1427 2097 1465 eorum
2140 1429 2256 1479 qua:

687 1513 1092 1570 pra‘cesserunt,
1144 1503 1225 1555 vel
1277 1511 1558 1556 consecuta
1588 1511 1712 1554 sunt
1748 1501 1938 1568 signis,
1987 1501 2125 1569 quod
2165 1517 2256 1569 ge-

683 1606 820 1648 stum
844 1595 910 1647 sit
937 1591 1266 1646 considerari
1292 1589 1447 1643 solet.
1479 1590 1712 1655 Quorum
1743 1590 1987 1644 omnium
2016 1604 2255 1643 commu-

685 1689 765 1742 nis
792 1687 879 1738 illa
909 1684 1102 1737 solutio
1132 1691 1234 1745 est,
1275 1681 1417 1750 quod
1444 1697 1508 1734 ex
1555 1681 1756 1735 affectis
1787 1693 2095 1749 argumenta
2136 1697 2252 1749 qum

2367 503 2453 572 qui
2486 503 2740 572 judicant,
2786 514 2832 558 et
2879 506 2964 573 qui
3015 505 3320 557 existimant.
3359 507 3457 570 Qui
3499 508 3630 558 enim
3683 509 3757 559 his
3795 511 3951 560 rebus

2367 610 2491 660 quas
2522 595 2650 658 dixi,
2695 595 2968 657 excellunt,
3014 595 3125 661 ipsa
3167 596 3352 646 uirtute
3399 596 3629 648 videntur
3675 599 3947 652 excellere.

2370 683 2475 736 Sed
2499 684 2700 750 reliquis
2723 701 2919 752 quoque
2944 686 3090 737 rebus
3115 702 3241 754 quas
3272 686 3418 736 modo
3442 689 3748 749 enumeravi,
3779 705 3950 756 quan-

2366 791 2514 842 quam
2546 776 2597 826 in
2621 776 2683 826 iis
2712 777 2855 827 nulla
2895 777 3080 844 species
3121 776 3319 827 virtutis
3359 786 3450 840 est,
3487 787 3649 828 tamen
3692 778 3947 830 interdum

2366 868 2699 934 conﬁrmatur
2721 867 2868 931 ﬁdes,
2898 867 2941 917 si
2963 876 3049 917 aut
3074 883 3158 917 ars
3181 867 3415 935 quendam
3441 867 3708 919 adhibetur
3732 870 3946 937 (magna

2364 961 2495 1009 enim
2526 971 2594 1011 est
2623 959 2692 1009 vis
2722 959 2787 1009 ad
2816 957 3224 1026 persuadendum
3252 957 3520 1020 scientite),
3543 965 3630 1009 aut
3654 941 3946 1011 ususiPle-

2364 1065 2574 1115 rumque
2625 1050 2754 1100 enim
2807 1049 3030 1099 creditur
3072 1048 3133 1099 iis
3195 1047 3282 1116 qui
3340 1048 3536 1116 experti
3589 1058 3726 1100 sunt.
3767 1048 3947 1100 Facis

2363 1142 2514 1191 etiam
2544 1139 2809 1191 necessitas
2839 1139 3014 1212 ﬁdem,
3043 1154 3154 1205 qua:
3180 1148 3283 1188 tum
3321 1155 3352 1189 a
3391 1138 3699 1206 corporibus,
3735 1148 3841 1189 tant
3872 1141 3942 1190 ab

2363 1231 2542 1282 animis
2573 1233 2817 1283 nascitur.
2855 1230 2991 1283 Nam
3017 1240 3062 1281 et
3102 1230 3385 1282 verberibus
3418 1231 3559 1293 torti,
3593 1241 3635 1282 et
3667 1232 3770 1298 igni
3804 1234 3932 1298 fati-

2361 1321 2467 1388 gati
2491 1335 2604 1387 qua:
2630 1321 2824 1384 dicunt,
2857 1336 2914 1372 ea
2943 1321 3141 1374 videtur
3170 1321 3354 1372 veritas
3386 1322 3496 1388 ipsa
3528 1320 3715 1383 dicere,
3744 1329 3786 1372 et
3816 1338 3939 1390 qua:

2360 1425 2390 1460 a
2421 1410 2878 1476 perturbationibus
2917 1411 3075 1462 animi
3101 1420 3236 1475 sunt,
3271 1411 3466 1473 dolore,
3510 1411 3810 1476 cupiditate,
3833 1413 3941 1463 ἔται

2359 1501 2566 1563 cundia,
2620 1512 2774 1563 metu,
2808 1503 2925 1567 quia
2957 1502 3264 1554 necessitatis
3304 1503 3402 1553 vim
3449 1502 3658 1564 habent,
3709 1503 3937 1569 afferunt

2302 1596 2310 1604 '
2358 1592 2705 1642 auctoritatem
2727 1602 2775 1641 et
2798 1593 2974 1656 ﬁdem.
3004 1589 3160 1660 Cujus
3191 1592 3387 1661 generis
3418 1593 3572 1644 etiam
3599 1594 3691 1644 illa
3723 1605 3841 1646 sunt
3871 1611 3934 1647 ex

2356 1682 2531 1748 quibus
2559 1698 2923 1748 nonnunquam
2945 1698 3112 1734 verurn
3137 1683 3412 1746 invenitur,
3438 1685 3677 1750 pueritia,
3704 1701 3932 1747 somnus,

686 1775 837 1837 tiunt,
869 1774 934 1827 ab
977 1781 1188 1825 oratore
1233 1771 1596 1835 inveniuntur,
1627 1769 1850 1839 ejusque
1888 1785 2050 1838 opera
2097 1779 2254 1838 atque
2290 1785 2328 1840 η
2359 1771 2720 1838 imprudentia,
2754 1772 3048 1835 vinolentia,
3096 1772 3315 1824 insania.
3343 1771 3482 1824 Nam
3523 1783 3570 1825 et
3613 1776 3762 1840 pueri
3800 1791 3934 1841 ηερε

681 1865 939 1930 industria
973 1873 1282 1916 nascuntur.
1324 1861 1398 1914 Ea
1422 1876 1546 1914 vero
1576 1875 1693 1928 qua:
1722 1861 2051 1914 extrinsecus
2085 1861 2250 1928 posita

683 1963 828 2014 sunt,
864 1953 940 2006 rei
964 1961 1165 2006 tantum
1191 1950 1549 2004 testimonium
1582 1949 1836 2017 prmltent,
1863 1964 1968 2002 non
1998 1943 2136 2003 enim
2170 1950 2249 2002 in-

681 2050 968 2100 veniuntur
995 2045 1061 2096 ab
1089 2055 1324 2109 oratore,
1348 2043 1441 2096 sed
1471 2042 1552 2094 his
1573 2049 1752 2094 orator
1781 2040 1946 2092 utitur
1968 2037 2152 2107 positis
2173 2048 2249 2090 at-

679 2152 780 2205 que
802 2145 925 2188 ante
945 2132 1270 2187 constitutis.
1299 2131 1428 2185 Nam
1457 2147 1576 2199 qua:
1601 2145 1626 2182 a
1647 2144 1866 2199 genere,
1894 2129 2022 2182 vela
2049 2129 2248 2196 specie,

679 2225 759 2279 vel
791 2240 817 2277 a
845 2226 1055 2278 exteris
1083 2222 1285 2276 allectis
1327 2229 1634 2290 argumenta
1666 2228 1808 2281 sunt,
1859 2219 1926 2272 ab
1959 2219 2074 2287 ipso
2121 2235 2250 2286 quo-

685 2315 806 2368 dam
860 2314 1018 2374 modo
1065 2325 1276 2368 oratore
1330 2313 1684 2381 reperiuntur.
1742 2310 2066 2364 Tcstimonia
2127 2325 2252 2363 vero

679 2406 777 2460 sibi
808 2407 919 2473 ipse
945 2423 1046 2460 non
1078 2406 1259 2470 ellicit,
1295 2407 1385 2458 sed
1415 2404 1477 2457 ad
1517 2418 1728 2457 causam
1761 2402 1928 2455 utitur
1963 2412 2084 2456 ante
2117 2417 2252 2470 pric-

680 2499 897 2564 paratis.
941 2497 1058 2561 Quo
1103 2497 1159 2549 ftt
1202 2505 1259 2549 tit
1299 2505 1606 2564 argumenta
1656 2509 1720 2548 ex
1763 2493 1963 2546 allectis
2003 2494 2053 2545 in
2092 2508 2248 2546 causa

681 2587 858 2640 statim
889 2596 1045 2654 atque
1073 2601 1136 2639 ex
1173 2596 1410 2652 tempore
1442 2596 1758 2650 nascantur;
1790 2599 1850 2638 ea
1884 2599 2010 2638 vero
2047 2600 2166 2652 qua:
2196 2585 2248 2638 in

681 2675 995 2743 testimoniis
1021 2677 1190 2743 posita
1216 2683 1358 2740 sunt,
1391 2683 1513 2728 ante
1553 2690 1663 2728 rem
1708 2676 2088 2743 prmcnrrcntia
2117 2689 2248 2728 con-

679 2765 940 2817 lirmandu
972 2779 1122 2817 usum
1153 2764 1364 2831 negotio
1387 2765 1650 2832 p05terius
1681 2774 1955 2832 prmstcnt,
1993 2775 2047 2818 et
2077 2765 2130 2818 itt
2161 2766 2250 2817 ad~

674 2855 872 2918 iunctis
901 2856 966 2908 ab
999 2865 1206 2909 oratore
1229 2853 1534 2922 conjectura
1559 2855 1844 2922 colligitur,
1865 2865 1919 2908 et
1948 2855 2248 2909 audLIorum

673 2945 944 2998 mentibus
987 2945 1276 2999 intimatur.
1317 2943 1641 2998 Testimonia
1677 2959 1802 2998 vero
1845 2961 1952 2997 non
1989 2946 2038 2998 in
2070 2945 2250 3013 conje-

681 3037 865 3100 cturis,
892 3045 984 3088 aut
1022 3036 1070 3088 in
1104 3035 1518 3104 suspicionibus,
1550 3035 1641 3088 sed
1675 3039 1724 3088 itt
1765 3035 1839 3088 rei
1871 3046 2033 3104 gesta:
2062 3051 2248 3088 narra-

2355 1861 2702 1912 indicarerunt
2732 1861 2926 1930 aliquid
2967 1863 3035 1912 ad
3063 1863 3200 1929 quod
3237 1863 3506 1931 pertineret
3537 1863 3730 1931 ignari,
3761 1874 3805 1912 et
3845 1877 3932 1929 per

2362 1968 2613 2013 somnum,
2644 1952 2832 2013 rinam,
2855 1952 3128 2015 insaniam,
3160 1950 3322 2002 multa
3346 1967 3479 2018 stepe
3510 1956 3766 2019 patefacta
3791 1964 3929 2004 sunt.

2360 2041 2511 2094 Multi
2535 2043 2684 2094 etiam
2715 2043 2764 2093 in
2798 2059 2874 2094 res
2907 2043 3107 2093 odiosas
3149 2041 3490 2108 imprudentes
3519 2040 3826 2103 inciderunt,
3875 2051 3929 2092 ut

2359 2130 2580 2183 Staterio
2631 2123 2793 2194 nuper
2833 2132 3037 2191 accidit,
3069 2131 3153 2193 qui
3174 2146 3235 2181 ea
3284 2129 3479 2182 locutus
3524 2141 3598 2182 est
3641 2132 3784 2182 bonis
3811 2131 3927 2182 viris

2354 2222 2850 2274 subauscultantibus
2874 2222 3062 2289 pariete
3090 2221 3605 2292 interposito,qaibus
3639 2223 3926 2289 patefactis,

2355 2314 2782 2383 injurticiumque
2823 2313 3056 2382 prolatis,
3104 2315 3174 2366 rei
3218 2314 3455 2379 capitalis
3493 2314 3614 2382 jure
3652 2312 3924 2362 damnatus

2355 2415 2426 2456 est
2474 2404 2609 2456 Huic
2630 2405 2794 2456 simile
2809 2406 3050 2472 quiddam
3074 2405 3133 2455 de
3159 2401 3542 2455 Lacedaemonio
3559 2401 3816 2454 Pausania
3833 2416 3924 2451 ac-

2355 2499 2596 2562 cepimus.
2634 2493 2909 2548 Concursio
2953 2507 3118 2546 autem
3149 2495 3477 2563 fortuitorum
3520 2493 3629 2544 talis
3659 2501 3750 2556 est,
3785 2501 3837 2542 ut
3877 2493 3923 2543 si

2355 2587 2686 2638 interventum
2717 2596 2788 2639 est
2818 2603 2961 2644 casu,
3011 2602 3122 2637 cum
3165 2594 3251 2636 aut
3293 2594 3524 2653 ageretur
3555 2582 3747 2648 aliquid
3784 2582 3924 2647 quod

2355 2678 2716 2747 proferendum
2749 2693 2848 2728 non
2887 2685 3033 2738 esset,
3065 2683 3150 2726 aut
3189 2676 3458 2726 diceretur.
3505 2670 3568 2724 In
3607 2672 3700 2722 hoc
3745 2684 3926 2739 genere

2355 2769 2502 2820 etiam
2533 2768 2622 2819 illa
2651 2778 2724 2818 est
2754 2767 2805 2818 in
2836 2764 3159 2817 Palamedem
3184 2766 3411 2826 coniecta
3430 2763 3777 2830 suspicionum
3804 2775 3924 2830 pro-

2355 2857 2564 2910 ditionis
2594 2858 2887 2920 multitudo‘,
2920 2856 3053 2923 quod
3079 2871 3234 2924 genus
3264 2858 3490 2922 refutare
3519 2852 3776 2904 interdum
3797 2851 3926 2902 reri-

2355 2957 2430 2998 tas
2455 2949 2535 2997 vir
2567 2955 2742 3013 potest.

2423 3038 2882 3102 Quoniatnlocum
2915 3039 3044 3090 artis
3069 3047 3338 3103 expertem
3372 3036 3422 3090 in
3470 3035 3772 3090 testimonio
3824 3049 3926 3102 po-

677 3114 820 3184 tione
849 3131 1164 3185 consistunt.
1223 3130 1468 3184 Ostendit
1511 3140 1686 3185 autem
1719 3130 2086 3184 vehementius
2121 3128 2243 3197 quid
2274 3149 2317 3209 ς
2354 3127 2512 3179 situm
2560 3142 2676 3179 esse
2721 3127 2876 3194 dixit,
2925 3127 2976 3179 in
3023 3127 3342 3182 testimoniis
3395 3142 3520 3180 vero
3569 3140 3925 3192 personarum

674 3231 816 3276 esset
861 3224 1246 3290 testimonium,
1281 3238 1398 3277 cum
1429 3223 1576 3288 dicit,
1619 3223 1670 3276 id
1715 3238 1744 3276 a
1785 3237 1843 3278 se
1883 3223 2239 3277 testimonium

675 3311 851 3364 vocari
883 3313 1020 3380 qttod
1071 3313 1137 3366 ab
1175 3313 1346 3382 aliqua
1395 3322 1610 3367 externa
1658 3328 1718 3367 re
1758 3314 2004 3367 sumitur.
2052 3313 2238 3366 Omnia

673 3401 866 3468 quippe
910 3401 1118 3464 all‘ecta,
1147 3402 1212 3456 ab
1235 3402 1313 3456 eis
1339 3401 1404 3456 ad
1433 3417 1548 3470 qua
1579 3401 1764 3456 ali'ecta
1811 3411 1968 3467 sunt,
2014 3417 2121 3468 non
2161 3403 2236 3455 vi-

673 3491 864 3544 dentur
894 3499 1138 3543 externa.
1171 3489 1342 3543 Testis
1372 3505 1496 3543 vero
1522 3506 1640 3544 cum
1691 3507 1749 3545 re
1791 3491 2067 3544 testificata
2097 3493 2236 3546 nulla

671 3580 986 3648 cognatione
1015 3578 1371 3646 coniungitur,
1416 3578 1516 3631 nisi
1567 3581 1678 3634 sola
1710 3580 1915 3643 notitia,
1947 3595 2065 3648 qua-
2106 3579 2236 3634 nihil

666 3671 734 3722 ad
766 3685 875 3721 rem
908 3684 1024 3737 qua:
1063 3676 1208 3736 gesta
1257 3678 1339 3722 est
1367 3669 1574 3736 attinet,
1606 3684 1724 3722 eum
1771 3671 1812 3724 si
1841 3681 2046 3738 gestum
2080 3684 2238 3738 nego-

673 3762 796 3811 tium
831 3757 1004 3811 nullus
1029 3767 1364 3826 agnosceret,
1403 3757 1746 3812 nihilominus
1781 3769 1955 3812 tamen
1978 3768 2122 3830 gesta
2151 3775 2238 3815 res

667 3859 841 3913 esset;
875 3848 966 3902 sed
1015 3849 1064 3900 id
1120 3848 1313 3916 poterit
1349 3847 1508 3904 etiam
1542 3848 1607 3901 ad
1642 3848 2041 3904 similitudinem
2091 3851 2234 3914 duci,

667 3943 792 4009 quid
824 3941 962 3993 enim
1004 3940 1178 3994 minus
1203 3945 1347 3994 esset
1371 3940 1589 4008 aliquid,
1629 3939 1673 3993 si
1703 3941 1752 3993 ei
1787 3941 1959 3995 simile
1993 3941 2124 3995 nihil
2155 3957 2238 3996 re-

666 4033 959 4100 periretur?
977 4031 1079 4084 Sed
1101 4031 1239 4096 quod
1263 4029 1438 4084 simile
1458 4041 1562 4092 est,
1584 4033 1631 4084 ei
1652 4030 1734 4084 cui
1758 4031 1930 4086 simile
1949 4041 2032 4086 est
2051 4033 2236 4086 eadem

664 4124 785 4192 qnal
813 4132 916 4175 t.te
938 4121 1298 4190 coniungitur,
1323 4136 1439 4190 quae
1463 4121 1690 4188 qualitas
1712 4131 1994 4191 utrumque
2024 4124 2236 4176 confor-

663 4223 790 4264 mat.
833 4211 1062 4266 Scientia
1117 4226 1242 4264 vero
1283 4210 1522 4279 quamvis
1569 4211 1764 4264 elliciat
1823 4222 2035 4277 testem,
2089 4214 2232 4267 nulla

662 4311 838 4354 tamen
867 4301 1119 4368 qualitate
1147 4299 1484 4368 coniungitur
1511 4315 1629 4352 cum
1662 4315 1719 4352 re
1750 4299 1902 4367 cujus
1930 4302 2012 4354 illa
2046 4303 2232 4357 notitia

661 4399 760 4442 est.
796 4389 976 4458 Neque
1011 4389 1153 4442 enim
1182 4387 1398 4441 scientis
1441 4397 1531 4440 not
1557 4388 1648 4452 tia,
1695 4388 1768 4438 rei
1811 4400 1975 4454 gesta:
2006 4392 2234 4458 qualitas

2353 3217 2507 3270 ﬁdem
2543 3233 2691 3270 suam
2727 3217 3176 3284 interponendum
3205 3218 3494 3270 auctoritas
3524 3217 3798 3284 qumritur,
3832 3231 3926 3270 ne-

2350 3307 2639 3360 cessarium
2675 3307 2791 3370 fuit,
2821 3307 3009 3375 quibus
3037 3309 3196 3360 rebus
3243 3306 3355 3360 ﬁeri
3401 3307 3571 3360 soleat
3608 3309 3919 3370 auctoritas,

2347 3397 2613 3465 expedire.
2643 3399 2717 3450 Ac
2740 3407 2931 3452 caetera
2955 3399 3166 3466 quidem
3190 3398 3484 3450 clarissime
3512 3406 3670 3464 atque
3699 3397 3924 3464 apertis-

2346 3488 2479 3542 sime
2527 3487 2663 3540 dicla
2696 3498 2836 3540 sunt.
2880 3488 2983 3542 Sed
3022 3489 3268 3557 quoniam
3312 3489 3680 3542 auctoritatem
3731 3488 3784 3540 in
3827 3500 3923 3538 na-

2347 3588 2516 3633 turam
2550 3588 2864 3647 tempusque
2891 3580 3100 3644 divisit,
3132 3595 3358 3648 cumque
3390 3578 3440 3631 itt
3474 3590 3748 3645 tempore,
3779 3580 3923 3644 inge-

2345 3669 2511 3734 nium,
2545 3683 2695 3737 opes,
2725 3678 2957 3733 atatem,
2987 3668 3270 3733 fortunam,
3304 3685 3497 3728 artem,
3527 3685 3698 3733 ustttn,
3728 3682 3920 3720 neces-

2343 3763 2593 3824 sitatem,
2639 3761 3044 3816 concursionem
3094 3763 3252 3814 etiam
3309 3776 3684 3826 nonnunquam
3737 3775 3916 3812 rerum

2342 3849 2677 3904 fortuitarum
2712 3851 2930 3915 locavit,
2956 3851 3120 3920 qttazri
3145 3859 3317 3920 potest
3349 3867 3361 3902 :
3396 3849 3530 3914 Quid
3562 3850 3700 3903 enim
3726 3849 3920 3902 attinet

2341 3941 2405 3996 ad
2439 3951 2646 4012 tempus
2674 3942 2976 4011 ingenium?
3002 3943 3125 4011 quid
3156 3944 3276 3996 ars?
3299 3942 3420 4010 quid
3451 3942 3609 3994 usus?
3634 3941 3762 3994 Nam
3790 3951 3920 3993 :ctas

2339 4042 2499 4101 atque
2538 4049 2694 4098 ones,
2743 4033 2952 4087 fortuna
2987 4044 3039 4087 ct
3077 4029 3408 4088 fortuitarum
3433 4048 3610 4086 rerum
3635 4032 3921 4085 concursio

2339 4123 2574 4191 subjecta
2661 4132 2783 4177 sunt
2857 4126 3113 4193 tempori,
3193 4125 3441 4194 quoniam
3510 4123 3921 4190 unumquodque

2337 4228 2521 4267 eorum
2547 4216 2704 4268 variis
2722 4226 3017 4283 temporum
3043 4216 3241 4268 vicibus
3266 4224 3608 4283 permittatur.
3637 4212 3914 4278 Ingenium

2338 4317 2464 4356 vero
2483 4315 2684 4358 natura:
2705 4306 2879 4372 potius
2893 4306 3124 4373 oportuit
3149 4307 3387 4368 attribui,
3405 4315 3564 4358 artem
3582 4311 3736 4371 atque
3753 4316 3916 4354 usum

2340 4395 2551 4448 tertium
2581 4398 2851 4464 quiddam,
2883 4400 3132 4466 quoniam
3167 4417 3337 4468 neque
3371 4398 3591 4468 tempori
3618 4411 3791 4465 neque
3822 4412 3918 4447 ua-

662 4481 761 4530 dici
784 4488 1109 4546 potest,cum
1135 4477 1176 4529 si
1204 4475 1654 4544 notitia,qualitas
1677 4476 1752 4529 rei
1782 4487 1962 4544 posset
1987 4475 2229 4557 intelligi,
2261 4513 2315 4575 Β
2342 4497 2473 4540 tum
2515 4487 2886 4554 Stlbjit'illllltll‘.
2932 4491 3247 4558 Quanquam
3299 4492 3465 4544 \iitns
3518 4503 3727 4558 quoque
3781 4477 3912 4555 ipsa,

659 4567 1004 4633 pereuntibus
1033 4566 1115 4620 Itis
1138 4567 1224 4636 qui
1256 4584 1365 4622 rent
1393 4576 1609 4630 norunt,
1643 4581 1728 4620 res
1752 4568 1832 4620 vel
1862 4570 2125 4635 interiret,
2150 4573 2231 4626 vel

659 4653 745 4711 mu
776 4668 973 4724 aretur,
1002 4659 1140 4726 quod
1167 4669 1410 4711 neutrum
1436 4659 1651 4713 evenire
1680 4674 1900 4714 necesse
1934 4669 2036 4723 est,
2067 4677 2234 4729 quan-

659 4748 967 4815 doquidem,
1001 4750 1292 4818 absump'is
1326 4749 1633 4816 scientibus,
1663 4765 1749 4804 res
1779 4752 2013 4822 ignorata
2039 4755 2231 4818 poterit

659 4854 992 4904 permanere.

732 4929 953 4981 Persona
993 4939 1159 4981 autem
1190 4946 1289 4981 non
1316 4932 1676 5001 qualiscunque
1723 4933 1995 4984 testimonii
2027 4933 2228 4999 pondus

657 5020 800 5071 habet
828 5036 845 5084 ,'
872 5021 936 5072 ad
978 5020 1260 5088 faciendam
1308 5021 1440 5070 enim
1471 5021 1620 5086 ﬁdem
1648 5023 1925 5073 auctoritas
1951 5023 2227 5087 quiet-itur;

655 5113 741 5164 sed
783 5113 1129 5179 auctoritatem
1177 5102 1281 5161 aut‘
1309 5120 1517 5176 natura,
1563 5123 1650 5164 aut
1683 5123 1873 5181 tempus
1905 5112 2052 5178 a/fert
2088 5130 2104 5164 .·
2137 5131 2227 5165 na-

655 5214 782 5254 tura:
832 5204 1102 5254 auctoritas
1138 5201 1188 5252 in
1233 5203 1411 5254 virute
1451 5203 1576 5255 inest
1625 5203 1880 5265 maxime;
1922 5204 1972 5255 in
2005 5211 2224 5272 tempoie

653 5303 820 5344 autem
851 5289 1007 5344 multa
1036 5302 1149 5346 sunt
1171 5308 1283 5362 qua:
1302 5291 1518 5357 afferant
1542 5294 1912 5358 auctoritatem,
1939 5292 2221 5363 ingenium,

655 5399 797 5450 apes,
835 5394 977 5448 artas,
1021 5387 1248 5452 fortuna,
1297 5400 1402 5447 ars,
1446 5399 1585 5449 usus,
1621 5385 1914 5446 necessitas,
1959 5387 2227 5438 concursio

655 5475 803 5524 etiam
837 5490 1200 5543 nonnunquam
1239 5490 1406 5528 rerum
1450 5474 1798 5544 fortuitarum.
1835 5475 1972 5528 Nam
2002 5485 2044 5528 et
2085 5476 2226 5545 inge-

654 5566 706 5614 ni
731 5582 843 5626 nuis,
879 5575 921 5616 ct
951 5567 1234 5634 opulentos,
1270 5575 1315 5618 et
1359 5567 1522 5620 (etatis
1552 5569 1719 5635 spatio
1746 5569 2002 5634 probatos,
2046 5571 2226 5637 dignos

655 5654 834 5718 quibus
883 5657 1116 5709 credatur
1161 5665 1364 5726 putant,
1402 5673 1498 5711 non
1544 5669 1674 5712 recte
1703 5664 1938 5728 fortasse,
1972 5661 2057 5714 sed
2090 5659 2226 5728 vulgi

2337 4591 2493 4645 quam
2518 4577 2582 4629 M.
2607 4577 2808 4631 Tullius
2837 4579 2887 4631 irt
2914 4589 3116 4633 natura:
3146 4582 3349 4635 ratione
3375 4580 3671 4639 constituit,
3700 4577 3918 4646 quibus-

2339 4667 2459 4721 dam
2509 4684 2612 4721 non
2661 4670 2953 4733 naturalis,
3008 4672 3102 4724 sed
3155 4683 3262 4725 tum
3305 4671 3543 4724 doetrina
3574 4710 3590 4732 ,
3621 4678 3728 4721 tum
3773 4675 3916 4721 recta

2337 4759 2718 4812 exercitatione
2771 4759 2978 4814 vivendi
3027 4760 3269 4816 videatur
3314 4762 3502 4814 ascita.
3536 4759 3640 4814 Sed
3690 4758 3806 4812 haec
3844 4757 3916 4810 ita

2337 4848 2675 4918 intelligenda
2703 4851 2889 4904 divisio
2920 4860 3022 4916 est,
3045 4852 3188 4920 qllud
3217 4855 3390 4904 omnis
3419 4851 3708 4904 anetoritas
3735 4857 3824 4903 aut
3851 4863 3916 4902 ex

2337 4938 2539 5005 magnis
2568 4948 2726 5005 atque
2755 4941 3147 4995 excellentibus
3169 4943 3324 4996 rebus
3353 4954 3405 4996 et
3439 4958 3531 5010 per
3555 4951 3794 4994 naturam
3822 4955 3918 5004 op-

2340 5029 2485 5080 timis
2514 5030 2690 5090 venit,
2723 5040 2813 5082 aut
2842 5030 2908 5083 ab
2939 5030 3020 5083 bis
3048 5047 3170 5102 quae
3196 5032 3446 5087 inferiore
3495 5033 3612 5087 loco
3641 5041 3766 5087 sunt
3791 5045 3917 5085 coti—

2337 5122 2541 5185 stitnta,
2576 5120 2732 5175 fidem
2763 5137 2868 5176 non
2900 5138 2962 5176 ex
2992 5134 3200 5179 natura:
3230 5127 3502 5194 qualitate,
3537 5124 3629 5178 sed
3660 5139 3726 5177 ex
3759 5124 3915 5189 vulgo

2338 5210 2512 5262 insitis
2556 5211 2893 5279 Opinionibus
2921 5215 3079 5281 capit.
3118 5214 3181 5267 Et
3210 5214 3466 5267 maximas
3495 5213 3711 5280 quidem
3744 5210 3917 5264 excel-

2332 5300 2606 5368 lcntesque
2646 5315 2732 5354 res
2776 5301 2826 5354 in
2859 5312 3042 5355 natura
3073 5304 3388 5366 constituit,
3428 5318 3546 5371 qua:
3577 5316 3789 5366 semper
3814 5338 3828 5360 ,
3863 5306 3918 5351 ut

2332 5389 2446 5457 ipse
2476 5391 2679 5444 Tullius
2732 5392 2908 5445 multis
2941 5393 2991 5445 in
3020 5393 3155 5447 locis
3184 5393 3452 5456 defendit,
3485 5391 3607 5445 boni
3639 5400 3722 5445 est
3758 5404 3916 5457 appe-

2335 5489 2470 5535 tens.
2501 5487 2566 5535 At
2595 5498 2719 5536 vero
2764 5499 2881 5551 qua:
2931 5486 3228 5551 posteriora
3261 5482 3383 5539 sun't
3404 5527 3418 5552 ,
3452 5484 3503 5536 in
3554 5481 3794 5549 tempore
3826 5493 3917 5546 po-

2333 5576 2459 5633 su't,
2494 5573 2689 5644 idcirco
2718 5576 2856 5644 quod
2883 5577 3059 5629 omnia
3093 5580 3321 5646 tempori
3352 5577 3612 5645 subjecta,
3652 5569 3917 5641 principa-

2331 5660 2393 5716 lis
2420 5665 2542 5717 bont
2574 5679 2677 5718 tton
2709 5665 2939 5720 retiitent
2984 5675 3206 5720 statum.
3262 5669 3438 5730 Virtus
3481 5665 3695 5736 qutdem
3731 5663 3783 5716 in
3828 5660 3917 5714 de-
