4274 6272
431 399 566 454 1169

1289 387 1348 440 IN
1389 385 1620 441 Tt)l‘lC\
1663 382 2017 441 CICERONIS
2055 349 2710 444 cetttteursmaam
2750 391 2836 445 vr.

3530 390 3661 446 H70

425 513 593 567 terius
621 509 756 564 ﬂeeti
791 523 892 560 non
924 513 1112 574 potest.
1153 503 1421 570 Ingenium
1471 515 1595 554 vero
1647 507 1804 569 atque
1837 514 1985 567 opes,
2020 501 2067 558 Α
2095 502 2264 553 monia
2297 517 2314 553 :
2345 503 2563 570 primum
2609 507 2882 570 orationis,
2932 509 3139 560 oracula
3187 507 3318 560 enim
3353 524 3416 562 ea:
3461 525 3519 561 eo
3549 511 3660 573 ipsi

425 605 632 655 fortuna
676 609 728 652 et
771 613 855 650 ars
899 605 1057 663 atque
1087 609 1211 646 usus
1247 607 1388 658 saepe
1417 606 1519 644 non
1551 599 1691 644 recta
1736 591 1991 642 exercita-

431 692 574 745 tione
621 691 999 757 depravantur.
1048 686 1179 738 Nam
1219 682 1472 749 quidquid
1519 682 1704 734 horum
1751 681 1907 734 fuerit
1961 697 1988 734 a

426 785 620 834 virtute
648 781 965 845 seiunctum,
1015 775 1323 842 dignitatem
1373 787 1509 825 vera:
1556 772 1723 824 laudis
1767 772 1986 832 amittit;

423 885 476 926 et
530 873 596 925 de
641 872 835 923 virtute
877 867 1086 935 quidem
1134 865 1337 916 distulit
1386 865 1581 918 dicere.
1635 863 1987 918 Posteriorem

424 977 552 1014 vero
580 958 802 1028 partem,
834 957 885 1010 id
911 966 991 1009 est
1024 959 1074 1007 in
1120 963 1358 1022 tempore
1406 954 1591 1022 positae
1634 955 1985 1016 auctoritatis,

421 1051 599 1103 divisit
641 1058 695 1102 et
743 1046 1156 1100 evidentissimis
1197 1043 1441 1112 patelerit
1469 1045 1746 1110 exemplis.
1776 1043 1905 1096 Nam
1936 1051 1990 1096 et

423 1139 644 1209 ingeniis
670 1137 800 1191 ﬁdes
829 1137 1012 1201 adest,
1055 1145 1214 1204 atque
1241 1149 1306 1188 ex
1338 1151 1396 1188 ea
1432 1144 1623 1202 prasto
1650 1133 1986 1186 est‘anctori-

421 1241 500 1283 tas
532 1219 777 1297 plurima.
819 1226 927 1280 Eos
975 1226 1170 1293 quippe
1217 1224 1506 1292 sapientius
1551 1223 1688 1287 loqui
1746 1222 1987 1274 homines

417 1320 672 1384 credunt,
704 1332 930 1386 quorum
963 1317 1228 1384 ingenium
1258 1316 1324 1367 ad
1355 1313 1682 1381 expedienda
1715 1328 1830 1380 quae
1863 1328 1983 1380 pro-

417 1409 721 1478 posuerint,
749 1406 966 1460 sut'ticit.
996 1404 1197 1472 Opibus
1238 1417 1447 1472 quoque
1490 1402 1877 1470 prtepollentcs,
1909 1402 1988 1454 di-

419 1513 550 1569 gnos
583 1497 686 1550 ﬁde
710 1497 976 1565 iudicant,
1006 1493 1216 1547 fortuna
1245 1509 1455 1563 quoque
1489 1503 1542 1546 et
1565 1494 1820 1562 dignitate
1846 1508 1985 1560 prs:-

417 1585 593 1643 claris.
625 1585 955 1652 majestatem
993 1584 1322 1636 auctoritatis
1352 1583 1680 1650 impertiant,
1717 1597 1820 1634 non
1844 1591 1986 1634 recte

420 1676 675 1737 fortasse;
709 1673 804 1728 sed
831 1683 884 1726 et
910 1672 1166 1741 judicium
1212 1673 1264 1726 in
1297 1673 1542 1740 negotiis,
1567 1681 1623 1726 et
1663 1673 1986 1726 existimatio

417 1767 559 1831 vitae,
601 1766 853 1833 opinione
898 1765 1170 1818 hominum
1220 1765 1453 1818 maxime
1498 1767 1817 1829 continetur,
1867 1780 1984 1832 quae

2095 591 2352 656 appellata
2381 601 2529 656 sunt,
2560 595 2693 660 quod
2719 596 2846 647 inest
2879 595 2956 648 liis
2988 597 3196 649 deorum
3238 599 3435 654 oratio:
3482 600 3662 650 deinde

2093 697 2260 732 rerum
2288 683 2472 750 quibus
2494 683 2660 735 insunt
2685 685 2830 754 quasi
2854 687 3025 739 divina
3053 687 3290 755 quwdam
3318 703 3470 756 Opera
3501 702 3518 738 :
3549 688 3658 756 pri-

2096 786 2228 820 mun
2274 772 2379 838 ipse
2423 773 2656 837 mundus,
2685 777 2891 844 ejusque
2932 778 3090 829 omnis
3139 777 3269 829 ordo
3315 786 3360 828 et
3410 788 3658 835 ornatus;

2093 861 2326 930 deinceps
2347 863 2478 913 aerei
2496 863 2691 915 volatus
2718 865 2885 916 arium
2907 874 3053 933 atque
3077 861 3282 930 cantus;
3313 868 3494 920 deinde
3520 869 3657 936 ejus-

2093 951 2205 1002 dem
2242 953 2372 1004 oeris
2412 955 2609 1006 sonitus
2646 963 2692 1006 et
2730 955 2971 1019 ardores,
3015 957 3382 1023 multarumque
3411 972 3578 1008 rerum
3610 957 3662 1006 in

2094 1050 2224 1092 terra
2248 1053 2497 1109 portenta,
2523 1052 2673 1112 atque
2695 1046 2846 1096 etiam
2869 1061 2956 1114 per
2982 1055 3098 1098 exta
3137 1046 3338 1099 inventa
3361 1049 3653 1116 prarsensio.

2092 1133 2132 1182 A
2156 1134 2516 1185 dormientibus
2536 1151 2731 1203 quoque
2751 1137 2908 1188 multa
2929 1137 3215 1205 signiﬁcata
3236 1138 3373 1203 visis,
3389 1139 3567 1206 quibus
3594 1156 3654 1189 ea:

2093 1220 2216 1270 locis
2237 1221 2369 1272 sumi
2395 1222 2648 1274 interdum
2673 1223 2836 1276 solent
2856 1226 2924 1276 ad
2947 1225 3098 1289 ﬁdem
3123 1227 3411 1294 faciendam
3440 1229 3660 1280 testimo-

2092 1308 2175 1358 nia
2200 1309 2432 1360 deorum.
2461 1309 2525 1362 In
2553 1311 2754 1365 nomine
2780 1314 2976 1367 uirtutis
3007 1317 3180 1388 opinio
3206 1318 3334 1370 valet
3360 1316 3658 1382 plurimum.

2095 1397 2281 1466 Opinio
2295 1409 2460 1451 autem
2482 1410 2574 1464 est,
2600 1419 2701 1454 non
2724 1405 2872 1455 modo
2894 1420 2978 1456 eos
2999 1406 3230 1458 rirtutem
3257 1407 3437 1458 habere
3462 1408 3548 1475 qui
3570 1406 3660 1458 ha-

2091 1487 2259 1552 beant,
2273 1490 2362 1540 sed
2382 1505 2461 1541 eos
2476 1492 2627 1542 etiam
2638 1493 2726 1559 qui
2747 1492 2928 1546 habere
2939 1495 3220 1548 videantur.
3243 1495 3419 1564 Itaque
3438 1513 3562 1564 quos
3580 1497 3657 1548 irt-

2089 1580 2257 1647 genio,
2283 1595 2407 1648 quos
2436 1583 2622 1644 studio,
2651 1600 2777 1652 quos
2801 1586 3029 1639 doctrina
3057 1589 3292 1656 praeditos
3312 1590 3498 1654 vident,
3527 1605 3657 1650 quo-

2090 1685 2301 1734 rumque
2321 1673 2452 1722 niam
2472 1683 2783 1728 constantem
2809 1661 2854 1730 et
2885 1678 3143 1743 probatam
3163 1721 3176 1742 ,
3203 1690 3252 1732 ut
3285 1679 3513 1746 Catonis,
3545 1679 3657 1735 Lce-

2090 1757 2168 1822 lii,
2205 1758 2460 1828 Scipionis
2497 1763 2810 1830 aliorumque
2862 1766 3117 1834 plurium,
3155 1771 3387 1822 riden'ur
3434 1773 3505 1824 eis
3552 1789 3657 1824 esse

415 1859 534 1925 qun
561 1852 752 1909 mutari
778 1857 870 1909 vix
900 1865 1093 1923 potest,
1123 1856 1188 1908 ad
1240 1871 1357 1909 ea",
1402 1867 1592 1910 cunc'a
1629 1857 1845 1925 diriget,
1892 1872 1985 1910 ea-
2021 1854 2060 1911 Β
2089 1847 2263 1914 quales
2282 1864 2335 1900 se
2353 1849 2450 1916 ipsi
2468 1851 2642 1903 t‘elint.
2671 1852 2778 1905 Nec
2799 1854 2957 1906 solum
2984 1872 3067 1908 eos
3089 1869 3285 1910 censent
3304 1859 3427 1912 tales
3449 1877 3551 1912 esse
3571 1863 3656 1927 qui

414 1960 520 2014 que
547 1945 650 1998 sibi
683 1944 951 1999 tractanda
978 1944 1315 2013 regendaque
1352 1955 1610 2012 proponet
1636 1955 1835 1999 orator.
1882 1952 1982 1999 Ars

415 2035 574 2088 etiam
601 2043 759 2102 atque
796 2049 925 2088 usus
962 2034 1241 2100 plurimum
1273 2035 1468 2089 valent.
1495 2035 1549 2088 In
1572 2035 1811 2104 utrisque
1839 2037 2006 2089 cnim‘

415 2124 574 2178 ﬁdem
604 2125 789 2177 notitia
810 2124 955 2178 facit.
986 2123 1286 2198 Necessitas
1314 2140 1522 2194 quoque
1543 2165 1556 2188 ,
1588 2127 1736 2194 quasi
1764 2125 1816 2180 id
1843 2127 1980 2195 quod

413 2214 628 2278 latebat,
651 2223 992 2284 extorqueas,
1018 2216 1331 2269 auctet-nate
1351 2215 1576 2269 subnixa
1600 2227 1703 2279 est,
1729 2233 1848 2286 qua:
1872 2227 1979 2270 tum

413 2305 480 2360 ab
495 2305 696 2370 animo,
720 2314 830 2358 tum
852 2320 881 2357 a
903 2305 1214 2373 corporibus
1245 2307 1419 2360 venit:
1443 2324 1470 2359 a
1499 2308 1836 2375 corporibus,
1861 2323 1979 2361 cum

412 2397 543 2464 igni,
574 2395 715 2450 ferro
741 2411 801 2450 ac
825 2397 1136 2450 verberibus
1165 2411 1352 2450 verum
1387 2399 1523 2464 quod
1558 2399 1685 2452 latet
1713 2400 1976 2466 aperitur;

409 2487 478 2540 ab
523 2488 735 2551 animo,
784 2501 903 2540 cum
953 2502 1104 2542 meus
1152 2488 1379 2557 quadam
1432 2490 1846 2558 perturbationis
1897 2493 1978 2544 vel

410 2577 721 2644 ignorantia:
749 2577 1067 2632 necessitate
1096 2578 1457 2632 contunditur.
1489 2580 1639 2647 Tunc
1671 2581 1808 2634 enim
1856 2580 1978 2649 quid

408 2666 540 2730 dici,
569 2667 694 2736 quid
728 2669 890 2721 taceri
916 2669 1138 2735 debeat,
1171 2670 1386 2724 minime
1414 2670 1764 2741 distinguens,
1796 2687 1976 2726 verum

410 2756 551 2824 quod
578 2759 839 2810 occultum
870 2767 1002 2820 erat,
1037 2759 1210 2826 prodit
1246 2769 1403 2829 atque
1441 2761 1664 2816 ell'undit
1691 2762 1742 2815 in
1785 2766 1973 2816 lucem.

410 2845 543 2899 Nam
569 2846 840 2900 iracundia
859 2862 1022 2914 saepe.
1052 2857 1104 2902 et
1130 2849 1379 2916 qualibet
1420 2851 1580 2904 animi
1626 2852 1975 2920 perturbatio,

409 2934 550 3004 quod
581 2936 950 2988 occultandum
983 2939 1140 2999 l'oret,
1174 2937 1311 2991 haud
1336 2940 1604 3005 continet,
1636 2955 1752 3008 qua:
1780 2940 1976 2994 idcirco

411 3025 570 3079 habet
595 3026 962 3080 auctoritatem
988 3027 1052 3081 ad
1083 3029 1258 3095 tidem,
1292 3022 1412 3097 quia
1441 3032 1752 3097 simpliciter
1774 3033 1974 3100 prodita

409 3123 554 3178 sunt,
584 3115 807 3167 ueculta
849 3116 1155 3171 calliditatis
1196 3129 1309 3172 arte
1349 3120 1576 3186 prolata.
1625 3122 1761 3186 Quin
1815 3130 1972 3176 etiam

2089 1936 2141 1988 in
2166 1935 2440 1990 honoribus
2463 1942 2638 2007 populi
2661 1959 2807 2006 reque
2827 1945 2978 2011 publi.
2997 1963 3030 1998 α
3055 1958 3334 2011 versantur,
3359 1951 3446 2001 sed
3469 1960 3519 2001 et
3539 1967 3657 2002 ora-

2086 2033 2241 2088 tores;
2267 2039 2314 2080 et
2345 2030 2690 2100 philosOphos,
2725 2044 2771 2085 et
2815 2045 3006 2101 poetas,
3037 2047 3084 2088 et
3116 2039 3400 2101 historicos,
3435 2057 3495 2092 ea:
3524 2059 3652 2110 quo-

2099 2132 2213 2167 rum
2235 2126 2281 2168 et
2311 2119 2456 2170 dictis
2477 2128 2522 2172 et
2550 2122 2749 2190 scriptis
2778 2139 2910 2194 saepe
2938 2129 3220 2179 auctoritas
3250 2130 3437 2196 petitur
3467 2132 3535 2182 ad
3573 2134 3651 2200 fa-

2087 2204 2316 2256 ciendam
2341 2205 2514 2271 ]idem.
2542 2207 2801 2277 Expositis
2827 2213 3058 2265 omnibus
3095 2219 3485 2285 argumentandi
3505 2219 3650 2284 loc'is,

2085 2293 2215 2344 illud
2247 2295 2466 2358 priurum
2496 2297 2880 2366 intelligsndum
2907 2310 2999 2367 est,
3033 2320 3122 2357 nec
3151 2304 3309 2358 ullum
3339 2323 3447 2360 esse
3476 2309 3652 2376 dispu-

2085 2388 2344 2453 tationem,
2375 2390 2428 2441 in
2454 2407 2551 2456 qua
2597 2408 2698 2444 non
2729 2396 2912 2462 aliquis
2942 2396 3083 2450 locus
3130 2399 3374 2463 incurrat,
3416 2418 3506 2454 nec
3548 2404 3656 2471 fere

2084 2491 2254 2527 omnes
2305 2478 2439 2529 locos
2490 2479 2716 2534 incidere
2761 2483 2814 2534 in
2864 2499 3058 2536 omnem
3087 2489 3433 2554 qitarstiunem,
3461 2498 3506 2541 et
3529 2493 3650 2560 qui-

2084 2565 2294 2618 busdam
2315 2570 2671 2634 (lucrationibus
2703 2572 2852 2635 alios,
2877 2573 3174 2638 quibusdam
3204 2591 3310 2628 esse
3336 2579 3462 2630 alios
3483 2581 3651 2648 aptio-

2080 2673 2158 2710 res
2187 2659 2343 2712 locos.
2393 2660 2743 2734 Quwstionum
2786 2663 2888 2716 duo
2913 2675 3028 2716 sunt
3054 2681 3253 2734 genera,
3285 2666 3497 2719 alterum
3524 2670 3648 2734 in/i-

2081 2749 2260 2814 nitum,
2291 2749 2551 2816 deﬁnitum
2581 2733 2816 2806 alterum.
2853 2733 3132 2821 Deﬁnitum
3160 2765 3229 2808 est
3251 2758 3383 2824 quod
3405 2733 3647 2813 ὐπὸθεᾷιν

2080 2840 2278 2905 Graeci,
2319 2859 2410 2896 nos
2457 2860 2702 2906 causam;
2743 2846 3032 2910 inﬁnitum,
3089 2849 3224 2913 quod
3269 2851 3400 2903 θέσιν
3437 2851 3514 2902 illi
3551 2869 3646 2917 ap-

2079 2934 2286 3000 pellant,
2339 2950 2429 2986 nos
2473 2938 2788 3004 prepositum
2836 2954 3102 3004 possumus
3154 2942 3435 2996 nominare.
3479 2941 3648 2995 Causa

2077 3024 2226 3075 certis
2248 3024 2497 3092 personis,
2529 3026 2675 3087 locis,
2708 3015 3032 3091 temporibus,
3084 3029 3385 3095 actionibus,
3431 3032 3648 3098 negotiis

2078 3113 2318 3176 cernitur,
2351 3122 2440 3165 aut
2471 3116 2520 3164 in
2555 3115 2783 3168 omnibus
2812 3127 2901 3168 aut
2925 3118 2974 3168 in
3005 3119 3259 3188 plerisque
3282 3137 3476 3176 eorum.
3516 3123 3646 3175 Pro-

408 3203 705 3269 ignorantia
755 3219 1059 3272 puerorum,
1111 3206 1414 3266 vinolentia.
1463 3225 1678 3263 somnus
1731 3213 1973 3278 quaedam
2003 3212 2046 3271 C
2078 3203 2487 3270 Ροεὶίυηιαυτεπι
2516 3206 2567 3255 δη
2613 3204 2784 3272 αιίιιιιο
2831 3223 3006 3259 eorum
3057 3219 3143 3260 αυτ
3187 3211 3238 3261 in
3272 3212 3516 3278 Ρίυτθὺυδι
3560 3231 3647 3267 ηδε

409 3306 555 3359 saepe
597 3294 848 3360 produxit
898 3295 950 3348 in
991 3296 1222 3348 medium
1248 3337 1266 3361 ,
1311 3298 1362 3351 in
1405 3299 1594 3367 quibus
1620 3301 1662 3354 si
1719 3302 1973 3368 judicium

408 3381 594 3440 luisset
623 3385 807 3446 ullum,
841 3386 1042 3460 prolata
1073 3402 1178 3440 non
1207 3399 1407 3442 essent.
1440 3391 1592 3458 Srepe
1619 3392 1775 3445 etiam
1807 3393 1976 3446 homi-

407 3487 505 3527 nes
533 3481 725 3540 prreter
752 3476 909 3528 ullam
947 3476 1110 3530 animi
1135 3480 1586 3546 perturbationem
1616 3484 1976 3549 imprudentes

407 3565 622 3632 propria
648 3566 984 3622 confessione
1003 3569 1216 3638 obligati
1239 3581 1383 3636 sunt,
1413 3573 1536 3625 dum
1559 3584 1746 3628 cuncta
1771 3577 1976 3645 simpli-

405 3655 537 3706 citer
563 3653 860 3720 ell’undunt,
891 3671 1010 3722 quae
1037 3658 1136 3712 sibi
1161 3661 1398 3715 nocitura
1430 3678 1532 3715 non
1563 3666 1891 3732 existimant,
1921 3677 1974 3720 ut

405 3745 638 3800 Stalerio
650 3748 891 3801 evenisse
910 3752 1198 3816 proposuit,
1212 3753 1300 3819 qui
1325 3754 1633 3822 interposito
1658 3759 1856 3825 pariete
1873 3768 1978 3813 tes-

407 3837 544 3890 tibus
572 3837 904 3891 audientibus
925 3853 986 3891 ea
1007 3841 1280 3897 confessus
1297 3853 1398 3907 est,
1415 3845 1664 3912 ignorans
1687 3863 1744 3902 se
1764 3849 1829 3901 ab
1852 3851 1978 3903 insi-

407 3925 669 3978 diantibus
683 3926 870 3991 audiri,
890 3928 1079 3994 quibus
1105 3932 1326 3997 vulgatis
1349 3933 1398 3984 in
1417 3935 1778 4006 iudiciumque
1801 3941 1942 4006 prola
1959 3967 1975 3980 -

408 4013 494 4076 tis,
518 4012 728 4080 capitali
749 4016 1005 4069 sententia
1023 4018 1401 4074 condemnatus
1416 4034 1516 4077 est.
1535 4027 1704 4096 Atque
1729 4031 1839 4082 haec
1859 4033 1975 4098 qui-

407 4105 526 4159 dem
578 4106 870 4173 ignorantia
917 4109 967 4161 in
1013 4113 1326 4167 necessitate
1364 4119 1648 4172 constituta
1697 4132 1806 4184 est;
1854 4139 1972 4176 nam

405 4198 495 4266 qui
521 4200 687 4253 nescit
713 4200 762 4253 id
787 4200 926 4269 quod
959 4202 1183 4271 ignorat,
1218 4221 1285 4259 ne
1316 4207 1357 4259 si
1389 4208 1512 4262 Velit
1538 4212 1750 4277 quidem
1785 4217 1973 4282 poterit

403 4293 634 4355 evitare;
667 4308 784 4361 quze
811 4303 985 4349 autem
1030 4298 1316 4352 necessitas
1343 4310 1648 4369 extorquet,
1694 4305 1801 4372 ipsa
1841 4322 1971 4375 quo-

405 4381 687 4434 dammodo
714 4383 918 4438 videtur
939 4387 1132 4440 veritas
1146 4388 1354 4453 dicere,
1378 4399 1533 4458 atque
1562 4392 1682 4446 ideo
1706 4395 1783 4447 eis
1809 4398 1969 4449 veluti

405 4471 977 4538 auctoritate_suhnixis
1010 4478 1138 4531 ﬁdes
1165 4481 1466 4536 adhibetur.
1498 4484 1784 4538 Concursio
1807 4491 1967 4541 etiam

2079 3302 2245 3344 tamen
2287 3293 2340 3344 in
2365 3296 2618 3348 maximis.
2642 3295 2824 3365 Itaque
2854 3300 3169 3367 propositum
3206 3319 3324 3372 pars
3352 3321 3521 3358 causa:
3550 3317 3645 3360 est.

2081 3380 2185 3435 Sed
2205 3383 2366 3434 omnis
2383 3385 2591 3450 quwstio
2614 3402 2793 3446 earum
2819 3387 2994 3456 aliqua
3023 3390 3085 3442 de
3111 3407 3167 3445 re
3190 3403 3266 3445 est
3287 3395 3462 3460 quibus
3482 3413 3648 3449 causa'

2079 3473 2416 3538 continentur,
2451 3483 2536 3526 aut
2568 3492 2690 3538 una,
2721 3485 2810 3528 aut
2858 3477 3107 3544 pluribus,
3151 3493 3238 3533 aut
3287 3499 3648 3552 nonnunquam

2079 3563 2325 3616 omnibus.
2362 3564 2704 3629 Quaestionum
2730 3577 2900 3620 autem
2927 3586 3222 3641 quacunque
3243 3577 3304 3627 de
3325 3591 3377 3627 re
3401 3580 3522 3641 sint,
3545 3579 3646 3629 duo

2079 3664 2195 3706 sunt
2223 3671 2426 3724 genera,
2459 3673 2619 3710 unum
2656 3661 2982 3728 cognitionis,
3032 3663 3250 3716 alterum
3279 3668 3508 3720 actionis.
3543 3669 3646 3723 Co-

2079 3749 2318 3815 gnitionis
2344 3761 2459 3802 sunt
2497 3752 2578 3804 Ine
2605 3769 2817 3819 quorum
2847 3756 2963 3822 ﬁnis
2988 3767 3058 3809 est
3088 3759 3319 3825 scientia,
3350 3771 3403 3813 ut
3437 3762 3478 3814 si
3509 3779 3646 3829 qua:-

2079 3847 2260 3889 ratur:
2293 3841 2334 3890 Α
2365 3849 2546 3892 natura
2563 3842 2654 3910 jus
2681 3845 2958 3911 profectum
2986 3847 3069 3908 sit,
3099 3864 3165 3898 an
3194 3851 3254 3900 ab
3285 3852 3456 3919 aliqua
3502 3857 3646 3920 quasi

2077 3933 2364 3984 conditione
2393 3933 2654 3986 hominum
2697 3944 2745 3988 et
2798 3939 3067 4002 pactione?
3095 3940 3324 3994 Actionis
3359 3955 3524 3996 autem
3552 3949 3647 3998 lm-

2070 4022 2297 4088 jusmodi
2320 4024 2548 4089 exempla
2569 4032 2686 4075 sunt
2716 4040 2733 4075 :
2760 4025 2904 4077 Sitne
2924 4029 3168 4095 sapientis
3199 4031 3267 4080 ad
3287 4035 3645 4101 rempublicam

2076 4109 2346 4160 accidere?
2387 4107 2698 4178 Cognitionis
2723 4115 3028 4179 quastiones
3070 4117 3335 4184 tripartitce
3360 4133 3497 4183 sunt,
3530 4139 3644 4173 cum

2075 4218 2140 4254 an
2163 4203 2244 4265 sit,
2276 4210 2364 4252 aut
2406 4203 2528 4267 quid
2573 4204 2659 4267 s't,
2711 4213 2796 4254 aut
2837 4206 2986 4272 quale
3015 4207 3099 4271 sit,
3129 4210 3392 4276 quaeritur.
3441 4211 3643 4266 [larum

2078 4292 2295 4356 primum
2343 4295 2660 4359 conjectura,
2686 4293 2960 4346 secundum
2989 4296 3302 4362 deﬁnitione,
3330 4302 3532 4353 tertium
3550 4305 3642 4371 ju-

2074 4381 2143 4432 ris
2171 4389 2214 4432 et
2242 4381 2448 4450 injuria:
2473 4382 2792 4435 distinctione
2817 4385 3122 4452 explicatur.
3155 4386 3467 4458 Conjectura:
3510 4395 3640 4446 ratio

2075 4473 2127 4522 in
2153 4482 2370 4539 quatuor
2401 4483 2566 4540 partes
2597 4475 2864 4528 distributa
2897 4485 2992 4540 est,
3023 4495 3239 4546 quarum
3271 4498 3372 4534 una
3409 4494 3503 4546 est,
3531 4502 3643 4539 cum

405 4571 580 4608 rerum
611 4560 940 4614 fortuitarum
972 4563 1094 4618 facit
1146 4568 1299 4620 tidem
1323 4609 1337 4630 ,
1379 4585 1496 4636 qua)
1536 4585 1654 4625 eum
1691 4575 1970 4643 aliquoties
1999 4563 2093 4628 D‘li

1951 4591 1970 4630 5
1999 4563 2330 4629 unazr-itur,
2358 4562 2504 4616 Sitne
2528 4564 2756 4632 aliquid?
2778 4567 2958 4633 altera,
2989 4566 3136 4621 Unde
3155 4581 3317 4622 ortum
3346 4573 3639 4641 sit?tertia,

405 4645 536 4698 falsa
562 4647 823 4716 designet,
860 4662 1035 4706 tamen
1073 4654 1143 4706 ita
1173 4668 1254 4708 est
1283 4661 1566 4714 \ehemens
1587 4705 1599 4723 ,
1629 4673 1682 4716 ut
1720 4681 1778 4718 se
1807 4667 1872 4719 ab
1907 4683 1966 4720 ea

403 4734 595 4788 veritas
619 4738 884 4803 explicare
910 4742 993 4793 viv
1029 4744 1212 4809 possit.
1246 4748 1414 4810 Quale
1442 4759 1523 4802 est
1551 4753 1691 4818 ιμπιά
1721 4754 1787 4808 de
1820 4758 1969 4810 Pala-

403 4824 556 4877 mede
584 4837 849 4881 narratur.
876 4830 1048 4900 Phryx
1075 4836 1383 4900 exstinctus,
1414 4840 1500 4906 qui
1532 4843 1678 4907 quasi
1705 4859 1730 4894 a
1757 4845 1966 4901 Priamo

401 4913 594 4967 missus
641 4915 943 4982 videretur,
990 4932 1214 4988 reperta:
1262 4925 1450 4980 Priami
1502 4929 1689 4985 littera:
1743 4934 1965 5003 Phrygia

401 5015 588 5055 manus
617 5003 841 5072 imitata,
864 5024 982 5075 quae
1010 5015 1376 5066 concurrentia
1401 5015 1556 5070 tidem
1585 5019 1820 5078 facerent
1843 5042 1962 5093 prn-

398 5093 634 5148 ditionis.
665 5096 797 5151 llinc
824 5099 952 5152 dicit
985 5099 1172 5155 Cicero
1210 5121 1222 5155 :
1259 5105 1400 5159 Talis
1441 5109 1596 5163 etiam
1631 5113 1960 5171 fortuitarum

399 5197 576 5237 rerum
605 5191 883 5243 concursio
909 5202 990 5245 est
1020 5196 1058 5244 ‘.

475 5275 646 5345 Hujus
678 5279 830 5330 etiam
860 5284 1058 5348 generis
1084 5296 1155 5336 est
1182 5287 1320 5353 {atria
1349 5289 1514 5358 vulgi,
1544 5296 1796 5360 quoddam
1828 5301 1962 5352 mul-

402 5370 628 5420 titudinis
652 5373 1014 5426 testimonium.
1042 5375 1169 5438 Qua:
1192 5389 1358 5432 autem
1381 5382 1557 5436 virtute
1577 5385 1728 5450 ﬁdem
1749 5391 1964 5458 faciunt,

401 5476 458 5510 ea
490 5461 725 5528 bipartito
751 5472 884 5514 sunt.
923 5463 1002 5517 Ex
1029 5467 1210 5534 quibus
1239 5475 1450 5524 alterum
1478 5483 1660 5526 na‘ura
1697 5479 1849 5540 valet,
1881 5483 1963 5532 al-

401 5565 561 5604 terum
587 5554 860 5607 industria.
901 5555 1116 5608 Deorum
1153 5561 1283 5612 enim
1324 5563 1479 5616 rirtus
1509 5573 1693 5619 natura
1727 5572 1922 5622 excellit
1946 5617 1960 5638 ,

401 5645 660 5697 hominum
687 5655 857 5697 autem
887 5647 1160 5702 industria.
1200 5650 1377 5704 Divina
1405 5655 1512 5708 hac
1539 5657 1643 5723 fere
1683 5669 1799 5712 sunt
1829 5665 1963 5715 testi-

2075 4655 2198 4719 Quaz
2220 4656 2271 4707 id
2299 4672 2448 4708 causa
2476 4655 2733 4721 e/fecerit?
2759 4669 2959 4728 quarta,
2983 4662 3036 4715 in
3065 4679 3165 4730 qua
3186 4667 3248 4717 de
3273 4671 3546 4722 mutatione
3570 4677 3642 4726 rei

2069 4747 2314 4813 qureritur
2327 4762 2344 4799 :
2359 4746 2437 4801 Sit
2461 4764 2614 4800 necne
2630 4751 2695 4802 sit
2713 4749 3060 4819 ?Ecquidnam
3077 4753 3343 4810 honestum
3364 4762 3449 4829 sit,
3464 4767 3642 4829 ecquid

2069 4850 2269 4904 coquum
2294 4853 2484 4901 revera,
2512 4856 2578 4891 an
2604 4840 2709 4892 Irwc
2738 4851 2935 4896 tantum
2955 4847 3194 4912 opinione
3212 4851 3351 4904 sint?
3375 4853 3523 4909 Unde
3550 4873 3642 4909 au-

2068 4938 2166 4979 tem
2202 4929 2266 4980 sit
2309 4937 2496 4993 ortum,
2543 4942 2598 4983 ut
2641 4950 2760 4986 cum
2802 4939 3048 5003 quaeritur
3095 4950 3280 4995 natura
3309 4960 3373 4996 an
3402 4946 3638 5001 doctrina

2071 5021 2227 5085 possit
2253 5021 2376 5089 effici
2401 5023 2593 5076 virtus?
2620 5025 2785 5079 Causa
2809 5031 3020 5096 efﬁciens
3050 5034 3144 5096 sic,
3173 5042 3227 5084 ut
3258 5051 3369 5087 cum
3390 5040 3638 5106 qureritur

2068 5113 2250 5178 quibus
2266 5114 2408 5167 rebus
2430 5115 2710 5182 eloquentia
2733 5121 3012 5187 efﬁciatur?
3036 5123 3111 5178 De
3136 5131 3524 5182 commutatione
3546 5134 3640 5195 sic,

2074 5201 2306 5258 Pessime
2349 5208 2630 5274 eloquentia
2670 5217 3055 5267 commutatione
3101 5218 3272 5285 aliqua
3320 5225 3542 5276 converti
3591 5227 3642 5276 in

2071 5303 2338 5372 infantiam
2362 5307 2384 5358 ?
2414 5305 2537 5359 Cum
2567 5320 2735 5361 autem
2774 5313 2896 5379 quid
2928 5314 2990 5364 sit
3019 5319 3282 5384 qna’ritur,
3311 5323 3448 5374 notio
3475 5325 3640 5390 expli-

2073 5396 2236 5446 canda
2283 5407 2374 5457 est,
2425 5407 2471 5447 et
2514 5401 2816 5465 praprietas,
2847 5412 2894 5452 et
2942 5403 3152 5468 divisio,
3182 5416 3228 5458 et
3258 5411 3503 5475 partitio;
3535 5414 3640 5466 luce

2073 5485 2202 5550 enim
2219 5495 2330 5535 sunt
2351 5487 2632 5548 deﬁnitioni
2648 5491 2911 5545 attributa.
2934 5496 3151 5547 Additur
3171 5489 3637 5571 etiam‘descripfio,

2072 5590 2222 5650 quam
2269 5573 2433 5626 (ἐναισί
2469 5576 2763 5650 ὑπογραφὴν
2821 5591 3017 5634 vocant.
3068 5582 3224 5639 Notio
3268 5589 3339 5642 sic
3369 5593 3634 5660 quatritur,

2081 5672 2223 5724 Sitne
2256 5671 2309 5722 id
2346 5688 2544 5735 (equum
2591 5677 2727 5740 quod
2775 5678 2819 5730 ei
2863 5681 2949 5737 qui
2988 5681 3101 5750 plus
3147 5695 3305 5754 potest
3356 5691 3477 5744 utile
3527 5693 3638 5746 cst.’

465 5770 479 5788 ⁹
517 5768 652 5816 Finis
676 5765 816 5825 hujus
838 5771 964 5817 sexti
989 5771 1293 5821 desideratur
1320 5782 1367 5823 et
1393 5786 1519 5826 totus
1542 5783 1798 5844 septimus,
1827 5800 1921 5848 quo
1945 5803 2157 5843 sequens
2181 5792 2424 5844 Ciceronis
2449 5799 2612 5843 textus
2637 5807 2745 5855 θην
2767 5802 2986 5853 ncbatnr.
