4274 6272
636 371 758 428 ΙΙἩ

1839 349 1971 414 ΑΝ.
2004 327 2206 412 sum.
2247 350 2396 405 sev.
2440 349 2658 406 suam

3736 345 3874 399 “72

636 486 929 558 PrOprietas
956 485 1047 548 sic,
1081 484 1143 536 In
1173 483 1490 536 hominemne
1517 481 1681 533 solum
1717 477 1887 540 cadat,
1930 491 1996 526 an
2041 472 2191 526 etiant
2218 466 2274 525 Δ
2297 474 2376 517 ιω·
2406 466 2660 537 “parum,
2719 475 2762 518 ει
2799 473 3003 530 παιᾶνα,
3048 471 3092 515 ει
3147 463 3396 558 ίηδιξηειοο
3444 461 3647 558 Nmqu
3705 473 3874 558 me“

637 582 686 630 in
708 578 897 630 belluas
920 573 1208 644 egritudo?
1231 571 1421 625 Divisio
1443 579 1489 625 et
1512 570 1682 623 eodem
1706 577 1852 638 pacto
1877 563 2082 632 partitio
2102 562 2194 624 sic,

635 667 820 718 Triane
868 679 1052 733 genera
1100 663 1342 716 bonorum
1387 661 1531 714 sint?
1571 656 1880 723 Descriptio,
1929 653 2094 722 qualis
2135 650 2199 701 sit

575 751 578 754 ’
636 773 838 813 avarus.
870 756 1035 824 qualis
1064 761 1362 818 assentator,
1410 761 1690 819 aciemque
1730 746 1956 818 ejusdem
1981 741 2198 814 generis,

637 847 688 897 in
718 845 898 914 quibus
914 854 959 896 et
988 853 1172 897 natura
1197 855 1240 896 et
1262 845 1362 895 vita
1383 842 1700 894 describitur.
1731 838 1857 891 Cum
1881 847 2045 888 autem
2067 849 2204 897 quas-

638 936 770 987 ritur
797 935 944 1002 quale
970 934 1094 1003 quid
1119 934 1205 999 sit,
1237 941 1323 984 aut
1345 932 1641 998 simpliciter
1663 929 1928 998 quwritur,
1950 935 2037 977 aut
2065 939 2206 977 com-

639 1034 816 1092 parate
845 1031 870 1075 :'
894 1023 1212 1089 simpliciter,
1251 1019 1608 1091 Expetendane
1636 1021 1699 1072 sit
1749 1017 1958 1087 gloria?
1995 1029 2202 1084 compa-

643 1126 769 1176 rate,
813 1114 1231 1180 Pra’p'onendane
1278 1115 1343 1166 sit
1393 1113 1582 1164 divitiis
1631 1109 1839 1181 gloria?
1881 1105 2203 1174 Simplicium

644 1203 745 1255 tria
777 1219 959 1270 genera
989 1212 1124 1262 sunt,
1149 1202 1423 1270 expetendo
1463 1199 1822 1268 fugiendoque,
1874 1197 1936 1247 de
1974 1209 2115 1262 atquo
2162 1201 2207 1244 et

645 1293 839 1360 iniquo,
865 1294 927 1344 de
952 1292 1157 1344 honesto
1175 1302 1219 1344 et
1237 1292 1395 1357 turpi.
1420 1290 1866 1359 Comparationum
1887 1295 2052 1338 autem
2082 1284 2203 1349 duo,

647 1395 799 1430 unum
828 1382 891 1432 de
918 1363 1157 1432 eodeniet
1181 1380 1304 1441 alio,
1337 1381 1552 1432 alterum
1582 1380 1644 1430 de
1687 1379 1878 1436 maiore
1916 1385 1963 1429 et
1995 1377 2204 1426 minore.

653 1465 725 1517 De
744 1471 1018 1537 expetendo
1051 1479 1096 1522 et
1126 1469 1366 1538 fugiendo
1389 1469 1680 1531 huiusmodi
1700 1483 1715 1519 :
1742 1466 1800 1520 Si
1823 1465 2110 1534 expetendae
2132 1463 2210 1515 di-

649 1557 801 1620 vitite,
847 1559 887 1609 si
934 1559 1179 1629 fugienda
1218 1568 1514 1628 paupertas.
1572 1557 1646 1607 De
1693 1571 1834 1621 (equo
1891 1563 1936 1607 et
1983 1555 2156 1621 iniquo
2191 1569 2208 1604 :

651 1643 942 1713 (Equumne
964 1650 1027 1701 sit
1058 1648 1231 1700 ulcisci
1259 1665 1289 1698 α
1316 1663 1611 1715 quocunque
1635 1648 1881 1716 injuriam
1920 1643 2214 1712 acceperis?

654 1736 730 1788 De
767 1739 973 1790 honesto
999 1749 1044 1792 et
1072 1740 1242 1807 turpi:
1267 1738 1619 1791 Honestumne
1646 1738 1710 1789 sit
1733 1753 1826 1806 pro
1849 1736 2015 1803 patria
2042 1735 2168 1786 mori
2191 1736 2214 1786 ἶ)

2304 557 2450 613 habet
2480 557 2629 619 duas,
2655 555 2914 608 tuitionem
2944 554 3021 606 sui
3062 562 3108 606 et
3159 552 3432 606 ulciscendi
3456 553 3566 620 jus.
3616 551 3874 606 Institutio

2303 659 2471 702 autem
2497 650 2749 716 aequitatis
2775 650 3030 718 tripartito
3058 655 3131 699 est
3165 663 3182 700 :
3211 663 3314 699 una
3361 663 3481 711 pars
3509 647 3739 714 legitima
3775 658 3871 714 est,

2303 742 2465 795 altera
2503 740 2821 805 conveniens,
2855 739 3002 792 tertia
3049 738 3206 792 moris
3251 746 3494 791 vetustate
3542 739 3870 805 conﬁrmata.

2305 833 2468 901 Atque
2504 836 2654 885 etiam
2705 848 2878 884 rursus
2919 833 3128 899 aequitas
3183 832 3438 900 tripartito
3486 832 3679 883 dicitur
3723 848 3874 886 esse:

2306 939 2408 974 una
2438 923 2504 974 ad
2551 938 2758 991 superos
2787 923 2927 983 deos,
2963 921 3126 974 altera
3177 921 3243 974 ad
3291 936 3487 984 manes,
3515 923 3667 974 tertia
3686 925 3754 974 ad
3784 924 3876 977 hoc

2306 1015 2464 1066 mines
2493 1015 2756 1082 pertinere.
2789 1014 2963 1067 Prima
2991 1015 3170 1083 pietas,
3193 1013 3418 1066 secunda
3441 1013 3701 1076 sanctitas,
3731 1017 3876 1068 tertia

2300 1105 2504 1169 justitia
2528 1117 2677 1174 atque
2700 1105 2913 1172 tequitas
2958 1105 3308 1156 nominantur.
3367 1101 3442 1156 De
3462 1105 3722 1170 proposito
3750 1115 3874 1160 sam

2309 1193 2503 1254 multa;
2539 1194 2771 1258 deinceps
2792 1193 2854 1245 de
2873 1207 3027 1244 causa
3055 1193 3298 1258 pauciora
3325 1191 3543 1244 dicenda
3585 1202 3722 1253 sunt,
3763 1195 3874 1256 ple-

2309 1302 2463 1353 raque
2482 1288 2614 1339 enim
2639 1294 2754 1338 sunt
2781 1286 2826 1337 ei
2852 1300 2964 1337 cum.
2990 1284 3248 1351 praposito
3270 1284 3581 1337 communia.
3611 1283 3729 1337 Tria
3752 1296 3878 1339 sunt

2311 1393 2494 1445 genera
2525 1392 2814 1448 causarum,
2839 1375 3058 1445 judicti,
3091 1373 3497 1438 deliberationis,
3530 1373 3880 1439 laudationis;

2313 1485 2527 1536 quarum
2551 1469 2676 1534 ﬁnes
2704 1468 2802 1536 ipsi
2829 1466 3094 1524 declarant
3121 1466 3300 1531 quibus
3339 1465 3581 1518 utendum
3610 1465 3735 1520 locis
3771 1467 3836 1517 sit
3863 1481 3879 1518 :

2315 1577 2432 1611 nant
2465 1559 2652 1629 judicii
2697 1559 2814 1626 ﬁnis
2843 1560 2932 1626 jus
2955 1566 3048 1619 est,
3074 1572 3138 1610 es:
3173 1573 3272 1625 quo
3309 1559 3461 1609 etiam
3490 1572 3693 1609 nomen.
3741 1555 3884 1610 luris

2317 1658 2484 1700 autem
2519 1658 2684 1711 partes
2708 1656 2813 1700 tum
2832 1649 3091 1716 expositas,
3120 1662 3233 1698 cum
3255 1647 3531 1715 aequitatis.
3559 1646 3886 1701 Deliberandi

2319 1741 2435 1807 ﬁnis
2459 1740 2673 1802 utilitas,
2699 1741 2844 1808 cujus
2865 1739 2944 1790 ha:
2955 1748 3144 1806 partes,
3163 1754 3274 1806 quae
3293 1738 3442 1790 modo
3457 1739 3702 1802 expositis
3718 1755 3887 1791 rerum

654 1823 735 1876 E1:
758 1828 916 1879 altero
945 1835 1110 1879 autent
1133 1844 1309 1896 genere
1336 1828 1468 1895 quod
1494 1836 1598 1880 erat
1618 1826 1934 1892 bipartitum,
1960 1842 2115 1879 unum
2142 1832 2211 1877 est
2250 1809 2295 1865 Β
2321 1829 2736 1897 expetendarum,
2770 1827 3106 1880 Laudationis
3127 1827 3244 1895 ﬁnis
3273 1820 3621 1892 tionestas,'de
3637 1843 3738 1894 qua
3770 1829 3888 1880 item

653 1918 928 1970 de'eodem
967 1929 1014 1971 et
1060 1920 1180 1976 alio.
1227 1930 1279 1972 ut
1308 1922 1351 1973 si
1379 1929 1641 1988 quaeratur
1687 1919 1810 1986 quid
1862 1919 2060 1970 intersit
2092 1919 2219 1969 ὶηισι·

654 2008 872 2058 amicum
917 2018 962 2059 et
983 2019 1356 2071 assenfatorem,
1387 2026 1471 2078 reg
1503 2026 1551 2061 m
1591 2017 1636 2062 et
1665 2018 1953 2076 tyrannum.
1992 2010 2220 2067 Alterum

655 2096 718 2146 de
741 2102 932 2163 majore
960 2107 1006 2149 et
1033 2099 1242 2160 minore,
1267 2113 1315 2149 ut
1341 2100 1383 2151 si
1403 2109 1688 2166 quwratur:
1715 2096 2086 2165 Eloquentiane
2107 2098 2220 2166 plu-

655 2188 726 2236 ris
763 2185 849 2252 sit,
900 2203 965 2238 an
1003 2190 1139 2258 juris
1187 2189 1346 2241 civilis
1375 2189 1625 2245 scientia?
1657 2188 1730 2240 De
1755 2189 2058 2257 cognitionis
2083 2203 2222 2255 qua:-

656 2277 902 2328 stiouibus
969 2281 1234 2336 hactenus.
1294 2281 1518 2333 Actionis
1568 2281 1777 2344 reliqua!
1829 2291 1965 2344 sunt,
2011 2296 2224 2348 quarunt

657 2365 760 2416 duo
789 2377 902 2418 sunt
928 2384 1132 2436 genera,
1164 2386 1317 2424 unum
1343 2371 1409 2421 ad
1433 2371 1670 2438 ofﬁcium,
1699 2368 1917 2422 alterum
1947 2369 2014 2421 ad
2035 2376 2224 2420 motum

657 2455 816 2506 a-timi
840 2455 914 2508 vel
941 2458 1251 2526 gignendum
1274 2461 1349 2512 vel
1369 2460 1670 2524 sedandum,
1695 2460 1904 2527 planeve
1925 2453 2220 2510 tollendum.

659 2546 738 2596 Ad
758 2546 970 2614 ofﬁcium
995 2549 1086 2613 sic,
1120 2565 1234 2600 cum
1274 2552 1517 2617 qua'ritra'
1557 2568 1574 2604 :
1614 2552 2001 2621 Suscipiendine
2037 2552 2136 2604 sint
2165 2552 2228 2603 li-

659 2636 762 2688 beri
776 2642 798 2688 1’
824 2636 902 2688 Ad
933 2643 1202 2693 movendos
1231 2643 1443 2707 animos,
1472 2660 1582 2695 cum
1609 2645 1736 2711 ﬁunt
1761 2646 2130 2698 cohortationes
2161 2648 2228 2698 ad

660 2727 1028 2793 def.ndendam
1056 2733 1434 2800 rempublicam,
1465 2736 1532 2785 ad
1572 2716 1787 2802 gloriam
1811 2746 1857 2788 et
1904 2737 1972 2788 ad
2004 2737 2223 2788 laudent.

662 2816 775 2878 Quo
791 2833 852 2870 ex
867 2835 1046 2886 genere
1061 2833 1177 2874 sunt
1198 2825 1411 2890 querela!
1432 2825 1752 2878 incitationes
1784 2828 2229 2896 miserationesque

661 2907 866 2973 ﬂebiles.
897 2908 1188 2979 Rursusque
1207 2915 1389 2978 oratio,
1411 2926 1514 2967 tum
1542 2916 1861 2968 iracundiam
1891 2919 2225 2986 restinguens,

660 3010 762 3052 tum
813 3012 1000 3054 metum
1047 3005 1282 3071 eripiens,
1317 3019 1420 3058 tum
1460 3011 1794 3060 exsultantem
1835 3010 2064 3061 lwtitiam
2091 3025 2228 3064 com-

659 3093 895 3156 primens,
932 3104 1037 3147 tum
1084 3096 1432 3165 (egritudinem
1481 3098 1787 3168 abstergens.
1836 3097 1960 3151 Hcec
2007 3115 2120 3151 cum
2173 3101 2227 3151 in

2320 1929 2392 1972 est
2415 1928 2530 1971 ante
2553 1919 2763 1970 dictum.
2795 1916 2899 1972 Sed
2919 1916 3142 1983 deﬁnitae
3162 1918 3458 1984 quastiones
3481 1933 3513 1969 a
3545 1917 3651 1970 suis
3683 1933 3889 1987 qucque

2323 2009 2446 2060 locis
2497 2008 2639 2076 quasi
2684 2007 2908 2077 propriis
2950 2006 3321 2069 instituuntur,
3373 2008 3428 2058 in
3480 2009 3886 2074 accusationem,

2323 2098 2760 2167 defensionemque
2781 2097 2999 2162 partita‘.
3022 2094 3089 2148 In
3109 2097 3287 2164 quibus
3307 2096 3528 2150 existunt
3548 2096 3656 2150 Ilch
3679 2114 3888 2167 genera,

2324 2200 2377 2241 ut
2425 2197 2690 2241 accusator
2715 2203 2984 2257 personant
3020 2201 3205 2258 arguat
3246 2187 3400 2256 facti,
3428 2187 3665 2250 defensor
3695 2189 3892 2256 aliqu'd

2326 2290 2550 2350 opponat
2567 2280 2628 2332 de
2641 2278 2821 2343 tribus,
2842 2288 2930 2330 aut
2948 2294 3047 2331 non
3066 2293 3175 2330 esse
3191 2282 3405 2347 factum,
3424 2287 3511 2330 aut
3527 2279 3569 2331 si
3589 2280 3654 2332 sit
3673 2280 3892 2350 factum,

2325 2373 2468 2425 aliud
2484 2374 2592 2442 ejus
2614 2372 2738 2440 facti
2761 2385 2938 2423 nomen
2959 2385 3083 2430 esse,
3113 2379 3201 2421 aut
3215 2372 3336 2438 jure
3355 2385 3460 2421 esse
3475 2371 3679 2438 factum.
3701 2369 3892 2436 Itaque

2327 2470 2411 2512 aut
2426 2459 2662 2528 inﬁcialis
2676 2468 2762 2512 aut
2776 2458 3132 2530 conjecturalis
3146 2459 3308 2524 prima
3319 2460 3612 2527 appelletur,
3627 2458 3891 2526 deﬁnitiva

2328 2551 2512 2614 altera;
2541 2551 2712 2616 tertia,
2733 2550 2960 2618 quamvis
2987 2549 3251 2602 molestum
3273 2565 3454 2600 nomen
3483 2549 3576 2601 hoc
3596 2550 3680 2609 sit,
3697 2550 3895 2618 juridi-

2329 2641 2471 2694 cistis
2491 2651 2712 2693 vocetur.
2741 2639 2943 2692 Harum
2969 2655 3236 2692 causarum
3267 2641 3475 2710 prapria
3502 2651 3802 2710 argumenta
3832 2657 3897 2695 es

2329 2732 2406 2784 his
2436 2740 2639 2798 sumpta
2663 2732 2784 2784 locis
2805 2746 2931 2800 quos
2955 2717 3277 2802 exposuimus
3299 2733 3352 2785 in
3382 2735 3643 2800 proneptis
3663 2735 3898 2787 oratoriis

2329 2820 2580 2888 explicata
2599 2827 2734 2872 sunt.
2775 2818 3035 2888 Refutatio
3060 2828 3230 2873 autem
3257 2821 3594 2874 accusationis
3623 2822 3676 2874 in
3700 2837 3800 2889 qua
3825 2831 3898 2875 est

2329 2911 2558 2974 depulsio
2578 2911 2824 2972 criminis,
2843 2911 3083 2978 quoniam
3112 2926 3272 2979 graece
3291 2914 3475 2972 στάσις
3506 2913 3714 2973 dicitur.
3739 2913 3896 2967 latine

2329 3001 2611 3068 appelletur
2638 3008 2828 3064 status,
2861 3002 2913 3052 in
2943 3016 3041 3065 quo
3087 3002 3306 3065 primum
3333 3003 3520 3056 insistit
3550 3005 3698 3072 quasi
3725 3005 3794 3056 ad
3821 3020 3900 3057 re-

2329 3091 2661 3160 pugnandum
2689 3106 2956 3161 congressa
2985 3091 3232 3156 defensio.
3267 3094 3431 3161 Atque
3454 3095 3606 3146 etiam
3634 3096 3687 3146 in
3713 3093 3900 3148 delibe-

661 3188 929 3251 propositis
966 3189 1326 3256 qmvstionibus
1368 3206 1550 3261 genera
1581 3192 1702 3255 sint,
1735 3193 1909 3243 eadem
1945 3193 1998 3243 in
2045 3209 2223 3245 εαιιδαε
2253 3171 2299 3234 C
2331 3182 2612 3236 rationibus
2641 3192 2687 3236 et
2709 3182 3086 3236 laudationibus
3114 3184 3264 3235 iidem
3297 3185 3514 3236 existunt
3539 3195 3721 3238 status.
3758 3184 3896 3238 Nam

662 3277 1055 3344 transferuntur.
1109 3279 1229 3332 Loci
1274 3292 1441 3334 autem
1482 3284 1570 3351 qui
1591 3283 1658 3334 ad
1681 3299 1900 3351 quasque
1929 3287 2228 3352 quazstiones

660 3371 1027 3421 accommodati
1054 3380 1190 3431 sunt,
1233 3373 1469 3439 deinceps
1512 3383 1583 3424 est
1613 3374 1904 3426 videndum.
1940 3374 2126 3427 Omnes
2152 3376 2231 3427 illi

661 3457 859 3514 quidem
903 3459 969 3509 ad
1020 3460 1304 3527 plerasque,
1336 3464 1423 3514 sed
1453 3462 1545 3513 alii
1583 3464 1648 3515 ad
1691 3465 1843 3522 alias.
1893 3475 1946 3516 ut
1987 3467 2228 3528 diximus,

661 3545 899 3609 aptiores.
933 3547 1010 3598 Ad
1059 3555 1404 3614 conjecturam
1436 3552 1591 3618 igitur
1637 3555 1854 3604 maxime
1877 3563 1994 3620 apta
2020 3568 2134 3618 qua:
2169 3569 2231 3605 ea:

662 3639 846 3700 causis,
879 3654 992 3706 qua:
1036 3655 1097 3691 ex
1122 3640 1326 3705 c/I'ectis,
1369 3659 1482 3709 qua:
1510 3658 1570 3694 ea:
1619 3645 1903 3711 conjunctis
1943 3647 2074 3696 sumi
2117 3662 2234 3711 pos-

661 3735 796 3777 sunt.
826 3728 904 3777 Ad
936 3727 1279 3796 diffinitionem
1309 3739 1476 3787 autent
1506 3741 1611 3797 pert
1634 3733 1884 3784 net-ratio
1931 3741 1978 3784 et
2025 3735 2233 3786 scientia

663 3817 938 3882 aeﬁniendi
955 3834 973 3882 ;
1003 3827 1152 3885 atque
1177 3818 1292 3872 huic
1336 3825 1503 3888 generi
1533 3821 1810 3888 ﬁnitimum
1840 3831 1912 3874 est
1940 3823 2072 3874 illud
2097 3826 2232 3893 quod

663 3904 912 3974 appellari
935 3907 995 3959 de
1018 3907 1190 3964 eodem
1207 3919 1252 3961 et
1280 3908 1443 3962 altero
1467 3910 1708 3973 diximus,
1729 3913 1860 3976 quod
1885 3927 2041 3980 genus
2071 3913 2236 3980 forma

664 3999 892 4065 quaedam
937 3999 1248 4065 deﬁnitionis
1276 4011 1367 4054 est.
1403 4001 1464 4055 Si
1491 4003 1623 4055 enim
1663 4015 1921 4068 qua’ratur
1949 4004 2146 4056 idemne
2173 4009 2236 4057 sit

665 4093 942 4160 pertinacia
971 4101 1016 4144 ct
1045 4096 1436 4160 perseverantia,
1485 4096 1864 4160 deﬁnitiombus
1893 4096 2236 4165 judicandum

666 4192 760 4235 est.
813 4181 935 4234 Loci
976 4192 1145 4235 autem
1187 4188 1479 4238 convenient
1505 4187 1556 4237 in
1587 4190 1696 4255 ejus
1749 4188 1942 4254 generis
1991 4188 2237 4254 qucestio-

667 4288 799 4339 nent,
834 4284 1207 4340 consequentes,
1241 4278 1610 4340 antecedentes,
1642 4287 2002 4346 repugnantes,
2035 4279 2238 4344 adjun-

667 4367 762 4418 ctis
814 4367 966 4418 etiam
1018 4368 1212 4418 duobus
1263 4369 1324 4419 iis
1381 4369 1468 4435 qui
1523 4378 1793 4421 sumuntur
1859 4385 1922 4425 ex
1969 4370 2134 4420 causis
2195 4379 2239 4422 et

668 4451 883 4517 effectis.
941 4453 1079 4505 Nam
1118 4456 1161 4505 si
1205 4455 1334 4510 hanc
1375 4471 1480 4506 rem
1529 4456 1619 4506 illa
1663 4458 1905 4520 sequitur,
1951 4455 2086 4508 hanc
2140 4474 2238 4508 non

668 4545 929 4612 sequitur;
969 4555 1056 4600 aut
1113 4546 1154 4597 si
1213 4546 1326 4598 huic
1375 4548 1446 4598 rei
1507 4546 1598 4608 illa
1641 4547 1913 4609 antecedit,
1973 4547 2092 4598 huic
2139 4563 2236 4599 non
2265 4539 2320 4599 Ι)

669 4635 958 4696 antecedit;
1004 4645 1092 4686 aut
1142 4636 1186 4687 si
1230 4634 1347 4687 huic
1400 4637 1470 4689 rei
1521 4647 1789 4704 repugnat,
1825 4637 1903 4691 illi
1944 4653 2042 4688 non
2088 4653 2238 4706 repu-

669 4735 832 4795 gnat;
863 4735 949 4777 aut
977 4728 1022 4777 si
1049 4725 1166 4776 huic
1195 4726 1268 4776 rei
1297 4726 1423 4790 hwc,
1455 4727 1590 4778 illius
1621 4727 1724 4786 alia
1759 4743 1916 4779 causa
1944 4736 2052 4790 est;
2081 4737 2168 4779 aut
2196 4728 2241 4779 si

669 4834 734 4870 ea:
769 4818 872 4870 alio
902 4819 1012 4881 hoc,
1044 4834 1105 4870 ea:
1130 4819 1233 4870 alio
1273 4819 1288 4868 i
1313 4818 1402 4868 lud
1430 4815 1660 4881 effectum
1688 4827 1760 4869 est
1787 4833 1802 4869 :
1835 4834 1896 4870 es:
1926 4819 2101 4882 quovis
2147 4820 2240 4869 ho-

670 4928 785 4964 rum
823 4913 875 4965 id
907 4915 969 4963 de
991 4927 1090 4979 quo
1117 4911 1378 4970 quaeritur,
1409 4909 1608 4966 idemne
1635 4927 1700 4960 an
1727 4911 1870 4963 aliud
1909 4912 1994 4973 iit,
2026 4910 2239 4962 inveniri

673 5005 872 5071 potest?
901 5003 976 5054 Ad
1022 5003 1224 5053 tertium
1267 5016 1426 5069 genus
1453 5001 1746 5065 quaestionis
1784 5002 1835 5052 in
1877 5017 1975 5068 quo
2004 5000 2154 5067 quale
2177 5002 2240 5051 sit

671 5096 936 5160 quaeritur,
959 5095 1010 5146 in
1034 5093 1462 5159 comparationem
1485 5106 1542 5146 ea
1571 5090 1782 5154 cadunt,
1808 5106 1919 5156 qua?
1953 5094 2106 5156 paulo
2130 5101 2247 5145 ante

671 5186 724 5236 in
766 5185 1158 5254 comparationis
1202 5184 1313 5236 loco
1346 5194 1642 5236 enumerata
1681 5193 1816 5234 sunt.
1871 5180 1930 5232 In
1977 5180 2030 5244 id
2074 5193 2243 5235 autent

672 5293 828 5347 genus
867 5279 917 5329 in
947 5293 1047 5345 qso
1074 5276 1135 5327 de
1163 5275 1439 5344 expetendo
1463 5273 1803 5342 fugiendoque
1847 5273 2110 5342 (μείω-ξων,
2151 5275 2245 5326 ad-

673 5371 902 5423 lt’bentur
954 5387 1011 5422 ea
1057 5385 1177 5436 quat.
1213 5379 1326 5420 sunt
1365 5378 1454 5420 aut
1492 5366 1672 5428 animi,
1718 5375 1806 5418 aut
1862 5367 2107 5434 corporis,
2151 5377 2242 5419 aut

671 5475 896 5524 externa,
928 5465 1002 5515 fel
1023 5466 1303 5525 commoda,
1333 5462 1406 5513 rel
1461 5460 1798 5514 incommoda.
1863 5457 2091 5526 Itemque
2127 5477 2240 5528 cum

673 5565 736 5613 de
773 5562 980 5614 hunesto
1011 5565 1241 5630 turpique
1281 5562 1542 5628 qua'ritur,
1575 5561 1640 5611 ad
1670 5560 1827 5611 animi
1859 5559 1987 5611 bona
2012 5560 2091 5610 vel
2108 5560 2240 5609 mala

675 5655 834 5703 omnis
883 5653 1148 5720 d'rigenda
1199 5654 1360 5705 oratio
1404 5663 1518 5716 est;
1549 5668 1662 5703 cum
1701 5660 1870 5704 autem
1919 5652 1982 5704 de
2025 5665 2166 5718 arquo
2197 5660 2242 5702 et

676 5741 844 5805 iniquo
867 5744 1144 5805 disseritur,
1171 5727 1424 5809 a'quitatis
1451 5744 1545 5796 loci
1576 5743 1901 5811 colliguntur.
1933 5739 2004 5792 Hi
2027 5755 2242 5793 cernun-

2332 3282 2379 3324 et
2415 3281 2662 3341 negantur
2681 3287 2814 3340 sa'pe
2839 3288 2899 3324 ea
2929 3275 3103 3339 futura
3129 3289 3240 3340 quia
3260 3273 3323 3324 ab
3370 3273 3541 3342 aliqua
3578 3277 3630 3327 in
3657 3279 3899 3330 sententia

2335 3364 2471 3414 dicta
2514 3371 2630 3414 sunt
2661 3364 2790 3430 fore,
2817 3363 2862 3414 si
2891 3372 2976 3414 aut
3019 3363 3223 3415 omnino
3255 3363 3366 3429 ﬁeri
3397 3381 3497 3417 non
3525 3375 3767 3434 possunt,
3808 3377 3899 3420 aut

2334 3443 2444 3502 sine
2469 3467 2664 3503 summa
2693 3452 2989 3519 difﬁcultate
3017 3468 3114 3504 non
3141 3467 3370 3522 possunt.
3402 3452 3466 3506 In
3493 3470 3594 3522 qua
3621 3472 3898 3526 argumen-

2339 3542 2527 3594 tatione
2558 3550 2718 3594 status
2755 3543 3111 3612 conjecturalis
3135 3544 3322 3597 existit.
3354 3545 3418 3600 At
3443 3561 3560 3597 cum
3609 3547 3803 3616 aliquid
3836 3548 3900 3600 de

2339 3642 2388 3683 ut
2416 3631 2573 3693 litate,
2604 3632 2877 3698 honestate,
2900 3634 3134 3702 (equitate
3153 3634 3437 3699 disseritur,
3461 3635 3621 3705 deque
3649 3637 3724 3689 his
3745 3638 3893 3690 rebus

2336 3738 2450 3789 qua!
2479 3723 2554 3774 his
2581 3732 2694 3774 sunt
2719 3726 3001 3784 contrarie.
3026 3726 3292 3778 incurrunt
3318 3736 3480 3779 status
3501 3737 3589 3779 aut
3604 3728 3766 3798 juris,
3805 3738 3897 3780 aut

2339 3822 2587 3885 nominis;
2603 3821 2738 3890 quod
2759 3822 2892 3874 idem
2909 3823 3152 3891 contingit
3174 3825 3226 3874 in
3249 3823 3626 3877 laudationibus
3644 3841 3661 3876 :
3679 3841 3792 3877 nam
3809 3834 3900 3878 aut

2339 3920 2512 3989 negari
2543 3928 2702 3984 potest
2729 3920 2784 3972 id
2809 3924 2998 3988 factum
3024 3937 3130 3974 esse
3152 3923 3284 3988 quod
3314 3923 3575 3992 laudatur,
3604 3936 3689 3977 aut
3715 3943 3810 3979 non
3839 3943 3898 3980 eo

2340 4011 2542 4063 nomine
2571 4011 2886 4078 afﬁciendum
2915 4027 3013 4079 quo
3043 4011 3277 4064 laudator
3297 4013 3542 4080 olfecerit,
3576 4025 3666 4067 aut
3696 4017 3906 4070 omnino

2341 4117 2440 4152 non
2481 4115 2587 4153 esse
2626 4100 2883 4153 laudabile
2921 4103 3058 4170 quod
3092 4117 3191 4154 non
3220 4111 3384 4169 recte,
3431 4120 3528 4157 non
3553 4108 3671 4175 jure
3707 4106 3906 4174 factum

2341 4191 2423 4242 sit.
2457 4190 2648 4254 Quibus
2671 4191 2903 4243 omnibus
2931 4183 3195 4260 generibus
3221 4208 3343 4244 usus
3372 4204 3443 4246 est
3466 4195 3606 4245 nimis
3633 4193 3904 4261 impuden-

2343 4290 2414 4332 ter
2447 4280 2619 4332 (ἕωθέν
2663 4290 2840 4332 contra
2871 4279 3112 4332 Catonem
3163 4297 3344 4334 meum.
3378 4283 3480 4336 Sed
3511 4267 3618 4350 qua
3655 4297 3716 4335 ex
3765 4291 3909 4336 statu

2342 4372 2590 4425 contentio
2620 4371 2848 4438 efﬁcitur,
2881 4385 2990 4422 eam
3019 4370 3186 4423 (ἔντεσὶ
3216 4373 3503 4446 κρινόμενον
3539 4381 3747 4435 vocant,
3780 4372 3910 4425 mihi

2343 4463 2504 4528 placet
2553 4461 2606 4512 id
2629 4502 2642 4524 ,
2675 4460 2915 4527 quoniam
2945 4461 3146 4527 quidem
3185 4463 3253 4512 ad
3281 4472 3327 4513 te
3369 4463 3566 4520 scribo.
3605 4478 3705 4529 qua
3750 4464 3815 4514 de
3855 4479 3911 4514 re

2345 4553 2534 4620 agitur,
2573 4550 2762 4602 vocari.
2811 4549 3004 4612 Quibus
3035 4560 3202 4602 autent
3233 4551 3327 4603 hoc
3375 4569 3476 4620 qua
3518 4553 3582 4603 de
3621 4569 3676 4604 re
3717 4554 3907 4622 agitur,

2345 4641 2652 4704 continetur,
2683 4639 2792 4692 htec
2818 4641 3128 4692 continentia
3157 4649 3390 4692 vocentur
3418 4642 3568 4706 quasi
3595 4642 3911 4707 ﬁrmamenta

2346 4732 2711 4802 defensionis,.
2733 4729 2914 4799 quibus
2958 4728 3171 4782 sublatis
3212 4729 3440 4798 defensio
3482 4733 3628 4783 nulla
3675 4732 3760 4784 sit.
3810 4731 3913 4785 Sed

2345 4827 2586 4891 quoniam
2621 4822 2728 4892 lege
2758 4822 2952 4888 ﬁrmius
2982 4823 3033 4874 in
3064 4821 3414 4874 controversiis
3445 4822 3783 4890 disceptandis
3810 4837 3914 4876 esse

2346 4914 2471 4966 nihil
2502 4914 2665 4980 debet,
2699 4913 2869 4965 danda
2896 4921 2969 4965 est
2997 4927 3178 4982 opera,
3226 4921 3279 4964 ut
3315 4913 3472 4980 legem
3521 4913 3827 4981 adjutricent
3863 4923 3910 4964 et

2349 5017 2520 5059 testem
2545 5005 2893 5058 adhibeamus.
2927 5004 2990 5057 la
3013 5021 3110 5073 qua
3138 5019 3194 5057 re
3219 5005 3310 5058 alii
3335 5005 3483 5074 quasi
3508 5014 3671 5057 status
3693 5004 3928 5070 existunt

2349 5096 2505 5157 novi,
2537 5096 2625 5164 qui
2673 5095 3002 5160 appellantur
3046 5093 3283 5161 legitime
3326 5093 3736 5159 disceptationes.
3784 5091 3919 5144 Tum

2351 5188 2485 5238 enim
2513 5185 2803 5253 defenditur
2830 5199 2928 5236 non
2950 5184 3006 5238 id
3028 5184 3136 5252 lege
3157 5183 3259 5235 dici
3278 5184 3414 5253 quod
3437 5183 3752 5236 adversarius
3776 5182 3919 5247 velit,

2347 5275 2435 5329 sed
2465 5275 2627 5328 aliud.
2662 5272 2728 5326 Id
2758 5283 2926 5326 autem
2946 5273 3189 5342 contingit
3211 5289 3323 5326 cum
3348 5273 3591 5342 scriptum
3623 5273 3924 5342 ambiguum

2348 5380 2443 5432 est,
2475 5378 2519 5422 et
2558 5369 2675 5421 dua:
2700 5366 2988 5432 differentes
3016 5367 3276 5426 sententia:
3303 5365 3465 5432 accipi
3508 5373 3739 5430 possunt.
3788 5361 3922 5416 Tm

2352 5462 2632 5530 opponitur
2660 5461 2848 5529 scripto
2877 5458 3109 5517 voluntas
3133 5456 3413 5528 scriptoris,
3443 5466 3498 5509 ut
3522 5463 3785 5525 quieratur
3811 5469 3922 5506 ver-

2351 5558 2476 5607 bane
2495 5555 2612 5623 plus
2639 5568 2704 5604 an
2728 5549 2974 5603 sententia
3001 5549 3165 5601 valere
3186 5547 3382 5600 debeat.
3412 5547 3540 5599 Tant
3564 5547 3663 5616 legi
3689 5545 3775 5598 lex
3801 5560 3923 5598 cott-

2351 5648 2506 5700 traria
2534 5643 2748 5710 affertur
2773 5658 2790 5695 :
2817 5642 2890 5693 ita
2919 5649 3035 5693 sunt
3057 5640 3157 5692 tria
3177 5654 3361 5707 genera
3388 5653 3504 5708 qua:
3527 5635 3921 5690 controversiam

2351 5739 2400 5790 in
2447 5737 2580 5794 omni
2623 5734 2811 5802 scripto
2867 5736 3031 5802 facere
3091 5739 3332 5814 possunt,
3377 5729 3693 5798 ambiguum,
3729 5727 3921 5782 discre-
