4274 6272
424 372 561 430 H75

1374 388 1386 401 ‘
1459 372 1543 425 DE
1584 369 2049 424 DIFFERENTIIS
2087 366 2367 423 TOPICIS.
2411 369 2536 421 ΗΠ.
2577 369 2611 424 l.

3514 373 3649 430 il?!

421 485 594 553 pantia
622 483 802 550 scripti
826 492 871 535 et
899 485 1189 546 voluntat's,
1223 487 1471 552 scriptura
1498 482 1773 533 contraria.
1800 480 1865 531 In
1895 488 1986 530 hoc
2015 485 2063 541 Α
2094 479 2454 544 plt/icationetn
2472 518 2486 543 ,
2511 481 2659 548 cujus
2688 480 2894 546 effectus
2919 482 2997 534 ln'c
3029 483 3167 535 debet
3194 496 3317 545 esse,
3352 494 3400 535 nt
3426 496 3511 537 aut
3540 504 3651 552 per-

422 574 741 640 perspicuum
770 582 875 635 est,
924 588 1023 645 non
1053 572 1209 641 magis
1236 573 1286 624 in
1322 570 1513 640 legibus
1551 584 1705 637 quam
1744 568 1798 620 in
1835 576 1987 621 testa-

422 663 623 724 mentis,
647 664 697 714 in
741 662 1180 729 stipulationibus,
1225 662 1275 713 in
1307 661 1513 729 reliquis
1542 662 1655 726 quis
1700 674 1761 711 ea:
1800 658 1988 725 scripto

421 762 660 819 aguntur,
700 769 843 819 posse
873 751 1233 804 controversias
1262 752 1461 803 easdem
1501 751 1733 803 existere.
1788 746 1988 799 Horum

421 843 746 894 tractationes
774 843 824 893 in
860 842 975 916 aliis
1004 842 1144 892 libris
1173 841 1513 907 explicantur.
1547 838 1656 891 Nec
1684 848 1845 891 sotunt
1874 852 1986 906 per-

422 943 588 1001 petuat
619 922 840 984 actiones
858 972 872 994 ,
901 932 991 984 sed
1026 932 1176 983 etiam
1206 940 1371 999 partes
1398 932 1642 984 orationis
1662 932 1837 983 iisdem
1864 930 1986 982 locis

421 1021 747 1089 adjuvantur,
792 1020 978 1087 partim
1008 1020 1229 1088 propriis
1252 1060 1267 1085 ,
1300 1021 1485 1087 partim
1525 1018 1902 1081 communibus,
1932 1025 1989 1070 ut

421 1111 473 1161 in
501 1110 795 1179 principiis,
836 1111 1016 1175 quibus
1040 1119 1094 1163 ut
1123 1110 1368 1175 benevoli,
1397 1121 1452 1163 ut
1492 1111 1703 1173 dociles,
1732 1120 1785 1161 ut
1810 1110 1987 1161 attenti

419 1201 519 1252 sint
544 1201 631 1266 qui
656 1199 889 1263 audiant,
917 1201 1225 1268 eﬂ‘iciendum
1248 1210 1320 1254 est
1341 1202 1561 1270 propriis
1583 1201 1729 1253 locis.
1762 1198 1988 1266 Itemque

418 1292 736 1344 narrationes
767 1304 820 1344 ut
850 1294 916 1343 ad
937 1309 1055 1345 suos
1075 1294 1201 1360 ﬁnes
1227 1301 1468 1361 spectent,
1500 1300 1553 1343 ut
1583 1290 1752 1357 planta
1770 1289 1892 1350 sint,
1930 1296 1987 1340 ut

420 1367 607 1441 breves,
637 1390 690 1432 ut
712 1381 979 1446 evidentes,
1013 1390 1068 1434 ut
1088 1380 1373 1445 credibiles,
1396 1390 1451 1433 ut
1471 1380 1767 1442 moderatae,
1798 1387 1852 1430 ut
1874 1394 1984 1429 cum

417 1470 685 1540 dignitate.
718 1472 842 1534 Qute
868 1488 1160 1540 quanquam
1190 1474 1241 1525 in
1272 1481 1377 1525 tota
1399 1472 1625 1525 oratione
1651 1486 1755 1524 esse
1777 1469 1985 1532 debent,

418 1561 582 1631 magis
604 1570 771 1613 tamen
789 1570 907 1614 sunt
924 1564 1131 1631 propria
1147 1563 1412 1615 narrandi.
1435 1562 1561 1625 Quae
1577 1570 1744 1613 autem
1759 1559 1987 1625 sequitur

418 1650 763 1702 narrationem
802 1652 965 1719 ﬁdes,
1012 1668 1069 1704 ea
1097 1650 1446 1719 persuadendo
1488 1650 1726 1720 quoniam
1751 1648 1983 1716 efﬁcitur,

418 1738 504 1803 qui
524 1738 591 1790 ad
619 1740 1028 1805 persuadendum
1059 1739 1158 1792 loci
1187 1734 1404 1794 maiime
1433 1740 1632 1792 valeant
1656 1778 1671 1801 ,
1693 1738 1883 1789 dictum
1913 1743 1987 1787 est

408 1826 471 1901 in
518 1827 595 1879 Itis
639 1828 689 1880 in
737 1830 916 1895 quibus
956 1830 1019 1883 de
1062 1833 1200 1883 omni
1249 1832 1447 1884 ratione
1496 1828 1695 1881 dicendi
1738 1827 1981 1878 diximus.

418 1915 688 1970 Peroratio
708 1931 879 1973 autem
904 1929 950 1972 et
973 1922 1073 1973 alia
1098 1922 1331 1989 quaedam
1358 1920 1527 1983 habet,
1554 1927 1599 1971 et
1628 1917 1849 1969 maxime
1876 1929 1987 1967 am-

2092 568 2355 620 turbentur
2393 568 2551 619 animi
2583 577 2673 619 aut
2695 570 3108 638 tranquillentur,
3132 580 3178 623 et
3199 572 3242 624 si
3264 573 3331 623 ita
3350 576 3460 642 jam
3482 574 3653 641 affecti

2090 666 2205 707 ante
2232 657 2334 708 sint
2355 698 2369 718 ,
2413 667 2501 708 aut
2548 668 2731 727 augeat
2758 675 2932 712 eorum
2960 672 3152 728 motus,
3185 671 3273 715 aut
3304 662 3440 715 sedet
3467 644 3652 717 oratio.

2092 745 2231 798 Huic
2256 749 2426 815 generi
2464 748 2514 799 in
2543 765 2642 814 quo
2670 759 2715 800 et
2747 750 3093 803 misericordia
3115 792 3129 816 ,
3177 762 3221 805 et
3262 752 3527 804 iracundia
3548 795 3563 816 ,
3610 765 3655 805 et

2092 835 2295 896 odium,
2323 847 2367 887 et
2398 837 2607 896 invidia,
2652 848 2698 890 et
2722 851 2919 891 ca'tera:
2946 842 3101 891 animi
3141 841 3429 907 a/fectiones
3460 853 3658 910 pertur-

2090 925 2294 989 bantur,
2320 937 2570 997 prcecepta
2591 930 2985 996 suppeditantur
3004 930 3121 982 aliis
3143 932 3303 995 libris,
3326 949 3453 1001 quos
3472 934 3659 1000 poteris

2090 1030 2281 1066 mecum
2327 1017 2653 1083 legere,-cum
2687 1018 2840 1070 voles.
2880 1017 2960 1069 Ad
2996 1019 3048 1069 id
3072 1027 3241 1071 autem
3280 1020 3417 1087 quod
3456 1030 3502 1072 te
3535 1023 3660 1074 velle

2088 1123 2345 1158 senseram
2356 1148 2368 1169 ,
2393 1110 2647 1161 cumulate
2659 1110 2976 1171 satisfactum
2993 1126 3100 1163 esse
3112 1112 3253 1164 debet
3278 1114 3522 1166 voluntati
3538 1125 3655 1166 (utr.

2092 1196 2228 1249 Nam
2266 1214 2328 1249 ne
2356 1200 2665 1265 praeterirem
2700 1198 2895 1266 aliquid
2922 1203 3060 1269 quod
3098 1203 3166 1254 ad
3212 1213 3566 1271 argumentum
3605 1207 3658 1256 in

2092 1285 2228 1337 omni
2267 1288 2463 1339 ratione
2487 1290 2841 1356 reperiendum
2876 1293 3163 1357 pertineret,
3197 1294 3347 1358 plura
3372 1310 3521 1359 quant
3555 1304 3659 1347 ate

2089 1376 2376 1427 desiderata
2405 1386 2549 1428 erant
2575 1418 2589 1439 ,
2638 1394 2748 1429 sum
2778 1382 3068 1448 complexus
3088 1420 3103 1445 ,
3137 1382 3333 1450 fecique
3361 1383 3496 1449 quod
3527 1398 3660 1452 stupe

2089 1465 2319 1518 liberales
2369 1468 2652 1520 venditores
2702 1470 2901 1533 solent,
2945 1481 2997 1521 ut
3041 1486 3153 1523 cum
3189 1475 3353 1532 cedes.
3383 1475 3661 1535 fundumve

2089 1555 2441 1619 vendiderint,
2500 1556 2630 1607 rutis
2680 1560 2806 1611 cesis
2848 1563 3095 1626 receptis,
3160 1562 3445 1615 concedant
3490 1574 3660 1616 tamen

2089 1642 2287 1706 aliquid
2317 1645 2531 1709 emptori
2550 1686 2563 1708 ,
2596 1648 2731 1711 quod
2763 1649 2978 1700 ornandi
3004 1664 3157 1701 causa
3176 1661 3290 1718 apte
3315 1661 3362 1701 et
3392 1650 3501 1704 loco
3523 1654 3659 1719 posi-

2092 1741 2198 1784 tum
2218 1747 2325 1784 esse
2346 1733 2591 1785 videatur.
2621 1735 2710 1787 Sic
2733 1737 2817 1787 ubi
2837 1754 2929 1789 nos
2950 1738 3016 1789 ad
3039 1739 3092 1789 id
3116 1742 3251 1807 quod
3272 1742 3415 1805 quasi
3437 1739 3661 1805 mancipi

2090 1820 2213 1873 dare
2238 1819 2524 1886 debuimus,
2552 1834 2847 1877 ornamenta
2871 1827 3105 1895 quadam
3136 1828 3382 1882 voluimus
3425 1846 3526 1883 non
3572 1834 3658 1884 de~

2090 1911 2192 1963 bita
2219 1908 2479 1963 accedere.
2904 1896 2915 1905 ’

427 2023 3616 2063 WA

769 2059 774 2060 ,
827 2059 1190 2061 ηγηηκνὴῖκ
3378 2059 3385 2063 .

1062 2172 1341 2276 AN.’
1396 2167 1887 2274 MANL.
1978 2161 2336 2264 SEV.
2423 2162 3000 2265 BOETII-

712 2370 936 2493 DE
1119 2354 2448 2491 DIFFERENTIIS
2635 2362 3358 2489 TOPICIS

1625 2544 1891 2624 LIBRI
1940 2538 2449 2632 QUATUOB.

1535 2729 1874 2810 LIBER
2039 2725 2515 2807 PRIMUS.

1611 2857 1615 2862 .
2013 2845 2046 2903 τε
2184 2866 2187 2867 ,

491 2938 671 2992 Omnis
692 2934 826 2987 ηιίο
864 2932 1189 2997 disserendi,
1220 2945 1377 2999 quam
1408 2930 1610 2997 logicen
1639 2929 1978 2996 Peripatetici
2000 2908 2203 2993 sitis
2225 2966 2239 2989 ,
2291 2939 2584 2990 eorumque
2611 2926 2921 2980 ditl'erentiis
2954 2928 3093 2983 inter
3122 2945 3178 2984 se
3210 2941 3262 2986 et
3302 2940 3657 2993 communita.

420 3040 623 3083 veteres
680 3024 1036 3093 appellavere,
1091 3023 1141 3075 in
1194 3021 1325 3073 duas
1371 3020 1710 3072 distribuitur
1763 3028 1984 3086 partes,

418 3132 572 3173 unam
606 3114 940 3177 inveniendi,
985 3112 1205 3165 alteram
1248 3111 1535 3177 iudicandi.
1585 3111 1651 3162 Et
1682 3124 1741 3161 ea
1770 3108 1986 3177 quidem

418 3188 540 3277 pars
581 3221 698 3272 qua:
743 3202 997 3272 judicium
1053 3213 1237 3271 purgat
1278 3210 1437 3267 atque
1483 3200 1737 3260 instruit,
1790 3200 1859 3251 ab
1889 3199 1989 3252 illis

418 3296 679 3363 unalytice
723 3301 931 3355 vocata,
963 3307 992 3344 a
1023 3291 1178 3344 nobis
1217 3299 1393 3359 potest
1424 3291 1737 3343 resolutoria
1784 3304 1990 3344 nuncu-

418 3385 551 3453 pari.
587 3383 661 3435 Ea
701 3398 827 3437 vero
868 3398 987 3450 qua:
1042 3380 1347 3435 inveniendi
1391 3381 1695 3434 facultatem
1728 3381 1989 3434 submini-

416 3485 571 3537 strat,
598 3490 627 3526 a
650 3473 851 3529 Graecis
890 3474 1089 3541 t0pice,
1125 3488 1151 3525 a
1183 3472 1335 3545 uoltis
1364 3472 1551 3525 localis
1578 3473 1795 3525 dicitur.
1825 3471 1901 3525 Ac
1921 3471 1991 3525 de

416 3567 501 3619 illa
533 3564 747 3633 quidem
780 3572 930 3631 parte
970 3577 1088 3631 qua:
1112 3562 1382 3629 iudicandi
1415 3563 1668 3627 magistra
1700 3567 1820 3625 est,
1856 3561 1989 3614 alias

417 3656 790 3724 disputabitur.
823 3654 971 3707 Nunc
1016 3667 1142 3706 vero
1191 3652 1472 3706 consilium
1524 3661 1607 3705 est
1658 3650 1869 3719 aperire
1897 3651 1988 3718 qui

416 3749 524 3800 sint
550 3747 673 3811 loci,
716 3760 835 3811 quae
864 3759 1047 3798 eorum
1077 3742 1389 3796 dill'ereutitn
1416 3783 1430 3801 .
1478 3743 1565 3810 qui
1598 3742 1759 3794 etiam
1801 3742 1990 3808 quibus

417 3839 524 3903 apti
553 3836 664 3888 sint
691 3833 1040 3903 syllogismis.
1080 3832 1188 3885 Nec
1222 3833 1271 3883 id
1316 3831 1635 3899 Simpliciter
1668 3840 1829 3897 atque
1874 3832 1989 3882 uni-

419 3926 661 3977 tormiter
691 3922 900 3974 videtur
942 3935 1061 3974 esse
1093 3919 1392 3973 faciendum
1415 3960 1429 3984 ,
1475 3935 1655 3971 verum
1687 3920 1878 3986 duplex
1911 3928 1993 3972 est

423 4012 676 4067 tradenda
708 4011 957 4078 partitio,
1001 4024 1103 4062 una
1135 4010 1347 4076 quidem
1377 4024 1439 4061 ex
1481 4007 1683 4061 Graecis
1711 4008 1992 4061 volumini-

424 4105 523 4158 bus
565 4111 738 4165 eruta,
768 4101 935 4155 altera
968 4114 1093 4153 vero
1116 4115 1180 4152 ex
1215 4099 1281 4151 Μ.
1316 4098 1394 4150 Tu
1422 4099 1473 4151 lii
1503 4098 1717 4165 Topicis
1758 4108 2000 4163 sumpta.-

426 4200 603 4264 Atque
635 4196 685 4248 in
724 4194 807 4247 his
842 4191 967 4246 illud
994 4193 1059 4244 ad
1088 4190 1467 4259 perfectionem
1506 4190 1885 4257 speculationis
1914 4198 1994 4242 est

2092 3014 2236 3068 tibus
2258 3016 2570 3082 pernotatis,
2593 3026 2645 3069 et
2665 3030 3095 3084 argumentorum
3120 3023 3271 3089 capia
3296 3038 3655 3095 comparetur.

2089 3115 2143 3158 et
2181 3106 2418 3159 locorum
2467 3105 2613 3158 clara
2663 3109 2830 3173 possit
2870 3124 2990 3164 esse
3039 3111 3329 3169 distinctio.
3387 3118 3453 3171 Ut
3499 3120 3651 3188 igitur

2090 3206 2276 3252 cuncta
2324 3197 2621 3265 perSplcuis
2651 3200 2948 3254 rationibus
2987 3212 3268 3269 constent,
3317 3211 3473 3276 paulo
3502 3212 3661 3267 altius

2091 3287 2411 3341 ordiendum
2436 3294 2537 3341 est.
2568 3288 2867 3356 Propositio
2886 3296 3165 3361 estoratio
3194 3311 3379 3352 verum
3402 3299 3661 3357 falsumva

2090 3378 2425 3445 signiﬁcans;
2459 3386 2517 3431 ut
2548 3378 2590 3431 si
2628 3381 2747 3448 quis
2792 3381 2934 3436 dicat
2978 3386 3171 3439 coelum
3214 3404 3335 3444 esse
3383 3394 3619 3449 volubile
3644 3437 3662 3461 ,

2094 3468 2208 3522 inec
2237 3476 2290 3520 et
2318 3468 2616 3522 enuntiatio
2648 3479 2701 3522 et
2730 3472 3067 3540 proloquium
3120 3492 3476 3548 nuncupatur.
3509 3492 3662 3551 Quae-

2094 3559 2197 3613 stio
2238 3560 2406 3613 estin
2436 3559 2819 3614 dubitationem
2873 3563 3382 3637 ambiguitatemque
3434 3573 3663 3629 adducta

2095 3652 2404 3720 propositio,
2435 3662 2492 3705 ut
2520 3653 2563 3705 si
2595 3654 2714 3721 quis
2740 3667 2942 3721 quarrat
2974 3670 3039 3708 an
3071 3660 3263 3712 cmlum
3295 3663 3365 3715 sit
3407 3667 3665 3723 volubile.

2092 3743 2376 3798 Conclusio
2406 3753 2486 3797 est
2517 3744 2849 3811 argumentis
2878 3748 3167 3815 approbata
3199 3754 3513 3819 propositio,
3540 3766 3596 3810 ut
3620 3762 3664 3814 si

2093 3835 2211 3902 quis
2226 3836 2422 3889 caelum
2438 3835 2505 3887 ab
2520 3834 2641 3886 aliis
2670 3835 2830 3887 rebus
2857 3838 3044 3902 probet
3067 3853 3186 3892 esse
3214 3842 3461 3898 volubile.
3490 3846 3662 3901 Enun~

2094 3927 2244 3978 tiatio
2273 3927 2491 3994 quippe,
2522 3927 2636 3979 sive
2666 3926 2746 3977 sui
2779 3935 2982 3979 tantum
3012 3944 3173 3982 causa
3200 3932 3430 3999 dicatur,
3461 3939 3573 3993 sive
3598 3940 3664 3997 ad

2094 4012 2232 4064 aliud
2251 4012 2504 4066 alferatur
2524 4013 2948 4081 approbandum,
2967 4019 3258 4083 propositio
3272 4032 3349 4073 est
3369 4041 3383 4076 :
3403 4026 3445 4078 si
3466 4026 3533 4079 de
3557 4029 3664 4095 ipsa

2094 4101 2368 4168 quarritur,
2398 4102 2652 4167 quaestio;
2688 4103 2729 4153 si
2765 4100 2877 4166 ipsa
2912 4112 2994 4156 est
3021 4107 3335 4173 approbata,
3369 4114 3661 4169 conclusio.

2100 4192 2238 4245 Idem
2265 4201 2347 4244 est
2374 4191 2533 4259 igitur
2560 4191 2873 4259 propositio,
2909 4195 3135 4259 quaestio
3164 4206 3217 4250 et
3243 4201 3516 4255 conclusio
3534 4242 3547 4264 ,
3572 4207 3664 4258 sed

420 4286 791 4349 astruendum,
825 4293 880 4337 ut
898 4284 1088 4353 quibus
1112 4290 1335 4349 utraque
1358 4280 1531 4335 modis
1546 4280 1737 4334 divisio
1758 4280 1986 4343 dill'erat,
2016 4283 2062 4344 (ζ
2094 4284 2347 4338 din‘erunt
2394 4282 2553 4336 modo
2582 4297 2741 4350 supra
2772 4282 2936 4336 dicto.
2988 4286 3257 4353 Argumen
3286 4306 3373 4343 utn
3419 4301 3501 4345 est,
3530 4298 3665 4350 ratio

418 4375 715 4442 quibusque
740 4374 1027 4427 conveniat
1056 4372 1375 4440 explicetur,
1407 4386 1624 4440 quoque
1647 4372 1805 4425 modo
1826 4370 1992 4423 altera

419 4466 638 4517 alteram
690 4464 921 4517 vicissim
971 4464 1136 4530 possit
1167 4462 1473 4525 includere;
1506 4470 1561 4515 et
1602 4475 1742 4513 nunc
1778 4459 1991 4527 quidem

421 4572 525 4609 non
558 4557 610 4608 in
633 4556 855 4622 singulis
896 4556 1326 4619 immorabimur,
1358 4555 1452 4608 sed
1482 4555 1546 4607 de
1578 4564 1685 4607 tota
1728 4553 1993 4607 divisione

420 4647 772 4701 communiter
799 4648 1131 4700 disseremus
1153 4687 1167 4710 ,
1201 4647 1443 4699 locorum
1477 4654 1680 4699 tantum
1705 4663 1766 4700 ex
1802 4645 1993 4713 quibus

421 4748 731 4805 argumenta
790 4750 1083 4791 nascuntur
1110 4738 1457 4792 dillinitiones
1484 4777 1498 4802 ,
1547 4742 1792 4805 exempla
1835 4737 1990 4791 dill'e-

423 4831 730 4896 rentiasque
768 4829 1101 4897 colligentes.
1157 4829 1374 4898 Singula
1423 4844 1551 4881 vero
1598 4843 1697 4896 pro
1740 4829 1993 4895 qualitate

424 4919 601 4985 operis
629 4918 953 4987 diligentius,
986 4919 1071 4973 vel
1103 4920 1184 4972 his
1215 4928 1337 4973 octo
1363 4918 1723 4972 voluminibus
1745 4920 1991 4986 expedita

420 5019 574 5072 sunt,
604 5010 795 5078 quibus
825 5011 1128 5065 Aristotelis
1156 5013 1355 5080 Topica
1388 5014 1439 5064 in
1470 5012 1707 5065 Latinam
1736 5012 1994 5065 vertimus

420 5101 721 5152 orationem
742 5139 759 5164 ,
808 5100 891 5152 vel
933 5100 1016 5154 liis
1045 5110 1252 5169 septem
1282 5102 1475 5170 quibus
1504 5102 1571 5154 M.
1601 5100 1759 5154 Tullii
1781 5100 1993 5169 Topicis

420 5190 593 5242 lucem
640 5190 808 5256 plena:
842 5190 1197 5256 expositionis
1244 5192 1627 5244 insudavimus.
1671 5190 1784 5243 Illic
1838 5190 1994 5257 igitur

420 5291 612 5333 cuncta
643 5289 766 5333 sunt
795 5282 1028 5347 propriis
1069 5290 1233 5348 atque
1260 5281 1504 5335 enodatis
1544 5281 1782 5348 partibus
1833 5294 1994 5346 expe-

419 5373 563 5435 dita;
596 5371 680 5423 hic
703 5386 832 5424 vero
856 5388 973 5439 qua:
1000 5373 1133 5425 alias
1165 5388 1258 5438 per
1288 5372 1526 5425 membra
1556 5370 1816 5439 patefacta
1846 5380 1990 5433 sunt,

362 5448 363 5451 ¹
419 5463 688 5515 communi
713 5462 1081 5531 speculatione
1106 5474 1427 5517 tractantur.
1455 5461 1560 5515 Nec
1583 5461 1888 5515 dialecticos
1907 5476 1993 5514 so—

421 5553 531 5605 lum
572 5551 719 5605 locos
742 5592 757 5615 ,
789 5552 882 5604 sed
930 5554 1092 5605 etiam
1125 5552 1419 5607 rhetoricos
1443 5592 1456 5613 ,
1481 5565 1653 5618 quove
1682 5551 1733 5604 hi
1765 5550 1903 5604 inter
1935 5565 1999 5606 se

420 5653 580 5712 atque
613 5641 905 5696 dialecticis
936 5642 1180 5696 differant
1207 5681 1222 5705 ,
1270 5656 1396 5695 cura
1424 5650 1507 5694 est
1533 5640 1893 5710 exsequendi,
1928 5652 1983 5697 ut

420 5734 669 5793 omnibus
698 5732 932 5802 undique
961 5733 1089 5785 locis
1115 5731 1267 5800 plena
1315 5730 1750 5787 consideratione
1796 5746 1992 5800 prouo-

2097 4376 2170 4427 rci
2198 4373 2374 4427 dubiae
2391 4373 2592 4427 faciens
2621 4374 2799 4429 tidem.
2828 4374 2939 4429 Non
2965 4390 3093 4430 vero
3116 4364 3259 4433 idem.
3280 4390 3360 4434 est
3386 4396 3673 4451 argumen-

2096 4477 2205 4518 tum
2241 4476 2293 4519 et
2323 4468 2747 4527 argumentatio:
2774 4482 2895 4520 nam
2928 4470 3006 4523 vis
3031 4472 3309 4524 sententia:
3336 4476 3576 4544 ratioque
3602 4493 3678 4533 ea.

2094 4571 2211 4623 qttze
2241 4555 2508 4608 clauditur
2550 4557 2795 4610 oratione
2832 4572 2952 4611 cum
2978 4559 3185 4627 aliquid
3218 4563 3474 4629 probatur
3502 4569 3668 4621 ambi~

2094 4662 2282 4712 gnum,
2329 4656 2701 4716 argumentum
2752 4658 2996 4712 vocatur;
3032 4650 3140 4718 ipsa
3196 4667 3324 4707 vero
3370 4663 3688 4723 argumenti

2095 4738 2350 4802 elocutio,
2371 4740 2761 4804 argumentatio
2782 4739 2993 4793 dicitur.
3015 4741 3129 4808 Quo
3141 4742 3195 4795 lit
3219 4752 3276 4797 ut
3298 4759 3669 4815 argumentum

2094 4826 2304 4894 quidem
2337 4826 2531 4889 virtus,
2587 4834 2639 4878 et
2690 4842 2841 4881 mens
2882 4834 3358 4895 argumentationis
3406 4837 3474 4889 sit
3513 4846 3670 4907 atque

2095 4915 2389 4977 sententia;
2423 4918 2816 4985 argumentatio
2845 4933 2999 4983 vero,
3025 4923 3325 4990 argumenti
3354 4940 3447 4991 per
3471 4928 3670 4979 oratio-

2097 5021 2215 5059 nem
2247 5006 2553 5072 ext.licatio.
2590 5007 2762 5061 Locus
2808 5018 2984 5063 autem
3036 5012 3191 5066 sedes
3237 5018 3690 5083 est.argumenti,.

2094 5089 2177 5149 'vel
2219 5097 2268 5149 id
2315 5098 2455 5151 unde
2492 5098 2555 5150 ad
2588 5100 2911 5167 propositam
2945 5105 3295 5170 quarstionem
3340 5109 3667 5163 conveniens

2096 5187 2320 5247 trahitur
2349 5198 2741 5261 argumentum.
2776 5192 2903 5256 Qua:
2929 5207 3049 5246 cum
3079 5195 3147 5247 ita
3179 5196 3305 5261 sint,
3336 5199 3667 5266 singulorum

2096 5286 2284 5331 natura
2317 5280 2622 5347 diligentius
2661 5284 2934 5345 tractanda
2961 5294 3061 5350 est,
3094 5302 3385 5359 eorumque
3418 5307 3509 5357 per
3534 5308 3662 5361 spe-

2095 5368 2202 5421 cies
2226 5383 2288 5422 ac
2314 5372 2571 5435 membra,
2612 5381 2666 5424 ut
2710 5374 2965 5440 diximus,
3002 5378 3303 5448 ligurasque
3351 5382 3546 5438 divisio
3588 5387 3663 5437 la.

2095 5458 2280 5512 cienda
2328 5470 2428 5513 est.
2474 5463 2551 5515 Ac
2584 5462 2729 5530 prius
2759 5464 2828 5517 de
2877 5468 3239 5534 propositione
3290 5472 3663 5527 disserendum

2095 5559 2197 5605 est.
2250 5550 2393 5603 Hanc
2445 5566 2565 5605 esse
2613 5552 2843 5608 diximus
2898 5556 3225 5620 orationem,
3259 5562 3536 5616 veritatem
3580 5568 3666 5621 vel

2093 5643 2422 5697 mendacium
2454 5646 2840 5698 COlllineltll'lll.
2898 5646 3062 5711 llujus
3103 5647 3220 5703 duae
3260 5662 3383 5705 sunt
3433 5655 3664 5722 Species,

2103 5734 2383 5788 atlirmatio
2415 5749 2539 5800 una,
2583 5736 2748 5787 altera
2782 5748 2906 5789 vero
2956 5740 3180 5806 negatio.
3235 5740 3572 5813 Alllrmatio,
3621 5749 3665 5805 si
