4274 6272
620 326 750 380 Ηῗὸ

1841 328 1940 381 AN.
1985 327 2187 382 MMVL.
2232 328 2380 381 SEV.
2426 327 2643 383 BOETII

3696 314 3865 381 itm

613 443 730 505 quis
759 440 834 492 sie
864 438 1045 490 τηρεε-ιιι
1073 457 1081 487 :
1105 437 1299 494 coelum
1335 437 1566 493 volubile
1587 444 1689 491 est.
1714 437 1957 506 Negatio,
1993 441 2037 493 si
2068 440 2185 507 quis
2216 443 2266 500 Α
2295 438 2646 507 philosophia:
2688 439 2892 493 ratione
2926 446 3229 506 pertractat,
3265 439 3629 507 praedicatum.
3675 442 3864 496 Evenit

617 530 685 580 ita
708 528 1048 597 pronuntiet:
1086 528 1279 579 coelum
1312 528 1539 582 volubile
1570 540 1800 583 nonest.
1837 530 2032 583 Ilarum
2056 545 2181 581 vero

614 609 730 670 alite
767 624 890 669 sunt
921 619 1268 677 universales.
1303 618 1422 671 alite
1454 619 1799 687 particulares
1826 662 1839 685 ,
1885 622 2001 671 alia:
2029 619 2182 672 inde-

616 707 795 767 linitre,
820 706 935 759 alia:
954 706 1269 776 singulares.
1292 707 1637 761 Universales
1659 709 1896 776 quidem,
1924 720 1977 761 ut
2000 710 2044 760 si
2069 712 2186 774 quis

613 797 685 847 ita
716 805 975 863 proponat
1010 814 1021 847 :
1055 798 1227 849 omnis
1261 796 1419 849 homo
1446 796 1623 864 justus
1668 807 1770 861 est,
1804 798 1977 850 nullus
2025 797 2184 850 homo

610 886 781 953 justus
808 895 909 939 cst.
964 886 1321 940 Particulares
1368 903 1512 952 vero,
1544 890 1587 940 si
1640 890 1751 954 quis
1784 891 1881 941 hoc
1914 889 2073 942 nrodo
2100 888 2184 941 di-

613 987 697 1028 cat
725 994 735 1026 :
772 976 983 1044 quidam
1016 978 1177 1030 homo
1202 979 1379 1045 justus
1427 987 1535 1040 est,
1567 979 1777 1046 quidam
1808 979 1969 1032 homo
2014 980 2187 1047 justus

616 1083 720 1120 non
740 1078 840 1121 est.
872 1068 1167 1121 lndetinitte
1197 1070 1297 1123 hoc
1321 1070 1505 1123 modo:
1544 1073 1701 1122 horno
1721 1071 1891 1138 justus
1906 1081 2006 1135 est,
2029 1071 2187 1123 homo

612 1163 785 1221 justus
815 1169 1042 1212 nonest.
1072 1159 1388 1226 Singulares
1417 1175 1542 1213 vero
1569 1170 1692 1211 sunt
1715 1176 1832 1227 quae
1857 1161 2183 1215 individuum

615 1262 705 1304 aut
730 1251 851 1316 qttid
904 1250 1174 1315 singulare
1232 1264 1561 1317 proponunt,
1600 1261 1658 1303 ut
1703 1252 1835 1304 (lato
1862 1252 2035 1318 justus
2066 1265 2185 1317 est,

613 1340 744 1392 Cato
770 1341 946 1405 justus
978 1354 1081 1390 non
1130 1349 1239 1403 est;
1286 1343 1482 1407 etcnjm
1528 1340 1659 1392 Cato
1690 1340 1989 1395 individuus
2016 1354 2097 1396 est
2128 1360 2188 1396 ac

614 1430 918 1498 singularis.
951 1429 1146 1481 llarum
1177 1445 1306 1481 vero
1337 1430 1468 1481 alits
1497 1432 1891 1498 pracdicaivas,
1914 1433 2043 1485 alias
2061 1448 2189 1486 con-

615 1520 899 1575 dilittnalrs
930 1534 1197 1572 voramus.
1234 1519 1594 1572 Prmdicativa:
1625 1531 1748 1574 sunt
1772 1538 1892 1589 qua:
1935 1523 2187 1589 simplici-

618 1621 695 1662 ter
724 1620 1117 1677 proponuntur,
1151 1609 1201 1661 id
1233 1618 1313 1662 est
1351 1610 1542 1676 quibus
1572 1611 1711 1663 nulla
1752 1613 1833 1664 vis
1863 1613 2187 1666 conditionis

615 1700 921 1769 adjungitttr
943 1740 957 1759 ,
994 1700 1113 1752 utsi
1149 1698 1266 1763 quis
1298 1700 1490 1751 emtum
1524 1714 1643 1752 esse
1675 1695 1905 1754 Voluh'ile
1936 1702 2187 1768 simplici-

2291 532 2448 584 etiam
2496 542 2551 585 ut
2599 541 2931 600 supponatur
2958 532 3147 593 oratio,
3181 539 3234 583 et
3265 530 3493 599 simplex
3545 532 3860 587 vocabulum

2293 622 2630 692 prredicetur,
2663 622 2763 675 hoc
2793 621 2953 675 modo
2990 638 3000 671 :
3035 620 3273 674 Socratis
3293 620 3593 674 similitudo
3624 636 3744 674 cum
3773 638 3859 676 su-

2292 715 2469 781 pernis
2515 714 2812 781 divinisque
2844 712 3161 766 substantiis
3209 712 3412 778 iustitia
3451 721 3570 775 est;
3604 712 3690 766 hic
3721 716 3859 766 enim

2289 804 2458 855 oratio
2489 816 2581 870 per
2605 818 2761 871 quam
2803 801 3089 870 profertur,
3144 802 3378 856 Socratis
3419 802 3716 855 similitudo
3741 818 3858 855 curn

2289 891 2537 958 srrpernis
2574 890 2876 960 divinisque
2928 889 3238 944 substantiis
3262 931 3275 953 ,
3310 890 3628 959 subjicitur,
3654 890 3859 960 justitia

2291 998 2420 1036 vero
2450 983 2791 1051 prtedicatur.
2837 983 2943 1040 Sed
2972 984 3037 1037 de
3069 983 3371 1052 hujusmodi
3408 984 3862 1052 propositionibus

2293 1075 2344 1126 in
2373 1074 2454 1127 his
2480 1074 2898 1140 commentariis,
2927 1073 3014 1141 qui
3046 1072 3097 1126 in
3125 1077 3239 1148 Περὶ
3267 1072 3530 1149 ἑρμηνείας
3560 1054 3862 1127 Aristotelis

2293 1164 2426 1218 libro
2473 1164 2920 1231 conscripsimus,
2968 1161 3280 1230 diligentius
3317 1162 3680 1215 disseruimus.
3715 1162 3864 1217 Con—

2292 1252 2622 1306 ditionalium
2676 1266 2803 1306 vero
2832 1251 3290 1320 propositionum,
3332 1266 3462 1319 quas
3494 1250 3660 1303 Graeci
3690 1251 3862 1320 hypo-

2295 1344 2519 1398 theticas
2548 1352 2737 1397 vocant
2759 1352 2955 1410 partes,
2981 1349 3104 1395 sunt
3130 1340 3399 1407 simplices
3441 1339 3856 1409 propositiones,

2293 1436 2443 1504 cujus
2471 1435 2682 1504 quidem
2716 1450 2776 1488 ea
2818 1450 2939 1503 pars
2967 1449 3084 1502 quae
3116 1435 3259 1502 prius
3288 1433 3483 1487 dicitur
3518 1432 3861 1499 antecedens,

2296 1541 2414 1595 quae
2453 1528 2717 1593 posterius
2748 1538 3083 1592 consequens
3113 1524 3429 1591 appellatur,
3461 1534 3516 1575 ut
3538 1524 3590 1575 in
3617 1522 3717 1575 hac
3747 1530 3863 1589 ιιι-οι

2296 1614 2559 1682 positione
2603 1630 2722 1683 quae
2768 1613 2927 1667 dicit:
2960 1614 3005 1667 si
3034 1614 3321 1667 rotundum
3355 1620 3467 1675 est,
3499 1612 3732 1664 volubile
3761 1621 3861 1665 est.

2294 1704 2595 1757 Rotundum
2622 1718 2744 1758 esse
2771 1703 3059 1766 antecedit,
3091 1702 3322 1756 volubile
3347 1714 3468 1755 esse
3493 1702 3863 1768 consequitur.

618 1802 697 1843 ter
728 1791 888 1843 dicat.
942 1792 1011 1843 At
1037 1790 1080 1842 si
1112 1790 1353 1865 conditio
1379 1790 1499 1842 huic
1546 1790 1847 1859 copuletur,
1880 1791 1937 1845 ﬁt
1965 1808 2028 1846 ex
2057 1793 2188 1847 dua-
2221 1784 2268 1843 Β
2297 1795 2492 1847 liarum
2545 1807 2756 1862 quoque
2803 1793 2922 1845 alite
2968 1799 3091 1845 sunt
3128 1791 3396 1859 simplices
3436 1789 3827 1844 conditionales
3849 1830 3863 1851 ,

617 1880 714 1932 bus
770 1878 1223 1948 propositionibus
1269 1896 1368 1932 una
1421 1880 1812 1943 conditionalis,
1856 1882 1956 1935 hoc
1986 1883 2181 1935 modo:

618 1968 808 2022 cmlutn
828 1970 885 2035 si,
904 1967 1188 2022 rotundum
1229 1979 1341 2033 εει,
1368 1968 1602 2023 volubile
1628 1981 1730 2023 est.
1764 1969 1860 2023 llic
1888 1971 2028 2023 enim
2058 1986 2186 2024 con-

617 2063 747 2114 ditio
786 2061 835 2113 id
869 2060 1059 2119 efﬁcit.
1113 2069 1169 2113 ιιι
1210 2061 1277 2112 ita
1320 2060 1533 2114 demum
1565 2062 1757 2113 cretum
1803 2062 2037 2119 volubile
2068 2077 2186 2114 esse

622 2152 972 2219 intelligatur,
1024 2151 1066 2204 si
1124 2152 1191 2202 sit
1221 2150 1534 2205 rotundum.
1588 2150 1849 2219 Quoniam
1885 2152 2041 2219 igitur
2070 2153 2187 2206 alia:

620 2243 1009 2311 propositiones
1042 2241 1393 2310 pradicativae
1421 2251 1577 2305 sunt,
1611 2243 1731 2295 alia:
1778 2243 2185 2309 conditionales,

581 2378 587 2385 .
620 2334 1078 2401 prmdicativarum
1113 2342 1288 2402 partes
1320 2333 1576 2386 terminos
1607 2332 1966 2400 appellamus:
1992 2332 2041 2385 lti
2066 2342 2187 2384 sunt

620 2425 936 2494 prmdicarus
962 2434 1011 2475 et
1044 2422 1335 2490 subjectus.
1363 2423 1644 2475 Terminus
1673 2434 1848 2475 autem
1875 2423 2032 2475 verba
2060 2438 2188 2475 voco

620 2528 673 2573 et
706 2498 915 2569 nomina
943 2516 1133 2583 quibus
1179 2513 1468 2581 propositio
1500 2516 1758 2577 neotitttr,
1789 2524 1845 2566 ut
1875 2513 1926 2565 in
1966 2528 2028 2566 ea
2069 2528 2187 2581 pro-

620 2607 882 2673 positione
927 2620 1030 2671 qua
1077 2604 1326 2667 divinius,
1359 2604 1517 2655 homo
1558 2604 1733 2671 justus
1774 2612 1887 2665 est,
1926 2604 2039 2656 htec
2085 2603 2190 2657 duo

621 2693 858 2757 nomina,
888 2693 936 2745 id
966 2702 1047 2746 est
1075 2693 1246 2757 justus
1273 2700 1327 2743 et
1368 2691 1524 2743 homo
1548 2735 1560 2756 ,
1598 2691 1980 2759 propositionis
2010 2699 2186 2760 partes

621 2796 907 2845 vocamus;
940 2779 1156 2834 εειεάειιι
1187 2781 1345 2833 etiam
1392 2782 1647 2834 terminos
1676 2780 1935 2845 dicimus,
1962 2797 2188 2849 quorum

621 2875 754 2926 alter
784 2872 1054 2940 subjectus
1085 2878 1200 2932 est,
1253 2870 1384 2923 alter
1432 2854 1767 2938 praedicatus.
1799 2871 2083 2939 Subjectus
2111 2880 2194 2925 est

623 2966 878 3019 terminus
908 2963 996 3031 qui
1031 2962 1203 3015 minor
1228 2962 1683 3030 e~t,,pra:dicatus
1718 2977 1844 3016 vero
1874 2962 1961 3030 qui
1992 2963 2183 3031 major,

623 3070 675 3109 ιιι
706 3058 754 3109 itt
787 3072 845 3110 ea
895 3055 1258 3125 propositione
1287 3068 1388 3122 qua
1417 3054 1635 3118 dicitur,
1671 3052 1829 3106 homo
1857 3053 2027 3120 justus
2064 3062 2146 3105 est
2171 3092 2186 3115 ,

2290 1886 2406 1939 alia:
2456 1885 2755 1953 conjunctae
2804 1884 3119 1952 :sirnplices
3159 1892 3284 1936 sunt
3334 1897 3451 1951 quae
3500 1881 3867 1950 prmdicativas

2292 1976 2488 2029 habent
2514 1975 2908 2043 pr0positiones
2941 1977 2992 2027 in
3026 1974 3287 2042 partibus,
3321 1980 3376 2025 ut
3403 1972 3457 2026 in
3487 1986 3549 2024 ea
3579 1987 3737 2039 quam
3775 1985 3867 2023 su-

2293 2066 2471 2133 perius
2537 2065 2881 2127 diximus,‘si
2912 2063 3196 2117 rotundum
3229 2071 3332 2127 est,
3364 2061 3597 2116 volubile
3625 2070 3729 2114 est.
3767 2060 3868 2114 Ro-

2292 2155 2515 2208 tundum
2556 2163 2639 2209 est
2666 2155 2808 2208 enim
2836 2162 2890 2207 et
2912 2152 3142 2206 volubile
3169 2162 3269 2216 εει,
3298 2161 3539 2218 utraeque
3582 2151 3765 2204 divisae
3805 2164 3869 2204 ac

2291 2244 2561 2313 sigillatirn
2595 2255 2828 2313 accepta:
2859 2244 3219 2313 prmdicativa:
3257 2251 3397 2296 sunt.
3448 2242 3868 2310 Conjunetarum

2292 2349 2419 2388 vero
2445 2334 2717 2401 multiplex
2746 2332 3045 2387 diﬂ‘erentia
3067 2373 3081 2397 ,
3116 2331 3183 2385 de
3210 2331 3405 2401 quibus
3440 2331 3490 2383 in
3529 2330 3611 2382 his
3641 2330 3864 2381 volumi-

2294 2424 2445 2478 nibus
2472 2423 2877 2491 diligentissime
2907 2422 3335 2491 perstrinximus,
3370 2436 3482 2490 qute
3505 2420 3569 2473 de
3596 2421 3860 2489 hypothe-

2293 2519 2409 2573 ticis
2459 2518 2856 2587 composuimus
2918 2518 3266 2585 syllogismis.
3344 2512 3673 2581 Simplicium
3734 2526 3863 2566 vero

2294 2610 2757 2678 hypotheticarum
2812 2607 3236 2676 propositionum
3287 2611 3517 2672 quatuor
3547 2612 3671 2656 sunt
3716 2602 3868 2656 dilic-

2295 2701 2481 2755 rentize
2509 2714 2524 2752 :
2557 2708 2649 2752 aut
2683 2698 2825 2751 enim
2856 2712 2919 2751 ex
2948 2696 3152 2750 duabus
3179 2692 3509 2748 allirmativis
3551 2693 3869 2761 categoricis

2292 2798 2570 2853 constant,
2599 2797 2653 2842 ut
2681 2788 2726 2840 si
2776 2786 3063 2841 rotundum
3094 2792 3198 2847 est,
3224 2782 3460 2836 volubile
3499 2790 3604 2845 est,
3644 2790 3870 2848 utraque

2293 2882 2435 2937 enim
2482 2879 2795 2934 al‘lirmativa
2842 2888 2954 2940 esr;
3009 2886 3103 2929 aut
3154 2874 3413 2942 negativis
3450 2872 3687 2947 duabus,
3725 2881 3777 2924 ut
3825 2871 3869 2927 si

2292 2972 2483 3026 emtum
2522 2969 2805 3023 rotundum
2847 2982 2950 3019 non
2982 2974 3066 3020 est
3092 3006 3106 3030 ,
3160 2963 3391 3017 volubile
3420 2977 3525 3016 non
3572 2970 3694 3022 est;
3746 2974 3866 3014 natu

2294 3065 2577 3116 rotundum
2624 3076 2728 3114 non
2761 3075 2906 3120 esse,
2950 3067 3004 3111 et
3035 3056 3266 3110 volubile
3314 3069 3419 3107 non
3446 3069 3585 3116 esse,
3621 3063 3858 3120 utrmque

624 3148 779 3201 ltotno
812 3147 1023 3214 quidem
1072 3146 1245 3197 minus
1273 3152 1538 3212 estquam
1586 3144 1674 3212 jus
1701 3159 1777 3196 us.
1815 3144 1926 3196 Non
1954 3143 2095 3221 enim
2132 3145 2183 3196 in
2218 3128 2263 3191 C
2302 3154 2612 3221 negationes
2660 3158 2825 3211 sunt;
2872 3158 2961 3200 aut
3014 3162 3079 3200 ex
3128 3145 3446 3198 amt-malim
3492 3153 3545 3196 et
3593 3145 3864 3210 negativa,

623 3239 734 3293 solo
769 3238 981 3293 bornine
1007 3251 1125 3291 83:8
1152 3243 1323 3303 potest
1347 3234 1575 3301 justitia,
1606 3250 1787 3287 verum
1809 3235 1970 3286 etiam
2000 3234 2053 3286 in
2075 3248 2193 3287 cor-

623 3328 799 3392 porris
830 3327 1132 3394 divinisque
1172 3324 1505 3377 substantiis.
1554 3325 1725 3391 Atque
1758 3312 1878 3375 ideo
1915 3330 2083 3391 major
2113 3333 2192 3376 est

626 3417 883 3471 terminus
908 3416 1105 3484 ju~tus,
1142 3415 1299 3467 homo
1329 3429 1454 3467 vero
1488 3416 1682 3479 minor,
1718 3429 1820 3477 quo
1861 3415 1917 3465 iit
1948 3422 2005 3465 nt
2034 3417 2191 3466 homo

622 3506 837 3576 quidem
890 3507 1161 3573 subjectus
1211 3512 1469 3558 terminus
1500 3507 1594 3566 sit,
1626 3506 1804 3571 justus
1836 3520 1961 3557 vero
2004 3505 2193 3571 praedi-

626 3610 793 3653 catus.
824 3596 1083 3664 Quoniam
1134 3610 1259 3646 vero
1290 3594 1588 3661 hujusmodi
1635 3594 1903 3660 simplices
1956 3595 2194 3661 pr0pusi-

626 3689 795 3741 tiones
825 3687 1050 3738 alterum
1098 3683 1293 3735 habent
1337 3684 1678 3747 prmdicatum
1711 3685 1993 3736 terminum
2017 3725 2030 3747 ,
2063 3684 2195 3736 alte-

622 3793 738 3830 rum
771 3773 937 3842 snhjet
963 3782 1068 3825 tum
1104 3771 1411 3837 terminum,
1444 3789 1470 3822 ιι
1501 3771 1718 3839 majoris
1753 3774 2026 3841 privilegio
2074 3788 2193 3840 pro-

622 3869 817 3937 positio
850 3866 1186 3936 prmdicativt
1218 3874 1400 3919 vocata
1429 3874 1529 3917 est.
1575 3868 1725 3931 Smpe
1772 3875 1947 3918 autem
1979 3866 2191 3927 evenit,

627 3970 681 4011 ut
712 3959 763 4013 lti
795 3958 1007 4015 termini
1042 3958 1141 4011 sibi
1177 3956 1402 4010 invicem
1448 3958 1788 4011 inveniantur
1831 3958 2065 4024 aequales
2097 3957 2195 4009 hoc

624 4052 812 4108 modo;
850 4052 1009 4104 horno
1040 4050 1239 4103 risibile
1276 4060 1394 4113 est,
1436 4049 1597 4102 homo
1628 4063 1855 4116 namque
1896 4058 1950 4101 et
1996 4050 2196 4101 risibile

624 4153 846 4211 uterque
878 4143 976 4201 sibi
1010 4142 1282 4210 subjectus
1310 4158 1491 4211 aequus
1521 4152 1600 4195 est
1633 4143 1919 4203 terminus;
1953 4158 2071 4195 nam
2106 4160 2197 4195 ne-

624 4250 724 4300 que
756 4235 956 4287 ri-iuile
985 4235 1124 4289 ultra
1159 4234 1426 4287 hominem
1457 4274 1469 4297 ,
1503 4249 1598 4287 nec
1631 4234 1768 4286 ultra
1802 4234 2002 4286 risibile
2037 4232 2196 4284 homo

625 4326 937 4395 porrigitur.
972 4324 1085 4379 Sed
1112 4325 1161 4375 itt
1190 4326 1272 4376 his
1305 4338 1526 4377 necesse
1550 4332 1638 4376 est
1676 4325 1777 4376 hoc
1808 4322 2011 4386 venire,
2049 4332 2103 4373 ut
2151 4324 2194 4374 si

627 4412 839 4479 quidem
876 4412 1164 4478 ina'quales
1217 4411 1427 4463 termini
1476 4411 1600 4470 sint,
1652 4408 1821 4475 major
1867 4422 2083 4473 semper
2130 4409 2196 4457 tle

2300 3251 2356 3295 ut
2386 3242 2431 3295 si
2462 3241 2780 3311 quadratum
2814 3248 2931 3300 est,
2984 3252 3027 3288 vt
3052 3236 3213 3289 lubile
3244 3250 3349 3287 non
3382 3242 3501 3297 est;
3550 3232 3865 3301 quadratum

2299 3335 2441 3386 enim
2472 3346 2590 3385 esse
2615 3329 2898 3382 afﬁrmatio
2923 3334 3038 3388 est,
3068 3324 3300 3377 volubile
3329 3336 3434 3376 non
3470 3336 3621 3386 esse,
3657 3324 3865 3388 negato

2298 3433 2377 3475 est
2406 3438 2419 3484 ;
2456 3429 2547 3473 aut
2575 3436 2637 3473 ex
2667 3419 2907 3487 negativa
2937 3424 2990 3471 et
3012 3416 3354 3493 afﬁrmativa,
3387 3424 3445 3466 ut
3482 3414 3525 3466 si
3572 3412 3857 3466 rotundum

2301 3527 2403 3563 non
2432 3519 2533 3574 est,
2568 3508 2757 3561 stabile
2786 3517 2888 3573 est,
2915 3506 3201 3559 rotundum
3241 3519 3344 3558 non
3375 3518 3497 3557 esse
3526 3503 3739 3571 negatio
3764 3512 3863 3565 est,

2299 3604 2491 3658 stabile
2522 3616 2647 3655 vero
2672 3614 2791 3654 esse
2828 3599 3138 3651 affirmatio.
3174 3596 3606 3664 Propositionum
3654 3606 3866 3661 quoque

2299 3696 2420 3748 alite
2448 3701 2571 3745 sunt
2602 3708 2694 3760 per
2725 3706 2783 3744 se
2812 3700 2971 3753 notae,
3006 3699 3059 3743 et
3089 3702 3316 3757 quarum
3363 3684 3607 3753 probatio
3641 3691 3866 3751 nequeat

2300 3784 2548 3847 inveniri,
2576 3783 2694 3834 aliae
2723 3796 2875 3849 quas,
2912 3778 3125 3832 tametsi
3153 3778 3364 3830 animus
3390 3773 3661 3827 audientis
3685 3772 3864 3840 probet

2299 3874 2481 3942 eisque
2531 3872 3069 3941 consentiat,tamen
3115 3875 3334 3934 possunt
3363 3865 3478 3917 aliis
3508 3859 3869 3931 superioribus

2300 3963 2601 4032 approbari.
2631 3962 2697 4014 Et
2726 3961 2828 4013 illa:
2854 3958 3063 4027 quidem
3088 3971 3310 4023 quarunt
3335 3954 3477 4008 nulla
3502 3954 3743 4019 probatio
3763 3960 3867 4017 est,

2281 4055 2548 4107 ~rnaximte
2580 4067 2642 4105 ac
2674 4049 2997 4119 principales
3028 4057 3306 4111 vocantur,
3348 4044 3488 4113 quod
3517 4044 3599 4097 Itis
3628 4042 3741 4095 illas
3769 4056 3870 4094 ne-

2300 4160 2452 4198 cesse
2495 4151 2578 4196 est
2630 4139 3086 4209 approbari,-qu:e
3138 4146 3195 4189 ut
3247 4133 3598 4188 demonstrari
3632 4130 3865 4203 valeant,

2302 4250 2404 4287 non
2426 4240 2687 4287 recusant.
2718 4232 2807 4284 Est
2830 4238 3005 4283 autem
3030 4229 3260 4280 maxima
3288 4223 3593 4294 prepositio,
3622 4228 3677 4273 ιιι
3704 4219 3821 4273 hzec
3847 4235 3864 4271 :

2302 4325 2355 4377 Si
2389 4324 2455 4375 de
2486 4322 2776 4388 mqualibus
2822 4319 3041 4387 aequalia
3074 4318 3277 4383 demas,
3332 4331 3450 4384 quae
3481 4308 3864 4379 derelinquun-

2303 4422 2387 4464 tur
2416 4411 2639 4478 aequalia
2663 4418 2803 4461 sunt.
2842 4408 2914 4459 Ita
2946 4408 3087 4460 enim
3123 4406 3221 4460 hoc
3254 4421 3345 4473 per
3370 4419 3429 4457 se
3471 4413 3653 4456 notum
3683 4409 3788 4465 est,
3817 4411 3873 4454 ut

626 4502 864 4571 subjecto
897 4501 1318 4567 pt-rcdicetur;rsi
1356 4515 1483 4553 vero
1526 4498 1788 4565 a-quales,
1822 4488 2042 4564 uterque
2067 4511 2192 4549 con.—
2227 4499 2271 4551 ι)
2302 4523 2314 4558 ε

2182 4527 2192 4534 -
2227 4499 2271 4551 Ι)
2302 4503 2443 4558 aliud
2476 4501 2649 4555 notius
2679 4514 2783 4567 quo
2815 4496 3103 4566 approbari
3154 4497 3346 4559 valeat,
3377 4509 3496 4547 esse
3542 4508 3650 4545 non
3683 4491 3870 4558 possit.

627 4608 777 4645 versa
806 4593 1180 4659 praedicatione
1206 4592 1271 4643 de
1299 4606 1356 4642 se
1395 4592 1635 4651 dicatur;
1680 4600 1732 4641 ut
1766 4603 1893 4642 vero
1921 4589 2092 4641 minor
2130 4591 2196 4641 de

627 4682 817 4748 majori
873 4680 1204 4747 prtediCt-tttr,
1242 4680 1291 4731 in
1323 4680 1464 4732 nulla
1511 4680 1870 4747 propositone
1909 4678 2191 4745 contingit.

630 4774 767 4826 Fieri
798 4784 970 4827 autem
1006 4783 1179 4840 potest
1208 4782 1261 4824 nt
1286 4771 1706 4839 prepositionutn
1739 4779 1914 4837 partes
1936 4784 2065 4837 quas
2090 4778 2195 4821 ter—

626 4865 800 4919 minos
832 4866 1057 4917 diUilh..S
1082 4904 1096 4927 ,
1127 4878 1229 4915 non
1261 4864 1435 4915 solum
1478 4863 1527 4914 in
1560 4862 1893 4924 nominibus,
1926 4876 2108 4913 verum
2144 4862 2192 4913 irt

627 4958 960 5010 orationibus
1003 4955 1358 5009 inveniantur.
1396 4954 1525 5006 Nam
1571 4969 1712 5018 saepe
1756 4954 1925 5006 oratio
1967 4953 2033 5005 de
2074 4943 2193 5006 oras

632 5049 773 5104 tione
804 5050 1145 5114 praedicatur,
1176 5048 1273 5100 hoc
1301 5046 1488 5097 modo:
1521 5044 1770 5098 Socrates
1816 5059 1934 5097 cum
1980 5044 2196 5096 Platone

627 5150 679 5193 et
706 5139 979 5206 discipulis
1010 5138 1075 5191 de
1118 5137 1464 5205 philosophiae
1492 5139 1696 5190 ratione
1727 5143 2036 5203 pertractat.
2073 5135 2195 5189 lltec

627 5231 821 5300 quippe
853 5233 1043 5295 oratio,
1070 5246 1185 5295 quae
1214 5239 1293 5281 est
1313 5270 1326 5293 ,
1360 5230 1609 5283 Socrates
1634 5246 1751 5282 cum
1787 5230 2005 5283 Platone
2031 5238 2084 5282 et
2110 5229 2193 5281 di-

625 5324 869 5391 scipulis,
903 5323 1142 5390 subjecta
1176 5330 1275 5374 est.
1310 5320 1400 5373 Illa
1432 5336 1579 5386 vero,
1610 5321 1675 5375 de
1709 5322 2058 5395 philosophite
2109 5338 2193 5374 ra-

626 5414 770 5466 tione
818 5423 1131 5480 pertractat,
1166 5412 1513 5479 prtedicatur;
1553 5414 1756 5466 ltursus
1784 5413 2066 5480 aliquando
2098 5429 2193 5465 no-

630 5520 751 5556 tuen
776 5503 1071 5571 subjectum
1106 5513 1209 5565 est,
1252 5506 1421 5555 oratio
1452 5504 1795 5569 pra-dicatum
1823 5543 1836 5564 ,
1868 5504 1965 5555 hoc
1991 5503 2148 5556 modo
2179 5521 2190 5553 :

626 5595 875 5647 Soerutt-s
901 5595 965 5645 de
994 5594 1342 5661 philosophia:
1370 5595 1573 5647 ratione
1600 5603 1912 5660 pertractat;
1942 5595 2025 5646 hic
2050 5594 2187 5645 enim

625 5681 871 5741 Socrates
898 5685 1166 5753 subjectus
1198 5688 1339 5739 solus
1371 5694 1490 5750 est;
1518 5688 1689 5740 oratio
1716 5701 1817 5755 qua
1852 5686 2097 5749 d'cinnts,
2132 5686 2195 5738 de

2303 4598 2433 4663 Qua:
2479 4592 2871 4662 propositiones
2900 4604 3019 4642 cum
3070 4588 3225 4643 tidem
3273 4588 3355 4640 sui
3387 4596 3573 4638 natura
3605 4584 3872 4652 prapriam

2304 4694 2513 4756 gerant,
2536 4700 2640 4738 non
2686 4684 2865 4736 solum
2894 4682 3069 4734 alieno
3099 4681 3162 4734 ad
3195 4681 3348 4733 lideru
3382 4694 3483 4731 non
3512 4686 3672 4746 egent
3716 4691 3874 4743 διευς

2306 4788 2505 4838 ιιιειιιο.
2566 4790 2747 4830 verum
2805 4774 3016 4829 caeteris
3067 4786 3279 4840 quoque
3314 4771 3644 4838 probationis
3699 4768 3873 4820 solent

2302 4884 2424 4923 esse
2456 4867 2793 4935 principium.
2830 4864 2990 4933 Igitur
3021 4878 3115 4931 per
3163 4879 3222 4917 se
3274 4871 3413 4914 nota:
3458 4859 3870 4928 propositiones,

2303 4960 2493 5027 quibus
2519 4958 2647 5010 nihil
2678 4967 2760 5011 est
2791 4952 3511 5017 notius,indemonslrabiles
3538 4965 3605 5004 ac
3628 4949 3872 5002 maxime

2303 5060 2355 5103 et
2387 5049 2707 5117 principales
2741 5056 3010 5100 vocantur.
3039 5047 3165 5110 Qua:
3193 5043 3587 5112 vero‘quamvis
3613 5041 3874 5095 auditoris

2300 5140 2500 5208 judicio
2529 5140 2963 5205 comprobentur,
2996 5138 3194 5190 habent
3243 5144 3421 5187 tamen
3467 5132 3666 5202 aliquid
3698 5131 3873 5183 norius

2312 5232 2627 5285 naturaliter
2658 5246 2722 5281 cx
2755 5244 2879 5297 quo,
2913 5229 2957 5280 si
3003 5228 3071 5281 de
3100 5229 3180 5279 his
3213 5228 3300 5278 liat
3332 5226 3576 5294 qumstio,
3636 5224 3779 5277 velut
3806 5237 3871 5276 ex

2303 5324 2479 5376 alieno
2510 5322 2663 5375 lidern
2691 5323 2925 5387 capiant,
2962 5320 3051 5372 hie
3072 5319 3519 5372 demunstrabiles
3547 5330 3609 5368 ac
3639 5316 3872 5367 minores

2309 5417 2740 5485 posterioresque
2767 5414 3032 5467 dicuntur.
3071 5412 3134 5464 Et
3163 5411 3231 5464 de
3265 5407 3715 5476 prapositionibus
3754 5406 3872 5471 qui-

2305 5509 2423 5561 dem
2456 5510 2555 5561 ista
2589 5506 2871 5560 sufﬁciant.
2905 5505 3140 5570 Quaestio
3171 5516 3296 5555 vero
3318 5499 3624 5555 dubitabilis
3645 5508 3727 5552 est
3756 5511 3872 5565 pro.

2307 5600 2522 5664 positio,
2554 5598 2604 5649 in
2650 5611 2749 5661 qua
2782 5609 2999 5648 necesse
3025 5602 3107 5646 est
3158 5592 3268 5644 t't-re
3316 5589 3503 5645 eadem
3543 5585 3872 5649 considerari

2306 5702 2420 5756 quae
2445 5687 2642 5740 dudum
2670 5687 2721 5739 iu
2756 5684 3115 5754 propositione
3146 5682 3282 5735 dicta
3316 5691 3456 5735 sunt.
3488 5680 3618 5733 Alite
3644 5690 3871 5746 namque
