4274 6272
380 385 520 447 M77

1424 384 1509 438 DE
1552 378 2022 437 on‘renex‘rns
2063 380 2336 438 TOl'lClS.
2381 348 2523 439 LIB.
2552 385 2590 437 ι.

3488 394 3623 448 H78

379 499 670 570 simplices,
725 498 845 552 alite
888 498 1200 567 compositae
1246 505 1389 551 sunt.
1421 495 1705 562 Simplices
1734 502 1856 546 sunt
1887 495 2021 547 ιιι-Α
2046 495 2257 559 quidem
2275 511 2338 548 eo
2366 496 2486 564 erit,
2516 499 2607 552 sed
2638 513 2741 553 non
2771 499 2837 554 de
2861 503 3153 557 substantia
3180 504 3343 572 ipsius
3366 508 3620 573 praedica-

383 592 465 645 bat
491 606 609 659 qua:
651 603 714 643 ex
764 589 993 658 simplici
1052 587 1411 655 propositione
1466 584 1814 645 descendunt,
1852 584 1953 636 hoc

381 683 571 747 modo,
627 690 684 735 ut
733 682 778 734 si
806 688 1076 749 qua-ratur
1104 694 1170 730 an
1220 678 1412 730 malum
1447 676 1515 727 sit
1544 675 1795 729 volubile.
1828 674 1953 727 llaec

381 773 522 825 enim
555 771 621 824 ab
647 786 709 825 ea
746 771 893 823 venit
924 766 1287 836 propositione
1315 781 1431 832 qua:
1458 764 1586 817 dicit
1615 766 1807 816 cretum
1832 763 1952 815 esse

380 862 637 916 volubile.
672 863 844 927 Atque
875 860 918 911 si
950 872 981 909 a
1011 854 1352 910 conditionali
1395 855 1689 921 composita
1716 854 1954 920 proposi-

360 954 526 1010 tione
551 952 769 1019 suscipit
796 950 1032 1011 initium,
1064 963 1181 1016 qua:
1214 956 1391 999 est’an
1423 946 1467 998 si
1501 946 1695 999 cmlum
1730 955 1812 998 est
1860 959 1951 997 ro-

382 1044 624 1105 tundum,
672 1040 911 1093 volubile‘
928 1047 1032 1105 est,
1061 1038 1162 1091 erit
1197 1036 1568 1091 conditionalis
1613 1046 1771 1103 atque
1807 1050 1953 1089 com-

377 1135 551 1201 posita
582 1133 681 1185 hoc
724 1130 919 1193 modo;
948 1129 1062 1183 haec
1090 1130 1230 1182 enim
1262 1142 1290 1179 a
1336 1126 1681 1180 conditionali
1714 1125 1951 1191 proposi-

378 1224 524 1277 tione
552 1220 864 1290 principium
895 1220 1059 1273 sumit
1085 1233 1202 1287 qure
1231 1226 1335 1282 est,
1360 1218 1405 1270 si
1432 1216 1629 1271 caelum
1661 1214 1948 1268 rotundum

379 1324 480 1377 est,
508 1312 740 1366 volubile
769 1322 850 1366 est
887 1329 900 1363 :
936 1312 1162 1379 quaestio
1186 1325 1314 1378 ergo
1344 1310 1475 1363 alias
1504 1309 1715 1377 quidem
1751 1305 1948 1374 przedi-

379 1406 553 1457 cativa
601 1414 702 1468 est,
758 1404 892 1456 alias
947 1402 1341 1456 conditionalis.
1374 1403 1488 1467 Quo
1544 1401 1601 1454 fit
1652 1409 1709 1452 ut
1744 1399 1951 1453 eadem

380 1504 559 1561 partes
601 1493 911 1561 qurestionis
942 1493 1047 1545 sint
1079 1506 1198 1559 quae
1248 1490 1444 1544 dudum
1475 1504 1593 1543 esse
1623 1489 1777 1542 dicta:
1826 1497 1951 1541 sunt

284 1614 289 1619 -
380 1581 805 1650 proposntiones.
835 1581 1195 1635 Prtedicativae
1221 1580 1379 1648 igitur
1406 1579 1726 1647 quaestiones
1755 1578 1950 1631 habent

384 1672 727 1739 praedicatum
755 1684 912 1740 atque
943 1670 1263 1739 subjectum,
1294 1678 1349 1722 ut
1377 1670 1427 1721 in
1455 1684 1518 1722 ea
1544 1683 1646 1737 qua
1677 1666 1949 1720 dubitatur

382 1779 449 1816 an
480 1763 671 1816 crelum
725 1763 791 1814 sit
821 1762 1069 1815 volubile.
1116 1760 1244 1813 Nam
1290 1759 1525 1812 volubile
1581 1757 1945 1825 praedicatum,

2060 582 2225 648 bitur;
2255 596 2342 637 aut
2371 589 2418 639 ei
2451 589 2555 640 erit
2581 591 2805 657 :eqnale,
2838 601 2890 644 et
2914 594 2965 645 in
2994 594 3285 648 substantia
3310 597 3624 664 praedicabi-

2058 680 2172 735 tur;
2199 682 2291 725 aut
2311 675 2359 726 ei
2381 677 2485 727 erit
2512 680 2731 744 :cquale,
2765 679 2858 732 sed
2888 683 3102 737 minime
3125 684 3241 751 ejus
3269 685 3618 743 substantiam

2056 760 2368 815 cuntinebit.
2400 762 2528 815 Nam
2583 775 2638 817 ut
2684 766 2733 818 id
2774 771 2911 835 quod
2960 773 3132 823 minus
3163 782 3248 826 est
3277 774 3343 827 de
3375 790 3439 829 eo
3479 777 3622 845 quod

2056 849 2225 917 majus
2256 860 2333 903 est
2359 852 2733 920 praedicemus,
2761 857 2813 909 in
2846 858 2985 910 nulla
3017 862 3376 926 propositione
3418 867 3616 922 evenit.

2054 938 2158 991 Sed
2187 941 2229 992 si
2262 940 2365 994 tale
2388 950 2469 996 est
2490 944 2630 1011 quod
2656 945 2707 997 in
2734 946 3028 1013 quaestione
3052 952 3381 1020 proponitur,
3415 966 3471 1008 ut
3496 961 3623 1011 sub-

2050 1032 2193 1097 jecto
2214 1031 2282 1083 sit
2312 1031 2505 1100 majus,
2530 1036 2674 1088 etde
2696 1036 2922 1104 subjecti
2951 1039 3246 1094 substantia
3277 1044 3615 1113 praedicetur,

2053 1118 2152 1172 erit
2179 1134 2348 1187 genus
2383 1139 2393 1172 :
2429 1138 2586 1176 omne
2619 1124 2762 1177 enim
2808 1140 2976 1201 genus
3024 1139 3104 1181 est
3131 1129 3302 1197 majus
3332 1147 3396 1185 eo
3416 1133 3483 1187 de
3512 1150 3617 1201 quo

2053 1211 2393 1277 praedicatur,
2427 1222 2481 1267 et
2510 1214 2575 1266 de
2620 1199 2915 1269 substantia
2941 1219 3055 1286 ejus
3095 1219 3306 1285 dicitur,
3342 1232 3397 1273 ut
3424 1199 3618 1276 animal

2052 1298 2306 1353 hominis.
2336 1304 2403 1354 At
2430 1303 2475 1356 si
2501 1304 2668 1371 majus
2692 1306 2904 1373 quidem
2938 1306 3115 1372 fuerit,
3147 1309 3241 1362 sed
3281 1310 3347 1363 de
3372 1312 3619 1365 substan-

2054 1392 2120 1443 tia
2149 1392 2263 1458 ejus
2290 1408 2394 1445 non
2424 1394 2761 1463 prtrdicetur,
2788 1398 2887 1449 erit
2918 1397 3188 1464 accidens,
3222 1407 3278 1452 nt
3316 1400 3492 1452 album
3522 1401 3620 1453 lm-

2051 1484 2198 1535 mini.
2230 1483 2383 1547 Quod
2425 1484 2469 1536 si
2500 1486 2704 1551 aequale
2732 1488 2944 1555 quidem
2976 1492 3065 1551 sit,
3108 1490 3203 1544 sed
3244 1492 3614 1557 substantiale,

2050 1570 2273 1637 subjecti
2320 1572 2422 1624 erit
2460 1572 2724 1639 dffinitio,
2763 1580 2818 1627 ut
2864 1576 3057 1629 animal
3091 1578 3347 1632 rationale
3394 1582 3619 1633 mortale

2054 1659 2257 1713 homini
2286 1678 2299 1712 ι
2336 1659 2437 1713 hoc
2472 1677 2701 1728 namque
2733 1667 3081 1730 convertitur,
3107 1675 3165 1720 et
3194 1668 3417 1735 subjecti
3452 1671 3615 1722 ratio-

2052 1740 2196 1813 nem,
2228 1750 2278 1802 id
2308 1759 2390 1803 est
2431 1750 2660 1805 hominis
2691 1754 3063 1821 substantiam,
3090 1766 3367 1810 monstrat.
3397 1758 3547 1823 Quod
3571 1759 3617 1812 si

380 1852 573 1905 uelum
598 1866 725 1904 vero
750 1850 1045 1918 subjectum
1077 1859 1178 1903 est.
1204 1848 1369 1915 Major
1401 1848 1543 1901 enim
1576 1847 1834 1899 terminus
1860 1856 1942 1901 est
1978 1824 2027 1884 Β
2051 1839 2255 1907 aequale
2286 1839 2498 1907 quidem
2548 1841 2638 1905 Sil.
2672 1842 2764 1895 sed
2795 1859 2823 1895 ει
2853 1845 3060 1898 talione
3087 1846 3395 1900 substantia:
3438 1847 3618 1915 sejun-
3672 1856 3675 1857 ⁷

378 1942 614 1994 volubile
645 1955 801 2009 quam
857 1940 1074 1995 coelum.
1108 1938 1286 2006 Neque
1335 1938 1477 1990 cnim
1528 1938 1721 1991 caelum
1776 1936 1947 1990 solum

378 2032 609 2084 volubile
633 2030 738 2083 dici
768 2039 958 2098 potest.
991 2030 1119 2096 Quae
1140 2044 1269 2082 vero
1294 2028 1575 2095 conjuncta
1603 2037 1685 2079 est
1703 2028 1945 2094 quaestio,

379 2120 596 2173 habebit
625 2131 801 2187 partes
830 2118 970 2188 quod
1004 2118 1323 2187 praedicatur
1376 2128 1429 2171 et
1460 2117 1603 2183 quod
1648 2116 1947 2183 subjicitur,

377 2208 514 2276 quod
560 2209 824 2263 antecedit
870 2219 921 2262 et
961 2208 1102 2276 quod
1131 2208 1498 2273 consequitur,
1534 2218 1591 2259 ut
1644 2206 1695 2259 in
1729 2221 1793 2259 ea
1822 2222 1944 2273 quae

377 2299 528 2362 dicit,
557 2313 623 2350 an
654 2299 699 2350 si
725 2298 919 2351 caelum
948 2297 1231 2350 rotundum
1262 2304 1364 2361 est,
1392 2297 1625 2350 volubile
1654 2304 1756 2349 est.
1788 2297 1952 2349 Ante-

376 2356 516 2442 eedit
561 2389 845 2442 rotundum
897 2402 1038 2449 esse,
1098 2388 1351 2455 sequitur'
1388 2386 1624 2455 volubile
1652 2402 1792 2440 esse.
1824 2387 1952 2453 Qua:

375 2494 494 2531 cum
526 2477 593 2530 ita
624 2479 750 2540 sint,
786 2477 838 2530 in
872 2474 1209 2545 przedicativa
1239 2477 1534 2543 quastione
1583 2476 1855 2530 dubitatur
1884 2491 1949 2528 an

376 2568 615 2635 subjecto
634 2568 863 2621 termino
890 2566 1209 2635 praedicatus
1240 2566 1523 2620 inhaereat.
1556 2566 1610 2619 In
1642 2566 1953 2635 hypotheti-

377 2660 452 2712 cis
472 2675 598 2712 vero
621 2660 1026 2729 quaestionibus,
1057 2658 1185 2711 illud
1215 2668 1414 2711 tantum
1441 2657 1694 2722 queritur
1721 2672 1787 2711 an
1806 2656 1951 2709 illam

378 2765 490 2802 rem
536 2765 654 2818 qua:
685 2750 937 2817 praecedit
967 2748 1257 2801 comitetur
1308 2747 1357 2800 id
1390 2747 1528 2815 quod
1579 2760 1806 2814 sequens
1836 2760 1955 2800 esse

379 2842 715 2908 propOnitnr.
748 2840 933 2892 Omnia
963 2856 1090 2893 vero
1122 2855 1240 2905 qua:
1272 2840 1339 2893 de
1369 2838 1729 2907 prredicativis
1760 2852 1952 2907 propo-

378 2930 660 2984 sitionibus
692 2932 829 2983 dicta
858 2942 1000 2995 sunt,
1040 2931 1091 2984 id
1122 2939 1225 2991 est,
1260 2930 1402 2998 quod
1430 2932 1549 2984 aliae
1600 2931 1950 2993 universales,

377 3021 494 3072 alia:
525 3022 893 3088 particulares,
950 3021 1067 3074 ali-.e
1116 3020 1431 3085 indefinitzc,
1478 3019 1596 3072 alia:
1624 3020 1945 3088 singulares,

376 3112 562 3165 eadem
596 3122 815 3179 possunt
842 3112 942 3165 dici
998 3111 1108 3191 fere
1157 3114 1207 3163 in
1258 3110 1599 3178 prmdicativa
1631 3110 1946 3179 qtuestione.

2053 1938 2217 1992 ctum,
2252 1930 2353 1982 erit
2386 1930 2657 1998 proprium
2686 1949 2699 1985 :
2734 1942 2791 1985 ut
2821 1934 3023 1995 risibile
3053 1936 3271 1989 homini.
3297 1939 3476 2005 Itaque
3502 1939 3612 1993 dia-

2054 2019 2257 2072 lecticae
2286 2020 2557 2088 simplices
2578 2023 2920 2090 quaastiones,
2969 2034 3060 2078 aut
3088 2027 3155 2080 de
3185 2043 3401 2096 genere,
3435 2038 3525 2082 aut
3552 2030 3618 2082 de

2053 2111 2336 2175 accidenti,
2367 2120 2458 2165 aut
2504 2112 2571 2165 de
2599 2112 2937 2178 diffinitione,
2973 2125 3063 2168 aut
3105 2117 3171 2169 de
3204 2119 3416 2185 proprio
3462 2119 3615 2173 fiunt.
3667 2134 3679 2138 '

2055 2200 2285 2254 Possunt
2312 2216 2441 2254 vero
2487 2201 2601 2255 fieri
2647 2204 2809 2255 etiam
2843 2204 2910 2257 de
2941 2206 3238 2258 differentia
3294 2210 3615 2274 quarstiones

2054 2305 2172 2342 cum
2202 2291 2458 2358 quaeritur
2482 2292 2719 2346 cmlestia
2742 2308 2965 2361 corpora
2998 2296 3273 2348 rationalia
3298 2298 3403 2349 sint
3427 2312 3613 2360 necne,

2054 2381 2137 2433 vel
2164 2394 2282 2432 cum
2311 2380 2587 2433 dubitatur
2615 2396 2750 2436 eane
2781 2383 2849 2436 sit
2895 2386 3107 2453 tyranni
3136 2400 3198 2438 ac
3230 2387 3485 2454 principis
3514 2387 3614 2439 dif-

2058 2468 2303 2535 ferentia,
2353 2472 2515 2537 quud'
2547 2470 2631 2525 hic
2680 2471 2882 2539 legibus
2927 2476 3153 2542 sumpsit
3182 2476 3485 2543 imperium,
3531 2478 3617 2531 ille

2057 2558 2291 2612 violenta
2321 2559 2681 2614 dominatione
2724 2565 2972 2630 populum
3011 2566 3224 2632 premit.
3249 2566 3350 2620 Sed
3384 2576 3617 2619 tantum-

2056 2648 2174 2703 dem
2202 2660 2284 2702 est
2308 2650 2376 2703 de
2423 2650 2720 2704 diﬂ'erentia
2752 2667 3014 2719 quaarere,
3057 2664 3311 2723 quantum
3353 2644 3398 2709 si
3426 2657 3493 2710 de
3520 2672 3612 2725 ge-

2054 2752 2182 2793 nere
2212 2738 2498 2794 dubitetur.
2531 2745 2633 2794 Aut
2662 2742 2809 2795 enim”
2854 2744 3193 2797 constitutiva
3220 2746 3321 2798 erit
3369 2746 3619 2799 differen—

2055 2828 2147 2894 tia,
2172 2838 2261 2881 aut
2283 2828 2505 2883 divisiva
2534 2830 2665 2883 :sed
2697 2831 2741 2884 si
2772 2832 3108 2884 constitutiva
3139 2833 3318 2897 fuerit,
3347 2836 3494 2902 quasi
3520 2850 3613 2903 ge-

2055 2921 2198 2972 neris
2227 2920 2428 2974 obtinet
2449 2922 2647 2983 locum,
2680 2929 2735 2974 ut
2765 2922 3151 2977 rationabilitas
3184 2925 3415 2988 homini;
3446 2927 3522 2978 vel
3571 2927 3616 2979 si

2055 3011 2261 3065 ratione
2291 3014 2489 3080 degunt
2519 3013 2759 3065 cmlestia
2786 3028 3033 3081 corpora,
3078 3014 3384 3069 cwlestibus
3407 3032 3616 3085 quoque

2054 3103 2387 3170 corporibus.
2416 3104 2482 3155 At
2507 3104 2549 3155 si
2581 3104 2803 3156 divisiva
2833 3104 3009 3167 fuerit,
3035 3106 3176 3158 velut
3203 3106 3407 3173 specie$
3430 3107 3614 3160 consi-
3698 3150 3703 3153 ς

376 3202 488 3256 Hoc
514 3204 707 3256 etenim
757 3213 956 3256 tantum
988 3183 1210 3270 quaestio
1240 3219 1270 3257 a
1322 3202 1687 3271 propositione
1730 3204 1936 3257 diversa
1966 3183 2016 3247 ϐ
2048 3193 2284 3258 deratur,
2319 3194 2492 3246 omnis
2521 3194 2661 3246 enim
2692 3194 2899 3260 Species
2939 3209 3057 3247 cum
3084 3195 3331 3248 divisibili
3363 3197 3615 3252 dit’feren—
3696 3200 3699 3201 ⁷

375 3294 478 3351 est,
517 3287 656 3354 quod
700 3288 990 3355 propositio
1015 3288 1227 3355 quidem
1280 3288 1362 3341 vel
1393 3287 1661 3340 enuntiata
1691 3288 1944 3355 simplici-

376 3384 482 3437 ter,
517 3377 601 3430 vel
634 3376 773 3429 aliud
804 3378 1055 3444 probans,
1089 3377 1259 3430 oratio
1310 3387 1391 3429 est
1451 3391 1633 3429 verum
1685 3376 1947 3430 falsumve

373 3464 696 3533 significans.
730 3466 964 3531 Qurcstio
1006 3481 1137 3533 vero
1158 3480 1277 3519 cum
1318 3469 1384 3519 sit
1417 3466 1529 3534 ipsa
1562 3466 1779 3535 quidem
1820 3482 1943 3520 ora-

376 3554 471 3615 tio,
518 3552 823 3608 dubitabilis
857 3564 1031 3609 tamen
1087 3565 1171 3609 est
1217 3555 1527 3624 propositio.
1565 3555 1757 3608 Addita
1787 3555 1947 3625 igitur

309 3636 317 3644 ’
373 3642 702 3697 dubitatione
723 3685 738 3708 ,
767 3659 886 3711 quae
917 3644 967 3696 in
1000 3646 1367 3717 propositione
1392 3646 1820 3711 considerantur,
1851 3662 1944 3699 ea-

373 3733 494 3786 dem
534 3736 691 3787 etiam
724 3736 975 3788 convenit
1003 3735 1053 3787 in
1082 3736 1376 3803 quaestione
1422 3736 1657 3789 tractari.
1686 3737 1948 3800 Quaestio-

374 3824 459 3875 nis
485 3832 659 3875 autem
690 3824 805 3877 dua:
834 3836 956 3877 sunt
986 3826 1190 3892 species
1225 3842 1237 3877 :
1270 3842 1371 3878 una
1404 3842 1521 3893 qua!
1549 3827 1741 3878 dicitur
1767 3840 1794 3875 a
1827 3825 1944 3877 dia-

376 3911 575 3963 lecticis
623 3912 814 3973 thesis;
856 3914 972 3965 htec
997 3913 1300 3980 hujusmodi
1351 3923 1435 3967 est
1464 3930 1581 3981 qua:
1612 3916 1677 3967 de
1703 3931 1763 3968 re
1786 3925 1945 3967 εωιιο

374 3999 451 4051 ris
479 4000 893 4053 circumstantiis
923 4002 1057 4053 nuda
1086 4002 1276 4070 quierit
1304 4016 1363 4053 ac
1408 4003 1655 4065 disserit,
1688 4005 1871 4071 quales
1912 4018 1941 4055 a

374 4086 667 4140 daleCticis
714 4089 943 4141 maxime
990 4089 1054 4141 ad
1100 4088 1508 4156 disputationem
1541 4101 1839 4156 sumuntur,
1889 4100 1944 4144 ut

372 4176 685 4243 voluptasne
736 4193 1001 4232 summum
1033 4177 1228 4232 bonum
1277 4181 1378 4233 sit?
1408 4180 1725 4235 Ducendane
1777 4184 1945 4235 uxor?

372 4267 485 4320 hmo
510 4282 540 4320 a
570 4267 722 4321 nobis
748 4270 1041 4337 propositio
1060 4269 1142 4322 vel
1175 4271 1501 4338 propositum
1526 4271 1738 4325 dicitur.
1762 4275 1939 4327 Altera

371 4368 499 4410 vero
527 4374 644 4424 qtae
675 4376 703 4410 a
735 4358 933 4413 Graecis
960 4370 1180 4413 vocatur
1218 4362 1549 4430 bypothesis,
1583 4378 1612 4415 ει
1643 4363 1796 4417 nobis
1817 4364 1945 4416 dici~

372 4456 461 4499 tur
485 4460 675 4509 causa;
708 4448 820 4502 hzec
847 4452 1068 4517 qurestio
1097 4462 1177 4504 est
1205 4454 1466 4519 personis,
1487 4455 1839 4521 temporibus,
1867 4454 1941 4505 fa-

2055 3288 2121 3340 tia
2162 3295 2263 3341 est.
2296 3287 2444 3353 Quod
2488 3287 2531 3340 si
2560 3286 2858 3341 differentia
2899 3303 3036 3341 nunc
3066 3289 3279 3357 quidem
3312 3292 3427 3343 loco
3455 3306 3613 3358 gene-

2051 3380 2147 3445 ris,
2178 3394 2318 3433 nunc
2344 3395 2467 3433 vero
2498 3380 2695 3448 speciei
2746 3380 2861 3432 loco
2892 3382 3114 3445 utimur,
3163 3382 3355 3444 ambigi
3387 3396 3486 3433 non
3521 3397 3614 3448 po-

2051 3480 2173 3538 test,
2203 3487 2322 3526 cum
2364 3471 2428 3525 de
2471 3487 2531 3524 ea
2560 3472 2813 3540 quaaritur
2843 3473 2909 3526 de
2957 3486 3153 3540 genere
3193 3471 3455 3535 dubitari;
3496 3474 3607 3526 fieri

2050 3577 2175 3616 vero
2206 3571 2382 3630 potest
2414 3571 2467 3614 ut
2494 3562 2687 3630 aliquid
2719 3561 2771 3614 in
2802 3570 3072 3616 certamen
3097 3563 3493 3630 comparatione
3516 3563 3615 3615 du-

2048 3662 2217 3714 catur,
2253 3653 2399 3705 velut
2425 3638 2544 3704 cum
2588 3651 2879 3727 ambigitur
2910 3667 2977 3704 an
3026 3652 3217 3706 melior
3263 3652 3332 3706 sit
3362 3651 3616 3705 fortitudo

2047 3743 2265 3810 iustitia.
2299 3743 2404 3797 Sed
2452 3742 2564 3795 haec
2613 3742 2835 3809 quaestio
2876 3742 2926 3795 in
2957 3743 3247 3798 accidentis
3288 3757 3506 3797 necesse
3536 3750 3616 3795 est

2047 3832 2375 3886 dubitatione
2402 3842 2651 3900 ponatur.
2680 3832 2919 3899 Namque
2946 3833 3011 3886 ad
3050 3834 3501 3900 comparationem
3535 3834 3615 3886 ni-

2048 3920 2119 3973 hil
2154 3922 2256 3973 nisi
2286 3920 2541 3974 accidens
2574 3922 2741 3985 venit,
2773 3923 2872 3973 hoc
2895 3922 3039 3974 enim
3073 3922 3242 3974 solum
3270 3924 3460 3990 recipit
3502 3937 3614 3973 ma-

2045 4011 2127 4079 gis
2150 4021 2205 4064 et
2227 4013 2423 4064 minus.
2456 4013 2656 4064 Rursus
2683 4014 2748 4065 de
2778 4027 2840 4065 eo
2863 4011 3004 4079 quod
3028 4020 3110 4064 est
3139 4012 3274 4064 idem
3301 4021 3474 4078 potest
3501 4012 3614 4063 fieri

2045 4110 2338 4163 certamen,
2370 4108 2427 4151 ut
2455 4114 2518 4151 an
2566 4099 2702 4151 idem
2736 4104 2803 4151 sit
2836 4099 2962 4151 utile
3008 4099 3144 4166 quod
3180 4101 3478 4151 honestum.
3507 4100 3612 4153 Sed

2048 4189 2131 4242 hic
2154 4190 2376 4257 quaestio
2398 4188 2698 4241 diffinitioni
2724 4188 3051 4257 aggreganda
3080 4198 3163 4242 est
3185 4206 3196 4240 :
3222 4203 3443 4257 quarum
3472 4190 3611 4241 enim

2044 4294 2218 4332 rerum
2242 4279 2427 4331 eadem
2447 4288 2528 4332 est
2549 4278 2815 4343 diffinitio,
2844 4278 2969 4345 ipsa:
2992 4294 3202 4347 quoque
3234 4288 3356 4330 sunt
3378 4279 3607 4341 eaedem;

2043 4386 2263 4439 quarum
2298 4385 2426 4424 vero
2457 4370 2670 4422 diversa
2702 4369 3013 4423 substantia:
3041 4370 3177 4422 ratio
3203 4378 3305 4435 est,
3335 4368 3462 4436 ipsae
3484 4383 3613 4434 quo.

2045 4476 2147 4528 que
2187 4468 2310 4513 sunt
2353 4462 2602 4514 diversm.
2631 4461 2789 4530 Igitur
2819 4462 3076 4529 simplicis
3128 4461 3610 4528 dialecticmqum-

369 4537 495 4598 ctis,
526 4536 837 4604 eat-terisque
863 4539 1272 4593 circumstantiis
1305 4542 1589 4608 implicita;
1631 4558 1692 4594 ea
1737 4551 1819 4595 est
1842 4542 1940 4595 hu-

2053 4553 2246 4605 stiones
2275 4563 2418 4606 recte
2446 4562 2669 4621 quatuor
2714 4554 2919 4620 species
2946 4567 3065 4605 esse
3090 4552 3354 4614 dicuntur,
3397 4551 3464 4604 de
3488 4552 3610 4619 qui-

371 4623 599 4691 jusmodi
631 4642 642 4676 :
673 4625 1103 4699 JnrepeACieero‘
1135 4630 1185 4681 in
1230 4631 1482 4683 exsilium
1537 4632 1700 4684 dubio
1756 4632 1938 4699 reipu-

371 4712 523 4765 blicae
553 4720 789 4780 tempore
830 4694 1170 4775 detrudatur,
1203 4719 1324 4785 quia
1359 4719 1561 4786 injusen
1592 4722 1767 4788 p0puli
1795 4694 1939 4775 cives

372 4803 640 4855 Romanos
671 4806 964 4864 necaverit.
1001 4806 1166 4871 llujt.s
1217 4818 1390 4860 autem
1439 4810 1662 4876 duplicis
1690 4813 1940 4877 quaestio-

370 4893 452 4946 nis
503 4894 902 4947 subdivisiones
958 4897 1091 4948 alias
1136 4912 1256 4950 esse
1284 4914 1507 4952 necesse
1535 4909 1636 4963 εει,
1674 4910 1727 4953 et
1776 4902 1939 4955 thesis

370 4984 584 5052 quidem
619 4984 966 5052 phil050phis,
1021 4987 1330 5057 hypOthesis
1363 5007 1488 5044 vero
1535 4994 1835 5046 oratoribus
1864 5005 1942 5046 at-

372 5076 561 5128 tributa
593 5088 693 5129 est.
727 5077 828 5132 Sed
856 5077 971 5145 ejus
996 5082 1212 5148 quidem
1245 5084 1556 5150 qu:r-stionis
1589 5100 1704 5151 quae
1732 5094 1814 5139 est
1848 5086 1944 5152 hy-

292 5228 301 5239 .
369 5168 604 5231 pothesis
636 5170 919 5235 posterius,
953 5173 1244 5228 divisiones
1269 5175 1441 5237 dabo;
1476 5190 1613 5226 nunc
1635 5178 1700 5230 de
1728 5178 1942 5231 theseos

368 5261 627 5315 divisione
659 5266 1019 5329 pertractabo,
1052 5283 1168 5335 qua:
1198 5270 1247 5322 in
1274 5280 1500 5336 quatuor
1528 5270 1785 5323 dividztur
1814 5286 1939 5339 spe-

364 5351 495 5403 cies.
533 5352 585 5404 In
614 5355 754 5407 omni
788 5355 929 5408 cnim
956 5357 1237 5412 dialectica
1271 5361 1563 5424 qumstione
1595 5361 1934 5427 przedicativa

364 5440 631 5494 dubitatur
677 5460 741 5495 an
779 5444 827 5497 ei
856 5447 996 5514 quod
1026 5448 1323 5515 subjectum
1354 5460 1435 5503 cst
1480 5451 1527 5503 id
1570 5450 1711 5519 quod
1745 5451 1937 5518 pi'ardi-

362 5546 513 5598 catur
541 5535 828 5600 inhaereat;
862 5554 979 5590 cum
1025 5555 1151 5593 vero
1176 5541 1371 5609 aliquid
1416 5543 1575 5595 alicui
1610 5545 1784 5597 inesse
1815 5558 1937 5612 pro-

364 5630 600 5697 punitur,
631 5629 680 5681 id
712 5639 799 5682 aut
834 5631 1005 5699 majus
1057 5634 1157 5686 crit
1195 5650 1259 5686 eo
1289 5634 1357 5688 de
1384 5650 1488 5702 quo
1520 5636 1838 5703 praedicatur
1864 5639 1939 5691 ei-

361 5735 465 5786 que
512 5720 930 5775 substantialitcr
971 5723 1147 5779 inesse
1190 5728 1559 5793 contenditur;
1613 5739 1701 5782 aut
1764 5730 1933 5795 maius

2048 4642 2147 4694 bus
2175 4641 2501 4695 sufficienter
2532 4643 2733 4695 dictum
2760 4652 2857 4695 est.
2893 4640 3043 4694 Nunc
3076 4642 3233 4709 igitur
3257 4641 3322 4694 de
3351 4641 3612 4694 conditio-

2048 4733 2255 4785 nalibus
2321 4733 2704 4800 quaestionibus
2783 4731 3115 4784 tracmudum
3180 4740 3301 4794 est,
3388 4744 3611 4798 quarum

2046 4824 2259 4891 quidem
2293 4825 2391 4876 alia
2425 4832 2632 4875 constat
2662 4838 2726 4876 ex
2771 4823 3106 4875 affirmativis
3138 4822 3364 4887 duabus,
3397 4821 3498 4874 alia
3545 4834 3610 4875 ex

2050 4914 2252 4967 duabus
2300 4913 2574 4979 negativis,
2608 4914 2709 4966 alia
2743 4929 2807 4966 ex
2838 4912 3193 4966 affirmatione
3228 4921 3281 4966 et
3308 4912 3612 4981 negatione,

2053 5005 2154 5057 alia
2202 5020 2265 5057 ex
2299 5004 2579 5071 negatione
2609 5010 2662 5057 et
2691 5003 3061 5056 affirmatione.
3096 5003 3153 5057 Si
3185 5003 3344 5070 igitur
3385 5018 3447 5055 ex
3480 5002 3613 5055 dua-

2054 5098 2151 5150 bus
2179 5094 2623 5149 affirmationibus
2653 5095 3027 5149 conditionalis
3051 5102 3260 5147 constat
3292 5094 3610 5161 propositio,

2055 5188 2103 5241 id
2148 5189 2404 5256 quaeritur
2434 5202 2497 5238 an
2555 5186 2841 5237 affirmatio
2889 5183 3295 5238 affirmationem
3328 5192 3610 5251 sequatur;

2050 5279 2190 5347 quod
2224 5280 2265 5331 si
2298 5295 2360 5331 ex
2414 5278 2618 5330 duabus
2671 5263 3043 5345 negationibns
3097 5275 3390 5343 propositio
3434 5275 3611 5343 juncta

2051 5374 2139 5431 sit,
2184 5370 2317 5422 idin
2373 5371 2732 5423 decertatione
2779 5378 2861 5422 est
2913 5384 2976 5419 an
3031 5370 3241 5436 negatio
3273 5368 3606 5437 negationem

2045 5462 2357 5523 C0lliiiClUr;
2387 5461 2525 5528 quod
2555 5463 2596 5512 s'.
2634 5473 2696 5513 ex
2730 5459 3083 5522 affirmatione
3112 5467 3165 5510 ct
3189 5459 3485 5523 negatione,
3524 5458 3606 5512 vel

2045 5552 2320 5619 negatimie
2346 5559 2397 5601 ct
2427 5548 2778 5601 affirmatione
2819 5548 3114 5615 copuletur,
3149 5548 3197 5599 id
3232 5548 3513 5617 arnb’gitur
3541 5562 3605 5600 an

2043 5642 2455 5695 affirmationem
2507 5639 2755 5707 negatio,
2814 5655 2878 5691 an
2939 5638 3220 5692 affirmatio
3269 5640 3601 5708 negationem

2046 5733 2342 5788 comitetur.
2378 5732 2449 5785 Ac
2482 5731 2625 5799 prius
2650 5730 2857 5797 quidem
2882 5728 2995 5799 ejus
3022 5732 3329 5800 qumstionis
3360 5732 3597 5786 facienda
