4274 6272
702 376 722 427 f
740 377 832 431 1'79

1920 376 2004 430 AN
2047 375 2250 430 M.\NL.
2295 374 2447 429 SEV.
2489 374 2703 427 BOETII

3712 366 3717 373 “
3805 381 3946 435 fisa

699 497 782 538 cst
804 485 1014 547 divisio,
1040 483 1090 534 in
1114 496 1215 549 qua
1241 481 1566 550 disceptatur
1593 496 1659 534 an
1689 481 2095 537 affirmationetn
2121 483 2259 534 aflir-
2290 484 2337 541 Δ
2370 489 2539 534 terum
2577 495 2683 534 non
2717 480 2807 533 sit.
2840 479 2912 533 fta
2946 486 3000 533 ut
3038 481 3360 548 propositam
3391 482 3802 539 aftirmationem
3844 505 3947 542 ne-

699 575 864 626 tnatio
882 580 1257 637 consequatur,
1279 584 1395 637 quae
1422 569 1878 637 prtedicativarum
1904 571 2259 637 qumstionum

698 676 804 715 non
846 660 1027 728 effugit
1052 660 1387 712 divisionem.
1434 658 1561 712 Nam
1588 668 1647 712 ut
1680 659 1944 727 praecedat
1970 660 2165 728 aliquid
2208 668 2264 712 et

699 750 838 803 aliud
885 760 1260 817 consequatur,
1316 750 1367 802 in
1400 749 1480 801 his
1531 750 1638 802 fere
1669 751 1827 803 rebus
1866 751 2081 804 evenire
2128 750 2263 802 solet

696 856 826 907 quas
858 841 1010 906 paulo
1042 841 1283 908 superius
1312 841 1749 893 commemoravi.
1781 840 2027 907 Speciem
2069 839 2262 907 quippe

699 930 935 997 sequitur
963 946 1153 997 genus,
1182 931 1265 982 vel
1292 929 1609 991 differentia,
1639 929 1720 982 vel
1746 928 2017 991 diffinitio,
2042 928 2124 982 vel
2149 944 2262 995 pro-

698 1022 893 1085 prium,
926 1019 1007 1071 vel
1040 1018 1391 1085 inseparabile
1435 1018 1701 1071 accidens.
1737 1017 1865 1070 Item
1898 1022 2171 1085 proprium
2201 1032 2261 1071 ac

697 1110 1068 1163 diffiuitionem
1100 1111 1338 1177 sequitur
1362 1108 1597 1175 species,
1629 1108 1897 1176 proprium
1930 1123 2057 1161 vero
2079 1107 2259 1174 sequi-

698 1209 784 1253 tur
811 1200 1107 1254 differentia
1138 1210 1193 1253 et
1218 1194 1466 1252 diffinitio
1486 1241 1501 1263 ,
1534 1210 1583 1252 et
1613 1198 1983 1251 diffinitionem
2023 1198 2262 1267 sequitur

666 1348 678 1364 1
701 1292 971 1355 proprium
1009 1290 1093 1344 vel
1137 1271 1459 1350 differentia,
1491 1288 1592 1341 hoc
1618 1288 1777 1341 modo
1807 1305 1820 1340 :
1864 1303 1984 1340 nam
2024 1288 2069 1340 si
2102 1288 2261 1340 homo

700 1389 802 1443 εει,
835 1380 1030 1434 animal
1063 1388 1178 1443 est;
1207 1390 1261 1431 et
1297 1381 1340 1433 si
1386 1379 1544 1432 humo
1575 1390 1675 1444 est,
1707 1378 1967 1432 rationale
1992 1387 2109 1441 est;
2140 1385 2193 1430 et
2217 1377 2261 1430 si

696 1466 861 1520 homo
887 1478 988 1531 est,
1033 1469 1227 1522 animal
1258 1469 1515 1523 rationale
1543 1469 1766 1521 mortale
1794 1478 1875 1522 est
1901 1484 1915 1532 ;
1946 1477 2001 1521 et
2028 1469 2070 1521 si
2103 1468 2261 1521 homo

699 1568 802 1624 est,
837 1557 1038 1612 risibile
1066 1569 1177 1622 est;
1211 1558 1254 1610 si
1280 1558 1530 1625 )Ethiops
1555 1568 1658 1623 est,
1684 1560 1834 1627 niger
1848 1568 1954 1614 est.
1986 1557 2041 1613 Si
2064 1558 2262 1613 risibile

700 1654 803 1710 est,
828 1645 984 1698 homo
1013 1658 1124 1711 est;
1154 1648 1199 1699 si
1220 1648 1414 1700 animal
1443 1647 1700 1701 rationale
1731 1647 1954 1701 mortale
1974 1656 2077 1711 est,
2100 1645 2262 1700 homo

701 1745 806 1791 est.
837 1737 893 1791 Si
922 1738 1145 1801 risibile,
1191 1738 1452 1791 rationale
1480 1747 1597 1801 est;
1622 1739 1666 1790 si
1693 1737 1896 1791 risibile
1925 1745 2027 1799 est,
2067 1736 2261 1790 animal

2362 578 2504 643 gatio
2524 577 2822 637 comitetur,
2842 587 2931 629 aut
2953 577 3164 631 diversa
3188 588 3341 630 erunt
3362 593 3579 647 genera,
3602 591 3693 634 aut
3712 583 3945 638 diversa:

2361 666 2587 732 species,
2632 674 2723 717 aut
2764 665 3054 730 contraria,
3103 674 3192 718 aut
3237 666 3522 733 privantia,
3565 681 3657 722 aut
3699 673 3945 739 quolibet

2361 756 2467 806 alio
2517 753 2675 806 modo
2720 754 2819 808 sibi
2871 755 3103 808 invicem
3154 756 3607 811 inconvenientia.
3647 758 3718 813 Ut
3757 772 3939 815 autem

2363 842 2697 911 negationem
2723 844 3006 898 affirmatio
3034 858 3411 913 consequatur,
3436 863 3562 914 quae
3596 860 3713 903 erat
3747 863 3940 919 quarta

2361 934 2730 987 conditionalis
2774 934 3149 1000 propositionis
3182 936 3505 1002 differentia,
3546 939 3660 993 fieri
3695 956 3802 993 non
3837 956 3938 1008 po-

2362 1029 2484 1086 test,
2511 1021 2607 1075 nisi
2639 1023 2688 1074 iu
2723 1022 2803 1075 his
2829 1024 3109 1076 contrariis
3133 1039 3250 1092 qua:
3279 1025 3456 1079 medio
3481 1036 3683 1088 carent.
3716 1039 3769 1081 et
3796 1045 3936 1097 quo-

2360 1127 2477 1166 rum
2506 1112 2728 1165 alterum
2755 1124 2965 1180 semper
2995 1113 3169 1167 inesse
3210 1129 3430 1168 necesse
3455 1125 3558 1179 εει,
3593 1116 3690 1170 hoc
3720 1120 3886 1173 modo
3916 1138 3931 1173 :

2361 1199 2407 1253 si
2436 1200 2548 1253 dies
2578 1215 2681 1253 non
2708 1209 2809 1264 est,
2852 1215 2955 1253 nox
2998 1210 3108 1265 est;
3158 1202 3202 1254 si
3243 1203 3474 1256 tenebrae
3518 1220 3618 1257 non
3659 1215 3800 1266 sunt,
3836 1207 3935 1260 lux

2362 1304 2462 1347 εει.
2492 1294 2649 1347 Facta
2675 1294 2833 1362 igitur
2859 1293 3315 1361 prmdieativarum
3342 1296 3690 1363 quaestionum
3711 1311 3774 1349 ac
3798 1312 3909 1351 con
3926 1328 3940 1340 -

2363 1382 2692 1436 ditionalium
2733 1383 3014 1447 divisione,
3058 1382 3182 1435 illud
3230 1384 3446 1450 insuper
3491 1384 3694 1437 videtur
3731 1385 3940 1439 adden-

2363 1474 2512 1538 dum,
2541 1474 2681 1542 quod
2708 1474 2881 1526 omnis
2909 1474 3131 1540 quaestio
3159 1474 3239 1528 vel
3270 1489 3336 1527 ex
3376 1475 3581 1528 ratione
3610 1474 3934 1541 disserendi,

2365 1564 2445 1617 vel
2476 1579 2540 1617 ex
2572 1564 2820 1625 naturali.
2848 1562 2933 1615 vei
2961 1578 3026 1615 ex
3057 1562 3243 1615 morali
3268 1562 3493 1616 trahitur
3519 1563 3893 1629 speculatione
3918 1583 3930 1616 :

2366 1668 2432 1707 ex
2461 1651 2760 1707 disserendi
2783 1652 2987 1706 ratione
3015 1652 3116 1704 hoc
3149 1651 3329 1715 modo,
3357 1668 3423 1704 an
3445 1653 3731 1707 afﬁrmatio
3761 1665 3815 1707 et
3842 1670 3938 1708 ne-

2364 1739 2509 1808 gatio
2547 1739 2758 1807 Species
2796 1739 2901 1792 sint
2947 1738 3363 1802 enuntiationis;
3393 1754 3459 1793 ex
3492 1741 3717 1794 naturali
3747 1741 3837 1806 ita,
3868 1757 3937 1795 an

697 1826 959 1879 rationale
1011 1826 1235 1880 mortale
1278 1835 1394 1888 est;
1426 1826 1468 1880 si
1510 1826 1705 1879 animal
1732 1825 1992 1879 rationale
2041 1826 2262 1881 mortale
2294 1821 2341 1878 B
2366 1830 2559 1884 ccelum
2608 1828 2890 1882 rotundum
2927 1828 3029 1889 sit;
3078 1843 3148 1880 ex
3191 1828 3377 1881 morali
3412 1830 3511 1893 sic,
3554 1845 3622 1882 an
3662 1830 3831 1883 virtus
3870 1831 3937 1883 ad

698 1924 800 1978 est,
832 1915 1034 1969 risibile
1062 1915 1145 1969 vel
1184 1915 1331 1983 bipes
1362 1926 1463 1979 est.
1499 1916 1697 1969 Praeter
1738 1915 1852 1968 haec
1899 1924 2077 1969 autem
2129 1916 2262 1969 alias

702 2003 913 2072 quidem
931 2003 1147 2057 effectus
1172 2018 1407 2067 causam,
1441 2005 1571 2058 alias
1596 2005 1808 2073 quidem
1833 2004 2080 2059 effectum
2103 2019 2262 2059 causa

696 2093 956 2161 sequitur.
989 2093 1217 2147 Effectus
1239 2108 1451 2147 causam
1484 2095 1554 2146 ita
1586 2111 1598 2146 :
1633 2095 1678 2147 si
1703 2094 1781 2148 sol
1815 2104 2008 2161 praesto
2036 2104 2141 2161 est,
2177 2095 2262 2148 lu-

695 2191 804 2236 eet.
831 2182 1088 2236 Effectum
1111 2196 1269 2236 causa
1300 2185 1400 2236 hoc
1427 2182 1583 2235 modo
1617 2200 1628 2233 :
1663 2184 1705 2235 si
1728 2183 1853 2251 quid
1884 2192 2128 2237 exustum
2157 2194 2261 2248 est,

704 2272 839 2340 ignis
868 2271 1062 2335 adfuit;
1095 2273 1176 2325 vel
1229 2275 1305 2326 sic
1333 2290 1346 2324 :
1378 2273 1422 2325 si
1452 2273 1532 2325 sol
1566 2273 1792 2339 videtur,
1826 2273 1985 2327 lucet.
2018 2275 2147 2329 Item
2181 2284 2262 2327 to-

701 2373 813 2415 tum
835 2371 1011 2429 partes
1033 2372 1344 2430 sequuntur,
1367 2373 1426 2415 ut
1452 2363 1498 2417 si
1526 2364 1728 2432 integra
1759 2364 1948 2417 domus
1974 2372 2075 2430 est,
2101 2373 2154 2418 et
2189 2376 2264 2419 te-

699 2464 842 2505 etum
873 2464 928 2507 et
956 2455 1183 2520 parietes
1224 2462 1277 2507 et
1323 2454 1665 2509 fundamenta
1721 2455 2041 2508 consistunt.
2079 2455 2264 2510 Ilodus

702 2541 860 2594 etiam
891 2543 1129 2609 sequitur
1159 2557 1349 2595 nomen
1394 2543 1710 2611 principale,
1743 2553 1800 2596 ut
1828 2545 1875 2596 si
1898 2544 2097 2611 justitia
2127 2546 2263 2599 bona

701 2639 814 2694 est,
860 2640 917 2683 et
959 2631 1101 2699 quod
1131 2631 1273 2698 juste
1317 2640 1430 2693 est,
1480 2632 1676 2684 bonum
1724 2641 1824 2685 est.
1858 2632 2057 2686 Numen
2105 2634 2262 2688 etiam

701 2720 995 2788 principale
1042 2722 1281 2789 sequitur
1313 2720 1549 2782 modum,
1603 2730 1659 2773 ut
1704 2721 1746 2772 si
1796 2722 1932 2789 quod
1977 2724 2118 2789 juste
2159 2732 2261 2789 est,

701 2810 898 2865 bonum
941 2821 1045 2875 est,
1076 2821 1129 2866 et
1160 2809 1362 2880 justitia
1394 2814 1529 2865 bona
1562 2822 1663 2867 est.
1701 2814 2004 2868 Accideutia
2055 2830 2264 2882 quoque

700 2900 983 2955 comitatur
1036 2902 1086 2955 id
1143 2903 1282 2971 quod
1351 2904 1645 2971 subjectum
1703 2914 1821 2969 εει,
1882 2914 1939 2957 ιιι
1982 2906 2024 2957 si
2088 2907 2263 2959 album

697 2998 803 3055 est,
856 3006 1048 3058 corpus
1095 3001 1195 3045 est.
1245 2994 1373 3056 Quae
1425 3008 1544 3045 cum
1604 2993 1675 3045 ita
1730 2993 1875 3060 sint,
1935 2994 2265 3048 conditiona-

694 3080 761 3132 lis
809 3096 1019 3150 quoque
1069 3082 1289 3149 simplex
1337 3097 1401 3136 ex
1441 3082 1647 3136 duabus
1695 3081 2145 3134 affirmationibus
2173 3096 2266 3135 eo-

2364 1921 2749 1975 beatitudinem
2784 1919 2893 1971 sola
2924 1919 3174 1973 sufficiat.
3215 1919 3479 1973 Praeterea
3510 1920 3731 1988 qumstio
3761 1921 3937 1975 omnis

2364 2013 2444 2065 vel
2472 2020 2553 2064 est
2578 2010 2799 2073 simplex
2828 2008 2909 2062 vel
2936 2009 3230 2076 composita
3261 2024 3275 2060 :
3306 2009 3530 2076 simplex
3558 2010 3763 2076 quoties
3790 2010 3937 2064 affir«

2364 2100 2596 2153 motione
2642 2106 2696 2152 et
2742 2097 3023 2167 negatione
3066 2096 3340 2162 dividitur,
3380 2102 3451 2151 ita
3488 2107 3546 2152 ut
3584 2108 3749 2153 totum
3780 2102 3936 2156 alteri

2364 2190 2651 2253 afﬁrmare,
2686 2188 2841 2241 alteri
2878 2202 3072 2255 negare
3114 2202 3333 2243 necesse
3360 2189 3453 2255 sit,
3502 2190 3602 2244 hoc
3631 2191 3789 2245 modo
3820 2210 3833 2243 :
3866 2209 3935 2245 an

2363 2280 2558 2334 caelum
2611 2277 2896 2331 rotundum
2948 2278 3019 2331 sit
3066 2292 3263 2342 necne,
3314 2278 3428 2333 base
3476 2280 3616 2332 enim
3662 2295 3761 2333 una
3813 2295 3938 2348 pars

2363 2367 2676 2438 qua'stionis
2720 2365 3133 2420 affirmationem
3190 2375 3366 2431 tenet,
3419 2368 3521 2421 alia
3574 2350 3933 2436 negatiod'em.

2366 2459 2497 2512 Nam
2542 2472 2662 2511 cum
2712 2459 2847 2510 alter
2890 2471 3010 2512 esse
3056 2458 3311 2523 defendit,
3356 2458 3597 2523 affirmat,
3628 2460 3759 2514 alter
3797 2475 3934 2514 vero

2367 2556 2543 2615 negat,
2573 2562 2693 2600 cum
2723 2561 2828 2601 non
2859 2561 2981 2601 esse
3026 2549 3320 2604 contendit.
3360 2549 3657 2616 Composita
3698 2548 3935 2616 quaestio

2366 2643 2443 2689 est
2467 2651 2583 2704 quae
2600 2635 2651 2687 in
2671 2634 2846 2702 plures
2868 2634 3181 2689 distrahitur
3203 2635 3602 2701 affirmationes,
3626 2636 3725 2690 hoc
3747 2637 3934 2700 modo,

2368 2735 2541 2779 utrum
2573 2725 2764 2779 cretum
2808 2724 3091 2778 rotundum
3133 2726 3223 2789 sit,
3252 2740 3318 2779 an
3348 2727 3685 2793 quadratum,
3712 2742 3780 2780 an
3810 2728 3936 2781 lon-

2366 2830 2514 2883 gum,
2544 2825 2632 2868 aut
2662 2815 2945 2884 cujuslibet
2970 2816 3189 2870 alterius
3218 2815 3402 2870 forma:
3429 2835 3441 2870 :
3471 2818 3558 2871 hic
3582 2819 3722 2871 enim
3754 2818 3935 2885 plures

2367 2905 2748 2959 afﬁrmationes
2794 2906 3016 2972 probare
3057 2920 3275 2961 necesse
3316 2916 3420 2973 est,
3452 2922 3571 2975 quae
3602 2907 3811 2961 diversa
3842 2908 3936 2962 de-

2369 2993 2608 3048 tendunt.
2640 2994 2699 3047 Et
2735 2994 2802 3048 de
2831 2996 3127 3063 quaestione
3157 2995 3391 3063 quidem,
3416 3004 3671 3060 quantum
3703 2996 3768 3048 ad
3798 3011 3935 3065 prm-

2369 3097 2491 3136 sens
2535 3084 2818 3152 negotium
2851 3083 3168 3151 pertinebat,
3217 3084 3549 3138 sufficienter
3587 3085 3784 3138 dictum
3827 3094 3933 3141 est.

694 3170 892 3237 pulata,
921 3170 1008 3224 illa
1041 3170 1150 3225 fere
1180 3171 1368 3224 divisio
1398 3170 1636 3223 facienda
1657 3178 1739 3223 est
1759 3170 2089 3237 qumsdonis,
2110 3169 2252 3237 quod
2292 3166 2337 3229 C
2370 3174 2653 3229 Conclusio
2678 3189 2804 3227 vero
2834 3182 2915 3227 est
2944 3174 3268 3242 argumentis
3296 3175 3583 3243 approbata
3613 3174 3931 3243 propositio,

693 3261 745 3312 in
769 3274 829 3311 ra
858 3262 939 3313 vel
970 3262 1035 3315 de
1065 3276 1281 3328 genere,
1305 3262 1384 3314 vel
1418 3260 1484 3313 de
1509 3258 1828 3323 differentia,
1859 3258 1942 3311 vel
1970 3258 2035 3311 de
2061 3259 2257 3325 specie,

693 3348 773 3400 vel
806 3349 871 3401 de
905 3352 1137 3416 proprio,
1174 3350 1255 3402 vel
1290 3350 1356 3402 de
1387 3349 1724 3411 diffinitione,
1760 3348 1839 3400 Vel
1874 3347 1940 3401 de
1975 3347 2255 3411 accidenti,

694 3438 777 3489 vel
807 3439 873 3490 de
907 3455 1064 3493 causa
1110 3450 1264 3509 atque
1295 3440 1506 3505 effectu,
1538 3442 1617 3492 vel
1664 3450 1772 3491 luto
1801 3455 1861 3492 ac
1891 3440 2146 3508 partibus,
2176 3440 2259 3493 vel

693 3525 759 3577 de
790 3526 946 3579 modo
973 3541 1034 3578 ac
1067 3528 1335 3595 principali
1381 3530 1593 3581 nomine
1622 3529 1913 3580 dubitetur.
1942 3530 2115 3594 Atque
2147 3529 2261 3582 hmc

692 3616 757 3668 de
794 3632 854 3670 ea
901 3618 1191 3685 quaestione
1231 3618 1567 3685 intelligenda
1600 3626 1742 3683 sunt,
1775 3633 1892 3684 qua:
1920 3634 2037 3670 eum
2069 3618 2136 3671 sit
2164 3618 2262 3687 hy-

693 3707 959 3774 pothelica
1000 3708 1249 3775 simplex,
1282 3722 1347 3760 ex
1374 3708 1580 3759 duabus
1621 3716 1795 3760 tamen
1839 3707 2075 3775 jungitur
2111 3704 2259 3760 affir-

693 3796 922 3848 mativis.
968 3796 1022 3848 In
1072 3794 1277 3849 hisdem
1324 3784 1484 3849 etiam
1530 3795 1843 3849 differentiis
1892 3796 2007 3848 illas
2050 3810 2261 3865 quoque

692 3885 983 3940 consistere
1023 3899 1240 3939 necesse
1282 3896 1363 3940 est
1411 3885 1755 3954 qumstiones,
1788 3900 1905 3953 quze
1947 3884 2014 3938 ab
2053 3884 2133 3937 his
2170 3901 2261 3939 ve-

692 3978 843 4030 niunt
874 3976 1323 4047 propositionibus
1362 3991 1478 4045 qua:
1521 3991 1585 4029 ex
1632 3985 1855 4043 utraque
1895 3983 2141 4029 constant
2171 3990 2262 4030 ne-

692 4066 919 4135 gatione.
949 4066 1080 4120 Nam
1104 4066 1147 4119 si
1172 4081 1338 4135 genus
1367 4080 1469 4118 non
1502 4074 1599 4129 est,
1636 4066 1842 4133 species
1865 4080 1967 4117 non
2000 4073 2101 4117 est.
2132 4065 2259 4119 item

691 4158 734 4208 si
753 4154 1072 4222 differentia,
1099 4156 1182 4209 vel
1207 4154 1475 4217 diftinitio,
1500 4156 1581 4208 vel
1606 4155 1873 4226 proprium
1900 4168 2001 4207 non
2028 4154 2115 4218 sit,
2142 4170 2263 4222 spe-

690 4249 800 4303 cies
830 4263 933 4301 non
966 4250 1087 4301 erit.
1132 4248 1198 4300 Et
1236 4248 1302 4302 de
1349 4247 1557 4300 czeteris
1608 4246 1818 4313 quidem
1857 4260 1976 4313 quae
2021 4245 2262 4311 superius

696 4340 836 4395 dicta
877 4349 1019 4412 sunt,
1065 4340 1251 4393 eodem
1294 4340 1451 4393 modo
1493 4337 1937 4391 considerandum
1967 4346 2067 4390 est.
2101 4335 2261 4400 Quid-

692 4431 818 4499 quid
834 4432 987 4515 .enim
1016 4431 1280 4482 antecedit
1309 4438 1368 4483 ut
1396 4429 1535 4482 aliud
1568 4437 1941 4496 consequatur,
1971 4429 2013 4479 si
2042 4427 2091 4479 id
2118 4425 2258 4494 quod

2363 3264 2431 3318 de
2459 3280 2560 3332 qua
2591 3264 2776 3318 eadem
2809 3264 2920 3318 fere
2941 3265 3042 3318 dici
3074 3275 3290 3333 possunt
3311 3280 3431 3333 quae
3454 3265 3521 3318 de
3545 3267 3931 3334 propositione.

2363 3355 2491 3420 Qua:
2519 3354 2769 3420 quoniam
2801 3354 3084 3422 diligenter
3114 3354 3358 3421 superius
3384 3346 3651 3421 explicata
3692 3363 3835 3420 sunt,
3864 3355 3933 3409 de

2363 3453 2675 3513 argumento
2712 3446 2965 3513 deinceps
3002 3443 3333 3497 traCtandum
3374 3444 3602 3497 videtur.
3636 3448 3930 3513 Argumen-

2366 3546 2473 3588 tum
2503 3543 2585 3588 est
2614 3534 2751 3587 ratio
2780 3535 2857 3588 rei
2887 3534 3060 3589 dubiae
3099 3534 3300 3589 faciens
3330 3534 3512 3588 fidem.
3544 3535 3691 3588 lianc
3721 3549 3931 3603 semper

2364 3625 2622 3679 notiorem
2653 3626 2947 3694 quaestione
2981 3640 3099 3680 esse
3131 3640 3348 3680 necesse
3375 3636 3457 3678 est
3487 3641 3500 3677 :
3537 3641 3656 3678 nam
3686 3626 3727 3678 si
3755 3626 3931 3694 ignota

2366 3717 2505 3769 notis
2533 3717 2841 3782 probantur,
2872 3724 3242 3784 argumentum
3275 3730 3402 3768 vero
3428 3729 3541 3768 rem
3571 3713 3778 3766 dubiam
3811 3730 3930 3781 pro—

2364 3806 2487 3870 bat,
2524 3820 2742 3860 necesse
2770 3815 2853 3859 est
2895 3804 3033 3873 quod
3062 3805 3128 3858 ad
3160 3805 3315 3858 fidem
3346 3806 3657 3873 quzeStionis
3685 3802 3925 3869 affertur,

2363 3894 2584 3963 ipsa.sit
2632 3898 2808 3948 notius
2836 3896 3151 3963 quaestione.
3184 3897 3633 3965 Argumeutorum
3661 3911 3786 3950 vero
3813 3911 3929 3949 um-

2366 3983 2507 4036 uium
2552 3983 2653 4036 alia
2695 3992 2818 4036 sunt
2848 3984 3138 4051 probabilia
3167 3993 3218 4038 et
3248 3986 3575 4048 necessaria,
3606 3985 3707 4038 alia
3738 3987 3930 4053 proba-

2364 4072 2488 4125 bilia
2516 4084 2567 4126 et
2603 4087 2706 4127 non
2736 4074 3058 4137 necessaria,
3083 4075 3186 4127 alia
3206 4084 3331 4128 sunt
3358 4078 3681 4140 necessaria,
3705 4076 3799 4130 sed
3825 4091 3928 4129 non

2364 4162 2679 4230 probabilia,
2713 4163 2816 4215 alia
2854 4177 2952 4215 nec
2992 4164 3283 4230 probabilia
3315 4178 3415 4218 nec
3445 4166 3757 4218 necessaria.
3794 4166 3931 4217 Pro-

2364 4250 2539 4304 babile
2569 4266 2694 4305 vero
2716 4260 2800 4305 est
2830 4252 2968 4319 quod
3001 4253 3207 4308 videtur
3230 4255 3312 4307 vel
3343 4254 3606 4317 omnibus,
3640 4255 3720 4306 vel
3754 4255 3930 4321 pluri-

2364 4341 2482 4405 bus,
2507 4342 2585 4393 vel
2610 4342 2958 4407 sapientibus,
2986 4352 3039 4396 et
3060 4344 3142 4396 his
3164 4346 3245 4397 vel
3269 4345 3534 4407 omnibus,
3561 4345 3637 4396 vel
3661 4344 3929 4411 pluribus,

2367 4435 2452 4488 vel
2490 4433 2720 4487 maxime
2748 4435 3071 4503 nonsatque
3103 4437 3403 4503 prazcipuis,
3434 4437 3517 4489 vel
3547 4435 3689 4503 quod
3721 4437 3930 4489 unicui-

685 4513 926 4590 sequitur
969 4535 1073 4573 non
1116 4520 1292 4583 fuerit,
1341 4534 1439 4573 nec
1480 4517 1606 4571 illud
1656 4527 1737 4571 est
1783 4516 1922 4584 quod
1966 4513 2252 4571 antecedit.
2283 4513 2335 4570 D
2361 4539 2462 4593 que
2499 4524 2690 4576 artifici
2739 4523 3030 4577 secundum
3084 4526 3351 4592 propriam
3395 4526 3727 4587 facultatem,
3773 4536 3829 4577 ut
3865 4525 3932 4578 de

687 4614 882 4666 Earum
911 4626 1038 4665 vero
1063 4611 1414 4679 quaestionum
1446 4624 1563 4676 quae
1596 4624 1657 4660 ex
1694 4605 2049 4660 affirmatione
2076 4614 2131 4658 et
2162 4620 2258 4658 ne-

686 4703 900 4771 gatione
934 4702 1250 4765 consistunt,
1296 4701 1382 4752 illa
1428 4699 1537 4752 fere
1573 4698 1760 4750 divisio
1786 4705 1889 4759 est,
1918 4695 2055 4764 quod
2090 4694 2170 4745 vel
2204 4694 2253 4746 in

686 4791 911 4844 diversis
949 4789 1251 4858 generibus,
1280 4788 1358 4841 vel
1407 4788 1456 4840 in
1501 4788 1722 4839 diversis
1756 4786 2055 4854 speciebus,
2089 4783 2169 4835 vel
2206 4783 2258 4837 in

686 4881 985 4944 contrariis,
1024 4881 1104 4932 vel
1138 4883 1187 4931 in
1220 4879 1511 4946 privatione
1552 4888 1708 4946 atque
1754 4878 1935 4929 habitu
1978 4874 2257 4928 continen-

689 4980 804 5035 tur;
839 4982 897 5027 ut
920 4973 1059 5024 enim
1084 4970 1492 5022 affirmationem
1528 4970 1736 5036 negatio
1764 4976 2135 5034 consequatur,
2167 4975 2259 5018 aut

688 5062 953 5114 diversum
984 5061 1196 5128 ponitur
1219 5075 1405 5127 genus,
1441 5068 1499 5113 ut
1527 5062 1664 5128 quod
1694 5060 1761 5113 ab
1787 5074 1850 5112 eo
1881 5059 2145 5111 diversum
2175 5068 2257 5112 est

686 5150 949 5204 abuuatnr
972 5151 1070 5202 hoc
1098 5149 1255 5203 modo
1281 5167 1291 5200 :
1318 5150 1359 5201 si
1388 5151 1546 5203 homo
1569 5158 1672 5209 est,
1695 5148 1884 5201 albedo
1912 5163 2013 5199 non
2039 5156 2149 5209 est;
2175 5148 2255 5201 vel

687 5243 731 5294 si
771 5242 1063 5294 substantia
1090 5250 1193 5305 est,
1226 5241 1450 5308 qualitas
1478 5255 1579 5293 non
1612 5248 1723 5301 est;
1755 5239 1835 5292 vel
1869 5238 1911 5290 si
1942 5237 2042 5290 sub
2066 5239 2257 5291 eodem

687 5350 881 5402 genere
921 5334 1145 5388 diversa:
1181 5334 1385 5401 species
1428 5341 1787 5400 proponantur
1837 5332 1937 5385 hoc
1981 5334 2179 5383 modo:
2211 5333 2257 5385 si

692 5426 850 5480 homo
878 5436 979 5489 est,
1016 5442 1182 5494 equus
1222 5442 1325 5479 non
1366 5434 1475 5487 est;
1510 5426 1590 5477 vel
1629 5426 1670 5489 si
1704 5425 1986 5492 tontraria,
2021 5424 2146 5477 utsi
2178 5424 2255 5477 al-

692 5517 815 5570 bum
864 5527 966 5583 est,
1006 5520 1209 5588 nigrum
1251 5534 1353 5571 non
1399 5501 1507 5580 est';
1552 5518 1630 5572 vel
1669 5519 1711 5572 si
1755 5519 2098 5587 privationes,
2131 5521 2253 5572 utsi

694 5621 868 5662 caecus
892 5616 996 5674 est,
1022 5625 1139 5671 non.
1158 5609 1324 5672 videt;
1357 5617 1411 5662 et
1442 5617 1712 5678 postremo
1742 5608 1793 5662 in
1822 5610 2087 5677 omnibus,
2110 5627 2254 5681 quae-

694 5713 902 5765 cunque
932 5700 1117 5757 eadem
1148 5717 1251 5756 non
1283 5710 1424 5765 sunt,
1459 5702 1653 5769 evenit,
1684 5702 1833 5773 ut,.si
1863 5718 2022 5757 unum
2052 5713 2153 5769 εει,
2179 5703 2254 5756 al-

2362 4613 2621 4668 mediciua
2654 4614 2880 4677 medico,
2910 4615 3247 4682 gubernatori
3278 4614 3345 4668 de
3376 4614 3607 4667 navibus
3635 4615 3930 4683 gubernan-

2361 4703 2464 4767 dis,
2512 4702 2564 4755 id
2613 4713 2870 4771 praeterea
2914 4704 3053 4771 quod
3094 4705 3298 4757 videtur
3343 4690 3408 4758 ei.
3441 4719 3560 4756 cum
3605 4720 3711 4772 quo
3756 4719 3930 4758 sermo

2361 4792 2683 4856 conseritur,
2717 4793 2799 4846 vel
2838 4794 2935 4861 ipsi
2966 4794 3051 4861 qui
3095 4794 3327 4863 judicat,
3366 4795 3417 4847 in
3443 4810 3549 4863 quo
3586 4796 3714 4848 nihil
3745 4796 3930 4849 attinet

2362 4900 2542 4938 Vt‘l‘tlm
2576 4883 2835 4937 falsumve
2876 4884 2943 4938 sit
2991 4894 3383 4953 argumentum,
3419 4887 3461 4938 si
3506 4894 3709 4938 tantum
3742 4887 3929 4938 verisi-

2363 4973 2713 5027 miliudinem
2761 4982 2957 5027 teneat.
3004 4974 3371 5028 Necessarium
3413 4989 3541 5028 vero
3582 4983 3667 5029 est
3704 4976 3839 5044 quod
3871 4986 3929 5029 ut

2363 5066 2574 5127 dicitur,
2607 5065 2675 5117 ita
2699 5073 2805 5128 est,
2837 5074 2995 5132 atque
3024 5064 3177 5117 aliter
3203 5080 3323 5119 esse
3364 5080 3469 5118 non
3504 5075 3707 5133 potest;
3739 5066 3930 5134 proba-

2364 5156 2467 5210 bile
2497 5155 2707 5222 quidem
2734 5171 2796 5210 ac
2824 5157 3183 5211 necessarium
3215 5168 3316 5220 est,
3350 5168 3406 5210 ut
3439 5158 3568 5223 hoc,
3592 5160 3639 5213 si
3668 5160 3790 5227 quid
3813 5160 3929 5212 cni-
3980 5226 3991 5237 .

2359 5248 2490 5301 libet
2528 5246 2604 5301 rei
2649 5247 2716 5301 sit
2755 5247 3013 5312 additum,
3058 5256 3224 5301 totum
3265 5248 3438 5315 majus
3466 5248 3717 5302 efficitur.
3750 5248 3930 5317 Neque

2360 5340 2501 5392 enim
2523 5340 2803 5408 qui-quam
2833 5340 2899 5392 ab
2928 5339 3026 5393 hac
3060 5339 3418 5407 propositione
3446 5340 3746 5401 dissentiet.
3777 5350 3831 5394 et
3858 5341 3927 5393 ita

2359 5444 2476 5487 sese
2507 5431 2701 5485 habere
2740 5446 2957 5484 necesse
2984 5439 3087 5493 est.
3123 5431 3422 5485 Probabilia
3454 5446 3580 5486 vero
3610 5448 3674 5488 ae
3701 5448 3806 5487 non
3838 5448 3929 5487 ne-

2360 5522 2585 5575 cessaria
2626 5531 2766 5580 sunt.
2802 5521 2993 5589 quibus
3035 5522 3186 5576 facile
3228 5537 3379 5577 mens
3416 5524 3677 5578 auditoris
3717 5526 3931 5599 acquie-

2362 5612 2484 5677 scit,
2534 5612 2626 5665 sed
2674 5612 2914 5667 veritatis
2960 5627 3063 5666 non
3106 5622 3287 5667 tenent
3326 5614 3655 5679 firmitatem,
3687 5624 3743 5669 ut
3780 5616 3879 5668 hoc
3913 5632 3927 5667 :

2362 5705 2608 5758 simater
2637 5712 2737 5771 est,
2772 5703 2941 5772 diligit
2980 5704 3165 5764 filium.
3220 5705 3524 5761 Necessaria
3556 5720 3682 5760 vero
3724 5722 3787 5761 ac
3824 5723 3930 5760 non
