4274 6272
398 351 527 409 1181

1414 354 1500 407 me
1542 312 2012 406 otrrsnemus
2053 346 2333 403 TOPlClS.
2376 349 2501 405 LIB.
2548 351 2590 405 ll

3506 352 3635 409 “89.

398 466 689 534 probabilia
723 473 847 520 sunt
882 482 1001 535 qua!
1042 468 1111 520 ita
1141 475 1197 520 ut
1224 466 1470 520 dicuntur
1496 478 1616 518 Sese
1649 464 1847 517 habere
1874 477 1963 516 ne-
1992 461 2040 517 Α
2070 459 2294 522 sarium,
2329 460 2606 526 probabile
2638 475 2698 514 ac
2736 476 2839 514 non
2871 463 3244 516 nccessarium.
3283 460 3638 530 Philosophus

396 569 548 609 cesse
576 565 679 620 est,
704 556 795 609 sed
826 557 908 609 his
937 556 1091 609 facile
1119 571 1221 608 non
1250 554 1513 609 consentit
1544 553 1772 615 auditor,
1805 561 1863 605 ut
1886 561 1967 605 est

399 642 523 708 hoc,
554 644 766 712 objectu
797 645 995 698 lunaris
1025 645 1265 711 corporis
1290 644 1416 696 solis
1436 642 1648 695 evenire
1678 642 1960 694 defectum.

399 732 579 803 Neque
623 729 922 789 necessaria
968 749 1095 787 vero
1146 748 1317 801 neque
1362 731 1649 799 probabilia
1689 743 1810 784 sunt
1848 746 1965 799 qua:

400 840 571 894 neque
602 826 653 879 in
682 825 934 891 Opinione
974 824 1247 876 hominum
1293 837 1463 889 neque
1504 824 1555 874 in
1586 823 1965 903 veritate,con-

400 918 614 980 sistunt,
653 925 709 968 ut
750 914 872 976 hoc,
906 914 1101 966 habere
1140 912 1425 978 Diogenem
1448 927 1686 975 cornua;
1716 911 1962 979 quoniam

399 1006 763 1071 unusquisque
791 1004 983 1056 habt-at
1017 1002 1155 1070 quod
1199 1016 1464 1070 nunquam
1498 1001 1806 1069 perdiderit.
1837 1001 1964 1064 Quae

399 1094 609 1163 quidem
638 1107 735 1146 nec
755 1100 1064 1155 argumenta
1084 1091 1185 1144 dici
1217 1099 1456 1158 possunt,
1490 1100 1799 1158 argumenta
1821 1092 1962 1143 enim

397 1183 569 1235 dubize
600 1181 676 1234 rei
708 1181 905 1233 faciunt
935 1180 1114 1232 fidem.
1150 1180 1224 1232 Ex
1258 1179 1339 1232 his
1360 1190 1533 1232 autem
1560 1180 1699 1231 nulla
1730 1178 1859 1231 fides
1884 1188 1966 1232 est

397 1287 513 1340 qua:
562 1272 615 1325 in
660 1272 913 1338 Opinione
964 1269 1235 1323 hominum
1278 1284 1451 1336 neque
1492 1269 1541 1319 in
1584 1269 1803 1321 veri'ate
1844 1277 1965 1321 sunt

396 1361 703 1414 constituta.
738 1360 849 1414 Dici
893 1368 1070 1412 tamen
1115 1367 1286 1427 potest
1330 1371 1426 1410 nec
1472 1358 1559 1410 i'la
1600 1356 1811 1425 quidem
1844 1372 1964 1411 esse

397 1458 708 1516 argumenta
740 1463 857 1516 qua:
896 1463 1015 1500 cum
1048 1448 1153 1499 sint
1192 1449 1514 1509 necessaria,
1543 1446 1760 1499 minime
1789 1454 1962 1500 tamen

400 1536 737 1589 audientibus
768 1536 1152 1603 approbantur.
1182 1535 1309 1599 Nam
1341 1537 1382 1588 si
1412 1537 1484 1587 rei
1517 1535 1688 1587 dubiae
1718 1536 1785 1588 sit
1811 1536 1960 1599 fides,

400 1625 668 1694 cogendus
704 1636 785 1679 est
830 1626 1038 1679 animus
1076 1625 1334 1678 auditoris
1375 1640 1472 1694 per
1519 1640 1578 1679 ea
1623 1626 1813 1691 quibus
1852 1627 1964 1693 ipse

398 1718 719 1785 acquiescit,
771 1727 825 1771 ut
876 1717 1205 1770 conclusioni
1255 1733 1467 1785 quoque
1519 1732 1673 1783 quam
1728 1722 1959 1771 nondum

397 1807 589 1873 probat
634 1807 805 1874 possit
845 1806 1118 1860 accedere.
1152 1805 1299 1870 Quod
1328 1806 1370 1857 si
1402 1820 1519 1873 quae
1550 1817 1749 1860 tantum
1782 1821 1964 1861 neces-
1994 1808 2042 1865 B
2074 1828 2294 1867 necesse
2323 1822 2406 1866 εει
2435 1814 2521 1866 ﬁai
2554 1813 2773 1866 materia
2802 1810 3117 1865 disserendi.
3151 1808 3252 1863 Sed
3283 1808 3528 1874 quoniam
3562 1808 3637 1863 (ut

398 1897 533 1949 saria
575 1908 699 1949 sunt
740 1910 801 1949 ac
839 1911 943 1950 non
993 1896 1307 1963 probabilia,
1356 1911 1460 1948 non
1512 1897 1699 1963 probat
1745 1898 1835 1950 ille
1876 1899 1964 1966 qui

397 1988 619 2054 iudicat,
653 2002 749 2041 nec
785 2002 872 2040 sse
902 1997 981 2041 est
1009 1995 1067 2040 ut
1093 2002 1160 2041 ne
1190 1987 1318 2039 illttd
1352 1988 1564 2052 quidem
1613 1988 1797 2055 p'ohet
1825 1989 1963 2057 quod

399 2093 467 2129 cx
520 2076 821 2145 huiusmodi
869 2077 1072 2129 ratione
1109 2076 1406 2128 coniicitur.
1460 2064 1635 2143 Itaque
1681 2079 1855 2130 evenit
1900 2092 1963 2131 ex

404 2166 705 2230 hujumodi
753 2167 991 2230 ratione,
1024 2180 1141 2233 quae
1184 2174 1383 2217 tantum
1429 2169 1723 2219 necessaria
1755 2176 1875 2219 sunt
1903 2182 1965 2221 ac

398 2270 502 2307 non
548 2254 861 2322 probabilia,
906 2270 1009 2306 non
1050 2267 1169 2307 esse
1212 2262 1543 2321 argumenta.
1588 2255 1690 2307 Sed
1742 2271 1844 2307 non
1884 2266 1965 2308 cst

398 2345 492 2405 ita,
527 2348 685 2409 atque
717 2343 829 2395 hazc
859 2343 1222 2409 interpretatio
1254 2357 1356 2396 non
1398 2353 1542 2397 recte
1582 2343 1962 2409 probabilitatis

394 2432 800 2501 intelligentiam
828 2442 991 2485 tenet.
1020 2433 1095 2485 Ea
1125 2440 1248 2486 sunt
1272 2434 1410 2485 enim
1441 2435 1750 2500 probabilia,
1776 2436 1963 2500 quibus

394 2537 582 2594 sponte
613 2537 769 2593 atque
799 2529 935 2579 ultro
976 2540 1270 2580 consensus
1309 2527 1630 2595 adiungitur,
1676 2529 1878 2582 scilicet
1909 2538 1966 2582 ut

394 2630 515 2667 mox
548 2629 609 2667 ac
633 2615 808 2667 audita
841 2621 967 2666 sunt
995 2614 1376 2681 approbentnr.
1408 2618 1533 2681 Quae
1561 2632 1687 2670 vero
1716 2632 1960 2671 necessa-

393 2703 473 2755 ria
514 2712 637 2755 sunt
672 2719 735 2755 ac
766 2717 869 2755 non
910 2704 1223 2770 probabilia,
1253 2705 1373 2756 aliis
1403 2706 1759 2772 probabilibus
1782 2722 1843 2761 ac
1872 2722 1963 2761 ne-

394 2792 643 2844 cessariis
680 2794 1007 2859 argumentis
1038 2803 1191 2845 antea
1223 2795 1654 2847 demonstrantur
1676 2836 1690 2858 ,
1718 2798 1961 2864 cognita-

395 2897 497 2947 que
524 2890 578 2933 et
608 2883 810 2934 credita
843 2883 906 2934 ad
937 2882 1156 2936 alterius
1182 2884 1257 2936 rei
1288 2884 1352 2937 de
1379 2900 1477 2952 qua
1508 2872 1776 2939 dubitatur
1806 2887 1960 2941 fidem

393 2974 695 3037 trahuntur,
713 2965 785 3026 'ut
832 2981 958 3026 sunt
1002 2974 1415 3043 speculationes,
1450 2978 1498 3029 id
1527 2987 1608 3031 est
1638 2978 1959 3033 theoremata

392 3078 512 3130 qua:
543 3063 594 3115 in
622 3066 911 3131 geometria
944 3066 1367 3120 considerantur.
1397 3068 1524 3120 Nam
1556 3084 1674 3134 qua:
1705 3070 1811 3123 illic
1842 3086 1963 3138 pro-

2068 562 2197 599 vero
2235 562 2298 601 ac
2346 547 2743 603 demonstrator
2782 550 2847 603 de
2893 552 3003 603 sola
3038 560 3238 604 tantum
3268 550 3491 604 veritate
3523 564 3636 616 per-

2069 645 2280 701 tractat,
2330 645 2487 705 atque
2534 639 2636 692 sint
2693 639 2995 704 probabilia.
3030 640 3143 693 sive
3189 654 3291 691 non
3336 640 3462 703 sint,
3508 638 3636 694 nihil

2068 725 2251 788 rfert,
2300 726 2592 779 dummodo
2644 728 2749 780 sint
2784 731 3101 780 necessaria.
3156 729 3246 780 llic
3298 741 3509 795 quoque
3558 726 3636 781 his

2066 816 2272 869 duabus
2300 817 2577 883 speciebus
2610 817 2777 869 utitur
2799 820 3117 884 argumenti,
3149 834 3265 885 quae
3296 828 3415 870 Sunt
3451 817 3637 884 proha-

2069 903 2171 955 bile
2200 919 2261 956 ae
2293 906 2671 967 necessarium,
2705 908 3064 958 necessarium
3110 920 3171 957 ac
3212 922 3314 957 non
3346 905 3635 973 probabile.

2070 992 2219 1046 Patet
2248 992 2406 1061 igitur
2439 993 2489 1045 in
2522 1008 2628 1060 quo
2671 992 3017 1059 philosophus
3050 993 3115 1045 ab
3146 1001 3355 1044 matore
3386 1007 3445 1044 ac
3475 993 3638 1046 diale-

2067 1084 2205 1137 ctico
2234 1084 2285 1135 in
2320 1085 2530 1150 propria
2563 1082 2994 1135 consideratione
3024 1080 3303 1141 dissideat,
3346 1080 3397 1132 in
3438 1095 3500 1132 eo
3529 1081 3637 1132 sci-

2066 1172 2185 1225 licet
2211 1174 2349 1241 quod
2380 1175 2480 1227 illis
2505 1174 2952 1241 probabilitatem,
2986 1173 3106 1224 huic
3138 1171 3410 1223 veritatem
3431 1179 3638 1222 constat

2067 1280 2187 1318 esse
2230 1265 2831 1333 propositatn.'Quarta
2880 1279 3009 1316 vero
3056 1262 3260 1328 Species
3308 1260 3636 1326 argumenti,

2066 1370 2223 1422 qtam
2261 1370 2431 1422 neque
2460 1363 2829 1423 argumentum
2874 1354 3087 1421 quidem
3140 1360 3282 1405 recte
3328 1350 3432 1402 dici
3481 1364 3635 1415 supra

2066 1446 2363 1507 docuimus,
2395 1447 2700 1513 sophisticis
2749 1445 2890 1499 solet
2933 1459 3053 1498 esse
3097 1442 3366 1496 attributa.
3411 1440 3639 1507 Tupico-

2066 1552 2184 1591 rum
2219 1538 2443 1591 intentio
2472 1546 2554 1591 est
2579 1536 2942 1590 verisimilium
2974 1544 3400 1602 argumentorum
3432 1531 3637 1597 copiam

2066 1632 2457 1685 demonstrare.
2494 1630 2794 1698 Designatis
2819 1629 2958 1682 enim
2998 1628 3127 1679 locis
3169 1642 3230 1678 ex
3281 1625 3471 1692 quibus
3519 1638 3636 1690 pro-

2067 1722 2261 1775 babilia
2305 1731 2614 1791 argumenta
2668 1721 2953 1781 ducuntur,
3006 1718 3280 1770 abundans
3331 1725 3387 1769 et
3426 1716 3636 1782 c0piosa

2066 1916 2221 1967 supra
2268 1901 2468 1955 dictum
2520 1904 2625 1968 est)
2665 1900 3011 1968 probabilium
3059 1906 3490 1965 argumentorum
3536 1896 3637 1951 alia

2065 1999 2189 2043 sunt
2218 1990 2536 2054 necessaria,
2571 1990 2672 2042 alia
2716 2006 2817 2043 non
2861 1989 3185 2049 necessaria,
3216 2002 3333 2041 cum
3380 1987 3479 2040 loci
3514 2001 3637 2055 pro-

2066 2080 2316 2132 babilium
2348 2090 2778 2146 argumentorum
2816 2079 3102 2141 ducuntur,
3143 2079 3318 2132 evenit
3356 2086 3414 2131 ut
3454 2091 3637 2130 neces-

2064 2167 2326 2219 sariorum
2372 2182 2583 2234 quoque
2631 2166 2939 2225 doceantur.
2976 2168 3090 2231 Quo
3138 2166 3193 2217 lit
3240 2174 3297 2218 ut
3341 2164 3634 2217 oratoribus

2065 2258 2279 2327 quidem
2309 2274 2369 2311 ac
2397 2259 2691 2313 dialecticis
2722 2261 2835 2313 hmo
2876 2259 3239 2327 principaliter
3284 2258 3506 2312 facultas
3547 2273 3635 2326 pa-

2067 2356 2237 2412 retur,
2284 2352 2522 2403 secundo
2564 2365 2690 2405 vero
2740 2351 2857 2403 loco
2907 2350 3256 2418 philosophis.
3287 2351 3416 2404 Nam
3452 2350 3504 2403 in
3531 2364 3635 2418 quo

2065 2438 2361 2506 probabilia
2412 2440 2623 2508 quidem
2675 2443 2850 2494 omnia
2906 2441 3320 2505 conquiruntur,
3374 2439 3633 2493 dialectici

2064 2536 2223 2595 atque
2252 2537 2494 2595 oratores
2537 2529 2819 2595 juvantur.;
2867 2529 2918 2582 in
2959 2530 3151 2597 quibus
3178 2542 3307 2582 vero
3346 2528 3659 2603 probabilia_

2063 2628 2125 2666 ac
2156 2616 2453 2668 necessaria
2496 2615 2776 2681 docentur,
2811 2616 3159 2685 philosophia:
3199 2614 3636 2673 demonstrationi

2064 2701 2396 2756 ministratur
2426 2704 2662 2758 ubertas.
2696 2705 2808 2759 Non
2840 2706 2998 2759 modo
3038 2706 3195 2773 igitur
3225 2705 3532 2759 dialecticus
3560 2715 3635 2758 at-

2065 2808 2166 2859 que
2194 2803 2393 2858 orator,
2428 2810 2609 2848 verum
2641 2797 2800 2849 etiam
2840 2796 3234 2849 demonstrator
3270 2808 3336 2847 ac
3374 2808 3517 2847 verae
3554 2810 3636 2847 ar-

2064 2884 2478 2949 gumentationis
2527 2884 2747 2938 effector
2791 2884 2948 2937 habet
2995 2884 3134 2951 quod
3172 2898 3234 2935 ex
3292 2883 3478 2949 positis
3509 2882 3635 2936 locis

2064 2973 2234 3040 possit
2263 2987 2559 3038 assumere,
2586 2990 2706 3028 cum
2754 2976 2887 3027 intra
2919 2982 3351 3039 argumentorum
3394 2972 3633 3038 probabi~

2065 3062 2191 3114 lium
2226 3063 2392 3127 locos,
2427 3065 2850 3118 necessariorum
2882 3079 3093 3131 quoque
3134 3063 3386 3129 principia
3428 3063 3632 3116 traditis

390 3162 659 3219 ponuntur
700 3154 823 3206 talia
863 3168 966 3206 non
1009 3164 1154 3217 sunt,
1191 3163 1249 3207 ut
1296 3157 1379 3209 his
1414 3166 1602 3223 sponte
1638 3160 1846 3212 animus
1880 3161 1954 3214 di-
1984 3150 2031 3212 C
2066 3151 2075 3200 Ῑ

1943 3150 2031 3212 .C
2066 3151 2161 3203 ista
2196 3152 2485 3205 contineat.
2533 3154 2622 3206 lila
2668 3168 2795 3206 vero
2834 3161 3137 3220 argumenta
3180 3166 3296 3218 qua:
3339 3153 3631 3210 necessaria

390 3243 588 3294 scentis
638 3243 885 3307 accedat,
930 3243 1022 3295 sed
1072 3245 1321 3311 quoniam
1371 3247 1803 3300 demonstrantur
1844 3249 1959 3302 aliis

390 3334 737 3399 argumentis,
768 3334 853 3384 illa
887 3347 1097 3401 quoque
1139 3335 1268 3386 scita
1298 3344 1345 3387 et
1378 3337 1606 3398 cognita,
1640 3337 1703 3388 ad
1736 3338 1958 3390 aliarum

388 3423 809 3489 spcculationum
844 3424 1003 3475 fidem
1032 3424 1315 3478 ducuntur.
1347 3426 1523 3492 Itaque
1553 3441 1671 3495 qua:
1711 3429 1960 3495 probabi-

388 3512 454 3564 lia
483 3526 577 3580 per
604 3528 661 3565 se
692 3529 793 3566 non
824 3525 967 3579 sunt,
1007 3514 1100 3569 sed
1134 3517 1457 3579 necessaria,
1494 3516 1577 3568 his
1613 3512 1824 3583 quidem
1868 3533 1961 3568 au-

387 3600 644 3655 ditoribus
691 3604 883 3671 quibus
914 3605 1145 3657 nondum
1174 3605 1538 3678 demonstrata
1562 3614 1703 3667 sunt,
1728 3608 1791 3656 ad
1818 3606 1958 3659 aliud

386 3690 585 3757 aliquid
624 3681 1028 3759 approbantium
1070 3702 1377 3760 argumenta
1412 3708 1529 3746 esse
1559 3708 1662 3746 non
1705 3704 1956 3761 possunt;

384 3780 469 3834 bis
518 3791 693 3835 autem
748 3786 837 3849 qui
885 3784 1152 3851 prioribus
1196 3785 1491 3837 rationibus
1539 3799 1725 3837 eorum
1769 3786 1959 3852 quibus

386 3884 493 3921 non
539 3870 975 3936 acquiescebant,
1028 3871 1183 3924 fidem
1227 3880 1507 3938 ceperunt,
1550 3882 1771 3939 possunt
1814 3888 1875 3927 ea
1913 3874 1958 3926 si

386 3958 510 4025 quid
543 3948 815 4025 ambig'unt
843 3960 905 4011 ad
938 3969 1303 4027 argumentum
1326 3960 1527 4013 vocari.
1554 3961 1658 4015 Sed
1689 3966 1809 4029 quia
1831 3978 1959 4031 qua-

387 4059 508 4101 tuor
534 4048 873 4103 facultatibus
899 4049 1196 4120 disserenili
1225 4064 1384 4103 omne
1411 4052 1692 4106 artificium
1722 4055 1957 4107 contine-

390 4150 499 4205 tur,
531 4140 811 4194 dicendum
843 4150 946 4206 est,
975 4157 1093 4210 quae
1120 4141 1310 4209 quibus
1342 4144 1416 4195 ttti
1446 4146 1651 4198 noverit
1677 4161 1959 4215 argumen-

382 4230 473 4294 tis,
519 4238 577 4282 ut
617 4231 703 4283 cui
748 4230 1083 4298 potissimum
1126 4231 1422 4299 disciplina:
1461 4233 1696 4288 locorum
1744 4249 1958 4304 paretur

383 4322 599 4373 ubertas
627 4321 901 4375 evidenter
922 4331 1196 4391 appareat.
1230 4322 1467 4387 Quatuor
1500 4325 1657 4390 igitur
1688 4327 1955 4380 facultati-

382 4408 502 4472 bus,
521 4424 814 4477 earmnque
839 4412 983 4464 velut
1001 4412 1599 4483 opifieibuszdisserendi
1624 4417 1798 4468 omnis
1822 4418 1954 4470 ratio

2065 3241 2276 3309 quidem
2300 3252 2443 3308 sunt,
2469 3243 2560 3296 sed
2591 3258 2694 3297 non
2725 3243 3040 3310 probabilia,
3060 3251 3218 3309 atque
3241 3241 3369 3293 illud
3395 3242 3631 3297 ultimum

2062 3344 2248 3399 genus,
2271 3332 2473 3385 scilicet
2507 3348 2602 3385 nec
2632 3334 2905 3399 probabile
2932 3346 3030 3385 nec
3057 3330 3438 3395 necessarium,
3461 3347 3490 3385 a
3515 3348 3631 3399 pro-

2062 3424 2218 3490 positi
2249 3424 2427 3492 operis
2456 3424 2882 3479 consideratione
2908 3427 3204 3494 sejunctum
3236 3438 3338 3492 est,
3367 3429 3467 3482 nisi
3492 3427 3631 3495 quod

2064 3513 2327 3566 interdum
2374 3513 2586 3581 quidam
2645 3514 2919 3582 sophistiei
2977 3516 3076 3569 loci
3132 3518 3415 3571 exercendi
3468 3518 3631 3585 gratia

2063 3602 2279 3655 lertoris
2307 3602 2647 3657 adhibentur.
2676 3604 2932 3669 Quocirca
2967 3607 3277 3673 topicorum
3296 3609 3494 3675 pariter
3521 3607 3631 3660 uti-

2062 3694 2183 3747 litas
2224 3693 2557 3763 intentioque
2605 3695 2861 3761 patefacto
2906 3705 3007 3750 est.
3050 3699 3144 3752 llis
3172 3699 3312 3754 enim
3341 3709 3395 3754 et
3422 3699 3630 3752 dicendi

2063 3782 2284 3835 facultas
2313 3791 2367 3836 et
2396 3783 2732 3852 investigatio
2775 3786 3010 3839 veritatis
3055 3798 3297 3855 augetur.
3330 3787 3460 3841 Nam
3492 3788 3631 3854 quod

2060 3873 2369 3927 dialecticos
2414 3882 2573 3940 atque
2624 3886 2862 3939 oratores
2912 3877 3147 3931 locorum
3208 3879 3350 3941 iuvat
3400 3878 3627 3945 agnitio,

2060 3963 2287 4015 orationi
2319 3979 2413 4030 per
2442 3965 2798 4017 inventionem
2830 3965 3034 4031 copiam
3065 3974 3310 4029 priestat;
3336 3968 3472 4034 quod
3504 3983 3631 4022 vero

2030 4056 2482 4108 necessariorum
2532 4054 2822 4106 doctrinam
2872 4055 3109 4107 locorum
3155 4055 3486 4122 phil050phis
3528 4067 3631 4109 tra-
3696 4049 3697 4053 “

2061 4144 2157 4205 dit,
2191 4143 2331 4195 viam
2356 4142 2750 4210 quodammodo
2774 4142 3013 4195 veritatis
3044 4143 3292 4197 illustrat.
3320 4144 3436 4207 Quo
3459 4146 3630 4212 magis

2062 4232 2461 4299 perveStiganda
2512 4241 2597 4284 est
2644 4230 2989 4299 ritnandaque
3046 4233 3269 4285 ulterius
3317 4232 3630 4299 disciplina,

2058 4337 2225 4391 eaque
2247 4335 2366 4375 cum
2397 4322 2665 4387 agnitione
2694 4330 2943 4389 percepta
2987 4322 3073 4384 sit,
3107 4336 3204 4375 usu
3238 4330 3396 4390 atque
3428 4324 3630 4377 exerci~

2062 4415 2258 4465 titione
2312 4412 2592 4464 firmanda.
2646 4412 2889 4480 Magnum
2948 4412 3087 4466 enim
3144 4413 3342 4480 aliquid
3394 4414 3630 4466 locorum

382 4499 618 4567 subjecta
649 4508 752 4564 est,
798 4502 849 4553 id
887 4511 969 4555 est
1008 4503 1303 4568 dialectico,
1346 4505 1569 4565 oratori,
1614 4506 1948 4574 philosopho,
1976 4502 2027 4560 D
2055 4501 2410 4555 consideratio
2436 4501 2737 4569 pollicetur,
2765 4502 2973 4554 scilicet
2995 4502 3294 4555 inveniendi
3324 4503 3454 4555 vias.
3478 4502 3630 4568 Quod

382 4588 654 4657 sophista).
693 4589 929 4655 Quorum
974 4592 1188 4658 quidem
1232 4593 1543 4647 dialecticus
1581 4604 1736 4663 atque
1774 4608 1951 4649 orator

380 4678 434 4732 in
466 4678 735 4731 communi
778 4691 1213 4746 argumentorum
1256 4692 1441 4735 natura
1491 4697 1754 4739 versatur.
1796 4687 1951 4741 Uter-

380 4781 483 4834 que
512 4768 652 4820 enim
699 4768 811 4828 sive
854 4772 1174 4833 necessaria,
1218 4771 1329 4823 sive
1376 4772 1611 4833 minime,
1662 4776 1951 4841 probabilia

380 4865 555 4909 tamen
581 4867 887 4925 argumenta
910 4860 1170 4926 sequitur.
1199 4860 1288 4912 llis
1310 4861 1465 4929 igitur
1486 4861 1588 4914 illa:
1606 4863 1722 4916 dure
1745 4865 1951 4932 species

379 4950 677 5015 argumenti
703 4950 1045 5017 famulantur,
1073 4966 1191 5018 qua:
1218 4960 1343 5004 sunt
1375 4950 1652 5018 probabile
1682 4968 1742 5006 ac
1768 4970 1952 5010 neces-

2059 4593 2268 4662 quidem
2301 4592 2353 4645 hi
2379 4593 2466 4660 qui
2492 4600 2615 4645 sunt
2645 4591 2802 4659 hujus
2830 4590 3049 4644 rationis
3074 4602 3323 4659 experte;
3353 4594 3451 4645 soli
3483 4608 3630 4660 pror-

2059 4700 2149 4738 sus
2176 4684 2434 4751 deputant
2462 4682 2697 4747 ingenio,
2723 4697 2891 4750 neque
2914 4681 3215 4749 intelligunt
3245 4693 3501 4749 quantum
3535 4684 3631 4737 hac

2059 4772 2481 4826 consideratione
2510 4778 2779 4839 quaeratur
2808 4787 2925 4839 quae
2954 4771 3004 4823 in
3034 4781 3201 4826 artem
3232 4774 3422 4841 redigit
3450 4775 3551 4826 vim
3583 4787 3631 4830 et

2059 4872 2373 4932 potestatem
2427 4874 2647 4914 natum.
2698 4861 2804 4915 Sed
2850 4863 2916 4916 de
2960 4862 3039 4916 his
3082 4862 3356 4916 hactenus.
3390 4863 3537 4917 Nunc
3569 4866 3632 4919 de

2060 4956 2278 5023 reliquis
2304 4955 2639 5021 explicemus

378 5079 3612 5105 mw

1465 5180 1805 5262 LIBER
1864 5181 2512 5266 SECUNDUS.

1924 5344 2198 5361 —~a-——

449 5444 636 5500 Omnia
656 5446 869 5514 quidem
894 5463 1012 5515 qum
1041 5449 1333 5514 superioris
1356 5450 1493 5503 serie
1533 5449 1816 5503 voluminis
1847 5465 1942 5503 ex-

355 5537 556 5604 ‘pedita
579 5546 739 5603 sunt,
785 5539 960 5592 minus
991 5538 1307 5607 quibusdam
1340 5538 1556 5594 forsitan
1600 5538 1825 5593 eruditis
1852 5553 1943 5593 su-

379 5642 712 5693 pervacanea
756 5628 1148 5695 quodammodo
1177 5638 1230 5682 et
1273 5631 1421 5697 quasi
1469 5630 1820 5699 dependentia
1868 5632 1944 5683 vi-

377 5719 660 5772 debuntur.
715 5717 844 5772 Nam
886 5734 1005 5773 cum
1037 5719 1105 5773 de
1133 5718 1442 5775 differentiis
1473 5721 1657 5790 [opicis
1687 5721 1946 5775 libroruin

2057 5451 2263 5505 titulum
2296 5450 2554 5520 legerint,
2603 5455 2815 5507 omissis
2855 5452 3108 5507 doctrinae
3148 5455 3399 5523 gradibus
3445 5459 3625 5511 statim

2059 5538 2214 5594 finem
2261 5542 2439 5609 operis
2466 5542 2763 5595 attendunt.
2796 5542 2917 5594 Mihi
2945 5553 3118 5597 autem
3165 5548 3520 5600 necessarium
3555 5547 3625 5599 vi-

2056 5631 2209 5685 detur
2238 5632 2399 5700 quod,
2432 5622 2531 5689 nisi
2582 5633 2647 5686 sit
2678 5632 3084 5702 przecognitum,
3133 5618 3196 5688 ad
3229 5636 3479 5691 ulteriora
3506 5638 3621 5691 dis-

2057 5720 2224 5775 centis
2272 5712 2480 5777 animus
2531 5723 2811 5793 pervenire
2841 5738 2942 5777 non
2976 5727 3161 5793 possit,
3217 5725 3266 5779 bi
3294 5732 3617 5798 quoquequi
