4274 6272
687 356 822 409 H85

1916 358 2024 409 AN.
2067 355 2268 409 MANL.
2311 355 2458 409 δην.
2506 353 2717 407 θυιτλι

3782 352 3916 405 H81

693 485 833 523 nunc
860 485 1070 522 onmem
1118 466 1267 531 primi
1295 458 1574 518 vo.uminis
1604 467 2014 534 disputationem
2057 482 2243 531 super-
2278 470 2321 525 Α
2353 467 2649 517 universale
2693 473 2805 516 erat
2857 469 3124 515 concinuit
3177 461 3274 511 hoc
3324 460 3501 522 modo,
3554 460 3606 514 in
3659 464 3912 518 omnibus

686 559 842 610 ﬂuam
871 566 1088 623 putant,
1115 563 1157 607 si
1201 566 1384 607 cuncta
1414 555 1713 624 perlegam,
1744 557 2241 623 contextionemque

683 649 859 714 operis
917 657 1090 699 mente
1121 660 1181 698 ac
1213 645 1417 699 ratione
1454 646 1764 698 collustrent
1792 685 1805 707 ,
1847 646 2091 699 desinent
2124 661 2244 713 pro-

685 717 819 787 iecto
844 735 1083 802 judicare
1112 737 1454 801 snperlluum,
1508 735 1645 802 quod
1688 737 1985 788 necessario
2015 735 2243 788 viderint

684 824 734 875 in
761 832 905 889 parte
930 824 1104 889 operis
1132 824 1464 876 collocatum.
1498 827 1669 890 Atque
1699 823 1810 875 haec
1840 823 2113 876 hactenus.
2138 822 2243 875 Sed

682 913 929 980 quoniam
962 913 1027 965 de
1058 913 1138 965 his
1179 928 1293 980 quae
1322 921 1473 965 antea
1524 911 1813 979 posuimus,
1845 910 1895 963 id
1923 921 2001 963 est
2024 912 2091 964 de
2116 925 2239 978 pro-

684 1000 942 1063 positione
963 1044 975 1065 ,
1014 1003 1325 1068 qumstione,
1356 1001 1716 1064 conclusione,
1759 1008 2067 1067 argumento
2095 999 2243 1052 sulti-

679 1090 879 1142 cienter
917 1091 1113 1142 dictum
1138 1100 1238 1157 est,
1272 1106 1408 1143 nunc
1435 1090 1502 1145 de
1539 1092 1995 1159 argumentatione
2051 1098 2240 1143 tracte-

680 1195 818 1233 mus.
848 1184 1246 1249 Argumentatio
1279 1192 1359 1235 est
1392 1198 1483 1249 per
1506 1183 1802 1235 orationem
1834 1183 2126 1249 argumenti
2148 1197 2243 1234 ex-

681 1272 913 1338 plicatio.
973 1273 1135 1339 llujus
1186 1283 1360 1325 autem
1401 1273 1606 1340 species
1642 1273 1757 1325 dna:
1787 1282 1945 1337 sunt,
1990 1287 2090 1325 una
2123 1287 2241 1340 qua:

684 1364 1043 1432 syllogismus,
1091 1364 1257 1417 altera
1295 1379 1413 1430 quae
1436 1374 1656 1416 vocatur
1698 1364 1952 1417 inductio.
1987 1363 2242 1430 Syllogis-

683 1468 800 1505 mus
826 1463 905 1506 est
928 1455 1097 1505 oratio
1146 1454 1200 1505 in
1233 1469 1332 1520 qua
1363 1454 1677 1522 quibusdam
1725 1454 1911 1524 positis
1936 1462 1991 1507 et
2020 1468 2241 1508 conces-

679 1541 752 1592 sis
776 1580 789 1603 ,
840 1540 981 1593 aliud
1009 1542 1254 1609 quiddam
1287 1556 1379 1609 per
1407 1557 1468 1595 ea
1515 1542 1626 1610 ipsa
1657 1558 1774 1611 qua:
1798 1552 2049 1598 concessa
2076 1553 2197 1597 sunt
2219 1583 2237 1608 ,

679 1630 892 1683 evenire
938 1646 1155 1684 necesse
1205 1640 1302 1695 est,
1349 1648 1504 1700 quam
1535 1633 1639 1685 sint
1668 1638 1777 1701 ipsa
1819 1648 1937 1701 qua:
1984 1648 2236 1687 concessa

679 1729 820 1771 sunt.
850 1719 1015 1788 llujus
1062 1721 1389 1775 difllnitionis
1430 1724 1690 1775 rationem
1738 1723 1999 1777 secundus
2026 1724 2237 1792 quidem

2346 570 2556 622 quoque
2583 556 2761 616 rebus,
2788 568 2889 604 non
2915 561 3057 605 scite
3088 553 3325 613 dttcttttn,
3344 554 3437 604 Sed
3467 562 3581 605 arte
3611 554 3907 620 principem

2345 645 2539 696 debere
2570 646 2824 710 praeponi.
2843 644 2995 707 Saepe
3026 654 3199 694 autem
3233 642 3511 693 multorum
3536 643 3755 695 collecta
3784 659 3908 709 par-

2347 732 2631 799 ticularitas
2654 730 2793 783 aliud
2834 730 3085 798 quiddam
3117 730 3432 796 particulare
3464 732 3815 793 demonStrat,
3853 747 3905 784 nt

2343 820 2385 872 si
2417 821 2532 887 quis
2563 821 2639 871 sic
2668 819 2845 871 dicat:
2872 818 2926 871 Si
2959 833 3129 885 neque
3152 820 3403 879 navibus,
3436 833 3608 886 neque
3641 820 3904 881 curribus,

2344 896 2512 974 neque
2565 908 2704 975 agris
2752 915 2892 959 sorte
2924 916 3301 974 praaponnntur
3330 916 3565 960 rectores
3589 946 3604 971 ,
3633 908 3722 961 'ne
3752 911 3911 962 rebus

2342 1003 2557 1067 quidem
2601 999 2824 1065 publicis
2872 1008 3109 1052 rectores
3149 1007 3291 1052 sorte
3317 998 3543 1051 ducendi
3588 1008 3728 1052 sunt.
3758 1000 3906 1065 Quod

2341 1088 2815 1154 argumentationis
2842 1100 3011 1154 genus
3040 1086 3268 1141 maxime
3306 1088 3441 1140 solet
3470 1102 3587 1140 esse
3606 1088 3905 1155 probabile.

2341 1179 2442 1232 etsi
2471 1195 2574 1231 non
2608 1194 2812 1247 aequam
2838 1178 3144 1247 syllogismo
3170 1177 3362 1231 habeat
3386 1178 3700 1231 ﬁrmitatem.
3731 1179 3908 1249 Syllo—

2340 1266 2539 1333 gismus
2569 1281 2796 1334 namque
2821 1268 2888 1319 ab
2917 1267 3300 1319 nniversalibus
3332 1270 3381 1319 in
3425 1268 3755 1333 particularia
3805 1270 3906 1322 de-

2340 1360 2506 1408 currit
2533 1396 2549 1422 ,
2598 1366 2787 1423 estque
2836 1357 2887 1409 in
2916 1370 2981 1409 eo
3006 1396 3019 1418 ,
3042 1357 3087 1408 si
3118 1356 3255 1409 veris
3296 1357 3737 1422 propositionibus
3770 1372 3903 1411 con-

2343 1455 2570 1512 texatur,
2599 1448 2744 1501 ﬁrma
2776 1458 2935 1516 atque
2962 1449 3410 1502 incommutabilis
3453 1452 3669 1504 veritas.
3702 1455 3773 1505 At
3818 1454 3901 1505 in-

2340 1536 2521 1589 ductio
2539 1537 2747 1604 quidem
2773 1537 2927 1590 habet
2945 1538 3226 1590 maximam
3243 1538 3685 1604 probabilitatem,
3709 1543 3802 1595 sed
3825 1543 3904 1595 in-

2340 1627 2544 1680 terdum
2567 1630 2788 1681 veritate
2802 1626 3002 1691 delicit,
3030 1635 3087 1679 ut
3106 1628 3158 1679 in
3183 1627 3310 1681 hac:
3330 1628 3429 1693 Qui
3450 1630 3551 1682 scit
3569 1643 3764 1684 canere
3776 1645 3905 1684 can-

2342 1726 2424 1769 tor
2453 1727 2535 1770 est
2563 1757 2577 1779 ,
2619 1726 2675 1770 et
2697 1718 2786 1785 qui
2810 1716 2997 1769 luctari
3024 1716 3251 1770 luctator
3277 1727 3377 1779 est,
3405 1720 3603 1786 quique
3638 1720 3903 1774 :ndilicare

679 1809 809 1863 ﬁber
866 1824 1046 1865 eorum
1101 1814 1290 1880 quibus
1360 1814 1736 1867 institutionem
1790 1817 1841 1867 in
1900 1814 2237 1883 υειεεοτίροξ
2262 1809 2314 1866 Β
2339 1804 2626 1857 tedilicator
2655 1814 2756 1859 est.
2780 1805 2984 1868 Quibus
3013 1805 3192 1858 multis
3225 1806 3383 1859 simili
3410 1806 3621 1859 ratione
3659 1808 3903 1861 collectis

680 1900 995 1967 scripsimus
1026 1903 1370 1971 Syllogismus
1400 1904 1555 1970 plene
1590 1903 1847 1957 continet.
1891 1903 1994 1957 Sed
2024 1914 2236 1971 propter

679 1985 974 2041 intellectus
999 1988 1296 2043 facilitatem
1321 1990 1460 2044 idem
1488 1991 2027 2059 breviteraperiemus
2055 2006 2237 2046 exem-

681 2078 786 2144 plo.
816 2078 897 2132 Sit
918 2080 1057 2132 enim
1086 2080 1422 2149 syllogismus
1454 2081 1539 2135 hic
1566 2100 1577 2132 :
1632 2085 1806 2135 omnis
1838 2082 1997 2137 homo
2044 2083 2234 2136 animal

680 2175 781 2229 est,
809 2182 965 2221 omne
1004 2170 1197 2222 animal
1225 2172 1517 2225 substantia
1547 2180 1648 2237 est,
1675 2173 1851 2225 omnis
1895 2173 2055 2241 igitur
2077 2173 2236 2227 homo

678 2257 966 2309 substantia
989 2266 1087 2311 est.
1114 2260 1300 2313 Totum
1325 2260 1480 2328 igitur
1504 2260 1604 2314 hoc
1626 2262 1796 2314 oratio
1817 2271 1919 2325 est,
1941 2262 1992 2313 in
2015 2275 2115 2330 qna
2143 2276 2237 2329 po-

679 2345 795 2397 sitis
822 2348 1130 2413 quibusdam
1163 2358 1216 2402 et
1242 2352 1530 2413 concessis,
1580 2351 1631 2404 id
1661 2359 1745 2404 est
1766 2351 1967 2404 duabus
1997 2353 2237 2419 proposi-

680 2436 909 2491 tionibus
938 2453 1054 2505 quae
1072 2447 1216 2504 sunt,
1245 2441 1419 2493 omnis
1450 2440 1609 2493 homo
1646 2440 1839 2493 animal
1867 2450 1968 2507 est,
1999 2450 2051 2495 et
2079 2457 2236 2495 omne

678 2527 872 2578 animal
930 2528 1219 2581 substantia
1272 2541 1387 2593 est,
1437 2545 1531 2596 per
1588 2545 1649 2583 ea
1682 2532 1791 2597 ipsa
1840 2548 1955 2600 qua:
1981 2546 2257 2586 concessa»

678 2624 819 2676 sunt,
844 2617 1067 2668 ellicitur
1096 2618 1236 2669 aliud
1265 2619 1500 2685 aliquod,
1528 2620 1577 2671 id
1610 2621 1816 2675 scilicet
1840 2622 1980 2689 quod
2003 2632 2083 2674 est
2109 2638 2236 2675 con-

678 2704 846 2755 clusio
874 2744 888 2765 ,
919 2706 1091 2757 omnis
1141 2708 1299 2774 igitur
1322 2708 1480 2761 homo
1520 2711 1809 2763 substantia
1855 2722 1954 2765 est.
1988 2714 2085 2765 Per
2117 2730 2236 2782 pro-

680 2792 969 2859 positiones
1000 2794 1139 2846 euim
1174 2812 1290 2862 qua:
1333 2812 1600 2851 concessae
1644 2810 1784 2863 sunt,
1821 2803 2093 2868 sequentia
2145 2818 2236 2857 ne-

680 2885 911 2937 cessario
940 2886 1293 2939 coiiclusionis
1325 2888 1566 2943 inlerlnr.
1617 2890 1751 2943 Sttnt
1790 2903 1963 2944 autem
1998 2895 2233 2960 proposi~

679 2974 847 3023 tiones
869 2974 946 3023 Ine
974 2992 984 3023 :
1020 2976 1193 3027 omnis
1217 2975 1372 3028 homo
1403 2978 1595 3030 animal
1621 2989 1718 3041 est,
1754 2991 1806 3033 rt
1847 2995 2004 3034 omne
2035 2984 2231 3035 animal

677 3062 965 3114 substanta
994 3074 1069 3118 est
1098 3105 1111 3128 ,
1163 3078 1318 3134 atque
1348 3082 1413 3120 ex
1443 3070 1521 3119 liis
1551 3069 1779 3122 ellicitur
1805 3070 1946 3121 aliud
1975 3072 2138 3138 quidd
2160 3088 2226 3124 .m

2340 1895 2518 1948 inferri
2552 1904 2746 1960 potest,
2777 1896 2865 1963 qui
2894 1896 2995 1949 scit
3023 1897 3179 1963 igitur
3206 1897 3403 1950 malum
3434 1899 3601 1951 malus
3630 1909 3733 1963 est,
3761 1904 3901 1969 quod

2338 2002 2442 2038 non
2483 1986 2743 2054 procedit.
2786 1986 2904 2039 Mali
2949 1985 3144 2054 quippe
3174 1987 3355 2040 notitia
3378 1987 3569 2041 deesse
3617 1989 3757 2041 bono
3796 2005 3900 2045 non

2338 2085 2531 2142 potest,
2567 2075 2732 2128 virtus
2762 2072 2905 2129 enim
2923 2090 3042 2128 sese
3059 2076 3234 2144 diligit
3262 2088 3311 2129 et
3336 2089 3653 2144 aspernatur
3680 2088 3898 2131 contra-

2336 2173 2435 2238 ria,
2466 2186 2564 2226 nec
2585 2173 2748 2225 vitare
2774 2172 2957 2226 vitium
2986 2172 3085 2225 nisi
3114 2172 3383 2239 cognitum
3412 2180 3589 2239 queat.
3626 2172 3713 2224 llis
3743 2173 3899 2239 igitur

2336 2261 2542 2315 duobus
2575 2262 2718 2315 velut
2747 2260 3021 2329 principiis
3050 2270 3103 2315 et
3127 2261 3411 2329 generibus
3466 2264 3898 2329 argumentandi.

2335 2351 2441 2403 duo
2498 2350 2710 2418 quidem
2765 2350 2855 2402 alii
2905 2350 3380 2415 deprehenduntur
3429 2352 3898 2415 argumentationis

2335 2442 2497 2504 modi,
2523 2454 2656 2494 unus
2681 2441 2893 2507 quidem
2922 2440 3226 2507 syllogismo
3250 2478 3266 2503 ,
3296 2441 3428 2493 alter
3458 2454 3577 2493 vero
3604 2439 3894 2493 inductioni

2335 2528 2661 2594 suppositus;
2696 2527 2746 2579 in
2774 2528 2969 2595 quibus
2992 2528 3204 2594 quidem
3235 2538 3529 2596 promptum
3556 2528 3622 2578 sit
3648 2528 3895 2581 conside-

2336 2631 2455 2669 rare
2482 2615 2620 2683 quod
2654 2617 2742 2669 ille
2767 2616 2981 2684 quidem
3015 2630 3045 2666 a
3074 2616 3385 2685 syllogismo
3409 2658 3426 2681 ,
3468 2616 3553 2670 ille
3580 2631 3704 2670 vero
3725 2617 3792 2669 ab
3816 2618 3898 2670 in-

2334 2705 2582 2759 ductione
2627 2706 2782 2759 ducat
2804 2707 3078 2759 exordium
3111 2748 3125 2771 ,
3168 2722 3273 2759 non
3306 2715 3480 2759 tamen
3504 2716 3595 2759 aut
3624 2707 3709 2760 hic
3737 2708 3898 2775 syllo-

2333 2795 2557 2860 gismum
2586 2835 2601 2857 ,
2662 2806 2752 2847 aut
2798 2795 2884 2847 ille
2939 2795 3156 2861 impleat
3194 2794 3576 2849 inductionem.
3612 2796 3674 2847 Hi
3719 2808 3897 2849 autem

2332 2892 2457 2936 sunt
2527 2891 2867 2953 enthymema
2936 2894 3093 2951 atque
3160 2886 3481 2952 exemplum.
3542 2886 3897 2955 Enthymetna

2331 2974 2526 3041 quippe
2555 2984 2636 3027 est
2688 2973 3031 3042 imperfectus
3061 2976 3423 3043 syllogismus,
3456 2976 3503 3027 id
3539 2986 3621 3029 est
3646 2977 3816 3029 oratio
3846 2978 3897 3030 in

2331 3076 2435 3129 qua
2460 3078 2563 3114 non
2595 3063 2847 3115 omnibus
2906 3073 3059 3115 antea
3103 3065 3548 3130 pr0p0sitionibus
3596 3065 3897 3117 constitutis

676 3168 830 3220 quam
854 3167 975 3207 sunt
998 3158 1102 3223 ipsa
1123 3175 1237 3223 quze
1259 3171 1509 3212 concessa
1528 3168 1667 3211 sunt.
1694 3160 2037 3213 (Ioncluditnr
2057 3162 2226 3215 enim:
2257 3148 2300 3207 C
2333 3148 2364 3202 ίι

2215 3181 2226 3214 ε
2257 3148 2300 3207 C
2333 3148 2556 3203 inicitur
2580 3152 2819 3204 testinata
2845 3152 3135 3214 conclusio,
3159 3163 3213 3204 ut
3239 3153 3279 3205 si
3303 3154 3422 3221 quis
3451 3155 3521 3205 ita
3541 3154 3713 3207 dicat:
3740 3155 3896 3218 homo

677 3245 831 3309 igitur
859 3249 1032 3298 omnis
1060 3249 1216 3299 homo
1252 3248 1545 3300 subSIantia
1573 3258 1673 3311 est,
1706 3250 1843 3316 quod
1872 3251 2025 3317 longe
2054 3250 2230 3304 diver-

675 3346 789 3383 sum
815 3343 913 3394 t'Sl,
937 3343 988 3386 et
1012 3335 1079 3386 ab
1105 3349 1163 3386 ea
1183 3336 1537 3402 propositione
1553 3351 1668 3404 qua:
1694 3339 1849 3389 dicit:
1878 3339 2048 3389 omnis
2075 3340 2231 3392 homo

674 3421 863 3472 animal
892 3431 993 3485 est,
1027 3423 1167 3475 etab
1188 3438 1249 3476 ea
1279 3440 1397 3492 quae
1428 3428 1693 3493 proponit,
1718 3442 1873 3479 omne
1897 3429 2086 3480 animal
2115 3444 2231 3483 esse

674 3508 1041 3562 substantiam.
1094 3512 1531 3579 Syllogismorum
1575 3529 1701 3567 vero
1747 3516 1831 3565 alii
1892 3518 2219 3581 prtedicativi

671 3606 832 3662 sunt,
877 3600 962 3665 qui
1007 3601 1288 3667 categorici
1332 3611 1604 3662 vocantur,
1672 3603 1761 3654 alii
1813 3604 2225 3673 conditionales,

670 3702 801 3752 quos
834 3687 1200 3755 hypotheticos
1251 3690 1490 3745 dicimus.
1549 3692 1611 3742 Et
1661 3691 1979 3758 prmdicativi
2019 3695 2227 3761 quidem

670 3786 812 3841 sunt,
859 3779 944 3845 qui
989 3793 1053 3831 ex
1084 3780 1329 3833 omnibus
1379 3782 1732 3849 pr..dirativis
1783 3784 2229 3850 propositionibus

668 3877 1071 3935 connecmntnr,
1098 3879 1153 3923 ut
1183 3872 1225 3923 is
1253 3887 1409 3939 quem
1434 3874 1663 3939 exempli
1687 3875 1853 3940 gratia
1876 3876 2117 3941 superius
2135 3891 2227 3929 an-

669 3960 864 4021 notavi,
908 3962 1152 4014 omnibus
1198 3963 1338 4015 enim
1389 3964 1738 4031 prtedicativis
1786 3966 2228 4035 propositionibus

667 4049 879 4102 texitur.
917 4050 1247 4118 llypothetici
1287 4068 1411 4107 vero
1459 4066 1605 4121 sunt,
1646 4070 1873 4123 quorum
1909 4058 2226 4123 propositio-

665 4154 759 4192 nes
786 4142 1088 4193 conditione
1113 4128 1415 4207 nectuntur,
1448 4154 1503 4196 ut
1522 4144 1635 4198 hic:
1669 4146 1713 4197 si
1740 4146 1853 4198 dies
1874 4157 1973 4211 est,
2005 4148 2091 4200 lux
2122 4158 2223 4214 est;

664 4238 746 4282 est
771 4239 944 4281 autem
965 4232 1099 4291 dies,
1132 4233 1219 4284 lux
1244 4234 1399 4299 igitur
1430 4243 1541 4295 est;
1578 4237 1869 4301 propositio
1895 4238 2034 4289 enim
2059 4238 2224 4305 prima

662 4318 1015 4372 conditionem
1050 4329 1188 4371 tvnet
1215 4323 1369 4383 hane,
1398 4324 1647 4386 quoniam
1676 4325 1743 4375 ita
1768 4324 1984 4377 demum
2011 4327 2095 4377 lux
2120 4336 2221 4388 est,

662 4409 703 4459 si
735 4408 849 4461 dies
871 4419 969 4461 est.
1003 4410 1173 4476 Atque
1198 4412 1316 4463 ideo
1347 4412 1688 4479 syllogismus
1711 4414 1794 4465 hie
1827 4414 2215 4482 hypotltoticus,

661 4499 708 4550 id
733 4508 834 4563 est,
864 4501 1235 4553 conditionalis
1260 4512 1492 4554 vocatur.
1527 4503 1761 4555 Induclio
1784 4520 1909 4557 vero
1939 4517 2018 4559 est
2044 4511 2215 4561 oratio

659 4603 752 4654 per
774 4605 928 4655 quant
964 4592 1067 4642 lita
1101 4594 1503 4658 particularihus
1533 4594 1596 4644 ad
1630 4594 1944 4648 universalia
1977 4612 2217 4666 progres-

656 4679 754 4743 sio,
782 4679 882 4732 hoc
914 4680 1069 4733 modo
1100 4698 1111 4732 :
1154 4682 1208 4735 Si
1239 4682 1288 4733 in
1346 4683 1590 4750 regendis
1635 4685 1856 4739 navibus
1891 4700 1993 4739 non
2034 4695 2212 4752 sorte,

655 4770 747 4821 sed
780 4782 930 4834 arte,
974 4773 1185 4839 eligitur
1209 4774 1565 4840 gubernator;
1614 4776 1656 4827 si
1698 4775 1749 4827 in
1796 4778 2041 4845 regendis
2067 4778 2216 4845 equis

654 4861 831 4929 auriga
862 4876 964 4913 non
1009 4862 1168 4914 sortis
1198 4875 1408 4924 eventu,
1440 4866 1531 4915 sed
1580 4866 1710 4916 artis
1761 4867 2215 4919 commendatione

654 4954 967 5015 assumitur;
1020 4955 1062 5004 si
1109 4953 1159 5004 itt
1210 4955 1628 5006 administranda
1674 4957 1938 5023 republica
1973 4974 2075 5009 non
2098 4973 2213 5010 Sors

656 5042 948 5109 principem
977 5042 1120 5104 facit,
1144 5044 1235 5094 sed
1270 5044 1451 5110 petilia
1482 5045 1809 5110 moderandi,
1836 5046 2134 5113 similiaque
2162 5066 2211 5100 tn

656 5131 892 5197 pluribus
918 5133 1337 5199 conquiruntur,
1384 5133 1573 5199 quibus
1616 5134 1855 5196 infertur,
1890 5144 1943 5186 et
1985 5138 2032 5186 in
2072 5137 2211 5187 ontni

651 5237 731 5288 qtr
756 5236 857 5288 que
882 5236 937 5275 re
961 5221 1351 5290 quamqttisqtte
1375 5223 1479 5289 regi
1504 5230 1659 5290 atque
1700 5224 2055 5275 administrari
2098 5241 2218 5293 gra-

650 5313 784 5362 viter
807 5313 967 5373 volct,
995 5326 1095 5363 non
1122 5324 1262 5364 sorte
1280 5312 1664 5375 accommodat,
1684 5312 1775 5365 sed
1801 5324 1911 5367 arte
1930 5324 2209 5367 rectorem.

659 5384 809 5455 Vides
846 5404 997 5471 igitur
1028 5402 1291 5471 quontodo
1331 5418 1422 5470 per
1447 5402 1679 5470 singulas
1708 5419 1792 5457 res
1815 5414 1991 5456 currat
2022 5408 2209 5468 oratio,

653 5502 706 5541 nt
732 5493 796 5544 ad
824 5495 1121 5547 universale
1147 5494 1438 5562 perveniat.
1466 5494 1594 5547 Nam
1619 5511 1736 5547 cum
1765 5511 1865 5548 non
1915 5506 2055 5550 sorte
2082 5500 2209 5566 regi,

650 5585 741 5637 sed
769 5598 901 5651 arte,
935 5589 1127 5651 navim,
1169 5605 1379 5642 currum
1405 5600 1455 5641 et
1488 5590 1862 5658 tempublicam
1896 5590 2209 5657 collegisset,

653 5681 796 5740 quasi
827 5682 874 5731 itt
906 5682 1111 5732 caeteris
1162 5696 1369 5745 Quoque
1401 5681 1468 5732 ita
1496 5698 1610 5734 sese
1656 5697 1739 5734 res
1796 5680 2011 5746 habeat,
2070 5681 2209 5747 quod

2334 3242 2525 3294 animal
2573 3254 2676 3307 est,
2708 3243 2998 3296 substantia
3033 3242 3187 3311 igitur
3234 3253 3337 3298 est.
3372 3244 3715 3297 l’rzetermisit
3756 3246 3896 3297 enim

2333 3334 2552 3385 alteram
2580 3334 2991 3400 propositionem
3018 3347 3117 3399 qua
3156 3332 3487 3399 praponitur,
3512 3342 3672 3387 omne
3700 3335 3894 3387 animal

2332 3433 2411 3475 est
2438 3426 2751 3476 substantia.
2779 3426 2916 3491 Ergo
2944 3424 3195 3491 quoniam
3220 3423 3561 3492 enthymema
3589 3425 3657 3476 ab
3688 3426 3895 3477 univcr-

2332 3515 2532 3567 salibns
2562 3516 2625 3567 ad
2660 3516 2998 3581 particularia
3028 3516 3297 3582 probanda
3324 3515 3597 3567 contendit
3645 3517 3796 3583 quasi
3822 3518 3893 3568 si-

2334 3605 2455 3677 tni‘e
2476 3606 2782 3673 syllogismo
2803 3615 2916 3669 est;
2941 3606 3080 3673 quod
3103 3620 3229 3658 vero
3250 3622 3355 3658 non
3379 3607 3625 3659 omnibus
3641 3621 3894 3674 quaecun-

2340 3692 2876 3763 vcniuntsyllogismo
2896 3696 3059 3748 utitur
3092 3696 3563 3762 propositionibus,
3596 3714 3625 3748 a
3654 3699 3893 3766 syllogis-

2332 3786 2400 3835 nti
2445 3786 2649 3838 ratione
2690 3786 2936 3849 discedit,
2964 3799 3121 3851 atque
3154 3786 3274 3839 ideo
3307 3786 3648 3852 imperfectus
3679 3795 3891 3839 iocatus

2332 3885 2412 3925 cst
2442 3875 2805 3942 syllogismus.
2836 3874 3148 3942 Exemplum
3175 3889 3383 3942 quoque
3410 3875 3698 3928 inductioni
3729 3876 3888 3927 simili

2331 3964 2540 4016 ratione
2566 3965 2843 4031 cupulatur
2872 3974 2928 4018 et
2951 3969 3018 4018 ab
3059 3982 3116 4017 ea
3148 3965 3390 4019 dissidet.
3422 3966 3518 4018 Est
3545 3966 3686 4021 enim
3714 3981 3887 4019 exent-

2330 4056 2467 4121 plum
2520 4059 2655 4121 quod
2686 4072 2777 4120 ιιι-ι’
2808 4056 3125 4123 particulare
3176 4058 3502 4124 propositum
3533 4098 3546 4119 ,
3580 4058 3893 4125 particulare

2326 4146 2587 4208 quoddam
2615 4147 2891 4199 contendit
2918 4148 3201 4201 ostendere
3233 4148 3333 4201 hoc
3376 4148 3534 4202 modo
3557 4165 3570 4201 :
3593 4151 3811 4214 Oportet
3858 4170 3886 4199 a

2329 4235 2504 4289 Tullio
2549 4237 2764 4289 coitsule
2809 4238 2986 4289 necari
3043 4238 3344 4301 Catilinam,
3396 4254 3513 4292 cum
3559 4254 3587 4290 a
3634 4238 3887 4305 Scipione

2324 4324 2595 4377 Gracchus
2644 4324 2800 4379 fuerit
2845 4325 3215 4394 interemptus.
3251 4329 3612 4395 Approbatum
3639 4336 3719 4381 est
3739 4329 3887 4381 enim

2321 4415 2600 4465 Catilinam
2622 4430 2649 4466 a
2678 4414 2938 4467 Cicerone
2960 4416 3156 4470 debere
3181 4417 3389 4484 perimi,
3419 4419 3558 4485 quod
3583 4434 3609 4467 a
3640 4417 3890 4483 Scipione

2244 4490 2296 4549 Β
2321 4500 2587 4554 Gracchus
2628 4502 2789 4557 fuerit
2831 4504 3059 4556 occisus.
3107 4505 3235 4570 Quae
3300 4514 3520 4572 utraque
3550 4506 3889 4572 particularia

2321 4606 2438 4644 esse
2467 4606 2537 4643 ac-
2554 4609 2655 4643 non
2690 4588 3007 4645 universalia
3039 4593 3385 4661 Singularium
3434 4594 3681 4661 designat
3719 4594 3886 4647 inter-

2324 4681 2513 4747 positio
2559 4696 2929 4747 personarum.
2980 4682 3237 4746 Quotiiam
3268 4684 3426 4748 igitur
3466 4697 3530 4735 ex
3564 4692 3714 4748 parte
3771 4697 3888 4747 pais

2320 4771 2666 4836 approbatur,
2696 4772 2846 4837 quasi
2872 4771 3203 4825 inductionis
3227 4771 3632 4824 similitudinem
3668 4782 3809 4824 tenet
3837 4772 3883 4822 id

2322 4861 2460 4926 quod
2510 4860 2810 4925 exemplum
2859 4875 3128 4915 vocamus.
3185 4862 3333 4927 Quod
3394 4876 3520 4914 vero
3554 4878 3658 4913 non
3708 4860 3886 4928 plures

2318 4953 2506 5017 qmbus
2538 4952 2589 5003 id
2623 4951 2836 5013 elliciat,
2868 4953 3065 5020 colligit
3108 4962 3302 5020 partes,
3336 4953 3404 5003 ab
3433 4952 3743 5005 inductione
3771 4950 3883 5001 dis-

2318 5040 2475 5089 cedit.
2506 5039 2577 5091 lta
2612 5041 2769 5108 igitur
2798 5040 2915 5093 dua:
2945 5051 3066 5093 sunt
3101 5040 3498 5109 argumentandi
3522 5041 3724 5106 species
3745 5038 3885 5105 prin-

2318 5132 2539 5198 cipales,
2570 5150 2671 5185 una
2702 5150 2819 5200 quae
2847 5136 3039 5189 dicitur
3062 5135 3424 5205 syllogismus,
3452 5136 3615 5188 altera
3646 5149 3762 5201 qua:
3794 5150 3885 5184 vo-

2318 5233 2469 5275 catur
2500 5222 2751 5278 inductio.
2778 5225 2887 5279 Sub
2920 5227 2999 5278 his
3039 5212 3216 5277 autcni
3251 5226 3390 5278 velut
3416 5241 3478 5277 ex
3507 5225 3587 5277 liis
3619 5225 3883 5275 manantia

2322 5316 2661 5384 enthymema
2692 5326 2848 5385 atque
2874 5318 3193 5384 exemplum.
3219 5318 3346 5381 Qua:
3375 5316 3588 5380 quidem
3621 5315 3795 5366 omnia
3820 5322 3881 5366 ex

2322 5406 2635 5474 sylogismo
2689 5409 2973 5471 ducuntur,
3033 5416 3084 5459 et
3126 5422 3188 5459 ex
3238 5406 3544 5474 syllogismo
3576 5406 3715 5456 vires
3746 5402 3883 5455 acci-

2322 5498 2499 5561 piunt;
2533 5499 2643 5549 sive
2675 5497 2816 5549 enim
2855 5498 2924 5550 sit
2953 5499 3287 5566 enthymema
3312 5536 3323 5558 ,
3356 5495 3467 5548 sive
3493 5494 3749 5555 inductio,
3775 5493 3884 5544 sive

2320 5586 2639 5654 exemplum,
2692 5602 2755 5639 ex
2786 5588 3093 5655 syllogismo
3122 5588 3260 5639 vires
3289 5602 3443 5654 quam
3475 5584 3702 5637 maxime
3727 5581 3882 5635 ﬁdem

2322 5678 2489 5744 Capit,
2524 5677 2661 5745 quod
2696 5680 2745 5729 in
2779 5678 3047 5731 Prioribus
3080 5678 3426 5731 liesolutoriis
3454 5718 3467 5738 ,
3498 5690 3613 5742 anc
3641 5675 3706 5726 ab
3736 5673 3882 5726 Aris-
