4274 6272
359 314 494 368 1185

356 519 484 572 satis
511 528 593 570 est
632 521 696 569 de
726 515 1036 585 syllogismo
1076 512 1362 572 di~5ercre,
1394 507 1542 574 quasi
1575 503 1851 573 principali
1884 514 1937 555 et

357 619 580 663 caeteras
640 604 1111 676 argumentationis
1167 601 1371 670 species
1416 598 1742 650 continente.
1800 593 1936 645 Res-

359 711 435 754 tat
487 715 626 764 nunc
674 699 798 766 quid
828 698 896 749 sit
934 696 1081 747 locus
1111 693 1340 760 aperire.
1389 689 1562 740 Locus
1593 699 1822 751 namque
1856 691 1939 734 est

358 796 442 860 (ut
473 793 537 844 Μ.
559 786 731 843 Tullio
761 789 953 855 placet)
984 784 1137 838 sedes
1167 779 1488 845 argumenti.
1547 773 1712 841 Cujus
1744 769 1939 824 dil'lini-

363 879 522 932 tionis
549 894 665 946 qmc
692 877 758 928 μίῐ
784 876 882 935 vis,
915 873 1096 940 paucis
1125 870 1417 922 absolvam.
1452 863 1764 934 Argumenti
1798 861 1936 912 enim

359 974 515 1023 sedes
572 969 756 1034 partim
811 962 1104 1032 prepositio
1174 959 1402 1011 maxima
1461 954 1684 1022 intelligi
1743 959 1936 1020 potest,

362 1063 550 1128 partim
583 1059 827 1110 maxima:
867 1052 1248 1122 proposifionis
1279 1047 1598 1104 dilTet'cntia.
1656 1046 1784 1098 Nam
1818 1059 1936 1096 cunt

362 1152 466 1202 sint
507 1151 622 1200 alia:
665 1145 1052 1213 propositiones
1092 1157 1209 1209 qua:
1253 1156 1371 1194 cum
1405 1156 1497 1206 per
1537 1153 1593 1191 se
1634 1143 1772 1189 n-ta:
1812 1135 1936 1199 sint,

362 1251 467 1292 tum
502 1237 629 1290 nihil
661 1238 881 1289 ulterius
913 1234 1143 1287 habeant
1169 1247 1274 1300 quo
1301 1231 1754 1288 deiu0ustrentur,
1781 1236 1941 1292 atque

362 1331 440 1381 Ine
491 1328 736 1380 maxima:
792 1334 847 1378 et
892 1323 1210 1392 principales
1249 1330 1521 1382 vocentur,
1565 1317 1775 1384 sintque
1824 1315 1940 1366 alite

360 1432 583 1484 quarum
620 1415 774 1467 ﬁdem
805 1415 991 1483 prima:
1021 1427 1082 1465 ac
1115 1411 1357 1464 maxima)
1394 1409 1676 1477 supplcant
1703 1404 1940 1474 proposi-

365 1511 568 1571 tiones,
605 1519 821 1560 necesse
850 1515 932 1556 est
964 1515 1018 1554 ut
1055 1502 1292 1555 omnium
1323 1515 1438 1568 qua:
1469 1499 1791 1558 dubitantur,
1833 1495 1939 1546 illa:

363 1596 782 1680 alitiqttissitttatn
835 1602 1049 1646 teneant
1095 1593 1481 1660 probationem,
1533 1605 1652 1657 qua:
1703 1588 1773 1640 ita
1823 1585 1942 1664 aliis

365 1677 544 1739 lacere
570 1684 722 1738 Iidem
757 1691 997 1752 possunt,
1032 1691 1087 1734 ut
1124 1684 1252 1750 ipsis
1293 1681 1421 1734 nilnl
1460 1681 1634 1734 notius
1664 1687 1822 1746 queat
1865 1677 1943 1729 iu-

364 1775 553 1828 veniri.
600 1774 727 1826 Nam
758 1773 800 1824 si
832 1781 1200 1840 argumentum
1229 1781 1308 1824 est
1334 1772 1474 1839 quod
1502 1773 1578 1824 rei
1610 1769 1785 1822 dubia:
1817 1767 1940 1821 facit
1977 1781 2017 1838 Β
2047 1785 2270 1825 necesse
2333 1781 2432 1823 est.

365 1864 546 1926 lidern,
572 1861 730 1930 idque
757 1861 933 1914 notius
962 1877 1023 1914 ac
1050 1861 1376 1929 probabilius
1403 1873 1523 1913 esse
1549 1866 1758 1928 Oportet
1784 1873 1853 1926 qu
1872 1872 1941 1909 nm

365 1953 496 2006 illud
528 1960 610 2005 est
644 1950 783 2020 quod
831 1953 1105 2017 probatur,
1148 1965 1366 2003 necesse
1405 1959 1484 2002 est
1521 1959 1576 2001 ut
1618 1949 1944 2016 argumentis

366 2044 612 2096 omnibus
645 2043 732 2095 illa
766 2042 992 2095 maxima
1038 2041 1194 2094 tidem
1226 2041 1484 2103 tribuant,
1521 2053 1639 2108 quae
1667 2039 1739 2090 ita
1768 2052 1859 2105 per
1886 2052 1945 2091 se

367 2145 491 2188 nota
540 2144 686 2199 sunt,
739 2141 795 2185 ut
843 2134 1016 2186 aliena
1067 2134 1381 2200 probatione
1427 2147 1530 2184 non
1579 2139 1788 2198 egeant.
1841 2129 1944 2182 Sed

367 2225 669 2294 hujusntodi
705 2223 993 2292 propositio
1031 2223 1312 2290 aliquoties
1347 2222 1558 2290 quidem
1604 2222 1740 2274 intra
1770 2220 1943 2272 ambi-

367 2325 476 2368 tum
527 2315 824 2382 argumenti
880 2312 1206 2378 continetur,
1274 2314 1572 2382 aliquoties-
1614 2327 1742 2365 vero
1783 2319 1944 2364 “extra

367 2407 534 2474 posita
563 2404 863 2472 argumenti
890 2407 1029 2457 vires
1053 2405 1260 2471 supplet
1289 2418 1350 2457 ac
1377 2405 1598 2472 perlicit.
1632 2404 1946 2470 Exemplum

368 2495 579 2563 quidem
620 2505 699 2548 est
735 2495 853 2563 ejus
882 2495 1201 2563 argumenti,
1253 2497 1392 2562 qttod
1424 2495 1714 2547 maximam
1758 2508 1950 2561 propo-

369 2587 613 2639 sitionem
645 2594 792 2638 tenet
823 2585 1148 2654 hujusmodi.
1197 2584 1277 2639 Sit
1303 2587 1445 2639 enim
1475 2585 1698 2653 quaastio
1740 2599 1805 2637 an
1839 2598 1950 2637 me-

371 2678 473 2730 lius
503 2678 570 2731 sit
599 2694 816 2746 regnum
847 2679 1123 2732 consulatu
1143 2720 1158 2744 ,
1200 2679 1269 2731 ita
1303 2679 1461 2746 igitur
1489 2679 1728 2731 dicemus
1762 2695 1775 2730 :
1810 2676 1950 2744 [teg-

374 2786 499 2822 num
531 2771 831 2824 diuturnius
856 2780 937 2823 est
959 2785 1115 2838 quam
1142 2784 1239 2822 con
1255 2769 1483 2840 sulatus,
1516 2783 1636 2821 cum
1670 2777 1952 2834 utrumque

375 2863 444 2915 sit
475 2864 700 2925 bonum;
751 2871 804 2914 at
844 2877 972 2915 vero
1012 2860 1154 2929 quod
1196 2859 1498 2913 diuturnius
1539 2867 1621 2914 est
1661 2859 1857 2911 bonum
1889 2871 1953 2909 eo

375 2956 516 3022 quod
556 2962 640 3007 est
683 2953 833 3021 porri
875 2951 1132 3019 temporis
1173 2953 1362 3004 melius
1390 2958 1505 3010 est;
1546 2962 1763 3016 regnum
1796 2947 1954 3014 igitur

379 3045 568 3098 melius
600 3055 681 3098 est
721 3059 878 3112 quam
923 3041 1251 3095 consulatus.
1305 3040 1435 3092 lluic
1463 3039 1623 3107 igitur
1669 3051 1954 3106 argumen-

1444 303 1531 358 ΒΕ
1566 296 2032 356 υιΗῈΒΕΝτΠιδ
2071 294 2348 350 TOPICIS.
2393 295 2516 347 LIB.
2563 293 2622 347 ll.

357 425 519 479 totele
579 421 977 484 transtulimus,
1032 419 1457 474 demonstratum
1512 422 1612 467 cst.
1664 412 1923 476 Quocirca
1959 406 2325 478 Aconclusio.
2375 407 2451 458 Ac
2500 405 2635 458 sicut
2689 403 2836 456 locus
2884 403 2936 456 in
2988 417 3045 457 se
3090 404 3330 471 corporis
3381 405 3620 457 continet
3701 449 3710 454 .

3419 345 3433 356 ,
3485 289 3619 343 1186
3662 357 3666 362 _

2041 497 2428 566 quantitatem,
2485 494 2556 547 ita
2605 494 2686 546 hac
2733 494 3120 562 propositiones
3172 509 3290 562 qua:
3339 507 3618 554 suntrna-

2042 591 2220 652 ximat,
2253 589 2387 641 intra
2418 603 2476 640 se
2507 602 2718 639 omnem
2753 587 2855 638 vim
2888 587 3239 654 posteriorum
3269 595 3424 653 atque
3453 587 3618 654 ipsius

2041 676 2397 732 conclusionis
2442 676 2876 744 consequentiam
2925 683 3124 736 tenent,
3171 687 3225 729 et
3266 691 3370 728 uno
3400 679 3613 744 quidem

2042 771 2200 823 modo
2233 770 2398 832 locus,
2433 767 2482 821 id
2513 776 2594 821 est
2622 769 2917 838 argumenti
2947 769 3102 822 sedes
3133 769 3326 822 dicitur
3355 773 3611 832 maxima,

2043 859 2350 928 principalis
2363 873 2465 926 que
2483 858 2772 926 propositio
2790 858 2945 909 ﬁdem
2964 859 3170 911 caeteris
3184 859 3612 912 subministrans.

2043 957 2161 1007 Alio
2202 969 2327 1006 vero
2358 952 2517 1006 modo
2547 952 2647 1005 loci
2684 962 2940 1004 vocantur
2986 953 3335 1004 maximarum
3365 951 3615 1007 dill'eren-

2044 1045 2127 1098 tiae
2175 1046 2627 1120 prepositionum,
2673 1059 2792 1112 qua:
2843 1043 3048 1096 scilicet
3093 1043 3162 1096 ab
3219 1043 3300 1095 bis
3353 1045 3617 1098 ducuntur

2045 1139 2283 1192 terminis
2316 1138 2403 1206 qui
2444 1138 2496 1190 in
2533 1137 2825 1204 qumstione
2854 1146 2974 1187 sunt
3007 1135 3306 1197 constituti,
3335 1134 3400 1187 dc
3428 1137 3618 1202 quibus

2043 1230 2295 1298 deinceps
2324 1229 2689 1283 disserendum
2725 1237 2823 1281 est.
2867 1228 3000 1281 Cum
3041 1227 3184 1280 enim
3231 1227 3337 1280 sint
3375 1227 3618 1295 plurima:

2046 1322 2437 1390 propositiones
2485 1335 2604 1389 quae
2659 1320 2902 1372 maxima:
2951 1327 3227 1381 vocantur,
3281 1318 3468 1387 hasque
3511 1320 3619 1371 sint

2046 1412 2184 1464 inter
2229 1425 2287 1464 se
2327 1410 2633 1472 dissimiles,
2676 1409 3080 1478 quibuscnnque
3124 1409 3437 1462 tlill‘ereuliis
3479 1409 3620 1462 inter

2043 1515 2103 1554 se
2145 1500 2470 1568 discrepant,
2520 1514 2610 1552 eas
2654 1513 2840 1552 omnes
2886 1499 3031 1551 locos
3078 1513 3342 1552 vocamus.
3395 1499 3525 1552 Nam
3571 1500 3616 1553 si

2045 1592 2176 1659 ipsa:
2199 1606 2230 1659 p
2261 1591 2590 1655 Opositiones
2623 1590 2866 1642 maximae
2891 1599 3323 1656 argumentorum
3349 1590 3446 1644 loci
3475 1600 3616 1652 sunt,

2046 1692 2100 1736 et
2149 1681 2477 1735 dilferentias
2542 1695 2724 1733 earum
2790 1689 3223 1748 argumentorum
3292 1682 3437 1735 locos
3499 1697 3619 1734 esse

2511 1768 2640 1821 Nam
2709 1769 3121 1839 uniuscujusque
3186 1771 3480 1824 substantia
3547 1788 3616 1824 ex

2045 1863 2274 1932 propriis
2323 1861 2640 1923 diﬂ'ereutiis
2681 1872 2924 1928 constat,
2977 1873 3033 1915 ut
3073 1863 3303 1915 hominis
3350 1878 3414 1916 ex
3462 1864 3622 1916 ratio-

2046 1955 2285 2017 nalitate,
2317 1969 2435 2022 qua:
2467 1953 2581 2020 ejus
2611 1963 2691 2004 est
2722 1953 3038 2007 dill'erentia.
3072 1954 3132 2005 Et
3167 1953 3219 2005 hi
3252 1953 3350 2006 loci
3379 1956 3465 2020 qui
3497 1963 3622 2006 sunt

2044 2043 2360 2098 dili'erentia:
2391 2043 2829 2111 propositi-num,
2863 2044 2988 2110 ipsis
3023 2043 3471 2111 propositionibus
3507 2045 3622 2096 nui-

2048 2134 2369 2188 versaliores
2421 2137 2679 2194 existunt,
2728 2134 2874 2187 velut
2931 2134 3284 2188 universalior
3331 2146 3414 2188 est
3463 2136 3620 2188 ratio-

2048 2225 2238 2293 nalitas
2292 2225 2526 2277 homine.
2561 2225 2734 2292 Atque
2782 2225 2903 2278 ideo
2953 2226 3228 2292 pauciores
3267 2201 3387 2280 esse
3431 2227 3621 2294 depre-

2050 2317 2355 2372 henduntur
2406 2318 2458 2370 hi
2517 2318 2616 2370 loci
2667 2317 2758 2385 qui
2807 2318 2858 2369 in
2910 2317 3223 2372 dill‘ereutiis
3269 2320 3424 2386 positi
3478 2329 3621 2383 sunt,

2049 2426 2203 2478 quam
2247 2409 2634 2477 propositiones
2682 2410 2808 2474 ipsa:
2848 2424 3072 2477 quarum
3123 2418 3244 2462 sunt
3289 2410 3620 2464 dill'erenttae.

2051 2500 2242 2554 Omnia
2275 2501 2416 2554 enim
2445 2515 2561 2567 qua:
2601 2499 2984 2552 universaliora
3017 2510 3160 2564 sunt,
3206 2503 3451 2568 pauciora
3488 2517 3622 2554 sem-

2054 2605 2148 2659 per
2198 2603 2319 2643 esse
2367 2590 2684 2662 contingt._
2730 2590 2793 2641 Et
2843 2589 2894 2641 id
2919 2604 2964 2642 oo
3009 2590 3164 2642 facile
3209 2595 3306 2643 sub
3353 2592 3624 2646 scientiam

2054 2680 2247 2755 cadere
2295 2687 2540 2748 possunt,
2590 2693 2813 2748 quorum
2852 2690 2957 2732 tam
2991 2680 3189 2734 multus
3232 2697 3484 2735 numerus
3527 2698 3624 2736 non

2054 2781 2163 2835 cst,
2221 2780 2277 2825 ut
2325 2774 2432 2826 cito
2483 2786 2514 2824 a
2565 2772 2822 2826 memoria
2861 2772 3115 2826 discentis
3153 2773 3453 2829 elabantur.
3502 2776 3627 2841 Qua:

2058 2878 2188 2918 vero
2243 2873 2366 2917 sunt
2412 2863 2494 2915 hil}
2532 2863 2846 2918 dilicrentiaa
2889 2867 3080 2918 melius
3127 2865 3386 2920 divisione
3439 2870 3626 2934 produ-

2057 2962 2268 3009 cuntur.
2328 2955 2381 3008 In
2424 2954 2785 3023 prazdicativis
2841 2965 3015 3008 autem
3070 2958 3450 3024 quaestionibus
3497 2974 3626 3012 unus

2059 3045 2271 3114 quidem
2303 3047 2572 3114 subjectus
2604 3047 2862 3100 terminus
2893 3046 3106 3112 dicitur,
3131 3049 3268 3101 alius
3296 3049 3626 3116 przedtcatns.

381 3135 563 3187 tatiuni
596 3136 820 3186 maxima
856 3130 1174 3200 propositio,
1209 3129 1257 3182 id
1287 3139 1370 3184 est
1403 3130 1550 3182 locus
1583 3129 1813 3181 insertus
1851 3137 1954 3192 est,
1985 3126 2029 3185 C
2062 3135 2142 3188 Nil
2183 3135 2381 3204 quippe
2418 3138 2468 3188 in
2504 3135 2859 3203 prmdicativis
2890 3138 3273 3203 qtimstionibus
3318 3139 3458 3192 aliud
3490 3156 3626 3206 (ιιιω.

381 3227 468 3278 illa
511 3225 736 3286 scilicet,
782 3222 1114 3276 diuturniora
1146 3221 1284 3275 bona
1331 3231 1455 3274 sunt
1497 3219 1731 3274 melioris
1781 3219 1956 3273 meriti

380 3331 539 3384 quam
587 3330 650 3368 ea
693 3307 809 3383 qua:
857 3313 1001 3381 parvi
1043 3321 1168 3367 sunt
1215 3313 1488 3380 temporis.
1540 3311 1649 3364 Hoc
1693 3312 1837 3365 enim
1889 3313 1956 3363 ita

382 3414 565 3458 notum
610 3412 729 3468 est,
780 3412 835 3455 ut
880 3403 1214 3456 extrinsecus
1262 3401 1574 3470 probatiOue
1624 3416 1732 3453 tton
1783 3409 1956 3470 egeat,

383 3504 434 3546 et
467 3493 636 3562 ipsum
668 3494 787 3546 aliis
819 3494 983 3560 possit
1024 3507 1144 3546 esse
1176 3491 1441 3560 probatio.
1481 3496 1652 3561 Atque
1697 3490 1817 3544 ideo
1845 3495 1959 3543 hate

383 3583 674 3651 propositio
715 3591 875 3636 totam
906 3583 1144 3636 continet
1177 3583 1566 3650 probationem,
1605 3591 1658 3634 et
1686 3595 1806 3634 cum
1837 3581 1959 3634 inde

387 3676 621 3729 nascitur
671 3684 1062 3744 argumentum,
1097 3684 1243 3735 recte
1273 3675 1440 3743 loctts,
1473 3675 1522 3727 id
1551 3682 1632 3727 est
1661 3673 1960 3742 argumenti

387 3767 542 3819 sedes
568 3745 806 3818 vocatur.
842 3763 907 3818 Ut
930 3779 1056 3818 vero
1084 3775 1234 3818 extra
1267 3765 1433 3833 posita
1469 3762 1761 3831 prapositio
1793 3763 1964 3814 maxi-

388 3871 471 3907 tna
520 3856 665 3908 vires
709 3855 897 3908 aderat
957 3865 1305 3922 argumento,
1351 3859 1452 3907 tale
1509 3854 1580 3906 sit
1636 3856 1960 3920 exemplum.

390 3929 470 3997 Sit
518 3942 843 4010 propositum
891 3935 1262 3994 demonstrare
1313 3942 1558 4010 quoniam
1623 3940 1832 3995 invidus
1878 3957 1963 3995 sa-

390 4034 540 4102 piens
599 4047 702 4085 uon
766 4043 866 4085 (εει.
929 4031 1139 4084 Invidus
1191 4040 1273 4084 est
1321 4031 1410 4100 qui
1467 4031 1658 4084 alienis
1715 4032 1965 4101 afﬂigitur

392 4119 580 4188 bonis;
653 4124 866 4192 sapiens
923 4133 1098 4176 autem
1158 4125 1310 4176 bouis
1375 4138 1478 4176 non
1533 4124 1788 4192 afﬂigitur
1840 4125 1967 4177 alie-

391 4216 503 4280 uis;
554 4215 763 4268 invidus
800 4214 958 4282 igitur
998 4214 1211 4282 sapiens
1259 4229 1362 4266 non
1404 4223 1505 4267 est.
1573 4213 1630 4267 In
1674 4221 1772 4268 hac
1813 4216 1969 4282 igitur

391 4307 847 4374 argumentatione
879 4306 1170 4373 proiiositio
1210 4305 1422 4374 quidem
1456 4306 1686 4360 maxima
1737 4322 1838 4360 nou
1892 4309 1970 4359 vi-

393 4398 547 4449 detur
577 4398 799 4460 inclusi,
829 4399 920 4450 sed
949 4400 1392 4467 argumentationi
1425 4400 1567 4454 vires
1599 4402 1712 4469 ipsa
1739 4403 1968 4454 maxima

2060 3226 2196 3280 ritur
2243 3227 2342 3278 nisi
2392 3240 2458 3278 an
2504 3226 2741 3294 subjecto
2787 3228 3103 3294 pradicatus
3149 3229 3424 3284 iuiitereat.
3480 3210 3628 3295 Quod

2061 3319 2102 3373 si
2144 3319 2318 3373 inesse
2357 3319 2675 3381 constiterit,
2704 3323 2960 3387 quarritur
2999 3321 3140 3374 itane
3181 3323 3326 3385 insit,
3361 3334 3413 3375 ut
3441 3339 3630 3392 genus,

2047 3413 2151 3462 —au't
2194 3410 2473 3473 accidens,
2522 3419 2612 3462 aut
2665 3419 2720 3462 ut
2774 3411 3082 3478 proprium,
3123 3421 3214 3464 aut
3253 3422 3308 3466 ut
3363 3414 3630 3468 diftioitio.

2062 3501 2191 3554 Nam
2234 3502 2278 3554 si
2320 3501 2619 3554 ostenditur
2659 3516 2759 3554 nou
2802 3502 3014 3566 inesse,
3056 3502 3123 3556 de
3161 3505 3458 3572 qurestione
3499 3507 3631 3560 nihil

2062 3588 2397 3661 relinquitur.
2437 3581 2449 3590 ’
2476 3591 2604 3645 Nam
2644 3592 2782 3660 quod
2826 3608 2929 3646 non
2972 3594 3145 3657 inest,
3187 3596 3406 3649 omnino
3444 3612 3552 3651 nec
3581 3609 3632 3653 ut

2063 3683 2328 3749 accidens,
2372 3697 2472 3737 nec
2510 3693 2567 3736 ut
2612 3682 2891 3750 dil'tinitio,
2944 3700 3042 3739 nec
3092 3695 3146 3738 ut
3193 3701 3382 3755 genus,
3434 3693 3532 3742 nec
3580 3700 3634 3745 ut

2067 3776 2337 3843 proprium
2381 3776 2555 3828 inesse
2593 3784 2785 3842 pctest.
2827 3776 2978 3841 Quod
3017 3775 3064 3828 si
3104 3776 3278 3832 inesse
3317 3780 3636 3840 constiterit,

2067 3871 2229 3912 restat
2267 3863 2513 3928 qumstio,
2556 3861 2799 3928 quisnam
2840 3862 3030 3913 modus
3068 3861 3136 3914 sit
3173 3863 3238 3914 de
3276 3875 3501 3929 quatuor
3555 3866 3635 3918 in-

2067 3948 2328 4002 hmrendi.
2404 3949 2590 4003 Solum
2632 3965 2759 4003 vero
2808 3951 2983 4004 inesse
3021 3951 3086 4003 ad
3126 3952 3372 4007 accidens
3412 3959 3637 4012 maxime

2071 4040 2321 4106 pertinet,
2355 4054 2472 4090 nam
2515 4054 2632 4093 cum
2677 4054 2848 4106 neque
2887 4050 2943 4092 ut
2978 4056 3166 4108 genus,
3201 4058 3374 4111 neque
3410 4057 3468 4099 ut
3503 4047 3636 4099 ditii-

2069 4129 2220 4189 n.tio,
2252 4142 2424 4196 neque
2463 4139 2516 4181 ut
2543 4129 2811 4196 proprium
2854 4130 3011 4193 inest,
3035 4131 3128 4183 sed
3171 4133 3308 4186 inest
3347 4141 3544 4197 tamen,
3588 4146 3638 4192 tit

2068 4217 2312 4274 accidens
2340 4219 2514 4272 inesse
2540 4233 2758 4280 necesse
2788 4229 2887 4272 est.
2918 4222 3045 4285 Qua:
3067 4237 3184 4276 cum
3213 4224 3280 4276 ita
3304 4226 3429 4288 sint,
3457 4229 3639 4282 eoruin

2071 4314 2304 4368 locorum
2345 4329 2477 4383 quos
2516 4315 2567 4368 in
2613 4315 2964 4368 maximarum
3022 4319 3438 4386 propositionum
3490 4321 3640 4375 dill'e-

2071 4408 2239 4461 rentia
2268 4407 2643 4460 constituimus
2671 4407 2912 4462 iacienda
2944 4408 3135 4461 divisio
3162 4421 3264 4463 est.
3310 4411 3409 4465 l’er
3436 4413 3641 4479 singula

394 4484 774 4538 subministrat.
826 4487 918 4539 Est
955 4492 1097 4541 enim
1129 4491 1262 4574 huic.
1287 4493 1597 4560 syllogismo
1633 4494 1761 4543 lides
1802 4509 1864 4544 ex
1906 4507 1965 4545 ea
1999 4485 2045 4543 D
2075 4514 2199 4553 vero
2262 4514 2484 4568 qumque
2548 4499 2888 4552 currentibus
2966 4501 3300 4556 manifestius
3373 4503 3641 4570 apparebit

394 4575 754 4641 propositione
780 4591 873 4642 per
899 4593 1054 4644 quam
1081 4584 1484 4646 cognoscimus,
1515 4595 1736 4649 quorum
1763 4583 1967 4636 diversa

311 4659 326 4668 “
394 4673 478 4718 est
504 4663 766 4728 dil‘linitio,
798 4667 908 4734 ipsa
940 4684 1150 4736 quoque
1178 4671 1387 4723 diversa
1416 4687 1556 4726 esse.
1591 4674 1684 4726 Est
1711 4687 1884 4728 autem
1920 4674 1968 4742 in

394 4753 709 4807 diliiuitione
762 4757 959 4824 invidi,
1011 4757 1199 4813 alienis
1255 4761 1408 4814 bonis
1462 4763 1766 4828 tabescere,
1833 4765 1969 4831 quod

395 4845 641 4911 quoniam
691 4860 794 4898 non
843 4848 986 4900 venit
1037 4848 1088 4900 in
1136 4849 1461 4918 sapientein,
1515 4850 1712 4904 ideirco
1754 4867 1970 4918 sapiens

393 4936 461 4988 ab
499 4935 676 4988 invido
716 4937 1030 5006 sejungitur.
1079 4940 1172 4994 Est
1218 4941 1375 5010 igitur
1419 4957 1522 4995 uno
1563 4943 1775 5012 quidem
1809 4947 1965 4998 modo

394 5029 542 5082 locus
596 5032 675 5098 (ut
733 5029 932 5085 dictum
988 5033 1092 5102 cst)
1150 5035 1380 5086 maxima
1439 5045 1493 5089 et
1549 5036 1882 5102 universalis,
1916 5048 1970 5090 ct

393 5119 723 5186 principalis,
755 5129 806 5174 et
857 5121 1372 5190 indernonstrabilis,
1405 5135 1562 5193 atque
1608 5143 1701 5195 per
1745 5144 1802 5182 se
1845 5142 1966 5183 nota

395 5208 727 5274 propositio,
778 5226 896 5278 quze
944 5211 998 5264 in
1046 5216 1634 5281 argumentationibus,
1692 5218 1772 5271 vel
1830 5220 1967 5272 inter

393 5298 534 5362 ipsas
553 5289 964 5367 propositimies,
990 5303 1074 5355 vel
1092 5305 1422 5358 extrinsecus
1450 5307 1634 5373 posita,
1659 5309 1766 5361 vim
1793 5320 1964 5362 tamen

393 5393 724 5456 argumentis
779 5405 831 5446 et
889 5385 1339 5461 propositionibus
1393 5400 1783 5454 subministrat.
1846 5402 1969 5455 Ideo

391 5489 439 5532 et
485 5483 810 5537 universales
867 5495 921 5539 et
970 5489 1216 5540 maxima:
1271 5489 1658 5556 propositiones
1707 5492 1806 5545 loci
1848 5502 1971 5546 sunt

391 5572 578 5636 dictae,
633 5575 879 5642 quoniam
931 5577 1059 5644 ipsae
1115 5589 1238 5632 sunt
1290 5597 1409 5647 qua:
1446 5582 1721 5637 continent
1750 5593 1969 5638 czeteras

396 5665 823 5731 propositiones,
879 5679 932 5723 ct
981 5685 1076 5735 per
1118 5684 1212 5725 eas
1261 5672 1316 5725 lit
1361 5687 1693 5741 consequens
1751 5683 1805 5730 et
1854 5683 1965 5728 rata

2067 4591 2332 4655 exemplo,
2375 4589 2515 4658 quod
2551 4591 2796 4642 maxima:
2839 4591 3233 4664 propositiones
3273 4608 3301 4645 a
3341 4594 3452 4647 suis
3490 4596 3643 4648 dill‘e-

2067 4680 2254 4734 rentiis
2316 4680 2534 4738 distent.
2604 4679 2812 4734 Etenim
2881 4681 3243 4748 quastiOncs,
3309 4699 3644 4754 argumenta,

2039 4841 2044 4845 _
2071 4770 2460 4839 propositiones
2492 4772 2751 4824 maximas
2780 4786 2842 4826 ac
2872 4774 3215 4842 principales,
3241 4777 3408 4841 locos,
3437 4793 3644 4832 earum--

2072 4876 2175 4929 que
2222 4860 2568 4924 dill'ereutias,
2598 4877 2691 4929 per
2722 4863 3137 4933 unumquodque
3179 4866 3424 4920 dabimus
3464 4883 3646 4922 exeru-

2077 4954 2244 5020 plum.
2287 4955 2486 5008 Omnes
2527 4954 2685 5023 igitur
2725 4955 2851 5020 loci,
2890 4957 2940 5010 id
2981 4967 3064 5012 est
3102 4961 3448 5013 maximarum
3492 4961 3644 5015 διαυ-

2076 5046 2258 5097 rentize
2299 5047 2742 5114 propositionum,
2773 5056 2862 5101 aut
2902 5049 2969 5102 ab
3008 5049 3038 5100 h
3065 5065 3090 5103 s
3127 5051 3388 5104 ducantur
3428 5067 3648 5106 necesse

2074 5144 2156 5186 est
2187 5137 2425 5188 terminis
2457 5139 2542 5206 qui
2594 5139 2643 5190 iu
2675 5139 2965 5205 «Intestione
3004 5149 3128 5193 sunt
3155 5142 3332 5208 positi,
3363 5144 3649 5210 prmdicato

2074 5229 2276 5280 scilicet
2313 5240 2472 5297 atque
2501 5229 2761 5298 subjecto,
2794 5238 2885 5283 aut
2912 5232 3243 5285 extrinsecus
3287 5245 3647 5300 assumantur,
3677 5289 3681 5292 _

2074 5324 2161 5367 aut
2221 5317 2408 5372 horum
2476 5320 2638 5373 medii
2701 5322 2790 5388 qui
2851 5322 2990 5374 inter
3050 5333 3304 5389 utrosque
3344 5337 3647 5379 versantur.

2076 5405 2271 5458 E-rum
2314 5424 2440 5462 vero
2480 5409 2714 5464 locorum
2751 5411 2836 5475 qui
2893 5413 2959 5463 ab
2990 5411 3070 5464 liis
3098 5412 3366 5467 ducuntur
3407 5417 3649 5469 terminis

2074 5498 2142 5550 de
2205 5498 2394 5564 quibus
2471 5501 2520 5552 in
2583 5503 2874 5568 quaestione
2941 5501 3246 5567 dubitatur,
3307 5503 3502 5572 duplex
3567 5514 3649 5558 est

2072 5587 2259 5639 tnodtts
2301 5605 2314 5639 :
2365 5604 2499 5642 unus
2541 5591 2751 5657 quidem
2793 5590 2860 5644 ab
2901 5607 3087 5646 eorum
3142 5596 3465 5662 substantia,
3516 5601 3650 5654 alter

2072 5695 2198 5734 vero
2237 5679 2301 5731 ab
2343 5679 2419 5733 his
2459 5695 2570 5746 ψιει·
2611 5680 2955 5736 substantiam
2997 5699 3181 5739 eorum
3230 5696 3643 5758 consequuntur.
