4274 6272
613 299 741 356 1187
809 315 812 318 ·

1833 292 1940 346 ΑΝ.
1981 286 2183 348 MANL.
2226 288 2371 348 sev.
2409 264 2627 345 socru

3731 295 3866 348 MSS

529 419 536 426 '
609 412 676 467 Hi
723 425 850 466 vero
893 407 981 476 qui
1031 421 1060 458 a
1103 403 1395 458 substantia
1441 411 1586 469 sunt,
1618 405 1669 458 in
1713 406 1824 460 sola
1866 407 2182 462 diffinitione
2209 414 2260 470 Α
2286 407 2550 462 enimnon
2571 405 2817 462 diffinitio
2841 409 3052 472 rei,sed
3077 408 3690 476 nominisinterpretatio
3710 423 3865 477 argu-

610 503 928 557 consistunt.
1000 494 1249 548 Diffinitio
1295 495 1436 548 enim
1494 497 1842 550 substantiam
1897 509 2175 565 monstrat,

613 601 668 644 et
692 585 1000 643 substantia:
1024 585 1221 652 integra
1254 585 1640 639 demonstratio
1669 586 1914 640 diffinitio
1939 596 2038 641 est.
2075 589 2179 642 Sed

611 679 666 732 id
694 675 831 745 quod
877 674 1101 726 dicimus
1141 673 1520 740 patefaciamus
1558 675 1852 742 exemplis,
1900 686 1959 728 ut
2007 677 2181 729 omnis

613 768 986 837 quaestionum,
1020 768 1103 821 vel
1143 770 1683 835 argumentationmn,
1717 770 1797 823 vel
1830 770 2065 823 locorum
2097 786 2183 823 ra-

612 860 688 922 tio
715 859 1080 926 colliquescat.
1115 858 1225 925 Age
1253 860 1392 911 enim
1427 869 1694 926 quaeratur
1720 874 1786 911 an
1819 861 2038 913 arbores
2068 861 2183 912 ani-

615 947 774 999 malia
818 948 960 1010 sint,
1002 946 1194 1015 fiatque
1241 947 1538 1016 hujusmodi
1580 948 1955 1016 syllogismus:
1988 950 2182 1002 animal

613 1046 694 1090 est
733 1037 1024 1090 substantia
1074 1039 1306 1089 animata
1354 1038 1647 1097 sensibilis;
1694 1040 1855 1092 arbor
1894 1055 2016 1093 iero
2058 1039 2183 1092 sub-

615 1126 807 1179 stantia
835 1129 1061 1178 anintala
1096 1127 1362 1179 sensibilis
1404 1145 1507 1180 non
1537 1140 1648 1190 est;
1681 1130 1842 1182 arbor
1872 1127 2030 1196 igitur
2073 1130 2186 1182 ani.

617 1217 719 1268 mal
749 1231 852 1268 non
877 1225 979 1269 est.
1006 1215 1129 1269 llaec
1154 1217 1220 1268 de
1247 1232 1441 1284 genere
1466 1220 1688 1285 quzestio
1714 1229 1813 1281 est,
1841 1227 2014 1271 utrum
2043 1234 2107 1272 en
2134 1234 2185 1272 tn

616 1304 838 1357 arbores
867 1306 966 1357 sub
997 1306 1303 1358 animalium
1334 1321 1528 1373 genere
1561 1308 1819 1374 ponenda:
1860 1310 1966 1360 sint
1995 1311 2188 1377 quatri-

620 1402 722 1445 tur.
771 1393 940 1445 Locus
970 1394 1057 1461 qui
1096 1395 1148 1447 in
1189 1395 1473 1448 universali
1518 1397 1882 1465 propositione
1919 1399 2186 1461 COIISielil,

620 1481 706 1533 hic
735 1492 814 1533 est
841 1485 923 1534 cui
970 1486 1180 1550 generis
1219 1484 1466 1538 dii‘ftnitio
1507 1501 1610 1537 non
1657 1487 1934 1548 convenit;
1981 1487 2030 1539 id
2072 1502 2188 1552 ejus

619 1575 770 1642 cujus
798 1591 856 1628 ea
886 1575 1133 1629 dtflinitio
1155 1589 1258 1640 est,
1289 1579 1494 1643 Species
1523 1592 1625 1630 neu
1659 1587 1757 1630 est.
1792 1578 1918 1630 [.oci
1949 1581 2188 1648 superior

620 1665 940 1727 differentia,
973 1669 1060 1733 qui
1092 1668 1237 1720 locus
1269 1669 1610 1720 nihilominus
1646 1680 1976 1736 nuncupatur
2004 1686 2034 1721 a
2057 1672 2188 1722 diffi-

621 1755 842 1808 nitione.

621 1844 912 1912 syllogismi
968 1849 1421 1912 argumentatione
1471 1857 1692 1900 tractata
1739 1851 1809 1902 sit
1850 1866 1943 1917 per
1991 1865 2189 1903 Conve-

622 1935 825 1987 nientes
865 1946 917 1985 et
954 1948 1215 2000 congruas
1260 1938 1674 2003 propositiones,
1725 1953 1844 2005 quae
1887 1944 1988 1992 vim
2041 1955 2191 1993 suam

542 2093 549 2102 .
625 2038 687 2076 ex
718 2026 883 2090 prima
914 2035 966 2078 et
1005 2026 1229 2077 maxima
1265 2026 1623 2094 propOsitione
1663 2029 1998 2092 custodiunt,
2033 2045 2096 2082 ex
2129 2046 2192 2082 ea

622 2115 827 2167 scilicet
872 2131 988 2182 qua:
1032 2129 1182 2184 negat
1231 2132 1349 2170 esse
1395 2119 1647 2184 Speciem,
1682 2121 1766 2172 cui
1800 2135 1902 2173 non
1943 2124 2194 2175 convenit
2222 2183 2234 2193 ο

625 2205 831 2271 generis
877 2204 1142 2269 diftinitio,
1189 2214 1346 2274 atque
1394 2208 1505 2273 ipsa
1550 2209 1860 2262 universalis
1901 2213 2198 2279 propositio

625 2312 654 2349 ιι
689 2299 980 2351 Substantia
1033 2309 1197 2352 tracta
1237 2310 1319 2352 est
1359 2302 1512 2353 unius
1553 2317 1734 2354 eorum
1769 2306 1979 2354 termini
2009 2306 2096 2372 qui
2142 2306 2191 2357 itt

626 2389 915 2455 quaestione
961 2390 1116 2442 locati
1159 2399 1310 2454 sunt,
1352 2402 1408 2442 ut
1452 2391 1716 2454 animalis,
1763 2392 1810 2444 id
1841 2402 1944 2457 est,
1985 2394 2052 2444 ab
2078 2393 2194 2460 ejus

627 2476 940 2530 diffinitione
991 2494 1108 2545 qua:
1155 2489 1236 2531 est
1283 2481 1574 2531 substantia
1629 2481 1858 2533 animata
1907 2483 2191 2536 sensibilis.

629 2565 701 2619 Ita
733 2567 889 2633 igitur
913 2570 965 2618 in
990 2568 1194 2619 caneris
1218 2570 1596 2636 qumstionibus
1627 2570 1850 2624 strictim
1881 2586 1942 2624 ac
1966 2572 2196 2627 breviter

629 2656 862 2709 locorum
905 2658 1218 2712 differentiis
1261 2664 1708 2727 commemoratis,
1757 2675 1967 2733 oportet
2016 2668 2198 2722 unius-

630 2747 888 2816 cujusque
943 2751 1316 2818 proprietatem
1384 2754 1651 2820 vigilantis
1707 2757 1868 2809 animi
1926 2759 2197 2814 alacritate

631 2842 922 2911 percipere.
960 2844 1122 2912 llujus
1153 2855 1324 2899 autem
1358 2846 1456 2900 loci
1488 2847 1574 2914 qui
1624 2861 1653 2900 a
1707 2850 1999 2902 subsmntia
2050 2851 2198 2904 duci-

632 2943 719 2986 tur
744 2933 936 3002 duplex
966 2943 1050 2987 est
1079 2935 1269 2988 modus
1293 2951 1306 2987 :
1336 2937 1524 2999 partim
1556 2953 1780 3005 namque
1803 2953 1830 2989 a
1859 2939 2194 3005 diffinitiOne,

631 3023 817 3090 partim
869 3037 896 3075 a
937 3023 1291 3092 descriptione
1330 3036 1638 3093 argumenta
1684 3029 1965 3082 ducuntur.
2017 3029 2199 3084 Differt

2286 509 2520 551 mentum
2541 497 2707 562 dedit,
2730 513 2834 566 quo
2853 499 3056 553 Tullius
3079 500 3238 553 etiam
3261 499 3312 552 in
3339 499 3626 553 Hortensio
3649 498 3702 553 in
3717 498 3866 568 ejus-

2282 588 2400 640 dem
2423 588 2773 656 plrilosophia:
2790 603 2914 642 usus
2931 599 3014 642 est
3035 589 3362 654 defensione,
3379 597 3431 643 et
3451 599 3670 643 vocatur
3687 609 3748 660 gr
3766 607 3863 642 rce

2282 677 2492 744 quidem
2526 680 2820 747 ὀνοματικὸς
2865 677 3000 752 ὄρος,
3036 679 3196 732 latine
3222 687 3398 733 autem
3432 677 3664 731 nomims
3700 691 3867 728 tuter-

2288 767 2534 838 prctatio.
2563 768 2638 820 Ac
2671 766 2735 819 de
2763 767 2844 820 his
2866 768 3079 837 quidem
3122 769 3448 836 argumentis
3484 784 3604 836 qua:
3634 783 3698 822 ex
3731 769 3865 821 sub-

2284 839 2479 908 stantia
2499 859 2844 911 terminorum
2869 861 2922 911 in
2937 860 3229 926 quastione
3253 859 3548 926 positorum
3575 873 3790 912 assnmu
3805 875 3866 910 n-

2287 953 2393 1008 tur,
2412 945 2568 997 claris
2592 946 2608 1014 (
2634 956 2689 998 ut
2715 948 2981 1016 arbitror)
3014 947 3359 1016 patefecimus
3390 948 3672 1016 exemplis.
3706 948 3861 1001 Nunc

2287 1034 2353 1086 de
2379 1034 2459 1086 his
2475 1035 2757 1088 dicendum
2779 1035 2966 1102 estqui
2992 1038 3336 1088 terminorum
3359 1036 3706 1089 substantiam
3731 1051 3865 1090 con-

2289 1134 2601 1191 sequuntur.
2630 1124 2827 1177 llorum
2856 1125 3138 1177 multifaria
3169 1135 3252 1178 est
3279 1124 3533 1192 diversio,
3560 1128 3706 1194 plura
3730 1137 3866 1179 sunt

2289 1215 2430 1267 enim
2472 1229 2591 1283 qum
2628 1215 2937 1268 substantiis
2979 1215 3197 1283 singulis
3242 1217 3632 1269 adhaerescunt.
3663 1218 3742 1270 Ab
3771 1217 3864 1268 Itis

2291 1307 2450 1373 igitur
2479 1321 2597 1375 qua:
2637 1307 2917 1374 cujuslibet
2963 1307 3310 1359 substantiam
3354 1309 3672 1360 comitantur
3702 1323 3867 1376 argu-

2291 1409 2470 1451 menta
2494 1398 2613 1450 duci
2639 1401 2837 1463 solent,
2874 1407 2966 1450 aut
3006 1413 3067 1451 ex
3105 1407 3235 1462 toto,
3267 1407 3357 1450 aut
3384 1414 3447 1450 ex
3476 1399 3736 1468 partibus,
3773 1411 3867 1454 aut
3953 1407 3962 1413 ’

2290 1503 2353 1538 ex
2382 1485 2556 1539 causis
2585 1488 2668 1539 vel
2711 1478 3078 1548 eficientibus,
3114 1489 3197 1541 vel
3230 1488 3472 1551 materia,
3518 1489 3599 1542 vel
3633 1491 3865 1543 naturali

2293 1579 2481 1638 forma,
2517 1578 2598 1630 vel
2631 1577 2754 1642 fine,
2783 1587 2838 1630 et
2873 1588 2956 1630 est
2995 1577 3234 1630 efficiens
3273 1579 3512 1645 quaedam
3555 1592 3720 1632 causa
3741 1596 3866 1647 qua:

2293 1678 2469 1720 movet
2502 1676 2660 1736 atque
2685 1681 2958 1736 operatur,
2993 1678 3049 1720 ut
3076 1668 3270 1736 aliquid
3301 1669 3613 1736 explicetur.
3648 1673 3866 1724 Materia

916 1755 1073 1808 Vides
1126 1759 1282 1823 igitur
1325 1767 1381 1809 ut
1427 1767 1530 1809 tota
1579 1759 1838 1811 dubitatio
1885 1761 2193 1827 quaestionis
2225 1765 2270 1822 Β
2301 1773 2425 1810 vero
2455 1774 2516 1811 ex
2551 1774 2652 1825 qua
2684 1759 2740 1810 fit
2768 1760 2989 1826 aliquid,
3022 1761 3099 1810 vel
3124 1759 3174 1812 in
3206 1774 3309 1826 qua
3353 1760 3426 1812 lit.
3462 1759 3607 1812 Finis
3646 1772 3865 1828 propter

2297 1851 2436 1917 quod
2479 1849 2556 1902 fit.
2588 1851 2723 1904 Sunt
2751 1852 2908 1904 etiam
2953 1855 3090 1904 inter
3115 1865 3208 1905 eos
3251 1852 3394 1904 locos
3421 1853 3511 1920 qui
3555 1869 3619 1906 ex
3650 1854 3731 1906 his
3770 1869 3866 1907 su-

2299 1949 2513 1991 muutur
2551 1953 2669 2007 quas
2717 1940 3067 1992 substantiam
3114 1951 3532 2006 consequuntur,
3565 1950 3652 1993 aut
3695 1943 3761 1994 ab
3787 1942 3868 1996 cf-

2299 2026 2541 2090 fectibus,
2591 2037 2680 2078 aut
2718 2041 2746 2078 a
2792 2028 3245 2096 corruptionibus,
3291 2038 3380 2081 aut
3425 2029 3494 2081 ab
3539 2030 3740 2095 usibus,
3776 2041 3867 2084 aut

2299 2123 2492 2182 printer
2521 2116 2616 2166 hos
2646 2129 2830 2168 omnes
2858 2131 2886 2167 a
2913 2117 3268 2169 communiter
3311 2117 3691 2185 accidentibus.
3734 2118 3868 2184 Qua:

2297 2219 2416 2258 cum
2445 2205 2513 2257 ita
2539 2206 2666 2267 sint,
2694 2220 2812 2258 eum
2846 2206 2988 2272 prius
3019 2207 3191 2259 locum
3215 2207 3300 2274 qui
3334 2221 3361 2256 a
3395 2215 3506 2259 toto
3537 2205 3593 2258 fit
3615 2206 3868 2274 inspicia-

2297 2311 2436 2350 mus.
2473 2297 2660 2349 Totum
2685 2296 2891 2348 duobus
2933 2295 3102 2349 modis
3133 2297 3237 2349 dici
3281 2297 3436 2360 Solet,
3467 2306 3554 2348 aut
3585 2307 3638 2348 ut
3666 2314 3864 2365 genus,

2298 2396 2472 2439 autut
2517 2387 2566 2439 id
2592 2387 2732 2454 quod
2767 2388 3032 2455 integrum
3076 2402 3142 2440 ex
3188 2388 3430 2454 pluribus
3458 2386 3686 2454 partibus
3727 2401 3862 2440 cen-

2298 2485 2421 2530 atat.
2458 2476 2521 2530 Et
2563 2476 2692 2529 illud
2725 2477 2937 2542 quidem‘
2963 2477 3102 2544 quod
3134 2485 3187 2530 ut
3227 2491 3396 2544 genus
3423 2486 3584 2528 totum
3614 2482 3718 2537 est,
3753 2476 3866 2529 huc

2299 2566 2457 2620 modo
2492 2581 2636 2634 saepe
2674 2566 3056 2633 quaestionibus
3098 2574 3406 2634 argumenta
3457 2565 3777 2633 suppeditat,
3810 2576 3872 2618 ut

2299 2654 2342 2709 si
2374 2656 2442 2708 sit
2480 2666 2703 2724 quaestio
2742 2670 2808 2708 an
2847 2654 3052 2722 'justitia
3085 2655 3228 2707 utilis
3271 2654 3363 2722 sit,
3397 2655 3456 2706 fit
3483 2653 3822 2723 syllogismus
3853 2670 3868 2705 :

2299 2748 2473 2803 omnis
2523 2749 2689 2800 virtus
2730 2747 2874 2798 utilis
2919 2755 3020 2808 est,
3060 2745 3264 2814 juSIitia
3298 2745 3464 2798 virtus
3511 2754 3610 2807 est,
3664 2745 3873 2810 justitia

2300 2840 2460 2910 igitur
2492 2837 2632 2891 utilis
2657 2845 2757 2890 est.
2801 2836 2896 2889 llic
2925 2845 3007 2888 est
3043 2835 3266 2902 quwstio
3292 2836 3357 2890 de
3381 2834 3664 2898 accidenti,
3697 2834 3746 2886 id
3789 2846 3874 2887 est

2300 2945 2367 2982 an
2413 2928 2619 2981 accidat
2667 2927 2886 2994 jnstitia:
2945 2926 3163 2979 utilitas.
3217 2925 3386 2977 Locus
3437 2934 3519 2977 est
3569 2923 3614 2976 is
3667 2923 3755 2990 qui
3807 2924 3862 2974 in

2303 3019 2529 3072 maxima
2576 3016 2933 3086 propositione
2976 3014 3263 3068 consistit:
3294 3030 3410 3083 quae
3452 3012 3633 3082 generi
3675 3013 3873 3067 adsunt

631 3122 806 3166 autem
834 3112 1082 3186 diffinitio
1117 3130 1146 3168 a
1182 3115 1558 3184 descriptione,
1594 3118 1732 3186 quod
1763 3119 2009 3173 diffinitio
2035 3135 2199 3189 genus
2229 3129 2274 3190 ρ
2304 3106 2502 3177 speciei
2521 3106 2731 3160 adsum-
2753 3105 2918 3172 lluius
2947 3107 3190 3172 superior
3218 3105 3366 3156 locus
3395 3113 3477 3156 est
3502 3119 3531 3156 ει
3555 3112 3688 3170 toto.
3708 3102 3760 3155 id
3789 3113 3874 3155 εει

631 3217 694 3258 ac
737 3203 1064 3258 differentias
1119 3208 1309 3271 sumit,
1374 3207 1668 3275 descriptio
1730 3210 1950 3278 subjecti
2005 3213 2198 3266 intelli—

631 3297 862 3365 gentiam
911 3299 1130 3361 claudit,
1175 3300 1491 3367 quibusdam
1541 3303 1621 3355 vel
1671 3303 2033 3358 accidentibus
2079 3305 2196 3357 eili-

632 3386 897 3439 cientibus
951 3403 1106 3440 uuam
1152 3393 1566 3457 praprietatem,
1623 3393 1705 3446 vel
1760 3394 2198 3451 substantialibus

633 3476 946 3530 differentiis
1012 3488 1205 3545 prmter
1267 3483 1588 3535 conveniens
1649 3464 1817 3551 genus
1876 3490 2195 3554 aggregatis.

633 3566 738 3621 Sed
795 3568 876 3620 lite
933 3567 1280 3622 diffluitiones
1333 3587 1449 3637 quae
1502 3573 1568 3624 ab
1624 3575 1987 3628 accidentibus
2045 3577 2195 3642 fiunt,

633 3659 840 3710 tametsi
882 3657 1133 3710 videntur
1179 3658 1324 3712 nullo
1370 3661 1529 3713 modo
1577 3663 1925 3717 substantiam
1979 3668 2199 3720 demon-

633 3761 823 3814 strare,
853 3758 1029 3802 tamen
1072 3750 1319 3817 quoniam
1360 3765 1501 3820 saepe
1544 3768 1684 3806 verte
1722 3755 2052 3810 diffinitionis
2084 3759 2197 3812 vice

633 3848 918 3908 ponuntur,
945 3841 1434 3908 qutesubstantiatn
1467 3844 1858 3910 demonstrant,
1893 3847 1996 3900 illa:
2038 3849 2195 3902 etiam

631 3929 971 3999 probationes
1000 3947 1117 3999 qua:
1166 3945 1196 3984 a
1241 3931 1600 3999 descriptimie
1644 3949 1943 4004 sumuntur,
1992 3955 2019 3992 a
2069 3940 2196 3994 Stib-

631 4022 841 4076 stantize
889 4021 1006 4074 loco
1045 4021 1294 4074 videntur
1337 4026 1567 4087 assumi;
1617 4024 1771 4092 hujus
1821 4043 1947 4079 vero
1989 4029 2091 4080 tale
2132 4030 2197 4082 sit

632 4111 954 4180 exemplum.
983 4113 1262 4177 Quieratur
1298 4114 1438 4164 enim
1472 4127 1537 4165 an
1570 4113 1758 4167 albedo
1791 4116 2083 4170 Substantia
2106 4119 2194 4184 sit,

633 4200 721 4255 hic
750 4201 1003 4269 quteritur
1032 4217 1097 4253 an
1126 4201 1314 4254 albedo
1353 4202 1659 4254 substantia!
1691 4205 1834 4257 velut
1865 4210 2041 4273 generi
2075 4222 2199 4276 sup-

633 4300 876 4356 ponatur.
911 4289 1141 4342 Dicimus
1170 4289 1325 4357 igitur
1347 4305 1360 4342 ε
1382 4292 1670 4343 substantia
1703 4303 1783 4345 est
1810 4309 1925 4360 qua:
1955 4297 2199 4351 omnibus

632 4379 989 4433 accidentibus
1037 4382 1200 4448 posit
1242 4395 1360 4432 esse
1405 4382 1735 4448 subjectum;
1788 4385 1977 4438 albedo
2022 4397 2196 4441 autem

2305 3215 2334 3252 a
2371 3213 2603 3269 genere,
2637 3198 2803 3250 virtus
2851 3195 3072 3260 scilicet,
3118 3211 3235 3264 qua:
3277 3194 3500 3263 iustitia:
3541 3209 3712 3263 genus
3764 3204 3869 3246 est.

2303 3293 2505 3345 Rursus
2535 3290 2607 3343 sit
2647 3289 2876 3358 qumstio
2916 3305 2980 3340 an
3025 3286 3270 3340 humana:
3295 3303 3380 3338 res
3418 3284 3755 3338 Providentia
3785 3298 3872 3336 re.-

2301 3391 2512 3448 gantur,
2568 3378 2806 3430 dicemus
2843 3393 2857 3430 :
2892 3376 2937 3430 si
2979 3376 3205 3428 mundus
3256 3372 3598 3426 Providentia
3645 3371 3870 3440 regitur,

2301 3469 2544 3522 homines
2584 3477 2758 3521 autem
2805 3476 2980 3536 partes
3009 3466 3192 3519 mundi
3234 3473 3380 3523 sunt,
3415 3463 3663 3517 humana:
3713 3463 3872 3531 igitur

2300 3578 2386 3616 res
2418 3561 2756 3614 Providentia
2774 3570 3040 3628 reguntur.
3065 3560 3296 3624 Quaastio
3317 3559 3381 3612 de
3404 3558 3666 3612 accidenti
3689 3559 3835 3611 locus
3854 3574 3872 3611 :

2301 3651 2440 3720 quod
2486 3652 2578 3703 toti
2609 3653 2880 3712 convenit,
2929 3652 2976 3703 id
3007 3654 3252 3719 congruit
3285 3659 3335 3702 et
3368 3649 3530 3717 parti.
3571 3648 3869 3715 Supremus

2303 3741 2450 3792 locus
2473 3754 2502 3792 a
2536 3750 2667 3803 toto,
2695 3740 2743 3792 id
2768 3749 2851 3793 est
2875 3741 2942 3794 ab
2969 3739 3175 3806 integro
3193 3739 3333 3808 quod
3360 3739 3862 3805 partibusconsmt:

2302 3829 2354 3882 id
2378 3845 2503 3882 vero
2527 3834 2752 3882 mundus
2781 3840 2880 3893 est,
2912 3831 3002 3898 qui
3034 3829 3334 3882 hominibus
3365 3835 3532 3880 totum
3563 3825 3727 3881 est.A
3749 3841 3872 3894 par—

2303 3920 2445 3972 tibus
2473 3921 2634 3973 etiam
2665 3920 2872 3974 duobus
2909 3921 3078 3974 modis
3105 3928 3412 3988 argumenta
3440 3928 3747 3982 nascuntur,
3775 3928 3869 3970 aut

2301 4012 2442 4064 enim
2483 4025 2510 4062 a
2543 4009 2759 4078 generis
2806 4012 3042 4074 partibus
3095 4027 3210 4076 qus-
3257 4018 3382 4062 sunt
3423 4009 3647 4076 species,
3676 4015 3769 4060 aut
3797 4009 3867 4059 ab

2303 4103 2513 4169 integri,
2547 4102 2596 4154 id
2627 4111 2709 4155 est
2743 4104 2902 4154 totius
2930 4116 3048 4169 qua:
3077 4112 3251 4167 partes
3290 4109 3492 4153 tantum
3537 4100 3745 4166 proprio
3774 4113 3870 4148 vo-

2301 4192 2492 4248 cabulo
2516 4201 2916 4260 nuncupantur,
2946 4200 2998 4244 et
3025 4191 3090 4244 de
3120 4190 3199 4242 his
3227 4190 3438 4258 quidem
3479 4187 3706 4256 partibus
3733 4201 3858 4251 quae

2302 4283 2509 4352 species
2536 4291 2662 4334 sunt
2687 4283 2786 4334 hoc
2810 4281 3066 4334 modo'sit
3093 4282 3336 4348 quaestio,
3380 4296 3445 4332 an
3479 4279 3641 4331 virtus
3668 4276 3870 4328 mentis

2302 4373 2437 4425 bene
2481 4373 2785 4423 constitutae
2814 4372 2884 4424 sit
2913 4371 3148 4424 habitus.
3177 4371 3412 4436 Quae-tio
3445 4378 3530 4422 est
3568 4369 3634 4421 de
3666 4367 3873 4420 difﬁni-

633 4471 790 4524 nullis
819 4470 1179 4524 accidentibus
1207 4471 1443 4537 subjacet
1465 4489 1477 4536 ;
1502 4472 1690 4526 albedo
1723 4475 1879 4540 igitur
1907 4478 2197 4530 substantia

2305 4464 2485 4524 tione,
2540 4460 2590 4513 id
2645 4470 2727 4513 est
2771 4476 2837 4513 an
2884 4461 3092 4514 habitans
3137 4460 3330 4514 ruentis
3385 4467 3520 4512 bene
3571 4458 3875 4511 constitutae

633 4575 737 4613 non
776 4573 879 4613 εει.
922 4560 1113 4627 Locus,
1166 4560 1214 4612 id
1259 4573 1359 4623 est,
1404 4565 1631 4614 maxima
1681 4566 2198 4631 prOposilio.cadem

632 4665 749 4717 quae
801 4653 1065 4717 superius.
1126 4650 1286 4718 Cujus
1315 4653 1455 4705 enim
1510 4652 1757 4709 thflinitio
1787 4658 1867 4710 vel
1915 4660 2198 4727 descriptio

631 4743 679 4796 ei
714 4743 854 4810 quod
897 4742 1089 4796 dicitur
1129 4744 1332 4810 specie;
1373 4729 1631 4798 essenon
1661 4750 1941 4813 convenit,
1993 4750 2042 4802 id
2082 4750 2198 4818 ejus

632 4834 770 4900 quod
803 4835 1007 4901 species
1035 4847 1154 4886 esse
1183 4834 1488 4900 perhibetur
1516 4850 1683 4903 genus
1721 4853 1822 4890 non
1855 4848 1957 4891 est.
1989 4839 2198 4893 Descri-

631 4925 741 4993 ptio
775 4940 902 4977 vcro
931 4924 1240 4978 subStanti-ae
1283 4925 1509 4978 albediui
1551 4943 1656 4979 non
1698 4929 1962 4990 convenit,
2003 4930 2195 4984 albedo

633 5013 792 5082 igitur
820 5014 1112 5066 substantia
1143 5023 1244 5066 non
1286 5022 1386 5066 est.
1449 5014 1570 5067 Loci
1616 5014 1910 5070 dilfercntia
1953 5021 2197 5085 superior

633 5121 662 5159 a
682 5106 1053 5175 descriptione,
1073 5123 1230 5176 quam
1250 5107 1448 5161 dudum
1473 5109 1760 5164 locavimus
1785 5113 1834 5164 in
1858 5112 2061 5165 ratione
2079 5113 2198 5166 sub-

631 5199 861 5252 stantite.
908 5199 1040 5252 Sunt
1063 5199 1221 5253 etiam
1249 5199 1590 5255 diffinitioues
1619 5217 1734 5267 quae
1779 5217 1881 5255 non
1907 5218 1934 5254 a
1971 5204 2042 5256 rei
2077 5206 2200 5258 sub-

633 5295 846 5356 stantia,
876 5293 966 5346 sed
995 5308 1024 5344 a
1054 5294 1282 5347 numinis
1311 5294 1692 5362 significatione
1728 5297 2010 5364 ducuntur,
2041 5311 2199 5364 atque

636 5383 707 5435 ita
731 5382 807 5436 rei
837 5385 902 5437 de
928 5398 1028 5451 qua
1053 5385 1311 5452 quaritur
1340 5384 1675 5451 applicantur
1721 5404 1736 5439 ε
1780 5397 1837 5440 ιιι
1865 5391 1908 5441 si
1938 5401 2206 5457 quaeratur

639 5480 815 5524 utrum
840 5473 1190 5542 philosophia:
1221 5475 1538 5530 studendum
1571 5478 1659 5545 sit,
1692 5477 1794 5533 erit
1820 5484 2208 5550 argumentatio

637 5560 791 5614 talis:
812 5562 1149 5632 Philosophia
1171 5581 1321 5620 amor
1341 5569 1612 5636 sapientia:
1627 5580 1728 5632 est,
1749 5572 1869 5627 huic
1889 5574 2206 5629 studendum

642 5665 803 5708 nemo
826 5653 1028 5709 dubitat
1081 5657 1394 5715 studendum
1426 5660 1582 5730 igitur
1601 5669 1682 5718 est
1716 5663 2100 5734 philosophiae;
2125 5664 2210 5722 hic

2303 4555 2373 4607 sit
2407 4555 2614 4606 virtutis
2668 4555 2936 4608 dilfinitio.
2971 4555 3250 4607 Faciemus
3295 4553 3468 4617 itaque
3513 4566 3543 4602 a
3590 4551 3874 4616 speciebus

2303 4645 2814 4711 argumentationem
2862 4645 2940 4699 sic
2972 4662 2984 4696 :
3029 4645 3082 4697 Si
3124 4643 3345 4710 iustitia,
3378 4639 3655 4703 fortitudo,
3690 4641 3873 4693 mode-

2305 4737 2441 4787 ratio
2463 4744 2620 4801 atque
2649 4713 2925 4802 prudvntia
2950 4735 3157 4788 habitus
3181 4734 3375 4787 mentis
3402 4734 3538 4785 bene
3567 4734 3875 4783 constituite

2305 4835 2449 4891 sunt,
2478 4827 2590 4879 haec
2620 4839 2793 4881 autem
2823 4839 3049 4895 quatuor
3072 4828 3253 4881 virtuti
3294 4828 3455 4878 veluti
3493 4827 3676 4894 generi
3710 4823 3876 4891 subji-

2304 4914 2531 4982 ciuntur,
2572 4917 2738 4968 virtus
2761 4932 2888 4985 ergo
2913 4918 3046 4970 bene
3086 4917 3390 4968 constitutae
3433 4917 3624 4967 mentis
3664 4911 3876 4965 est-ba—

2300 5015 2461 5078 bitus,
2497 5015 2720 5068 maxima
2752 5018 3062 5082 propositio.
3095 5015 3244 5079 Quod
3283 5016 3423 5066 enim
3453 5012 3678 5079 singulis
3705 5010 3873 5078 parti-

2302 5114 2400 5168 bus
2440 5115 2602 5177 inest,
2638 5114 2687 5167 id
2737 5115 2830 5167 toti
2878 5113 3054 5168 inesse
3098 5128 3318 5167 necesse
3348 5121 3450 5166 est.
3485 5111 3872 5180 Argumentum

2301 5218 2476 5257 veroa
2502 5202 2764 5273 partibus,
2799 5204 2849 5256 id
2880 5213 2960 5258 est
2990 5219 3018 5256 a
3052 5205 3261 5270 generis
3305 5202 3565 5270 partibus,
3597 5215 3718 5269 qua:
3756 5212 3880 5266 spe-

2305 5302 2414 5354 cies
2444 5310 2814 5368 nuncupantur
2846 5319 2856 5352 :
2886 5302 3086 5376 justitia
3118 5301 3260 5356 enim
3285 5340 3300 5364 ,
3349 5299 3622 5361 fortitudo,
3656 5297 3876 5350 modes-

2313 5390 2404 5456 tia,
2431 5402 2484 5446 et
2513 5393 2791 5460 prudentia
2832 5391 3041 5445 virtutis
3085 5393 3291 5460 species
3337 5399 3476 5443 sunt.
3516 5391 3642 5442 Item
3686 5389 3752 5440 ab
3794 5387 3879 5438 his

2313 5489 2548 5555 partibus
2567 5507 2683 5556 quin
2713 5491 2900 5559 integri
2932 5501 3107 5558 partes
3124 5507 3240 5544 esse
3261 5490 3542 5553 dicuntur;
3562 5491 3630 5540 sit
3652 5487 3879 5555 quaestio

2311 5596 2376 5633 an
2399 5584 2464 5634 sit
2495 5581 2638 5634 utilis
2677 5581 2968 5647 medicina,
3007 5581 3118 5636 haec
3147 5582 3196 5636 in
3229 5577 3516 5656 accidentis
3546 5577 3882 5632 dubitatione

2311 5672 2596 5727 constituta
2629 5681 2708 5727 cst
2759 5672 3038 5727 dicemus:
3075 5672 3118 5725 si
3155 5669 3343 5741 depelli
3382 5669 3594 5725 morbos
3621 5669 3878 5722 salutent-
