4274 6272
360 349 496 404 H89

1420 333 1505 387 DE
1548 324 2014 387 DIFFERENTIIS
2054 325 2331 380 TOI’ICIS'
2371 323 2497 380 LIB.
2540 320 2603 379 ΙΙ.

3465 324 3600 379 1190

360 475 462 529 que
506 453 706 513 servari
753 452 1063 521 medertque
1100 447 1409 504 vulneribus
1456 446 1586 498 utile
1636 452 1735 505 est,
1784 440 1927 493 utilis
1959 442 2011 499 Α
2034 440 2173 493 niam
2204 441 2380 495 nullas
2403 440 2626 494 naturali
2650 438 2816 519 forma
2836 451 3038 508 pennas
3066 436 3601 492 habuissetMaxima

361 548 626 605 medicina
670 552 784 607 est;
818 553 873 596 at
917 540 1112 610 depelli
1158 538 1395 601 morbos,
1444 534 1645 588 servari
1677 533 1925 593 salutem,

362 640 673 707 utederique
720 633 1035 688 vulneribus
1067 631 1192 684 utile
1222 637 1325 691 est,
1370 626 1514 680 utilis
1558 625 1722 693 igitur
1766 622 1934 676 medi-

365 731 483 784 cina
523 739 625 782 est.
653 726 806 793 Saepe
828 733 1009 776 autem
1039 730 1090 772 et
1124 734 1227 771 una
1248 715 1496 783 qu:elibet
1528 729 1651 781 pars
1682 712 1844 775 valet,
1879 718 1937 763 ut

366 818 838 893 argumentationis
869 815 1091 868 ﬁrmitas
1118 819 1348 872 constet,
1379 810 1477 861 hoc
1504 807 1683 871 modo,
1717 815 1773 858 ut
1802 805 1844 857 si
1869 803 1936 857 de

367 916 542 983 aliquo
567 912 834 966 dubitetur
852 922 917 959 an
945 906 1014 958 sit
1034 904 1168 957 liber
1197 899 1457 964 factus;si
1488 913 1610 952 eum
1638 897 1723 950 vel
1747 910 1933 960 censu,

368 1007 449 1059 vel
482 1009 819 1059 testamento,
848 997 929 1049 vel
963 992 1193 1047 vindicta
1226 988 1609 1045 manumissum
1639 1002 1760 1040 esse
1786 1000 1935 1038 mon-

371 1104 625 1151 stremus,
658 1088 790 1140 liber
832 1086 1000 1137 factus
1028 1092 1276 1134 oatensus
1308 1086 1410 1141 est,
1441 1088 1600 1145 atque
1648 1075 1728 1127 lim
1762 1082 1940 1141 partes

369 1197 519 1238 erant
550 1180 736 1234 dandre
769 1173 1049 1229 libertatis.
1075 1171 1145 1226 Ut
1183 1184 1367 1224 rursus
1395 1168 1440 1222 si
1469 1166 1743 1221 dubitetur
1770 1178 1838 1217 an
1870 1162 1941 1217 sit

369 1274 583 1334 domus,
629 1266 768 1336 quod
811 1265 1018 1318 eminus
1045 1261 1390 1330 prospicitur,
1415 1257 1659 1311 dicemus
1688 1256 1941 1323 quoniam

370 1376 473 1415 non
505 1368 630 1413 est:
664 1372 785 1409 nam
826 1354 911 1407 vel
958 1360 1177 1413 tectum,
1219 1349 1303 1403 vel
1357 1348 1611 1416 parietes,
1640 1346 1721 1398 vel
1758 1344 1944 1398 funda-

371 1459 547 1503 menta
592 1448 639 1501 ei
671 1446 896 1508 desunt;
929 1443 997 1496 ab
1043 1455 1146 1494 una
1194 1454 1379 1493 rursus
1429 1448 1576 1506 parte
1624 1438 1817 1488 factum
1864 1442 1946 1487 est

374 1544 766 1603 argumentum.
801 1532 946 1585 Licet
970 1540 1145 1583 autem
1186 1542 1288 1580 non
1319 1527 1491 1579 solum
1530 1525 1582 1577 in
1611 1523 1941 1588 substantiis,

372 1643 560 1682 verum
584 1627 743 1679 etiam
774 1624 826 1677 itt
858 1623 1035 1685 modo,
1072 1621 1123 1673 in
1156 1618 1500 1686 temporibus,
1539 1618 1593 1669 in
1621 1615 1941 1684 quantitati-

378 1718 497 1782 bus,
529 1718 580 1770 in
632 1716 772 1778 loco,
822 1723 989 1767 totum
1048 1720 1331 1778 partesque
1380 1704 1672 1775 respicere.
1708 1707 1759 1759 Id
1802 1706 1943 1760 enim

2032 528 2369 597 propositio:
2404 536 2602 581 tantum
2652 542 2876 597 qumque
2924 541 3081 594 posse
3124 537 3377 595 quantum
3426 528 3598 583 forma

2033 618 2289 670 naturalis
2315 631 2411 669 sua
2443 617 2703 684 permisit.
2731 617 2901 669 Locus
2931 632 2959 668 a
2991 618 3157 670 forma
3185 633 3197 668 :
3225 616 3292 668 ab
3323 616 3601 671 effectibus

2033 721 2160 760 vero
2181 716 2233 758 et
2269 707 2703 774 corruptionibus
2735 698 2786 758 et
2829 706 3010 759 usibus
3042 706 3143 759 ltoc
3190 706 3379 768 modo;
3415 721 3534 759 nam
3558 707 3603 758 si

2036 797 2174 851 bona
2207 806 2290 851 est
2320 798 2530 859 domus,
2562 806 2617 850 et
2645 798 2971 850 constructio
3016 796 3205 849 domus
3252 798 3385 848 bona
3417 806 3521 860 est,
3550 805 3607 849 et

2038 887 2357 948 econtrario,
2386 887 2429 939 si
2462 886 2599 938 bona
2626 896 2723 947 est
2757 886 3086 937 constructio
3114 885 3330 947 domus,
3361 886 3496 938 bona
3522 895 3608 937 est

2038 975 2246 1029 domus.
2282 976 2481 1027 Rursus
2513 975 2558 1026 si
2587 973 2880 1026 destructio
2909 972 3097 1025 domus
3138 973 3276 1024 mala
3321 983 3425 1035 est,
3468 974 3611 1025 bona

2042 1073 2125 1117 est
2148 1064 2359 1127 domus,
2379 1076 2432 1117 et
2458 1064 2500 1115 si
2528 1064 2666 1116 bona
2696 1070 2778 1115 est
2802 1062 3015 1125 domus,
3042 1061 3177 1113 mala
3207 1070 3289 1113 est
3316 1061 3610 1115 destructio

2044 1156 2253 1209 domus.
2288 1155 2348 1207 Et
2392 1155 2436 1207 si
2484 1155 2680 1208 bonum
2709 1153 2948 1219 equitare
2979 1162 3082 1216 est,
3111 1152 3282 1206 bonus
3310 1161 3391 1204 est
3417 1167 3609 1219 equus,

2043 1258 2098 1302 et
2140 1248 2183 1299 si
2217 1248 2386 1300 bonus
2410 1254 2491 1299 est
2516 1259 2701 1313 equus,
2744 1244 2938 1296 bonum
2985 1251 3068 1296 est
3104 1242 3366 1309 equitare.
3401 1242 3491 1294 Est
3519 1256 3614 1294 au-

2049 1346 2155 1391 tent
2196 1338 2423 1404 primum
2475 1336 2689 1404 quidem
2740 1334 3040 1400 exemplum
3087 1348 3116 1386 a
3160 1332 3623 1401 generationibus,»

2049 1428 2186 1496 quod
2216 1428 2353 1481 idem
2397 1428 2463 1481 ab
2499 1427 2775 1481 effectibus
2805 1427 2982 1479 vocari
3008 1435 3214 1493 potest;
3258 1426 3549 1479 secundum
3581 1438 3612 1477 a

2050 1517 2509 1584 corruptionibus;
2543 1516 2752 1569 tertium
2796 1515 2864 1567 ab
2894 1516 3078 1569 usibus
3106 1532 3119 1567 :
3150 1517 3384 1569 omnium
3435 1524 3612 1569 autem

2050 1606 2282 1658 maxima
2326 1608 2617 1673 prepositio
2649 1623 2661 1657 :
2695 1605 2848 1672 cujus
2888 1605 3097 1659 effectio
3137 1605 3273 1658 bona
3304 1617 3407 1669 est,
3440 1606 3612 1671 ipsum

2049 1708 2261 1761 quoque
2306 1694 2500 1746 bonum
2539 1702 2639 1758 est,
2675 1703 2729 1747 et
2773 1709 3093 1757 econverso;
3146 1696 3296 1762 cujus
3345 1695 3615 1763 corruptio

380 1809 518 1878 quod
547 1807 796 1870 dicimus,
822 1819 1032 1871 semper
1058 1805 1108 1856 in
1138 1814 1373 1869 tempore
1404 1809 1569 1854 totum
1597 1808 1698 1853 est.
1728 1799 1783 1851 Id
1804 1797 1945 1867 quod
1977 1795 2026 1853 B
2052 1800 2068 1837 ¹

1925 1797 1945 1852 j
1977 1795 2026 1853 Β
2052 1785 2187 1837 mala
2229 1795 2330 1851 est,
2362 1786 2538 1852 ipsum
2586 1801 2795 1854 quoque
2831 1786 3026 1839 bonum
3074 1795 3175 1847 est,
3208 1797 3261 1841 et
3286 1802 3613 1856 econverso;

383 1899 628 1961 dicimus,
656 1894 937 1963 aliquandi
986 1895 1036 1946 in
1081 1902 1331 1967 tempore
1365 1907 1485 1956 pars
1529 1899 1629 1943 est.
1672 1889 1875 1942 Rursus
1902 1889 1947 1941 si

384 1989 698 2057 simpliciter
727 1984 923 2053 aliquid
957 1997 1340 2052 proponamus,
1372 1982 1425 2034 in
1453 1980 1610 2033 tnodo
1638 1988 1802 2033 totum
1829 1988 1944 2041 est;

385 2083 425 2134 si
454 2096 573 2135 cum
604 2078 903 2146 adjectione
924 2117 937 2140 ,
973 2076 1145 2143 aliqua
1180 2089 1303 2142 pars
1335 2075 1392 2126 fit
1422 2074 1471 2126 in
1516 2073 1693 2126 modo.
1745 2073 1871 2125 Item
1904 2071 1947 2124 si

387 2173 561 2226 omnia
587 2171 825 2224 dicamus
857 2171 907 2221 in
937 2169 1254 2236 quantitate,
1282 2176 1469 2218 totum
1500 2165 1744 2218 dicimus.
1771 2164 1823 2217 Si
1855 2163 1952 2215 ali-

388 2261 509 2329 quid
540 2275 569 2311 a
596 2259 891 2328 quantitate
929 2259 1315 2324 excerpsimus,
1353 2254 1664 2323 quantitatis
1707 2254 1953 2321 ponimus

390 2360 614 2418 partem.
657 2349 859 2401 Eodem
910 2349 1068 2401 modo
1105 2356 1157 2400 et
1195 2347 1245 2398 in
1279 2347 1394 2399 loco
1441 2346 1581 2414 quod
1627 2345 1820 2423 ubique
1851 2352 1951 2405 εει,

389 2450 572 2495 notum
614 2450 697 2495 est
743 2440 885 2509 quod
934 2441 1148 2504 alicubi,
1192 2454 1333 2505 pars.
1370 2439 1566 2492 llorum
1622 2426 1798 2491 autem
1842 2452 1957 2490 om-

392 2532 537 2585 nium
568 2533 681 2587 btec
710 2532 1063 2585 communiter
1090 2531 1353 2585 debentur
1384 2531 1648 2596 exempla,
1682 2546 1711 2582 a
1744 2541 1853 2582 toto
1887 2530 1955 2582 ad

395 2637 597 2693 partem
644 2623 934 2677 secundum
974 2622 1291 2691 tempnszsi
1335 2621 1472 2675 Deus
1518 2635 1730 2686 semper
1759 2629 1862 2685 est,
1905 2630 1960 2674 et

396 2730 535 2768 nunc
582 2723 684 2776 est,
715 2729 742 2765 a
777 2722 925 2780 parte
974 2713 1039 2765 ad
1082 2721 1248 2765 totum
1288 2712 1576 2765 secundum
1623 2710 1880 2773 modum;
1911 2709 1959 2765 si

397 2806 573 2858 anima
602 2804 777 2872 aliquo
799 2803 957 2856 modo
988 2813 1245 2868 movetur,
1269 2813 1320 2855 et
1349 2802 1661 2870 simpliciter
1684 2811 1957 2866 movetur,

400 2895 643 2947 movetur
681 2902 861 2948 autem
909 2909 1029 2946 cum
1082 2894 1343 2956 irascitur,
1378 2892 1755 2946 universaliter
1803 2893 1962 2960 igitur

400 2994 456 3037 et
483 2983 794 3051 simpliciter
836 2992 1097 3036 movetur.
1142 2982 1367 3035 Rursum
1397 2998 1424 3034 a
1456 2991 1564 3035 toto
1602 2981 1666 3034 ad
1700 2993 1874 3048 partes
1907 2981 1961 3033 in

400 3076 735 3144 quantitate:
776 3075 819 3127 si
860 3088 1015 3127 verus
1060 3079 1145 3126 est
1187 3072 1371 3139 Apollo
1412 3071 1463 3123 in
1503 3071 1751 3124 omnibus
1791 3079 1958 3133 vates,

2051 1884 2105 1929 et
2132 1875 2284 1937 cujus
2313 1892 2439 1929 usus
2471 1877 2641 1930 bonus
2681 1889 2782 1941 est,
2814 1878 2986 1943 ipsum
3030 1894 3241 1947 quoque
3286 1882 3482 1935 bonum
3511 1894 3613 1949 est,

2052 1977 2105 2019 et
2130 1982 2445 2022 econverso.
2471 1970 2516 2021 A
2547 1970 2900 2041 communiter
2927 1971 3290 2026 accidentibus
3308 1985 3616 2043 argumenta

2055 2057 2185 2111 ﬁunt
2232 2060 2438 2126 quoties
2492 2075 2552 2113 ea
2596 2069 2878 2113 sumuntur
2917 2062 3232 2125 accidentia,
3280 2080 3396 2131 qua:
3450 2068 3613 2120 relin-
3670 2075 3674 2080 '

2053 2160 2218 2214 quere
2263 2147 2556 2215 subjectum
2587 2149 2665 2201 vel
2697 2163 2798 2201 nou
2832 2160 3051 2215 possunt
3076 2153 3157 2204 vel
3190 2168 3292 2205 non
3335 2155 3527 2217 solent,
3562 2165 3617 2208 ut

2056 2237 2099 2289 si
2125 2236 2242 2304 quis
2274 2235 2374 2289 hoc
2401 2237 2560 2289 modo
2604 2237 2779 2289 dicat:
2810 2239 3110 2304 Sapientem
3158 2256 3259 2292 non
3299 2243 3612 2308 paenitebit,

2057 2326 2365 2394 ptenitentia
2418 2328 2559 2380 enim
2613 2327 2805 2379 malum
2862 2327 3055 2382 factum
3112 2330 3415 2383 comitatur.
3463 2332 3617 2397 Quod

2058 2416 2180 2483 quia
2204 2418 2255 2468 in
2279 2416 2516 2483 sapiente
2537 2432 2641 2469 non
2665 2412 2930 2484 conVeuit,
2951 2434 3017 2472 ne
3048 2421 3351 2487 paenitentia
3382 2423 3618 2488 quidem.

2058 2506 2292 2572 Qua-stio
2321 2508 2391 2560 de
2438 2508 2731 2561 accidente.
2768 2508 2990 2562 Maxima
3023 2512 3312 2578 propositio
3342 2529 3356 2565 :
3384 2512 3479 2565 Cui
3514 2529 3619 2567 non

2061 2596 2196 2648 inest
2238 2596 2435 2664 aliquid
2473 2596 2542 2663 ei,
2579 2612 2675 2651 nec
2706 2598 2833 2652 illud
2866 2600 3004 2667 quod
3036 2600 3153 2667 ejus
3182 2611 3263 2654 est
3291 2617 3624 2672 consequens

2062 2686 2237 2738 inesse
2286 2696 2490 2753 poteSt;
2550 2688 2698 2739 lucus
2754 2704 2782 2740 a
2838 2692 3193 2744 communiter
3243 2694 3623 2749 accidentibus.

2063 2775 2337 2843 Expeditis
2386 2776 2546 2845 igitur
2590 2777 2721 2831 locis
2771 2778 2853 2831 his
2896 2781 2986 2848 qui
3016 2781 3083 2834 ab
3113 2782 3240 2849 ipsis
3286 2785 3525 2838 terminis
3572 2788 3625 2841 in

2063 2866 2354 2931 quaastione
2378 2866 2560 2933 positis
2588 2878 2951 2931 assumuntur,
2983 2886 3121 2924 nunc
3145 2872 3210 2925 de
3243 2873 3324 2925 bis
3345 2874 3625 2928 dicendum

2064 2958 2290 3023 estqui,
2324 2956 2446 3009 licet
2494 2957 2825 3010 extrinsecus
2871 2960 3048 3024 positi,
3093 2973 3403 3029 argumenta
3452 2973 3628 3020 tamen

2066 3048 2446 3114 quzestionibtts
2472 3048 2897 3101 subministrant.
2941 3051 3003 3103 lli
3033 3067 3160 3106 vero
3194 3063 3317 3106 sunt
3346 3055 3426 3107 vel
3456 3070 3520 3108 ex
3551 3056 3628 3111 rei

401 3182 584 3220 verum
629 3166 728 3219 erit
768 3166 1023 3235 Pyrrhum
1054 3164 1321 3217 Romanos
1359 3178 1633 3229 superare.
1659 3162 1861 3216 Rursus
1908 3161 1958 3213 in
1991 3141 2038 3203 Ο
2067 3135 2289 3235 δυξίίθίθν
2324 3137 2407 3191 vel
2429 3152 2492 3235 εξ
2516 3138 2795 3235 είίηηίδνεν
2825 3142 2905 3192 vel
2934 3155 2963 3193 ³
2992 3142 3211 3235 "more,
3239 3144 3320 3197 νει
3348 3160 3377 3197 ³
3399 3146 3628 3212 minore.

402 3257 520 3310 loco
549 3272 563 3307 :
591 3256 633 3310 si
670 3257 805 3308 Deus
838 3257 1029 3323 ub‘qne
1062 3264 1162 3318 est,
1192 3263 1248 3306 et
1270 3254 1355 3307 ltic
1385 3253 1542 3321 igitur
1572 3263 1673 3307 est.
1709 3252 1962 3319 Sequitur

403 3345 550 3398 locus
592 3344 678 3412 qui
726 3351 1059 3411 nuncupatur
1104 3358 1132 3395 a
1177 3341 1371 3395 causis.
1417 3344 1552 3395 Sunt
1600 3357 1729 3395 vero
1781 3341 1962 3410 plures

403 3449 578 3489 causa:
632 3450 750 3501 quae
797 3434 878 3486 vel
928 3432 1242 3501 principium
1290 3442 1465 3485 motus
1508 3440 1762 3499 prmstant
1805 3439 1963 3499 atque

404 3524 658 3587 efficiunt,
691 3524 770 3576 vel
802 3524 1095 3592 specierum
1130 3521 1327 3574 formas
1352 3521 1606 3587 subjectae
1636 3521 1958 3588 suscipiunt,

404 3614 485 3668 vel
511 3621 726 3681 propter
766 3628 856 3665 eas
883 3612 1079 3680 aliquid
1110 3613 1186 3674 ﬁt,
1219 3611 1296 3664 vel
1326 3626 1442 3677 qua:
1472 3610 1765 3677 cujuslibet
1796 3610 1963 3663 forma

405 3716 503 3761 est.
548 3710 926 3775 Argumentum
977 3706 1133 3772 igitur
1176 3704 1242 3756 ab
1286 3703 1549 3756 efﬁciente
1600 3717 1780 3765 causa,
1818 3709 1875 3754 ut
1919 3702 1963 3754 si

405 3798 521 3867 quis
543 3798 799 3864 justitiam
822 3797 1115 3848 naturalem
1140 3795 1267 3847 velit
1289 3793 1595 3855 ostendere,
1620 3792 1763 3845 dicat
1790 3808 1803 3843 :
1837 3807 1968 3857 con:

406 3887 641 3955 gregatio
672 3886 941 3937 hominum
986 3884 1241 3937 naturalis
1283 3894 1387 3949 est,
1413 3883 1615 3950 justitia
1666 3898 1793 3935 vero
1836 3896 1969 3936 con-

406 3976 640 4044 gregatio
686 3974 954 4026 hominum
995 3973 1134 4037 fecit,
1163 3972 1364 4037 justitia
1394 3973 1551 4037 igitur
1578 3970 1835 4023 naturalis
1861 3981 1962 4024 est.

405 4067 640 4133 Quaestio
676 4066 743 4120 de
774 4065 1067 4130 accidente,
1102 4065 1331 4116 maxima
1372 4062 1665 4129 propositio
1696 4080 1709 4114 :
1741 4077 1965 4131 quorum

406 4157 697 4212 efﬁcientes
727 4169 901 4208 causae
944 4163 1067 4207 sunt
1115 4152 1401 4214 naturales,
1438 4152 1548 4217 ipsa
1581 4167 1792 4219 quoque
1844 4160 1969 4205 sunt

405 4248 681 4302 naturalia.
715 4245 886 4299 Locus
922 4244 990 4297 ab
1021 4242 1371 4295 efﬁcientibus
1414 4242 1626 4294 causis:
1658 4243 1795 4310 quod
1827 4243 1966 4294 enim

406 4335 816 4401 uniuscujusque
838 4348 995 4387 causa
1021 4341 1121 4396 est,
1147 4333 1196 4386 id
1227 4347 1344 4385 eam
1378 4314 1499 4385 rem.
1519 4332 1684 4384 efficit
1711 4333 1861 4399 cujus
1889 4342 1972 4386 est

408 4438 584 4477 causa.
617 4423 818 4476 Rursus
838 4423 881 4475 si
912 4424 1028 4490 quis
1059 4424 1269 4477 Mauros
1300 4438 1444 4476 arma
1472 4439 1577 4475 non
1609 4423 1804 4478 habere
1842 4438 1971 4477 con-

2068 3228 2150 3281 vel
2186 3242 2213 3279 a
2247 3230 2609 3296 proportione,
2645 3231 2727 3285 vel
2755 3247 2820 3285 ex
2846 3233 3128 3299 oppositis,
3158 3236 3239 3289 vel
3268 3252 3333 3290 ex
3375 3246 3629 3293 transum<

2069 3320 2267 3387 ptione.
2298 3320 2359 3372 Et
2392 3320 2480 3374 ille
2507 3321 2720 3389 quidem
2743 3322 2890 3377 locus
2930 3326 3018 3393 qui
3060 3326 3135 3378 rei
3163 3325 3418 3393 judicium
3463 3337 3630 3397 tenet,

2067 3419 2146 3463 est
2186 3410 2483 3477 liujusmodi
2513 3426 2527 3464 :
2558 3420 2613 3464 ut
2656 3412 2702 3465 si
2728 3412 2964 3466 dicamus
2992 3413 3043 3467 id
3070 3429 3188 3470 esse
3214 3416 3357 3484 quod
3389 3418 3471 3471 vel
3509 3432 3632 3472 om-

2067 3515 2164 3554 nes
2196 3499 2435 3567 judicant
2463 3502 2547 3555 vel
2579 3501 2777 3569 plures.
2805 3502 2871 3555 Et
2912 3503 2962 3556 lii
2994 3505 3077 3558 vel
3119 3506 3408 3572 sapientes,
3440 3509 3520 3561 vel
3550 3524 3633 3563 se-

2068 3594 2298 3647 cundum
2329 3610 2757 3665 unamquamque
2804 3602 2999 3649 artium
3035 3600 3244 3659 penitus
3275 3600 3490 3654 eruditi.
3526 3602 3635 3655 llu-

2065 3683 2152 3751 jus
2191 3686 2490 3753 exemplum
2522 3696 2623 3753 est,
2662 3690 2856 3741 caelum
2900 3704 3021 3743 esse
3070 3690 3325 3753 volubile,
3371 3693 3510 3760 quod
3562 3692 3634 3747 ita

2071 3774 2339 3841 sapientes
2385 3789 2543 3842 atque
2596 3778 2847 3844 astrologi
2895 3778 3187 3831 doctissimi
3238 3779 3331 3845 jud
3354 3791 3627 3835 caverunt.

2073 3868 2306 3931 Quaestio
2351 3867 2419 3919 de
2464 3868 2757 3920 accidente.
2811 3868 3034 3920 Maxima
3088 3870 3380 3936 preposi'io
3429 3888 3441 3923 :
3497 3874 3638 3941 quod

2073 3958 2319 4010 omnibus
2350 3957 2432 4010 vel
2480 3958 2719 4022 pluribus
2750 3959 2831 4009 vel
2863 3960 3195 4024 sapientibus
3224 3960 3526 4015 hominibus
3558 3964 3638 4016 vi-
3665 3942 3680 3959 ’

2074 4046 2250 4109 detur,
2282 4048 2330 4098 ei
2377 4049 2668 4099 contradici
2705 4062 2809 4099 non
2847 4059 3119 4114 oportere.
3153 4049 3321 4102 Locus
3355 4067 3382 4102 a
3425 4054 3501 4105 rei
3548 4053 3640 4122 ju-

2073 4135 2239 4190 dicio.
2267 4135 2312 4188 A
2342 4136 2603 4188 similibus
2644 4150 2771 4189 vero
2818 4136 2917 4188 hoc
2961 4137 3118 4189 modo
3144 4154 3158 4190 :
3188 4138 3231 4190 si
3260 4139 3529 4194 dubitetur
3572 4159 3639 4196 an

2073 4229 2304 4283 hominis
2350 4230 2621 4297 proprium
2653 4229 2722 4280 sit
2766 4227 3009 4295 bipedem
3055 4242 3206 4291 esse,
3251 4229 3533 4284 dicemus:
3568 4233 3641 4284 si-

2074 4321 2273 4374 militer
2310 4320 2451 4373 inest
2477 4332 2614 4385 equo
2642 4317 2965 4386 quadrupes,
2998 4328 3052 4370 ut
3084 4317 3285 4371 homini
3320 4319 3494 4387 bipes;
3533 4338 3639 4375 non

2076 4422 2158 4466 est
2184 4422 2358 4465 autem
2387 4426 2523 4478 equo
2563 4412 2862 4479 quadrupes
2908 4411 3205 4478 proprium;
3237 4425 3339 4464 non
3370 4424 3449 4464 est
3486 4414 3643 4480 igitur

410 4513 614 4577 tendat,
636 4513 774 4565 dicet
800 4514 996 4565 idcirco
1019 4529 1113 4566 eos
1142 4514 1306 4565 armis
1340 4513 1556 4565 minime
1583 4514 1681 4579 uti,
1715 4514 1858 4580 quod
1891 4515 1973 4569 his
2004 4504 2059 4561 D
2085 4504 2283 4558 homini
2314 4505 2461 4570 bipes
2493 4502 3034 4570 proiirium.Qu;cstlo
3056 4501 3123 4555 de
3151 4503 3382 4567 prOprio.
3413 4504 3640 4557 Maxima

410 4601 609 4654 ferrum
641 4603 794 4655 desit.
826 4602 1047 4653 Maxima
1079 4602 1402 4668 propositio,
1436 4602 1521 4654 ubi
1546 4605 1764 4656 materia
1797 4603 1972 4669 deest,

411 4693 622 4760 etquod
654 4707 715 4745 cx
742 4692 958 4745 materia
983 4692 1230 4754 efficitur,
1264 4693 1423 4747 desit.
1456 4694 1628 4746 Locus
1656 4707 1685 4745 a
1715 4696 1933 4747 materia
1959 4713 1969 4745 :

413 4792 693 4849 utrumque
721 4797 866 4847 vero,
894 4781 941 4833 id
967 4792 1048 4834 est
1071 4782 1137 4833 ab
1163 4782 1518 4837 efficientibus
1539 4793 1699 4853 atque
1728 4784 1971 4849 materia,

413 4886 517 4924 uno
573 4869 785 4924 nomine
824 4886 851 4922 a
896 4886 1052 4924 causa
1101 4885 1461 4940 nuncupatur.
1508 4873 1677 4943 [Eque
1724 4876 1864 4928 enim
1921 4876 1974 4927 id

412 4959 551 5029 quod
574 4959 757 5023 efﬁcit,
792 4968 951 5025 atque
981 4960 1030 5012 id
1059 4960 1199 5028 quod
1228 4963 1497 5027 operantis
1523 4962 1974 5031 actumsuscipit,

413 5055 527 5122 ejus
552 5055 625 5107 rei
668 5068 785 5120 quae
827 5053 1049 5105 efficitur
1077 5068 1252 5107 causa:
1284 5066 1428 5107 sunt.
1457 5054 1657 5108 Rursus
1693 5071 1720 5107 a
1756 5056 1878 5122 ﬁne,
1907 5060 1976 5110 sit

413 5144 740 5215 propositum
767 5146 863 5207 sic,
895 5160 960 5197 an
985 5145 1188 5212 justitia
1219 5145 1353 5198 bona
1386 5146 1476 5207 sit,
1515 5148 1603 5198 fiat
1632 5159 1976 5215 argumenta-

411 5236 489 5289 tio
520 5236 668 5287 talis:
697 5235 740 5287 si
773 5234 982 5288 beatum
1010 5248 1131 5287 esse
1160 5235 1358 5285 bonmu
1387 5242 1488 5295 est,
1520 5243 1574 5286 et
1600 5235 1804 5299 justitia
1838 5236 1972 5288 bona

411 5334 513 5389 est,
547 5325 631 5377 hic
655 5324 796 5377 enim
837 5333 919 5377 est
948 5324 1175 5390 justitia:
1201 5322 1339 5385 finis,
1376 5330 1434 5374 ut
1460 5322 1504 5374 si
1535 5324 1652 5389 quis
1682 5325 1975 5377 secundum

409 5414 662 5483 justitiam
686 5413 851 5477 vivat,
875 5411 941 5465 ad
963 5412 1346 5465 beatitudinem
1379 5411 1717 5478 perducatur.
1752 5412 1979 5466 Maxima

412 5505 705 5575 propositio
736 5520 748 5556 :
788 5506 942 5571 cujus
972 5503 1093 5556 finis
1118 5504 1291 5557 bonus
1323 5511 1424 5563 est,
1464 5503 1633 5569 ipsum
1657 5518 1866 5571 quoque
1896 5505 1983 5558 bo-

409 5611 535 5650 num
557 5604 658 5650 cst.
691 5595 867 5648 Locus
896 5609 924 5645 a
952 5594 1055 5647 fine
1080 5608 1094 5646 :
1117 5594 1187 5647 ab
1213 5609 1275 5647 eo
1296 5608 1507 5662 quoque
1528 5588 1665 5659 quad
1696 5595 1982 5660 cujuslibet

409 5688 580 5743 fortun
618 5697 720 5750 est,
747 5686 821 5743 ita
869 5686 1249 5752 non,potuisse
1297 5684 1477 5738 volare
1530 5684 1811 5753 Dedulutn,
1843 5702 1981 5754 quo-

2082 4594 2400 4665 propositio:
2425 4593 2468 4646 si
2493 4593 2629 4659 quod
2660 4592 2904 4645 similiter
2927 4593 3085 4654 inest,
3114 4607 3215 4643 non
3239 4602 3323 4646 est
3348 4586 3638 4661 p'mprium,

2083 4703 2180 4741 nec
2203 4686 2251 4740 id
2277 4686 2342 4738 de
2368 4702 2473 4752 quo
2504 4685 2760 4752 qumritur
2792 4698 2911 4737 esse
2943 4684 3209 4749 proprium
3242 4696 3435 4751 potest.
3474 4687 3645 4742 Locus

2080 4794 2110 4832 a
2139 4777 2417 4830 similibus.
2449 4775 2545 4828 llic
2575 4788 2701 4827 vero
2732 4774 3016 4843 ingemina
3047 4774 3316 4839 dividitur,
3351 4777 3464 4829 lt;th
3502 4781 3641 4831 enim

2083 4871 2179 4924 siut
2208 4868 2373 4921 litudo
2420 4880 2510 4919 aut
2557 4869 2608 4919 in
2657 4867 2911 4934 qualitate
2951 4867 3217 4932 Consistit,
3269 4872 3431 4922 autin
3463 4887 3645 4938 quan-

2085 4963 2264 5024 titate;
2313 4961 2405 5013 sed
2459 4957 2511 5012 in
2566 4959 2861 5027 quantitate
2908 4959 3144 5025 paritas,
3202 4960 3250 5012 id
3280 4970 3362 5013 est
3414 4963 3646 5029 aequali-

2085 5063 2163 5106 tas
2221 5059 2585 5118 nuncupatur,
2642 5051 2691 5102 in
2751 5049 3001 5118 qualitate
3056 5049 3368 5103 similitudo.
3443 5052 3647 5107 Rursus

2081 5144 2146 5196 ab
2174 5157 2239 5196 eo
2280 5142 2421 5208 quod
2454 5150 2536 5193 est
2567 5140 2733 5206 magis
2769 5157 2780 5189 :
2816 5138 2859 5191 si
2891 5148 3163 5205 quaeratur
3205 5155 3271 5191 an
3303 5141 3374 5193 sit
3402 5143 3646 5197 animalis

2080 5231 2347 5294 dilfinitio,
2397 5230 2535 5297 quod
2568 5245 2630 5282 ex
2678 5244 2737 5282 se
2781 5230 2980 5280 moveri
3018 5228 3202 5297 possi'l,
3231 5230 3471 5285 dicemus
3520 5234 3597 5287 sic
3630 5250 3645 5286 :

2086 5323 2253 5389 magis
2280 5330 2490 5388 oportet
2513 5321 2757 5373 animalis
2786 5320 3161 5375 difﬁnitionem
3189 5338 3307 5378 esse
3328 5326 3467 5393 quod
3497 5336 3661 5401 natu-‘

2087 5414 2270 5467 raliter
2311 5412 2451 5464 vivat
2494 5428 2650 5480 quam
2684 5413 2822 5479 quod
2872 5429 2938 5466 ex
2987 5430 3044 5467 se
3074 5417 3274 5468 moveri
3306 5420 3501 5485 possit;
3546 5436 3651 5476 non

2087 5513 2168 5557 est
2194 5511 2368 5555 autem
2402 5501 2512 5553 lucc
2559 5500 2804 5553 difﬁnitio
2854 5503 3107 5556 animalis
3153 5506 3293 5571 quod
3341 5509 3654 5563 naturaliter

2057 5638 2061 5641 ν
2088 5595 2263 5656 vivat;
2297 5604 2397 5644 nec
2424 5605 2483 5643 ea
2512 5590 2727 5657 qu’dem
2756 5591 2916 5659 igitur
2936 5608 3055 5660 quae
3081 5595 3254 5648 minus
3282 5598 3490 5650 videtur
3512 5613 3652 5662 esse,

2094 5684 2230 5753 quod
2257 5698 2319 5735 ex
2350 5696 2405 5734 Sc
2432 5681 2628 5733 moveri
2662 5680 2845 5747 posit,
2872 5682 3115 5737 animalis
3144 5683 3392 5740 dilﬁaitio
3422 5688 3652 5754 putanda
