4274 6272
644 307 774 360 H91

1836 294 1945 347 ΑΝ.
1988 294 2191 349 MANL.
2234 294 2379 350 SEV.
2429 296 2645 351 BOETII

3764 301 3898 354 “Di

641 430 742 474 est.
770 417 1003 486 tamstio
1032 412 1099 466 de
1129 408 1467 463 difﬁoitione.
1518 406 1744 460 Maxima
1790 408 2093 474 propositio
2126 424 2138 459 :
2171 406 2214 461 si
2241 412 2289 469 Α
2320 418 2371 462 et
2398 425 2500 463 non
2544 412 2744 464 moveri
2790 388 3082 466 secundum
3111 413 3519 469 al'ﬁrmationem
3561 424 3614 469 et
3646 420 3894 485 negatio-

644 512 698 565 id
721 509 865 579 quod
899 504 1063 572 magis
1091 502 1303 555 videtur
1331 500 1506 553 inesse
1542 515 1644 552 non
1676 502 1834 562 inest,
1865 515 1960 553 nec
1986 501 2035 553 id
2071 501 2231 568 quod

643 604 818 655 minus
848 596 1113 649 videbitur
1141 592 1318 645 inesse
1340 590 1518 644 inerit.
1554 590 1726 643 Locus
1754 590 1821 643 ab
1850 604 1915 644 eo
1937 591 2075 658 quod
2103 606 2215 642 ma-

641 694 723 757 gis
760 697 859 743 est.
894 689 937 741 A
967 684 1266 739 minoribus
1310 697 1439 734 vero
1481 696 1740 734 converso
1789 682 1967 734 modo.
2002 682 2135 733 Nam
2165 682 2210 734 si

641 791 723 836 est
752 779 983 834 hominis
1014 775 1294 844 difﬁnitio,
1338 773 1533 826 animal
1567 772 1843 841 gressibile
1878 773 2047 837 bipes,
2086 787 2205 826 cum

642 872 693 924 id
722 871 897 923 minus
926 866 1173 923 videatur
1195 877 1316 917 esse
1345 862 1592 914 difﬁnitio
1629 861 1876 925 hominis,
1911 877 2065 928 quam
2098 863 2213 915 ani-

642 961 748 1014 mal
787 956 1048 1012 rationale
1086 954 1335 1017 mortale,
1393 953 1566 1019 sitque
1614 951 1862 1003 difﬁnitio
1892 950 2121 1004 hominis
2150 967 2210 1004 ea

641 1066 764 1120 qua:
795 1050 927 1103 dicit
953 1048 1084 1100 alias
1119 1043 1401 1113 gressibiie
1427 1042 1599 1110 bipes,
1632 1042 1734 1094 erit
1762 1040 2012 1094 dilﬁnitio
2041 1041 2213 1094 homi-

645 1141 727 1193 nis
748 1136 944 1191 animal
971 1133 1230 1188 rationale
1252 1130 1497 1184 mortale.
1525 1129 1760 1195 Qumstio
1786 1128 1851 1183 de
1874 1129 2207 1183 dil’ﬁnitione.

645 1227 873 1284 Maxima
899 1222 1192 1291 propositio
1217 1235 1232 1273 :
1263 1219 1307 1272 si
1339 1218 1388 1272 id
1416 1218 1559 1286 quod
1594 1220 1772 1271 minus
1802 1217 2013 1271 videtur
2035 1217 2213 1273 inesse

644 1318 803 1378 inest,
835 1312 887 1365 id
916 1310 1059 1379 quod
1097 1308 1266 1377 magis
1291 1306 1561 1361 videbitur
1586 1307 1788 1371 inesse,
1822 1308 2002 1360 inerit.
2036 1308 2213 1380 Multa:

643 1415 815 1458 autem
845 1411 969 1456 sunt
992 1401 1331 1455 diversitates
1363 1399 1601 1452 locorum
1628 1397 1695 1450 ab
1719 1412 1784 1451 eo
1810 1398 1950 1465 quod
1989 1407 2070 1451 est
2100 1412 2211 1450 ma-

641 1497 723 1564 gis
752 1503 805 1548 et
840 1494 1012 1547 minus
1038 1500 1350 1560 argumenta
1383 1489 1821 1552 ministrantium,
1855 1504 1988 1556 quos
2036 1490 2087 1542 iu
2119 1504 2213 1542 ex-

644 1587 907 1653 positione
938 1584 1257 1650 Topicorum
1281 1580 1587 1634 Aristotelis
1609 1580 1919 1648 diligentius
1949 1579 2213 1647 persecuti

642 1690 849 1729 sumus.
880 1674 1009 1726 ltem
1041 1687 1071 1725 a
1102 1670 1464 1737 proportione,
1492 1678 1550 1721 ut
1578 1669 1621 1722 si
1651 1678 1916 1735 quaeratur
1958 1684 2025 1721 an
2067 1678 2212 1722 sorte

2320 514 2438 552 nem
2490 501 2702 554 sibimet
2751 514 3113 570 Oppoutmtur.
3162 503 3240 557 Ex
3303 507 3731 573 transumptione
3788 507 3895 560 hoc

2319 590 2476 641 modo
2519 592 2595 653 lit,
2635 604 2756 643 cum
2803 606 2873 644 ex
2916 593 2999 644 bis
3049 594 3289 646 terminis
3334 593 3385 646 in
3433 596 3629 661 quibus
3663 598 3893 663 qumsﬁo

2317 678 2603 731 constituta
2656 688 2762 745 est,
2811 680 2877 733 ad
2926 681 3069 733 aliud
3111 683 3362 750 quiddam
3412 686 3590 737 notius
3629 684 3894 738 dubitatio

2318 766 2654 832 transfertur,
2700 779 2754 822 et
2800 786 2865 823 ex
2903 771 3017 837 ejus
3067 773 3382 839 probatione
3410 787 3471 826 ca
3519 789 3640 840 qua:
3670 774 3721 826 in
3749 789 3895 842 qure-

2316 857 2489 910 stione
2540 859 2710 925 posita
2759 868 2885 912 sunt
2923 863 3328 925 conlirmantur,
3376 870 3434 913 ut
3472 861 3723 917 Socrates
3765 878 3886 916 cuni

2315 947 2440 1013 quid
2469 958 2649 1014 posset
2681 948 2732 1002 in
2767 964 2871 1002 uno
2898 964 3111 1018 quoque
3128 949 3334 1017 justitia
3358 962 3647 1018 qurereret,
3676 967 3890 1006 omnem

2317 1044 2596 1090 tractatum
2644 1037 2711 1090 ad
2759 1038 3070 1106 reipublicae
3123 1041 3392 1093 transtulit
3443 1044 3887 1111 magnitudinem,

2315 1136 2471 1196 atque
2494 1143 2564 1181 ex
2597 1143 2662 1182 eo
2692 1128 2831 1196 quod
2854 1129 2961 1182 illic
2988 1128 3246 1196 efﬁceret,
3274 1130 3326 1183 in
3352 1132 3577 1201 singulis
3606 1136 3763 1186 etiam
3797 1150 3891 1186 va-

2315 1215 2427 1269 lere
2459 1216 2825 1270 conﬁrmavit.
2856 1218 2955 1282 Qui
2989 1218 3135 1273 locus
3165 1234 3195 1269 a
3226 1228 3339 1273 toto
3374 1219 3595 1274 forsitan
3636 1237 3755 1276 esse
3803 1226 3889 1277 vi-

2314 1306 2547 1360 debitur.
2601 1305 2705 1361 Sed
2745 1310 2993 1375 quoniam
3040 1324 3146 1363 non
3194 1309 3418 1364 inhzeret
3473 1312 3556 1365 his
3599 1312 3663 1366 de
3690 1314 3887 1380 quibus

2318 1400 2638 1467 proponitur
2666 1400 2930 1466 terminis,
2957 1401 3049 1454 sed
3079 1411 3228 1454 extra
3255 1402 3421 1467 posita
3447 1418 3534 1457 res
3555 1404 3653 1457 hoc
3684 1413 3887 1458 tantum

2315 1490 2435 1556 quia
2463 1490 2640 1542 notior
2667 1489 2893 1553 videtur,
2928 1491 3238 1553 assumitur,
3263 1490 3463 1544 idcirco
3487 1508 3550 1545 ex
3580 1503 3887 1560 transump-

2317 1579 2458 1632 tione
2485 1579 2629 1632 locus
2653 1580 2739 1631 hic
2765 1579 3104 1633 convenienti
3127 1582 3382 1634 vocabulo
3416 1592 3754 1651 nuncupatus
3778 1595 3883 1637 est.

2319 1668 2406 1721 Fit
2432 1684 2558 1721 vero
2603 1668 2716 1721 haec
2749 1672 3101 1737 transumptio
3132 1678 3186 1723 et
3230 1673 3281 1723 in
3325 1672 3541 1724 nomine
3568 1673 3779 1741 quoties
3819 1676 3885 1726 ab

645 1768 751 1820 sint
780 1761 1006 1831 eligendi
1038 1762 1089 1813 in
1118 1759 1423 1813 civitatibus
1449 1760 1812 1825 magistratus,
1843 1758 2087 1811 dicamus
2110 1759 2203 1810 mi-
2240 1760 2285 1818 B
2314 1759 2543 1813 obscuro
2566 1759 2828 1813 vocabulo
2844 1761 2907 1813 ad
2928 1761 3103 1814 notius
3127 1764 3516 1831 argumentatio
3542 1766 3882 1831 transfertur,

645 1856 809 1909 nime.
840 1852 973 1917 Quia
1003 1865 1069 1903 ne
1098 1850 1148 1901 in
1182 1847 1403 1901 navibus
1445 1848 1655 1916 quidem
1696 1849 2023 1915 gubernator
2059 1853 2207 1901 sorte

646 1947 954 2015 przeﬁcitur,
995 1950 1074 1995 est
1104 1940 1243 1993 enim
1275 1938 1569 2006 proportio.
1600 1938 1729 1991 Nam
1766 1947 1823 1990 ut
1858 1952 1980 1991 sese
2009 1937 2209 2005 guber-

645 2047 799 2093 nator
823 2034 983 2087 habet
1013 2030 1077 2084 ad
1106 2029 1299 2091 navim,
1334 2031 1404 2082 ita
1450 2029 1791 2096 magistratus
1820 2029 1883 2080 ad
1915 2027 2205 2080 civitatem.
2242 2066 2259 2084 .

643 2132 744 2183 llic
766 2137 944 2181 autem
969 2126 1118 2179 locus
1146 2123 1308 2177 distat
1326 2121 1393 2174 ab
1422 2134 1487 2174 eo
1512 2118 1599 2187 qui
1630 2134 1660 2171 a
1683 2117 1949 2170 similibus
1977 2116 2206 2169 ducitur.

594 2280 601 2285 γ
644 2222 717 2275 1111
747 2220 888 2274 enim
922 2232 1024 2271 una
1048 2229 1133 2269 res
1156 2212 1470 2267 unicuilibet
1493 2210 1579 2262 alii
1610 2218 1968 2276 comparatur.
2004 2207 2059 2260 ln
2085 2221 2209 2274 pro-

644 2311 886 2379 portione
916 2323 1046 2361 vero
1087 2320 1191 2359 non
1242 2313 1327 2358 est
1374 2300 1669 2355 similitudo
1710 2313 1909 2363 rerum,
1944 2298 2036 2350 sed
2067 2312 2211 2366 qum-

644 2404 765 2456 dam
799 2398 1123 2454 habitudinis
1162 2392 1514 2463 compatatio.
1548 2390 1784 2456 Qumstio
1811 2390 1876 2443 de
1907 2389 2205 2442 accidente.

643 2490 866 2544 Maxima
917 2482 1248 2554 propositio:
1288 2480 1431 2549 quod
1467 2479 1523 2533 in
1555 2492 1865 2545 unaquaque
1906 2491 1964 2530 re
2010 2479 2205 2539 evenit,

645 2579 697 2632 id
727 2578 781 2629 in
804 2577 921 2643 ejus
952 2570 1331 2641 proportionali
1360 2568 1573 2622 evenire
1600 2580 1818 2619 necesse
1843 2575 1945 2619 est.
1978 2565 2147 2619 Locus
2178 2580 2208 2617 a

646 2667 1009 2738 praportione.
1052 2664 1127 2716 Ex
1156 2660 1413 2729 Oppositis
1438 2673 1565 2711 vero
1605 2657 1877 2724 multiplex
1926 2667 2007 2709 est
2038 2657 2204 2709 locus.

642 2761 875 2828 Quatuor
903 2753 1045 2808 enim
1077 2751 1289 2805 sibimet
1336 2755 1681 2815 Opponuntur
1713 2745 1904 2811 modis,
1938 2755 2027 2797 aut
2065 2746 2204 2798 enim

642 2858 700 2904 ut
725 2844 992 2902 contraria
1018 2841 1244 2895 adverso
1275 2851 1394 2892 sese
1426 2838 1542 2889 loco
1569 2836 1861 2887 constituta
1890 2835 2205 2901 respiciunt,

641 2952 731 2997 aut
756 2948 813 2993 ut
840 2936 1059 3007 privatio
1094 2942 1148 2986 et
1176 2932 1402 2994 habitus,
1438 2937 1535 2980 aut
1561 2936 1617 2980 ut
1660 2927 1872 2991 relatio,
1906 2936 1998 2978 aut
2034 2935 2087 2979 ut
2129 2927 2207 2978 af-

642 3030 869 3086 ﬁrmatio
896 3036 950 3081 et
980 3022 1207 3092 negatio.
1244 3022 1479 3087 Quorum
1510 3017 1861 3071 discretioncs
1895 3016 1944 3069 in
1972 3029 2037 3069 eo
2068 3015 2207 3069 libro

2313 1850 2418 1904 hoc
2454 1849 2630 1916 modo,
2677 1861 2731 1904 ut
2757 1852 2801 1905 si
2828 1862 3100 1920 quaeratur
3130 1867 3197 1905 an
3228 1853 3573 1921 philosophus
3623 1857 3882 1921 invideat,

2312 1942 2489 2011 sitque
2519 1942 2842 2010 incognitum
2877 1922 3000 2012 quid
3031 1943 3335 2013 philosophi
3366 1945 3631 2014 signiﬁcet
3662 1964 3880 2004 nomen.

2313 2030 2559 2084 Dicemus
2588 2032 2652 2083 ad
2683 2032 3023 2093 vocabulum,
3053 2031 3438 2087 transferentes
3466 2037 3644 2088 notius
3666 2053 3772 2089 non
3799 2039 3882 2091 in-

2313 2120 2514 2184 videre,
2560 2121 2681 2190 quia
2714 2122 2925 2190 sapiens
2969 2122 3060 2175 sit.
3110 2122 3295 2179 Noius
3337 2139 3463 2178 vero
3503 2137 3583 2180 est
3628 2127 3882 2195 sapientis

2312 2211 2624 2266 vocabulum
2655 2228 2811 2280 quam
2834 2214 3161 2283 pltiloSOphi.
3204 2219 3275 2269 Ac
3305 2216 3371 2270 de
3402 2217 3484 2270 his
3505 2218 3720 2285 quidem
3752 2220 3883 2272 locis

2311 2301 2400 2370 qui
2423 2303 2757 2356 extrinsecus
2777 2312 3138 2365 assumuntur,
3164 2304 3359 2373 liquide
3381 2305 3579 2359 dictum
3604 2319 3712 2369 est,
3740 2324 3879 2361 nunc

2311 2392 2379 2446 de
2412 2394 2603 2447 mediis
2634 2393 3012 2462 disputabitur.
3063 2395 3215 2448 Medii
3245 2405 3421 2450 autem
3452 2397 3557 2453 loci
3596 2409 3877 2452 sumuntur

2312 2485 2394 2538 vel
2427 2500 2493 2538 ex
2514 2500 2661 2550 casu,
2695 2486 2775 2538 vel
2807 2501 2871 2538 ex
2906 2486 3226 2554 conjugatis,
3257 2488 3341 2540 vel
3371 2502 3437 2541 ex
3470 2488 3733 2543 divisione
3773 2505 3877 2543 na-

2310 2582 2541 2626 scentes.
2592 2572 2756 2625 Casus
2797 2581 2881 2626 est
2914 2572 3139 2642 alicujus
3180 2576 3413 2630 nominis
3456 2577 3762 2646 principalis
3788 2580 3877 2630 in-

2311 2662 2473 2714 llexio
2520 2663 2571 2714 in
2615 2661 2942 2728 adverbium,
2984 2675 3041 2716 ut
3084 2679 3114 2717 a
3153 2663 3357 2731 justitia
3395 2667 3681 2720 inﬂectitur
3713 2668 3877 2735 juste.

2310 2750 2473 2804 Casus
2501 2750 2660 2818 igitur
2682 2760 2761 2802 est
2782 2766 2811 2802 a
2832 2750 3037 2819 justitia
3066 2753 3116 2805 id
3143 2753 3283 2821 quod
3309 2754 3532 2808 dicimus
3551 2757 3715 2822 juste.
3741 2757 3883 2810 tion-

2304 2843 2484 2912 jogata
2526 2858 2655 2895 vero
2692 2844 2938 2897 dicuntur
2976 2860 3093 2912 qua:
3138 2847 3203 2897 ab
3241 2846 3428 2900 eodem
3476 2847 3689 2901 diverso
3720 2849 3881 2902 modo

2311 2931 2535 2985 deducta
2567 2931 2861 2995 ﬂuxerunt,
2895 2943 2951 2984 ut
2980 2947 3007 2984 a
3041 2933 3248 3001 justitia
3269 2936 3471 3001 justum
3491 2937 3724 3003 ,justus.
3755 2938 3881 2991 llaec

2311 3020 2471 3090 igitur
2497 3022 2633 3076 inter
2661 3038 2719 3076 se
2754 3034 2806 3077 et
2845 3038 2965 3078 cum
3012 3026 3122 3092 ipsa
3148 3026 3353 3094 jusﬁtia
3379 3027 3664 3097 conjugata
3691 3029 3879 3083 dicun-

642 3120 726 3190 qui
769 3118 839 3171 de
870 3116 1061 3171 Decem
1094 3110 1528 3165 Prmdicamentis
1572 3107 1800 3174 scriptus
1842 3114 1943 3169 est,
1983 3119 2210 3159 comme-
2238 3112 2283 3173 C
2316 3121 2419 3178 tur,
2449 3127 2513 3167 ex
2537 3113 2726 3181 quibus
2758 3114 3002 3167 omnibus
3034 3117 3083 3168 in
3115 3126 3357 3183 promptu
3384 3128 3507 3170 sunt
3536 3132 3877 3187 argumenta.

641 3219 860 3264 morata:
889 3213 1033 3271 sunt,
1076 3202 1142 3257 ab
1181 3199 1261 3253 bis
1294 3198 1393 3253 hoc
1435 3197 1594 3251 modo
1626 3206 1935 3264 argumenta
1977 3210 2206 3249 nascun-

643 3313 749 3356 tur.
799 3303 845 3355 A
888 3295 1192 3357 contrariis,
1244 3293 1287 3346 si
1319 3300 1589 3361 quaeratur
1627 3305 1693 3342 an
1748 3288 1819 3340 sit
1843 3289 2050 3342 virtutis
2082 3302 2208 3355 pro-

645 3393 819 3460 prium
847 3387 1074 3451 laudari,
1111 3385 1283 3437 dicam
1315 3384 1555 3444 minime,
1580 3383 1702 3449 quia
1734 3394 1833 3434 nec
1859 3380 1970 3433 vitii
1996 3380 2209 3449 quidem

642 3480 951 3549 vituperari.
994 3476 1229 3543 Quaestio
1255 3474 1321 3528 de
1343 3474 1578 3541 proprio.
1613 3474 1841 3527 Maxima
1872 3471 2166 3539 propositio
2191 3492 2205 3525 :

640 3571 905 3629 contraria
953 3568 1236 3623 contrariis
1277 3566 1624 3619 conveniunt.
1676 3566 1850 3619 Locus
1888 3567 1955 3619 ab
1995 3564 2210 3632 opposi-

643 3671 728 3728 tis,
762 3662 813 3715 id
841 3669 922 3715 est
952 3674 1016 3713 ex
1042 3657 1334 3711 contrario.
1366 3658 1572 3709 Rursus
1609 3656 1663 3707 in
1694 3655 1990 3723 quaestione
2016 3655 2088 3707 sit
2118 3669 2210 3723 po-

642 3755 822 3814 situm,
844 3765 910 3802 an
944 3748 1217 3815 proprium
1248 3745 1317 3797 sit
1338 3744 1524 3798 oculos
1557 3743 1863 3797 habentium
1886 3744 2089 3798 videre.
2120 3744 2210 3798 Di-

640 3858 758 3899 catn
791 3856 920 3901 non,
950 3851 1043 3891 eos
1080 3850 1308 3902 namque
1335 3835 1425 3903 qui
1452 3834 1650 3901 vident,
1689 3835 1822 3889 alios
1847 3836 2008 3889 etiam
2039 3850 2209 3890 caecos

642 3949 762 3989 esse
792 3931 1072 3999 contingit.
1094 3929 1223 3982 Nam
1250 3928 1302 3980 in
1333 3927 1525 3996 quibus
1551 3936 1633 3982 est
1657 3927 1887 3995 habitus,
1921 3930 1972 3981 in
2004 3930 2208 3984 eisdem

643 4029 801 4083 etiam
832 4029 1039 4096 gpoterit
1079 4038 1200 4078 esse
1246 4023 1492 4091 privatio,
1540 4031 1597 4087 et
1639 4022 1778 4091 quod
1811 4031 1894 4076 est
1933 4023 2206 4090 proprium

643 4134 745 4172 non
800 4125 974 4185 potest
1009 4130 1039 4168 a
1083 4113 1325 4182 subjecto
1366 4112 1663 4167 discedere.
1715 4112 1783 4165 Et
1826 4113 2078 4181 quoniam
2120 4129 2211 4168 ve-

644 4208 819 4261 niente
861 4206 1102 4260 caecitate
1150 4204 1293 4257 visus
1333 4202 1593 4265 abscedit,
1640 4217 1745 4255 non
1776 4218 1898 4256 esse
1931 4204 2204 4272 proprium

642 4298 949 4353 habentium
992 4297 1175 4351 oculos
1218 4296 1399 4349 videre
1445 4295 1801 4348 convincitur.
1854 4296 2089 4361 Quaestio
2139 4298 2206 4352 de

556 4416 561 4419 -
643 4389 877 4458 proprio.
927 4387 1154 4441 Maxima
1207 4384 1552 4453 propositio:
1593 4386 1682 4438 ubi
1728 4385 1957 4451 privatio
2015 4388 2204 4442 abesse

2312 3202 2440 3256 Nam
2468 3203 2513 3256 si
2538 3202 2591 3256 id
2617 3203 2757 3272 quod
2782 3203 2925 3271 juste
2951 3215 3033 3259 est
3062 3208 3259 3259 booum
3289 3215 3392 3270 est,
3429 3216 3484 3260 et
3512 3209 3651 3273 quod
3675 3211 3877 3277 justum

2312 3302 2393 3348 cst
2422 3296 2618 3349 bonum
2660 3306 2763 3360 est,
2795 3305 2849 3349 et
2879 3297 2921 3348 si
2961 3299 3048 3364 qui
3071 3298 3248 3365 justus
3289 3311 3371 3352 est
3397 3300 3568 3354 bonus
3594 3310 3696 3363 est,
3721 3313 3773 3355 et
3795 3304 3879 3371 ju-

2312 3385 2453 3439 stitia
2480 3386 2617 3440 bona
2647 3397 2750 3439 est.
2785 3385 2919 3451 ,chc
2948 3385 3109 3455 igitur
3137 3389 3430 3441 secundum
3464 3392 3664 3458 proprii
3692 3394 3879 3458 nomi-

2312 3479 2394 3531 nis
2420 3478 2821 3532 similitudinem
2853 3490 3270 3548 consequuntur.
3303 3483 3463 3537 Medii
3495 3499 3623 3538 vero
3657 3485 3756 3539 loci
3784 3502 3877 3557 ap-

2313 3570 2597 3637 pellantur,
2628 3571 2875 3637 quoniam
2906 3570 2951 3623 si
2980 3570 3046 3623 de
3070 3570 3273 3638 justitia
3299 3573 3571 3640 quaeritur,
3606 3586 3659 3628 ct
3691 3590 3720 3626 a
3742 3590 3870 3629 casu

2313 3661 2397 3714 vel
2428 3677 2454 3711 a
2483 3661 2776 3729 conjugatis
2806 3671 3117 3729 argumenta
3147 3663 3430 3725 ducuntur,
3472 3680 3645 3732 neque
3674 3666 3742 3719 ab
3765 3667 3877 3735 ipsa

2310 3752 2601 3805 substantia
2628 3752 2837 3818 proprie
2857 3765 3029 3819 neque
3050 3752 3356 3818 conjuncte,
3385 3768 3557 3822 neque
3577 3756 3644 3807 ab
3670 3757 3732 3808 iis
3754 3771 3875 3823 qua

2313 3850 2437 3893 sunt
2464 3840 2793 3893 extrinsecus
2835 3842 3003 3908 posita
3037 3840 3281 3895 videntur
3328 3843 3484 3910 trahi,
3516 3845 3608 3897 sed
3639 3860 3708 3898 ex
3737 3846 3875 3913 ipso-

2312 3944 2429 3981 rum
2454 3928 2685 3994 casibus,
2726 3929 2775 3983 id
2817 3938 2898 3983 est
2925 3929 3153 3997 quadam
3187 3947 3249 3984 ex
3282 3931 3412 3999 ipsis
3452 3932 3553 3985 levi
3581 3936 3877 3988 mutatiooe

2312 4020 2566 4075 deductis.
2602 4020 2726 4074 Jure
2751 4022 2908 4089 igitur
2955 4022 3005 4073 lti
3059 4022 3159 4074 loci
3190 4024 3355 4077 medii
3403 4024 3541 4077 inter
3573 4039 3666 4078 eos
3691 4028 3779 4094 qui
3810 4028 3879 4079 ab

2311 4111 2441 4178 ipsis
2483 4120 2536 4165 et
2564 4125 2657 4165 eos
2681 4110 2773 4179 qui
2800 4118 2924 4163 sunt
2953 4111 3289 4166 extrinsecus
3318 4115 3661 4168 collocantur.
3693 4114 3879 4169 Restat

2311 4202 2458 4256 locus
2484 4218 2512 4253 a
2544 4202 2801 4255 divisione
2830 4202 2920 4269 qui
2949 4210 3208 4255 tractatur
3242 4203 3341 4257 hoc
3368 4204 3555 4257 modo:
3581 4204 3763 4256 Omnis
3792 4206 3876 4255 di-

2309 4294 2442 4346 visio
2465 4292 2544 4344 vel
2573 4292 2853 4359 negatioue
2877 4294 2952 4357 lit,
2974 4292 3058 4345 vel
3084 4292 3387 4360 partitione.
3416 4292 3709 4362 Negatione
3739 4291 3797 4345 ﬁt
3819 4300 3879 4350 ut

2308 4383 2353 4435 si
2381 4382 2497 4451 quis
2526 4381 2594 4434 ita
2627 4382 2930 4447 pronuntiet
2958 4396 2972 4432 :
3000 4395 3157 4434 omne
3184 4383 3379 4434 animal
3415 4392 3506 4434 aut
3534 4382 3691 4435 habet
3717 4383 3882 4450 pedes

643 4487 836 4548 potest,
867 4477 1079 4530 habitus
1112 4477 1386 4542 pr0prium
1419 4491 1523 4528 non
1562 4486 1662 4529 est.
1700 4476 1875 4530 Locus
1898 4478 1967 4530 ab
1992 4482 2208 4547 opposi-
2240 4470 2293 4529 D
2317 4480 2407 4524 aut
2436 4485 2537 4524 non
2568 4470 2744 4523 habet.
2777 4470 3067 4523 Partitione
3095 4485 3220 4524 vero
3249 4473 3392 4525 velut
3415 4472 3458 4525 si
3490 4472 3614 4540 quis
3642 4473 3879 4525 dividat:

642 4572 707 4622 tis
736 4568 1025 4623 secundum
1053 4567 1289 4620 habitum
1326 4577 1379 4620 et
1402 4568 1776 4635 privationem.
1807 4568 2013 4623 Rursus
2047 4573 2117 4624 sit
2150 4573 2208 4626 in

604 4642 934 4729 .quaistione
974 4657 1326 4725 propositum,
1368 4672 1435 4709 an
1482 4659 1646 4723 patris
1676 4660 1749 4712 sit
1781 4663 2050 4728 proprium
2085 4678 2208 4731 pro-

639 4758 931 4803 creatorem
956 4763 1094 4802 eSse.
1124 4748 1300 4800 Dicam
1325 4757 1469 4802 recte
1491 4748 1679 4814 videri,
1704 4750 1825 4817 quia
1854 4752 1949 4804 ﬁlii
1976 4766 2057 4806 est
2083 4769 2209 4820 pro-

639 4842 812 4907 prium
845 4847 1179 4906 procreatum
1208 4853 1327 4892 esse
1356 4856 1367 4891 :
1396 4848 1453 4891 ut
1477 4841 1617 4893 enim
1640 4856 1761 4895 sese
1791 4844 1948 4896 habet
1974 4855 2125 4912 pater
2144 4847 2210 4898 ad

639 4932 827 4993 ﬁlium,
873 4931 944 4982 ita
988 4940 1294 4996 procreator
1342 4930 1407 4981 ad
1454 4941 1812 4997 procreatum.
1854 4934 2091 4999 Quaestio
2139 4937 2205 4990 de

640 5022 873 5089 proprio.
900 5020 1127 5073 Maxima
1155 5021 1445 5087 prepositio
1478 5038 1492 5073 :
1532 5024 1899 5089 oppositorum
1931 5025 1999 5078 ad
2031 5040 2089 5078 se
2122 5042 2205 5080 re-

640 5114 866 5165 latorum
896 5110 1131 5179 propria,
1176 5120 1229 5163 et
1257 5111 1368 5177 ipsa
1400 5111 1464 5163 ad
1514 5126 1572 5164 se
1601 5113 1927 5166 referuntur.
1971 5114 2142 5169 Locus
2174 5132 2204 5169 a

640 5204 872 5258 relativis
901 5201 1177 5272 oppositis.
1214 5200 1340 5255 ltem
1372 5202 1439 5255 sit
1480 5203 1530 5255 in
1557 5206 1850 5271 quastione
1874 5208 2199 5274 propositum

640 5309 705 5347 an
732 5295 801 5348 sit
830 5293 1074 5347 animalis
1104 5294 1376 5360 pr0prium
1406 5295 1629 5347 moveri.
1664 5294 1920 5363 Negetur,
1954 5298 2072 5365 quia
2109 5314 2206 5353 nec

639 5386 911 5440 inanimali
952 5385 1162 5454 quidem
1211 5393 1292 5438 est
1337 5385 1608 5452 proprium
1644 5400 1746 5439 non
1793 5390 2018 5443 moveri.
2049 5391 2206 5455 Quae-

639 5478 743 5529 stio
795 5476 863 5528 de
909 5476 1142 5542 proprio.
1191 5474 1414 5528 Maxima
1463 5475 1757 5544 propositio
1791 5493 1805 5531 :
1839 5480 2203 5546 oppositorum

640 5566 886 5636 opposita
924 5568 1136 5632 propria
1168 5579 1295 5619 esse
1336 5575 1607 5634 oportere.
1642 5566 1697 5620 L'
1720 5582 1814 5622 cus
1853 5568 1920 5623 ab
1950 5571 2208 5637 oppositis

642 5656 930 5714 Secundum
953 5655 1361 5710 afﬁrntationem
1383 5665 1435 5710 et
1459 5658 1814 5725 negationem.
1843 5659 2038 5714 Moveri
2063 5662 2202 5713 enim

2313 4562 2486 4613 omnis
2518 4558 2673 4611 homo
2700 4570 2787 4611 aut
2816 4569 2897 4611 est
2918 4574 3104 4625 sanus,
3141 4570 3231 4612 aut
3261 4575 3417 4628 (eger.
3452 4560 3537 4613 Fit
3561 4572 3738 4615 autem
3766 4564 3881 4614 unir

2314 4664 2461 4703 versa
2491 4647 2681 4701 divisio
2707 4650 2786 4701 vel
2809 4648 3020 4714 generis
3048 4648 3102 4702 in
3130 4650 3357 4716 species,
3383 4650 3465 4702 vel
3492 4650 3657 4703 totius
3684 4651 3881 4718 iu-par~

2316 4753 2415 4805 tes,
2447 4743 2529 4795 vel
2568 4742 2713 4794 vocis
2754 4742 2808 4794 111
2848 4743 3087 4809 proprias
3132 4738 3569 4809 signiﬁcationes,
3604 4743 3688 4795 vel
3736 4746 3880 4796 acci-

2314 4831 2485 4886 dentis
2518 4833 2569 4885 in
2601 4832 2858 4900 subjecta,
2889 4831 2972 4885 vel
2999 4831 3222 4900 subjecti
3248 4832 3300 4884 in
3327 4831 3644 4895 accidentia,
3678 4833 3760 4885 vel
3790 4848 3884 4885 ac-

2314 4923 2541 4977 cidentis
2585 4925 2634 4976 in
2670 4923 2983 4977 accidentia.
3013 4922 3248 4986 Quorum
3279 4924 3517 4975 omnium
3562 4923 3794 4976 rationes
3830 4924 3882 4975 in

2313 5029 2377 5067 eo
2404 5013 2539 5067 libro
2580 5015 2883 5083 diligentius
2905 5014 3136 5082 explicui
3167 5028 3324 5082 quem
3358 5015 3425 5067 de
3454 5013 3716 5067 divisione
3738 5030 3884 5067 eoo.-

2314 5112 2486 5180 posui.
2521 5115 2693 5181 Atque
2717 5112 2919 5166 idcirco
2949 5113 3074 5167 inde
3101 5113 3166 5166 ad
3200 5113 3388 5166 horum
3426 5113 3662 5165 omnium
3693 5118 3879 5181 cogni-

2316 5203 2512 5256 tionem
2544 5218 2776 5272 congrua
2808 5215 3059 5273 petantur
3097 5207 3368 5273 exempla.
3403 5205 3558 5258 Fiunt
3587 5215 3764 5259 autem
3795 5224 3882 5256 ar-

2312 5294 2735 5361 gumentationes
2772 5311 2863 5362 per
2896 5294 3229 5359 divisionem,
3264 5308 3370 5348 tum
3402 5310 3464 5348 ea
3512 5294 3881 5363 segregatione

2312 5408 2428 5460 qua:
2473 5408 2565 5461 per
2596 5392 2925 5460 negationem
2974 5394 3052 5457 ﬁt,
3087 5401 3195 5445 tum
3239 5408 3299 5447 ea
3350 5408 3466 5460 quae
3506 5408 3599 5459 per
3638 5392 3879 5458 ρει-11ιὶοι

2313 5497 2456 5537 nem.
2498 5483 2600 5537 Sed
2631 5484 2717 5551 qui
2762 5485 2843 5535 his
2885 5484 3233 5537 divisionibus
3264 5494 3500 5544 utuntur,
3545 5493 3632 5536 aut
3672 5483 3877 5535 directa

2315 5574 2723 5627 ratiocinatione
2762 5576 3107 5638 contendunt,
3151 5584 3239 5628 aut
3283 5575 3333 5627 111
3381 5576 3591 5644 aliquod
3626 5575 3878 5641 impossi-

2314 5663 2417 5717 bile
2444 5674 2599 5732 atque
2639 5664 3014 5719 inconveniens
3062 5667 3280 5731 ducunt,
3312 5674 3470 5734 atque
3522 5666 3591 5719 ita
3636 5666 3687 5718 id
3725 5667 3872 5734 quod
