4274 6272
361 293 495 347 ΗΕΒ

1399 284 1484 338 DE
1528 277 1997 337 DIFFERENTIIS
2034 276 2310 331 'I‘Ol’iC-IS.
2354 275 2477 329 LIB.
2522 276 2579 331 II.

3464 276 3595 331 ΗΜ

358 402 701 470 reliquerant,
734 404 918 455 rurs‘tls
962 404 1256 451 assumunt.
1290 394 1419 461 Qua:
1467 392 1677 448 facilius
1702 391 1927 460 quisque
1956 390 2009 451 Α
2032 402 2171 451 esse,
2208 387 2467 441 marinam
2517 403 2726 457 quoque
2753 390 2980 446 belluam
3024 400 3077 447 et
3117 391 3265 447 sidus
3288 391 3598 446 substantia:

359 503 666 563 cognoscet,
720 492 763 545 si
814 489 1081 559 prioribus
1126 485 1403 557 analyticis
1445 498 1659 552 operam
1700 481 1924 534 dederit.

362 585 559 638 Ilnrum
593 594 768 637 tamen
797 582 917 634 talia
962 582 1010 633 in
1042 591 1283 648 prtesens
1314 574 1643 644 prmstabunt
1682 570 1927 639 exempla

361 677 622 729 notitiam.
674 674 752 728 Sit
804 673 853 724 iu
884 671 1177 737 qumstione
1229 668 1554 734 propositum
1602 680 1666 716 an
1717 663 1821 716 ulla
1861 662 1929 715 sit

361 780 511 833 origo
544 763 817 828 temporis.
864 760 1012 825 Quod
1027 758 1127 827 ἰιιιί
1158 772 1351 826 negare
1389 755 1553 823 volet,
1587 755 1639 808 id
1678 754 1929 807 nimirum

363 852 771 907 ratiocinatione
803 848 1035 901 firmabit
1082 847 1229 898 nullo
1261 844 1418 898 modo
1466 859 1584 897 esse
1620 852 1818 904 ortum,
1850 842 1930 895 id-

361 961 465 1012 que
503 945 707 997 directa
756 939 1162 994 ratiocinatione
1211 937 1533 991 monstrabit
1576 936 1676 990 hoc
1722 935 1923 989 modo:

361 1036 593 1104 Tempus
619 1041 709 1085 aut
737 1031 995 1098 originem
1041 1030 1221 1096 habet,
1251 1038 1345 1082 aut
1372 1044 1498 1081 non.
1528 1028 1633 1082 Sed
1676 1028 1927 1096 quoniam

362 1126 589 1179 mundus
629 1132 869 1177 :eternns
909 1131 991 1175 est
1038 1121 1115 1191 (id
1154 1136 1295 1175 enim
1332 1121 1601 1190 paulisper
1630 1119 1927 1187 argumenti

360 1216 529 1283 gratia
557 1213 928 1279 concedatur),
968 1213 1198 1266 mundus
1231 1227 1357 1265 vero
1386 1211 1500 1264 sine
1547 1221 1785 1278 tempore
1811 1223 1932 1263 esse

361 1323 466 1360 non
498 1305 691 1371 potuit,
726 1314 932 1373 tempus
978 1318 1190 1372 quoque
1228 1311 1484 1356 :rternum
1516 1312 1615 1355 est.
1656 1301 1760 1354 Sed
1790 1299 1930 1369 quod

362 1407 624 1449 :eternum
656 1406 738 1449 est
778 1404 927 1451 caret
963 1394 1194 1463 origine,
1242 1404 1450 1460 tempus
1473 1393 1633 1461 igitur
1673 1391 1931 1460 originem

364 1498 469 1536 non
504 1483 686 1537 habet.
726 1486 792 1536 At
823 1483 868 1537 si
913 1499 1004 1549 per
1048 1483 1525 1551 iinpossihilitatem
1558 1481 1701 1536 idem
1733 1481 1933 1535 deside-

364 1583 511 1627 retur
540 1576 771 1637 ostendi,
803 1573 1011 1627 dicetur
1047 1575 1146 1627 hoc
1173 1575 1329 1627 modo
1356 1590 1370 1627 :
1397 1574 1629 1641 Tempus
1654 1584 1744 1628 aut
1773 1574 1928 1642 origi-

366 1682 487 1719 nem
517 1666 699 1730 habet,
729 1676 819 1718 aut
847 1682 971 1719 non.
1014 1666 1116 1719 Sed
1148 1668 1190 1719 si
1228 1676 1435 1732 tempus
1459 1666 1614 1719 habet
1651 1666 1933 1733 originem,

2039 497 2194 550 posse
2226 481 2473 550 supponi,
2509 485 2828 535 monstravit
2867 499 3053 539 canem
3081 498 3203 538 esse
3230 483 3597 536 substantiam.

2033 573 2205 638 Atque
2235 570 2321 623 hic
2365 571 2576 638 quidem
2604 587 2665 625 ex
2697 573 2825 638 ipsis
2858 575 2906 625 in
2955 576 3251 640 quzestione
3280 573 3599 641 propositis,

2036 660 2301 714 \idebitur
2345 670 2655 728 argumenta
2696 666 2940 717 traxisse.
2984 664 3052 717 At
3094 666 3145 717 in
3180 664 3369 717 talibus
3389 662 3602 731 syllogi-

2033 759 2162 809 smis
2190 773 2203 809 :
2230 765 2319 809 aut
2347 771 2509 808 sanus
2549 768 2629 811 est
2650 798 2664 820 ,
2706 770 2793 811 aut
2825 775 3003 828 aeger;
3035 760 3130 813 sed
3159 774 3321 814 sanus
3349 768 3461 821 est,
3495 776 3601 813 non

2035 848 2193 913 igitur
2221 856 2304 899 est
2328 862 2501 914 aeger;
2537 847 2628 899 sed
2668 864 2829 901 sanus
2876 865 2978 901 non
3009 862 3109 915 est,
3138 865 3280 919 :eger
3313 851 3469 919 igitur
3499 862 3602 904 est.

2039 935 2134 989 Vel
2166 939 2259 997 ita,
2288 936 2379 988 sed
2409 951 2548 1004 anger
2583 945 2697 1001 est,
2729 952 2892 990 sanus
2921 939 3080 1006 igitur
3109 956 3211 993 non
3238 950 3351 1001 est;
3385 941 3469 994 vel
3498 941 3602 1003 ita,

2035 1027 2125 1079 sed
2154 1042 2293 1095 :rger
2318 1044 2420 1081 non
2468 1037 2570 1093 est,
2602 1044 2764 1081 sanus
2796 1029 2954 1095 igitur
2988 1038 3089 1094 est,
3134 1031 3200 1084 ab
3231 1031 3311 1083 his
3338 1046 3457 1099 quae
3481 1043 3605 1084 sunt

2034 1115 2368 1170 extrinsecus
2389 1129 2631 1183 sumptus
2659 1127 2739 1171 est
2765 1118 3130 1188 syllogismus,
3162 1119 3213 1172 id
3241 1130 3323 1174 est
3342 1119 3409 1171 ab
3434 1134 3607 1188 oppo-

2035 1208 2172 1260 sitis.
2201 1206 2404 1261 Idcirco
2430 1216 2571 1261 totus
2609 1207 2693 1262 hic
2716 1225 2743 1262 a
2774 1210 3045 1265 divisione
3078 1211 3223 1265 locus
3265 1212 3403 1264 inter
3432 1220 3605 1265 utros-

2035 1314 2137 1367 que
2166 1299 2372 1353 medius
2401 1315 2520 1353 esse
2563 1300 2885 1368 perhibetur,
2920 1303 3008 1369 qui
3045 1303 3088 1356 si
3138 1304 3189 1356 in
3219 1304 3502 1373 negatione
3536 1303 3607 1357 sit

2036 1392 2357 1445 constitutus
2380 1434 2393 1455 ,
2424 1390 2601 1460 aliquo
2642 1394 2800 1445 modo
2831 1394 3044 1462 quidem
3086 1409 3148 1449 ex
3185 1395 3315 1462 ipsis
3344 1395 3572 1449 sumitur

2038 1481 2216 1549 aliquo
2258 1482 2417 1534 modo
2468 1496 2595 1535 vero
2639 1484 2705 1536 ab
2737 1483 3089 1538 exterioribus
3119 1486 3285 1540 venit.
3318 1485 3374 1539 Si
3423 1500 3605 1539 veroa

2040 1572 2325 1638 partitione
2370 1572 2637 1626 ducantur
2685 1582 3031 1642 argumenta,
3089 1592 3228 1631 nunc
3274 1578 3486 1644 quidem
3537 1577 3606 1629 ab

2039 1663 2188 1731 ipsis,
2214 1678 2360 1723 nunc
2386 1678 2514 1716 vero
2539 1664 2605 1716 ab
2627 1665 2981 1719 exterioribus
3007 1668 3217 1735 copiam
3242 1678 3512 1735 praestant.
3538 1668 3606 1721 Et

369 1770 475 1809 non
520 1758 616 1809 tuit
658 1772 890 1822 semper.
938 1756 1171 1823 Tempus
1219 1766 1394 1810 autem
1446 1755 1605 1808 habet
1645 1754 1930 1824 originem,
1966 1757 2012 1815 B
2038 1753 2211 1809 Graeci
2239 1755 2455 1821 quidem
2482 1755 2763 1809 Tltemistii
2814 1757 3211 1827 diligentissimi
3240 1759 3514 1827 scriptoris
3542 1774 3606 1812 ac

368 1845 469 1899 fuit
504 1846 662 1914 igitur
690 1847 901 1914 quando
940 1861 1044 1898 non
1076 1844 1171 1898 fuit
1201 1857 1427 1913 tempus.
1471 1844 1575 1898 Sed
1605 1843 1768 1898 fuisse
1799 1854 1933 1898 tem-

368 1935 515 2002 poris
540 1947 622 1987 est
646 1934 984 2002 significatio.
1025 1935 1120 1988 fuit
1154 1935 1311 2004 igitur
1342 1944 1551 2004 tempus
1584 1936 1796 2004 quando
1827 1950 1930 1990 non

369 2025 463 2079 fuit
488 2036 714 2093 tempus,
743 2026 880 2095 quod
907 2027 1018 2080 fieri
1048 2042 1149 2081 neu
1186 2037 1379 2095 potest.
1417 2028 1528 2080 Non
1559 2040 1638 2081 est
1667 2027 1829 2097 igitur
1854 2029 1937 2080 ul-

370 2117 476 2171 lum
510 2118 827 2185 principium
860 2123 1133 2185 temporis.
1165 2116 1341 2171 Posito
1381 2134 1607 2187 namque
1648 2129 1705 2171 ut
1734 2121 1800 2172 ab
1831 2118 1937 2173 ullo

369 2207 692 2274 principium
732 2206 977 2274 cmperit,
1028 2208 1410 2262 inconveniens
1463 2208 1723 2276 quoddam
1778 2218 1938 2277 atque

372 2298 698 2366 impossibile
721 2299 1002 2367 contingit,
1030 2300 1191 2353 tuisse
1224 2312 1429 2367 tempus
1460 2302 1669 2368 quando
1694 2316 1797 2354 non
1827 2301 1938 2355 fue-

371 2393 440 2444 rit
471 2400 697 2459 tempus.
732 2374 952 2444 ΙιειΙιιιιι⁸
984 2393 1160 2459 itaque
1191 2391 1256 2444 ad
1285 2392 1505 2445 alteram
1546 2402 1774 2460 partem,
1797 2390 1939 2460 quod

371 2481 574 2551 origine
604 2491 804 2536 careat.
848 2483 951 2536 Sid
992 2482 1128 2547 luce,
1174 2498 1293 2551 qua:
1324 2499 1389 2536 ex
1427 2486 1709 2552 negatione
1750 2485 1939 2539 divisio

373 2584 473 2637 est,
498 2588 615 2625 eum
642 2589 733 2641 per
762 2589 822 2625 ea
854 2575 1108 2640 quarlibet
1140 2586 1452 2643 argumenta
1492 2584 1793 2640 sumuntur,
1826 2577 1939 2631 ﬁeri

375 2666 557 2731 nequit
586 2674 643 2718 ut
670 2673 950 2733 utrumque
994 2667 1084 2730 sit,
1125 2666 1264 2733 quod
1296 2666 1655 2721 afﬁrmatione
1682 2680 1734 2722 et
1780 2685 1941 2738 nega-

376 2753 518 2808 tione
550 2754 820 2809 dividitur.
869 2758 1047 2825 Itaque
1084 2760 1291 2811 sublato
1324 2775 1428 2812 uno
1467 2760 1696 2814 alterum
1739 2770 1937 2827 manet,

377 2848 554 2916 posito
584 2849 753 2901 altero
780 2850 1039 2916 reliquum
1073 2851 1294 2913 tollitur,
1329 2863 1651 2922 voeaturque
1682 2854 1767 2908 hic
1792 2874 1821 2907 a
1856 2855 1939 2908 di-

378 2936 578 2991 visione
607 2938 754 2991 locus
796 2939 1002 2992 medius
1042 2939 1179 2993 inter
1207 2956 1299 2995 eos
1328 2944 1416 3010 qui
1462 2944 1528 2996 ab
1557 2944 1673 3012 ipso
1702 2944 1823 2999 duci
1854 2960 1941 2999 so-

334 3017 347 3030 ’
377 3026 507 3091 Ient,
558 3037 717 3095 atque
762 3043 855 3081 eos
904 3029 991 3096 qui
1042 3032 1374 3084 extrinsecus
1412 3044 1771 3089 assumuntur.
1807 3036 1937 3090 Cum

2038 1844 2217 1909 lucidi,
2251 1854 2306 1899 et
2334 1845 2512 1899 omnia
2540 1846 2604 1898 ad
2636 1844 2940 1901 facilitatem
2966 1848 3329 1917 intelligentia:
3348 1863 3608 1903 revocan-

2040 1941 2105 1991 tis
2134 1938 2253 1992 talis
2283 1938 2520 1992 locorum
2551 1937 2762 1992 videtur
2799 1953 2917 1994 esse
2948 1940 3183 2007 partitio.
3227 1942 3356 2007 Quae
3385 1955 3503 1995 cum
3536 1942 3604 1995 ita

2039 2029 2170 2094 sint,
2204 2029 2437 2083 breviter
2464 2029 2592 2082 mihi
2626 2030 2862 2084 locorum
2910 2029 3102 2084 divisio
3142 2034 3604 2086 commemoranda

2036 2129 2139 2184 est,
2170 2130 2227 2173 ut
2253 2120 2381 2173 nihil
2422 2132 2615 2189 preter
2653 2136 2770 2175 eam
2818 2130 3143 2175 monstretur
3171 2138 3289 2177 esse
3326 2124 3604 2189 relictum,

2039 2210 2178 2279 quod
2207 2224 2310 2263 non
2338 2211 2476 2264 intra
2499 2225 2616 2265 eam
2643 2212 2895 2278 probetur
2923 2210 3206 2265 inclusum.
3238 2213 3310 2266 De
3332 2228 3436 2276 quo
3463 2213 3607 2266 enim

2039 2300 2091 2353 in
2135 2299 2371 2368 qualibet
2416 2300 2710 2367 qutestione
2760 2300 3060 2367 dubitatur,
3105 2300 3153 2352 id
3200 2302 3267 2353 ita
3314 2301 3609 2354 lirmabitur

2039 2389 2386 2458 argumentis,
2411 2400 2468 2441 ut
2493 2404 2553 2442 ea
2584 2389 2668 2442 vel
2693 2404 2755 2443 ex
2789 2391 2915 2457 ipsis
2938 2398 3217 2444 sumantur
3236 2406 3351 2460 qua:
3381 2392 3435 2445 in
3464 2408 3605 2461 qum-

2042 2481 2212 2534 stione
2238 2493 2362 2535 sunt
2387 2482 2695 2545 constituta,
2730 2483 2815 2535 vel
2849 2483 3181 2536 extrinsecus
3211 2484 3492 2549 ducantur,
3525 2484 3608 2538 vel

2041 2572 2189 2640 quasi
2210 2572 2263 2625 in
2287 2572 2518 2626 confinio
2547 2573 2735 2628 horum
2761 2576 2928 2641 posita
2948 2575 3292 2642 vesﬁgentur.
3319 2579 3394 2630 Ac
3417 2587 3611 2645 praeter

2044 2663 2180 2716 hanc
2225 2663 2438 2731 quidem
2485 2662 2856 2717 diilinitionein
2899 2663 3030 2717 nihil
3062 2674 3210 2718 extra
3255 2666 3479 2720 inveniri
3513 2681 3609 2735 po-

2048 2764 2171 2808 test.
2203 2753 2305 2809 Sed
2355 2756 2398 2807 si
2444 2756 2511 2807 ab
2559 2756 2687 2824 ipsis
2732 2761 2959 2810 sumitur
2988 2764 3352 2826 argumentum
3373 2797 3388 2821 ,
3421 2768 3510 2811 aut
3539 2758 3608 2811 ab

2046 2848 2278 2915 ipsorum
2312 2863 2538 2903 necesse
2582 2860 2663 2902 est
2690 2850 2985 2903 substantia
3018 2859 3285 2917 sumatur,
3319 2861 3408 2904 aut
3435 2851 3502 2903 ab
3528 2852 3610 2903 Itis

2044 2940 2161 3004 quae
2198 2952 2315 2991 eam
2342 2951 2757 3007 consequuntur,
2794 2949 2883 2991 aut
2914 2939 2979 2992 ab
3012 2939 3077 2992 iis
3099 2954 3216 3007 qua:
3246 2940 3611 3007 inseparabili-

2047 3039 2127 3082 ter
2147 3028 2415 3091 accidunt,
2447 3030 2529 3082 vel
2558 3029 2638 3081 his
2667 3029 2964 3094 adhaerent,
2996 3038 3050 3083 et
3074 3029 3140 3082 ab
3160 3044 3340 3084 eorum
3363 3032 3609 3085 substan-

381 3119 523 3171 enim
548 3127 819 3187 qureratur
864 3134 930 3171 an
966 3120 1069 3179 ulla
1104 3122 1174 3174 sit
1216 3123 1365 3191 origo
1402 3125 1676 3193 temporis,
1718 3127 1943 3181 sumitur
1969 3112 2013 3173 C
2054 3123 2125 3173 tia
2180 3123 2417 3189 separari
2462 3122 2774 3192 sejungique
2820 3123 2904 3176 vel
2938 3138 3041 3176 non
3085 3133 3337 3191 possunt,
3376 3124 3458 3174 vel
3508 3138 3612 3175 non

382 3208 591 3277 quidem
625 3223 743 3261 esse
782 3211 1064 3278 originem,
1113 3224 1163 3264 et
1204 3227 1266 3266 ex
1299 3229 1358 3266 ea
1391 3231 1482 3280 per
1511 3218 1780 3284 propriam
1818 3233 1946 3272 con-

379 3302 713 3367 sequentium
737 3300 801 3354 de
843 3316 900 3353 re
942 3301 1053 3369 ipsa
1086 3318 1203 3370 quae
1234 3305 1489 3372 quaeritur
1518 3308 1575 3357 tit
1604 3306 1946 3375 impossibili-

381 3389 505 3442 tatis
545 3400 594 3443 et
632 3391 893 3444 mendacii
918 3392 1284 3462 syllogismus.
1308 3396 1423 3461 Quo
1448 3397 1705 3451 concluso
1744 3400 1948 3454 reditur

381 3481 445 3533 ad
478 3483 625 3550 prius
660 3484 801 3551 quod
838 3497 1018 3537 verum
1053 3500 1174 3539 esse
1196 3501 1416 3542 necesse
1445 3499 1545 3545 est.
1586 3492 1857 3558 Siquidem
1895 3494 1945 3546 id

383 3573 521 3638 quod
544 3576 592 3628 ei
618 3577 917 3645 oppositum
943 3586 1024 3633 est
1064 3579 1127 3630 ad
1158 3580 1486 3649 impossibile
1519 3584 1733 3652 aliquod
1762 3586 1947 3641 ineun-

384 3665 704 3736 veniensque
738 3670 1064 3736 producitur.
1106 3674 1287 3743 Itaque
1322 3678 1571 3744 quoniam
1604 3692 1671 3729 ex
1722 3679 1834 3745 ipsa
1866 3694 1946 3744 re,

384 3754 451 3808 de
472 3771 572 3824 qua
596 3762 875 3826 qumritur,
898 3762 1010 3817 fieri
1034 3766 1373 3834 syllogismus
1390 3768 1549 3832 solet,
1566 3769 1716 3837 quasi
1735 3769 1801 3823 ab
1820 3769 1949 3838 ipsis

387 3845 535 3898 locus
554 3848 928 3917 estdeduetus,
951 3856 1200 3921 quoniam
1215 3871 1341 3909 vero
1364 3872 1468 3910 non
1498 3857 1549 3910 in
1573 3874 1637 3911 eo
1653 3870 1949 3928 permanet,

386 3933 477 3986 sed
492 3934 555 3987 ad
578 3939 879 4004 oppositum
903 3941 1059 4007 redit,
1082 3944 1234 4010 quasi
1254 3948 1588 4001 extrinsecus
1601 3951 1848 4005 sumitur.
1876 3951 1953 4004 ld-

386 4025 531 4078 circo
544 4026 942 4085 hieadivisione
960 4032 1107 4086 locus
1122 4034 1258 4087 inter
1270 4046 1550 4105 utrumque
1566 4041 1771 4094 medius
1787 4043 1953 4096 collo-

387 4124 556 4170 catur.
574 4118 643 4171 At
662 4133 787 4173 vero
809 4122 895 4188 qui
918 4138 978 4175 ex
1004 4124 1293 4191 partitione
1313 4128 1594 4182 sumuntur
1610 4131 1809 4198 duplici
1830 4143 1954 4187 sunt

388 4207 865 4279 modozaliquoties
882 4215 1022 4268 enim
1041 4230 1159 4283 qua:
1177 4216 1482 4273 dividuntur
1510 4221 1664 4274 simul
1699 4238 1818 4277 esse
1840 4240 1954 4291 pos-

388 4309 529 4363 sunt,
563 4310 619 4354 ut
657 4303 701 4354 si
740 4318 923 4359 vorem
956 4306 1008 4359 in
1039 4306 1454 4375 signiﬁcationes
1478 4310 1801 4379 dividamus,
1834 4330 1950 4367 om-

390 4405 485 4443 nes
513 4391 671 4444 simul
700 4407 819 4447 esse
848 4408 1087 4463 possunt,
1123 4398 1279 4452 veluti
1321 4415 1440 4454 cum
1482 4402 1709 4456 dicimus
1750 4405 1953 4471 ample-

2054 3212 2247 3266 Solent.
2278 3213 2617 3280 Quaecunque
2648 3227 2775 3266 vero
2803 3213 2869 3267 ab
2890 3228 3071 3265 eorum
3096 3215 3385 3267 substantia
3414 3213 3614 3266 ducun~

2016 3312 2166 3367 -tur,
2196 3316 2259 3355 ea
2283 3310 2375 3357 aut
2412 3302 2463 3354 in
2490 3301 2879 3370 descriptione,
2905 3310 2995 3355 aut
3036 3304 3086 3355 in
3115 3302 3429 3356 difﬁnitione
3458 3310 3614 3365 sunt,

2049 3404 2103 3448 et
2127 3405 2322 3462 praeter
2352 3393 2465 3447 hate
2494 3408 2522 3446 a
2553 3393 2784 3448 nominis
2828 3395 3280 3463 interpretatione.
3331 3396 3458 3461 Quae
3485 3410 3613 3447 vero

2049 3501 2111 3540 ea
2142 3486 2287 3541 velut
2316 3486 2662 3540 substantiam
2685 3487 3007 3540 continentia
3052 3496 3463 3556 consequuntur,
3491 3487 3613 3539 talia
3703 3513 3709 3520 -

2050 3591 2195 3646 sunt,
2233 3590 2291 3635 ut
2316 3581 2397 3635 vel
2425 3581 2658 3648 generis,
2691 3581 2774 3633 vel
2818 3579 3150 3647 diil'erentize,
3174 3580 3255 3633 vel
3284 3579 3495 3648 integri,
3528 3584 3613 3632 vel

2053 3675 2378 3740 specierum,
2410 3672 2492 3726 vel
2521 3672 2747 3738 partium
2777 3671 2891 3724 loco
2920 3671 3057 3724 circa
3086 3685 3147 3724 ea
3178 3685 3297 3739 qua:
3336 3669 3616 3738 inquirun-

2054 3774 2140 3817 tur
2160 3764 2434 3818 assistant.
2469 3762 2597 3815 ltem
2628 3761 2706 3815 vel
2730 3776 2924 3827 cansze,
2952 3761 3033 3815 vel
3062 3760 3371 3826 efficientes,
3396 3760 3477 3815 vel
3504 3776 3614 3813 ma-

2056 3858 2222 3921 teriae,
2258 3858 2341 3911 vel
2370 3856 2590 3919 formae,
2616 3857 2696 3909 vel
2723 3857 2842 3909 linis
2866 3896 2880 3919 ,
2914 3856 2996 3909 vel
3024 3855 3270 3921 ell'ectus,
3307 3856 3387 3908 vel
3432 3871 3619 3910 eorru-

2056 3949 2295 4015 ptiones,
2346 3948 2427 4000 vel
2458 3961 2586 3999 usus
2607 3986 2622 4011 ,
2651 3948 2729 3999 vel
2764 3946 3088 4014 quantitates
3108 3986 3121 4008 ,
3153 3946 3232 3999 vel
3276 3956 3503 4013 tempus,
3533 3948 3620 4000 vel

2058 4039 2220 4092 modi.
2251 4038 2400 4105 Quod
2429 4052 2556 4091 vero
2585 4036 2795 4105 proprie
2843 4037 3195 4103 inseparabile
3222 4037 3305 4089 vel
3339 4029 3619 4091 adhaerens

2057 4131 2300 4184 accidens
2326 4138 2683 4196 nuncupatur,
2718 4128 2768 4180 id
2796 4127 2848 4180 in
2879 4127 3231 4180 communiter
3257 4127 3619 4181 accidentibus

2058 4224 2444 4277 numerabitur.
2480 4219 2543 4274 Et
2574 4230 2765 4287 praeter
2795 4218 2910 4271 hinc
2931 4216 3143 4286 quidem
3176 4217 3315 4270 aliud
3340 4218 3479 4285 quod
3510 4220 3621 4272 eui-

2057 4331 2160 4384 que
2193 4316 2370 4369 inesse
2397 4313 2566 4382 possit
2592 4312 2815 4365 inveniri
2847 4327 2948 4364 non
2978 4319 3167 4378 potest.
3198 4310 3400 4376 Quibus
3424 4312 3493 4363 ita
3526 4324 3620 4378 po-

2059 4410 2174 4461 sitis
2200 4406 2541 4474 inspieiamus
2569 4418 2707 4456 nunc
2748 4418 2839 4458 eos
2872 4402 3017 4456 locos
3038 4415 3169 4469 quos
3200 4401 3395 4454 dudum
3424 4401 3624 4454 extrin~

390 4490 506 4533 ctor
533 4492 624 4534 aut
650 4483 911 4538 actionem
944 4488 1229 4556 signiﬁcat,
1262 4500 1353 4544 aut
1388 4494 1714 4560 passionem,
1748 4503 1937 4547 utrum-

2059 4512 2215 4552 secus
2246 4496 2719 4566 pronuntiabamus
2745 4493 2962 4546 assumi.
2998 4491 3069 4545 Ea
3100 4491 3240 4544 enim
3270 4505 3387 4553 qua:
3425 4492 3624 4543 extrin~

391 4586 494 4639 que
527 4572 683 4626 simul
706 4576 1005 4644 signiticare
1031 4591 1223 4645 potest.
1260 4582 1554 4652 Aliquoties
1584 4587 1748 4640 veluti
1791 4600 1950 4655 nega—

392 4663 549 4717 tionis
584 4665 740 4720 modo
764 4683 882 4736 quae
910 4669 1213 4725 dividuntur
1242 4675 1397 4728 simul
1427 4692 1545 4730 esse
1573 4694 1674 4730 non
1708 4690 1950 4745 possunt,

392 4769 447 4812 ut
475 4770 565 4814 aut
588 4776 749 4815 sanus
770 4772 851 4817 est
878 4775 969 4818 aut
1008 4782 1169 4835 aeger.
1213 4757 1299 4823 Fit
1326 4779 1501 4825 autem
1533 4772 1867 4827 ratiocinatio
1900 4774 1951 4826 in

391 4853 567 4918 priore
608 4853 820 4920 quidem
852 4856 1009 4909 modo
1055 4860 1371 4924 divisionis,
1407 4874 1513 4914 tum
1549 4865 1669 4931 quia
1713 4864 1956 4917 omnibus

391 4943 541 4996 adest
563 4945 699 5011 quod
725 4948 980 5014 qumritur
1002 4949 1083 5003 vel
1120 4966 1224 5004 non
1248 4952 1418 5019 adest,
1453 4965 1562 5005 tum
1597 4969 1723 5007 vero
1753 4955 1951 5008 idcirco

389 5034 546 5088 alicui
572 5036 763 5090 adesse
792 5039 871 5091 vel
905 5053 1008 5092 non
1037 5039 1226 5095 adesse
1255 5045 1393 5111 quod
1424 5044 1539 5096 aliis
1570 5044 1708 5097 adsit
1737 5055 1827 5097 aut
1857 5046 1956 5098 mi-

390 5127 553 5180 nime.
586 5126 692 5182 Nec
734 5130 784 5181 in
834 5129 919 5183 his
952 5133 1289 5201 explicandis
1333 5136 1526 5189 diutius
1560 5136 1955 5201 laborabimus,

389 5217 433 5271 si
466 5218 671 5285 priores
690 5221 996 5278 resolutorii
1028 5226 1111 5279 vel
1130 5225 1325 5295 Topica
1355 5228 1652 5280 Aristotelis
1683 5227 1956 5297 diligentis

391 5310 625 5363 animum
650 5311 865 5368 lectoris
886 5314 1253 5372 instruxerint.
1275 5318 1401 5372 Nam
1420 5321 1462 5372 si
1487 5329 1755 5388 quieratur
1780 5330 1956 5375 utrum

392 5402 538 5455 canis
585 5403 879 5458 subSIantia
922 5410 1027 5471 sit,
1059 5418 1215 5477 atque
1256 5412 1389 5463 hanc
1432 5410 1751 5464 divisionem
1804 5412 1961 5464 faciat

393 5497 685 5553 collocutor
710 5518 724 5553 :
754 5498 913 5555 Canis
939 5504 1019 5555 vel
1045 5502 1302 5556 Iatrabilis
1326 5505 1595 5569 animalis,
1632 5504 1712 5557 vel
1745 5504 1963 5558 marina:

392 5585 606 5655 bellum,
640 5591 718 5645 vel
749 5580 981 5645 etelestis
1009 5590 1199 5646 sideris
1230 5610 1423 5649 nomen
1467 5605 1566 5661 est,
1601 5596 1961 5649 demonstret-

394 5693 498 5747 que
547 5696 639 5750 per
672 5684 875 5751 singula
923 5693 976 5737 et
1024 5696 1209 5736 canem
1262 5685 1559 5741 latrabilem
1611 5687 1961 5742 substantiam

799 5799 1067 5858 PATROL.
1116 5798 1333 5858 LXIV.

2060 4605 2214 4644 secus
2270 4598 2642 4648 assumuntur,
2698 4600 2802 4638 non
2856 4592 2980 4636 sunt
3031 4583 3102 4634 ita
3161 4590 3401 4648 separata
3465 4589 3626 4648 atque

2061 4683 2343 4748 disjuncta,
2361 4689 2416 4731 ut
2437 4692 2541 4731 non
2565 4675 2742 4744 aliquo
2763 4674 2921 4727 modo
2941 4672 3091 4741 quasi
3114 4686 3143 4725 e
3165 4671 3622 4739 regionequadam

2062 4789 2120 4825 en
2144 4785 2263 4839 qua:
2288 4776 2596 4837 quaeruntur
2623 4764 2903 4832 aspiciant.
2936 4761 3066 4814 Nam
3094 4770 3150 4814 et
3175 4760 3552 4813 similitudines
3574 4771 3629 4814 et

2064 4860 2304 4929 opposita
2330 4859 2395 4911 ad
2435 4873 2496 4909 ea
2521 4859 2637 4910 sine
2677 4856 2838 4909 dubio
2878 4852 3177 4907 referuntur
3216 4850 3407 4918 quibus
3434 4849 3628 4902 similia

2066 4954 2146 5006 vel
2177 4951 2421 5020 opposita
2459 4958 2621 5010 sunt,
2651 4948 2777 5001 licet
2800 4946 2921 5015 jure
2951 4956 3107 5014 atque
3138 4944 3324 4997 ordine
3350 4943 3629 4996 videantur

2062 5044 2394 5113 extrinsecus
2442 5039 2720 5094 collocata.
2753 5038 2887 5091 Sunt
2912 5046 3089 5089 autem
3124 5035 3267 5095 lure,
3302 5031 3628 5091 similitudo,

2064 5137 2348 5205 Oppositio,
2382 5133 2573 5203 majus,
2622 5132 2817 5193 minus,
2858 5129 2935 5184 rei
2972 5127 3250 5198 judicium.
3299 5126 3351 5177 In
3383 5124 3629 5177 similitu-

2063 5231 2187 5282 dine
2209 5230 2349 5282 enim
2376 5234 2485 5279 tum
2511 5226 2583 5278 rei
2614 5223 2929 5287 similitudo,
2964 5232 3072 5273 tum
3106 5218 3464 5287 proportionis
3492 5216 3628 5268 ratio

2066 5320 2393 5385 continetur.
2435 5316 2622 5370 Omnia
2654 5315 2794 5368 enim
2844 5311 3238 5365 similitudinem
3284 5294 3481 5363 tenent.
3524 5306 3629 5376 Op-

2069 5411 2236 5478 posita
2274 5423 2400 5461 vero
2430 5408 2481 5460 in
2511 5405 2827 5465 contrariis,
2854 5402 2905 5455 in
2952 5401 3359 5470 ptivationibus,
3408 5400 3459 5452 in
3497 5400 3629 5452 rela-

2070 5503 2325 5567 tionibus,
2360 5502 2411 5553 in
2440 5498 2809 5568 negationibus
2833 5502 3098 5550 constant.
3128 5493 3472 5563 Comparatio
3508 5507 3630 5545 veru

2071 5594 2286 5661 majoris
2333 5591 2397 5644 ad
2444 5592 2616 5644 minus
2672 5588 2909 5657 quaedam
2956 5585 3204 5639 similium
3253 5583 3629 5638 dissimilitudo

2069 5695 2167 5743 est.
2200 5686 2393 5741 Rerum
2426 5683 2564 5740 enim
2607 5696 2698 5751 per
2728 5695 2783 5734 se
2808 5678 3055 5733 similium
3086 5677 3335 5733 discretio
3372 5676 3539 5746 majus
3568 5690 3629 5733 ac

3048 5794 3123 5858 38
