4274 6272
716 295 852 349 H05

1960 295 2064 350 AN.
2108 293 2313 348 MANL.
2354 292 2506 347 SEV.
2552 293 2769 349 ΒΟΕΤΙΙ

3849 303 3982 358 “96

713 408 889 462 minus
919 408 1062 462 facil.
1096 408 1244 475 Quod
1269 409 1409 462 enim
1463 409 1606 462 omni
1639 408 1893 477 qualitate
1924 411 2175 480 omnique
2203 424 2286 462 ra-
2316 411 2361 470 Λ
2395 409 2694 476 qumstioue
2722 408 3015 478 dubitatur,
3049 412 3114 466 ad
3149 413 3520 482 prredicativos
3566 430 3627 470 ac
3672 415 3980 486 simplice'l,

713 500 857 554 tione
900 499 1217 568 disjunctum
1247 511 1351 564 est,
1385 501 1433 553 id
1470 500 1616 554 nullo
1659 496 1817 555 modo
1850 502 2043 570 poterit
2072 516 2290 570 compa-

691 591 838 643 rari.
867 589 944 643 Ex
977 590 1053 644 rei
1081 605 1208 645 vero
1244 592 1451 662 judicio
1482 607 1600 662 quae
1632 601 1754 645 sunt
1795 602 2104 662 argumenta
2137 593 2288 661 quasi

713 681 1077 737 testimonium
1106 683 1347 752 praebent
1371 693 1426 737 et
1452 693 1575 738 sunt
1599 683 1966 738 inartiﬁciales
1988 684 2110 747 loci,
2134 688 2290 752 atque

708 776 929 830 omnino
979 774 1273 848 disjuncti,
1314 793 1412 832 nec
1455 793 1568 832 rem
1613 780 1788 848 potius
1827 793 1986 846 quam
2034 778 2288 846 judicium

686 868 1127 936 opinionemque
1151 878 1442 923 sectantes.
1473 869 1965 939 Transsumptionis
1991 884 2118 922 vero
2144 869 2290 921 locus

709 973 850 1012 nunc
877 958 1090 1025 quidem
1131 959 1183 1013 in
1231 960 1571 1027 aequalitate,
1611 977 1751 1014 nunc
1799 973 1926 1014 vero
1971 961 2021 1013 in
2073 958 2290 1029 majoris

711 1049 1004 1105 minorisve
1047 1053 1452 1120 comparatione
1487 1055 1751 1108 consistit.
1798 1049 1906 1107 Aut
1952 1052 2094 1106 enim
2125 1051 2191 1103 ad
2239 1051 2288 1104 id

711 1142 851 1209 quod
879 1152 963 1194 est
995 1143 1188 1207 simile,
1222 1154 1313 1198 aut
1336 1143 1402 1198 ad
1427 1145 1476 1197 id
1507 1145 1647 1213 quod
1677 1154 1758 1199 est
1790 1146 1960 1212 majus
1983 1153 2072 1198 aut
2094 1143 2287 1208 minus,

713 1233 770 1286 fit
795 1243 1232 1304 argumentorum
1260 1236 1635 1306 rationumque
1653 1237 2052 1306 transsumptio.
2074 1236 2137 1290 ili
2165 1249 2291 1288 vero

715 1326 815 1380 loci
837 1337 973 1395 quos
1003 1327 1188 1380 mistos
1211 1341 1330 1381 esse
1355 1329 1717 1394 praediximus,
1743 1338 1834 1381 aut
1855 1343 1920 1381 ex
1943 1327 2174 1391 casibus,
2201 1335 2292 1378 aut

706 1427 770 1471 ex
800 1415 1118 1485 conjugatis,
1147 1426 1240 1470 aut
1266 1432 1330 1472 ex
1361 1417 1627 1472 divisione
1670 1427 1985 1472 nascuntur.
2017 1417 2074 1470 lu
2099 1415 2291 1486 quibus

715 1507 966 1561 omnibus
985 1512 1366 1578 Consequentia
1391 1519 1445 1564 et
1475 1509 1823 1578 repugnantia
1846 1507 2162 1563 custoditur.
2185 1505 2290 1562 Sed

705 1615 765 1650 ea
809 1598 1020 1666 quidem
1051 1611 1169 1668 qute
1193 1615 1258 1654 ex
1283 1597 1633 1664 diffinitione,
1662 1598 1742 1653 vel
1771 1612 1996 1667 genere,
2027 1597 2109 1651 vel
2138 1594 2291 1650 diffe-
2329 1621 2336 1627 -

709 1691 898 1753 rentia,
917 1692 997 1744 vel
1023 1691 1198 1745 causis
1221 1701 1530 1761 argumenta
1548 1693 1835 1755 ducuntur,
1856 1688 2290 1744 demonstrativis

2398 501 2590 569 reliqui
2622 515 2750 556 vero
2777 503 2842 556 ad
2876 504 3246 574 hypothetioos
3287 517 3340 562 et
3369 505 3760 562 conditionales
3793 509 3976 578 respi-

2403 592 2552 645 ciunt
2572 594 2934 663 syllogismos.
2967 595 3244 664 Expeditis
3271 597 3427 668 igitur
3449 598 3581 653 locis
3606 606 3661 652 et
3689 599 3978 669 diligenter

2404 692 2510 736 tam
2560 685 2878 741 diffiniti-one
2909 703 3064 757 quam
3110 690 3474 758 exemplorum
3515 692 3633 745 luce
3665 692 3976 757 patefactis,

2394 773 2679 830 dicendurm
2711 778 2924 832 videtur
2953 780 3223 848 quomodo
3260 782 3312 834 hi
3359 781 3458 836 loci
3487 783 3840 836 maximarum
3869 785 3978 838 sint

2394 864 2707 921 differentiae
2741 871 3161 937 propositionum
3203 871 3358 941 idque
3387 873 3570 932 brevi,
3619 886 3794 940 neque
3835 875 3976 927 enim

2397 958 2552 1026 longa
2580 960 2940 1027 diSputatione
2985 977 3068 1016 res
3113 973 3252 1033 eget.
3300 967 3499 1019 Omnes
3533 965 3678 1018 enim
3733 968 3978 1018 maxima;

2398 1054 2791 1120 propositiones
2823 1056 2906 1108 vel
2929 1055 3302 1110 dillinitionem
3338 1059 3636 1116 continent.
3666 1057 3748 1111 vel
3779 1057 3982 1110 descri-

2399 1142 2630 1208 ptionem
2651 1184 2664 1205 ,
2700 1145 2782 1198 vel
2814 1145 3043 1199 nominis
3094 1147 3623 1215 interpretationem.
3654 1149 3737 1202 vel
3783 1158 3980 1211 totum,

2397 1232 2474 1288 vel
2507 1245 2707 1302 partes,
2742 1237 2820 1290 vel
2848 1252 3038 1306 genus,
3071 1239 3154 1292 vel
3182 1239 3409 1309 species,
3438 1240 3521 1293 vel
3556 1247 3743 1293 cmtera
3775 1240 3982 1308 quibus

2396 1322 2646 1380 differunt
2679 1327 2817 1382 inter
2857 1346 2915 1382 se
2944 1331 3192 1383 maxima:
3225 1333 3634 1396 propositiones.
3668 1331 3796 1384 Nam
3831 1333 3884 1384 in
3914 1347 3984 1384 eo
4020 1341 4028 1349 ‘

2395 1414 2535 1485 quod
2569 1429 2690 1472 sunt
2720 1421 2965 1474 maximze
3019 1438 3123 1474 non
3163 1419 3448 1482 differunt,
3483 1423 3594 1475 sed'
3620 1419 3672 1474 in
3712 1436 3779 1475 eo
3829 1423 3979 1491 quod

2397 1507 2510 1560 haec
2539 1523 2568 1560 a
2593 1508 2910 1563 diffinitione
2950 1511 3160 1579 quidem
3191 1550 3205 1573 ,
3231 1511 3318 1564 illa
3371 1526 3498 1563 vero
3535 1526 3563 1562 a
3604 1526 3828 1580 genere,
3859 1510 3979 1563 alire

2395 1600 2615 1653 veniunt
2639 1602 2706 1655 ab
2732 1599 2848 1654 aliis
2871 1602 3022 1667 locis,
3049 1612 3102 1684 et
3143 1603 3225 1656 his
3260 1604 3380 1671 jure
3416 1602 3667 1667 differre,
3701 1602 3864 1671 hique
3891 1618 3981 1654 ea-

2397 1706 2514 1744 rum
2550 1690 2865 1748 difTerentizc
2896 1693 3164 1749 dicuntur.
3200 1695 3303 1749 Sed
3332 1698 3580 1765 quoniam
3613 1696 3810 1749 divisio
3840 1694 3980 1748 The-

709 1781 2289 1851 n'iaximesylloglsmisviresatqueordinemsubministrant,
2327 1791 2371 1848 Β
2399 1783 2560 1836 mistii
2611 1785 2872 1851 patefacta
2913 1794 3018 1850 est,
3070 1801 3210 1840 nunc
3238 1786 3302 1839 ad
3334 1787 3402 1840 Μ.
3454 1786 3612 1840 Tu'lii
3662 1785 3977 1839 divisionem

708 1873 910 1943 reliqua
938 1872 1318 1928 verisimilibus
1339 1888 1402 1928 ac
1429 1873 1740 1928 dialecticis.
1784 1875 1957 1942 Atque
1979 1871 2032 1924 hi
2073 1868 2177 1923 loci
2200 1870 2288 1936 qui

707 1967 937 2021 maxime
990 1967 1041 2020 in
1096 1977 1283 2021 eorum
1346 1965 1642 2021 substantia
1692 1972 1818 2018 sunt
1874 1961 1941 2018 de
1994 1961 2188 2031 quibus
2236 1960 2286 2012 in

2399 1883 2754 1929 transeamus.

721 2075 3926 2100 mm

1850 2148 2200 2234 LIBER
2267 2145 2810 2232 TERTIUS.

2206 2289 2471 2301 ——_

771 2359 924 2427 Quod
974 2358 1211 2414 locorum
1241 2357 1574 2412 differentias
1619 2356 1988 2426 multipliciter
2029 2356 2283 2424 varieque

703 2464 1013 2517 tractamus,
1060 2452 1189 2506 nihil
1222 2452 1413 2506 mirum
1447 2451 1793 2522 diligentibus
1837 2449 2064 2520 ingeniis
2112 2450 2282 2504 videri

705 2547 884 2612 debet,
912 2561 1032 2600 cum
1065 2545 1405 2598 manifestum
1439 2545 1532 2608 sit,
1562 2559 1992 2613 unamquamque
2014 2559 2124 2598 rem
2149 2543 2282 2596 mul-

703 2639 772 2691 tis
801 2651 940 2705 saepe
967 2635 1309 2699 differentiis,
1343 2646 1502 2702 atque
1531 2634 1584 2688 in
1618 2634 1792 2686 varias
1820 2634 2098 2687 divisionis
2143 2633 2278 2702 figu-

702 2742 791 2783 ras
809 2741 965 2796 posse
994 2724 1200 2792 partiri.
1230 2723 1361 2776 Nam
1391 2724 1512 2792 quia
1538 2724 1772 2792 singulas
1794 2739 1880 2779 res
1903 2741 2007 2777 non
2036 2739 2160 2789 una,
2184 2722 2276 2775 sed

703 2817 884 2885 plures
912 2829 1055 2884 saepe
1077 2813 1392 2869 differentia:
1417 2814 1899 2883 comprehendunt,
1935 2828 2154 2869 necesse
2175 2820 2276 2876 est,

703 2917 762 2962 ut
790 2907 1083 2962 secundum
1114 2904 1538 2959 differentiarum
1571 2905 1889 2958 varietatem
1927 2904 2021 2957 fiat
2048 2903 2279 2957 diversi-

704 3008 785 3051 tas
809 2997 970 3053 etiam
998 2997 1342 3059 divisionum,
1379 3003 1436 3049 ut
1461 3005 1516 3050 et
1545 2995 1753 3049 numeri
1784 3009 1923 3049 nunc
1955 3008 2046 3048 eas
2075 2992 2278 3061 colligi-

709 3103 828 3144 mus
847 3089 1198 3153 difl'erentias,
1221 3087 1362 3156 quod
1391 3086 1480 3166 alii
1524 3102 1700 3156 pares,
1734 3087 1820 3140 alii
1854 3088 2103 3156 impares,
2134 3098 2277 3139 nunc

2395 2363 2497 2406 tem
2521 2369 2582 2408 ea
2606 2353 2856 2408 dicuntur
2885 2371 3002 2424 quae
3037 2355 3233 2410 absunt
3258 2356 3519 2424 longeque
3542 2356 3802 2425 dlSJUIICla
3822 2369 3979 2412 sunt.

2397 2445 2522 2499 Post
2558 2448 2670 2499 haec
2697 2462 2816 2500 eum
2851 2446 3026 2500 locum
3051 2448 3138 2514 qui
3170 2447 3236 2502 ab
3268 2447 3473 2502 effectis
3502 2447 3724 2510 ducitur,
3753 2449 3807 2502 in
3834 2464 3980 2502 con~

2393 2538 2658 2590 venientia
2694 2539 2929 2591 membra
2957 2540 3184 2607 partitus
3214 2547 3317 2602 est,
3337 2539 3442 2594 hoc
3465 2540 3645 2593 modo:
3670 2539 3773 2592 alia
3794 2540 3975 2604 enim,

2389 2629 2590 2699 inquit,
2625 2638 2750 2683 sunt
2776 2631 3090 2698 conjugata,
3127 2631 3226 2683 alia
3266 2647 3334 2686 ex
3364 2647 3588 2700 genere,
3620 2631 3719 2685 alia
3759 2647 3829 2686 ex
3862 2633 3976 2686 for-

2388 2736 2472 2774 ma
2495 2760 2509 2784 ,
2539 2721 2636 2773 alia
2667 2736 2730 2774 ex
2769 2720 3132 2785 similitudine,
3167 2722 3267 2775 alia
3308 2738 3374 2776 ex
3405 2722 3736 2787 differentia,
3766 2722 3872 2776 alia
3901 2738 3972 2777 ex

2384 2812 2675 2879 contrario,
2725 2811 2828 2865 alia
2873 2827 2937 2866 ex
2968 2811 3289 2881 conjunctis,
3334 2813 3439 2866 alia
3485 2828 3550 2868 ex
3597 2813 3970 2867 antecedenti-

2383 2902 2504 2965 bus,
2539 2901 2640 2955 alia
2671 2917 2737 2955 ex
2778 2903 3253 2970 consequentibus,
3283 2904 3384 2956 alia
3427 2920 3491 2956 ex
3522 2904 3967 2973 repugnantibus,

2381 2995 2486 3047 alia
2517 3009 2581 3048 ex
2612 2993 2806 3056 causis,
2847 2993 2948 3047 alia
2978 3010 3047 3048 ex
3082 2993 3306 3062 effectis,
3335 2995 3436 3048 alia
3467 3011 3533 3048 ex
3564 2998 3967 3064 comparatione

2385 3085 2643 3154 majorum
2677 3098 2768 3139 aut
2799 3086 3063 3140 minorum
3099 3096 3191 3140 aut
3221 3088 3448 3154 parium.
3481 3089 3720 3154 Quorum
3751 3090 3962 3157 quidem

709 3196 837 3235 vero
865 3180 1002 3249 quod
1029 3179 1118 3232 alii
1150 3179 1309 3247 primi
1334 3165 1492 3248 atque
1529 3177 1892 3248 incompositi,
1938 3177 2026 3230 alii
2059 3174 2279 3230 secundi
2311 3165 2354 3226 C
2385 3179 2620 3233 omnium
2652 3187 2706 3234 et
2736 3188 2918 3232 natura
2951 3178 3185 3234 breviter
3213 3181 3519 3252 attingenda
3560 3189 3672 3247 est,
3711 3191 3766 3236 et
3781 3197 3966 3237 .exem-

699 3280 859 3341 atque
884 3269 1188 3340 compositi.
1231 3269 1643 3338 Triangulorum
1686 3268 1848 3322 etiam
1883 3267 2062 3321 multis
2105 3264 2280 3319 modis

701 3363 817 3416 ﬁeri
849 3361 1187 3430 partitionem
1215 3360 1557 3428 geometrica:
1596 3357 1893 3426 disciplinac
1917 3367 2073 3412 tenor
2100 3367 2280 3410 osten-

701 3449 798 3504 dit.
832 3449 885 3502 ια
917 3457 1092 3501 tamen
1119 3448 1172 3502 in
1204 3447 1452 3500 omnibus
1489 3446 1879 3515 pervidendum
1925 3455 2026 3512 est,
2063 3455 2118 3498 ut
2147 3445 2281 3499 nihil

700 3548 858 3595 extra
890 3542 941 3594 in
972 3539 1205 3609 qualibet
1232 3538 1512 3592 divisionis
1555 3537 1725 3593 forma
1757 3539 2121 3607 relinquatur,
2150 3538 2280 3591 nihil

701 3633 839 3688 ultra
866 3632 1195 3702 superfluum
1227 3645 1288 3684 ac
1320 3639 1672 3700 praeterquam
1703 3643 1928 3684 necesse
1956 3637 2060 3693 est,
2091 3645 2280 3699 aggre-

699 3737 852 3794 getur
877 3741 891 3790 ;
914 3739 1078 3794 quare
1099 3725 1224 3794 quid
1255 3724 1447 3777 mirum
1482 3723 1652 3778 videri
1682 3724 1866 3787 debet,
1900 3725 1944 3778 si
1967 3739 2089 3778 cum
2123 3734 2281 3779 antea

700 3816 993 3870 secundum
1039 3814 1392 3869 Themistium
1433 3813 1673 3868 locorum
1704 3814 2037 3868 differentias
2066 3813 2280 3870 dederi-

701 3925 841 3971 mus,
865 3925 1004 3964 nunc
1026 3910 1266 3965 diversas
1296 3910 1593 3964 secundum
1624 3911 1695 3965 M.
1729 3910 1960 3965 Tullium
1995 3911 2280 3982 deproma-

701 4003 861 4056 mus?
910 4002 1071 4073 Cujus
1127 4006 1403 4072 proposita
1461 4004 1693 4060 breviter
1744 4004 2068 4073 partitione,
2121 4015 2279 4076 atque

684 4094 964 4162 .exemplis
1000 4095 1442 4151 convenientibus
1483 4095 1728 4164 expedita
1751 4137 1765 4160 ,
1800 4105 1909 4149 tum
1938 4095 2150 4149 demum
2173 4111 2279 4166 quo

680 4184 930 4250 differat,
958 4185 1040 4239 vel
1066 4200 1171 4253 quo
1200 4195 1460 4254 congruat
1485 4188 1734 4253 superius
1751 4187 1973 4257 digesta:
2002 4186 2275 4253 divisioni,

686 4290 805 4344 quo
856 4279 1018 4331 etiam
1070 4277 1238 4328 altera
1286 4277 1500 4330 claudat
1549 4278 1770 4330 alteram
1819 4276 2274 4331 Commemoraho.

696 4365 829 4419 Nam
872 4381 994 4420 cum
1041 4366 1111 4420 M.
1155 4366 1358 4419 Tullius
1403 4381 1616 4420 omnem
1665 4368 1886 4436 logicam
1935 4367 2274 4434 facultatem,

697 4471 852 4524 quam
878 4457 1140 4509 rationem
1163 4456 1474 4526 diligentem
1499 4459 1796 4512 disserendi
1838 4459 1992 4523 dixit,
2024 4459 2158 4514 duas
2185 4461 2277 4512 ha-

2381 3269 2469 3337 pla
2497 3270 2762 3338 ponenda.
2807 3271 3003 3322 Eorum
3049 3270 3206 3338 igitur
3237 3270 3476 3324 locorum
3517 3272 3610 3341 qui
3655 3273 3706 3327 in
3741 3274 3858 3342 ipso
3897 3274 3965 3328 de

2382 3373 2486 3427 quo
2514 3359 2686 3428 agitur
2717 3366 2948 3422 urerent,
2983 3359 3209 3426 primum
3241 3374 3361 3417 esse
3387 3360 3521 3414 dixit
3549 3375 3580 3414 a
3604 3370 3738 3416 toto.
3770 3361 3960 3416 Totum

2382 3457 2556 3501 autem
2616 3448 3034 3518 uniuscujusque
3083 3451 3162 3502 rei
3237 3452 3289 3503 in
3351 3449 3675 3506 diffinitione
3727 3461 3959 3507 constat.

2382 3541 2566 3594 Omnis
2595 3541 2737 3594 enim
2769 3541 3015 3596 diffinitio
3061 3545 3138 3596 rei
3192 3558 3348 3610 quam
3381 3543 3578 3598 diffinit
3617 3545 3960 3613 adazquatnr;

2381 3630 2521 3698 quod
2564 3631 2607 3683 si
2638 3646 2738 3683 una
2779 3647 3004 3700 quaeque
3044 3647 3130 3686 res
3179 3643 3286 3687 tota
3318 3645 3402 3688 est
3441 3637 3605 3703 (nihil
3633 3638 3775 3691 enim
3821 3639 3963 3692 inte-

2383 3735 2534 3790 grum
2563 3736 2682 3775 esse
2715 3722 2814 3776 nisi
2846 3731 3012 3777 totum
3046 3729 3264 3795 potest),
3291 3727 3609 3784 diffinitione
3626 3744 3837 3799 quoque
3877 3742 3962 3785 to—

2385 3821 2492 3864 tum
2531 3827 2648 3866 esse
2681 3828 2904 3867 necesse
2933 3826 3045 3880 est,
3079 3815 3130 3869 id
3171 3825 3285 3880 est,
3317 3833 3434 3887 quae
3466 3829 3626 3873 totam
3675 3821 3749 3874 rei
3788 3835 3958 3889 quam

2382 3900 2576 3956 diffluit
2601 3902 2954 3957 substantiam
2983 3905 3214 3960 claudat.
3264 3907 3521 3963 Diftinitio
3554 3925 3678 3965 vero
3717 3919 3801 3964 est
3832 3927 3961 3966 ora-

2385 3994 2456 4046 tio
2505 4009 2621 4064 quae
2675 3995 3089 4065 uniuscujusque
3136 3997 3212 4052 rei
3259 3999 3474 4068 quidem
3525 4015 3648 4056 esse
3691 3988 3961 4071 designat.

2381 4087 2463 4139 Ab
2505 4087 2603 4140 hac
2643 4088 2711 4141 ita
2743 4087 2956 4141 ducitur
2990 4100 3366 4158 argumentum
3409 4099 3468 4145 ut
3505 4091 3578 4146 sit
3609 4095 3862 4162 quaestio,
3889 4109 3959 4148 an

2381 4175 2600 4229 arbores
2640 4191 2851 4246 quoque
2899 4178 3006 4230 sint
3050 4178 3319 4234 animalia.
3366 4181 3583 4234 Dicam:
3614 4183 3837 4238 Animal
3877 4195 3958 4238 est

2380 4277 2463 4321 est
2487 4269 2777 4322 substantia
2808 4269 3038 4340 animata
3068 4272 3376 4332 sensibilis;
3399 4273 3557 4326 arbor
3579 4287 3687 4327 non
3717 4285 3808 4329 est
3837 4275 3958 4330 sub.

2380 4359 2570 4411 stantia
2601 4359 2833 4411 animata
2862 4361 3162 4425 sensibilis;
3188 4364 3503 4418 concludam
3529 4363 3677 4418 :Non
3701 4375 3830 4420 sunt
3862 4367 3955 4436 igi-

2382 4459 2469 4502 tur
2496 4447 2717 4503 arbores
2760 4449 3027 4504 animalia.
3076 4453 3312 4519 Qumstio
3355 4456 3420 4510 de
3459 4471 3681 4526 genere.
3723 4458 3954 4512 Maxima

697 4545 825 4600 bere
874 4555 1054 4614 partes
1085 4548 1456 4616 proposuerit,
1485 4564 1640 4601 unam
1673 4548 2008 4613 inveniendi,
2052 4552 2272 4605 alteram
2301 4532 2356 4592 Β
2383 4540 2712 4610 Ρτοροεῖῑῖοε
2745 4540 2895 4595 Unde
2923 4542 3176 4599 άίίίὶηίῑίο
3203 4547 3384 4614 θδθειν
3419 4548 3544 4603 inde
3576 4548 3703 4602 illud
3746 4565 3956 4619 quoque

696 4638 998 4708 jndicandi;
1031 4654 1259 4708 cumque
1302 4641 1449 4694 locos
1490 4640 1764 4695 diffinierit
1810 4655 1929 4695 esse
1973 4644 2274 4712 argumenti

695 4732 851 4786 sedes
879 4745 910 4783 a
939 4730 1132 4799 quibus
1167 4731 1372 4784 scilicet
1402 4741 1714 4800 argumenta
1754 4745 2093 4801 promuntur,
2120 4750 2275 4804 arguo

697 4832 934 4875 mentum
957 4821 1118 4876 etiam
1149 4822 1411 4875 rationem
1443 4838 1560 4889 qua:
1593 4823 1669 4876 rei
1700 4823 1875 4876 dubia:
1906 4825 2061 4877 faciat
2089 4825 2267 4892 fidem,

692 4912 1022 4968 divisionem
1047 4911 1283 4967 locorum
1313 4913 1550 4965 omnium
1585 4912 1684 4966 hoc
1711 4915 1867 4967 modo
1894 4914 2036 4968 fecit.
2066 4915 2138 4968 Ex
2166 4916 2268 4980 his,

696 5006 888 5069 inquit,
919 5004 1071 5068 locis,
1105 5004 1156 5058 in
1185 5003 1379 5072 quibus
1424 5015 1738 5071 argumenta
1786 5005 1989 5058 inclusa
2015 5016 2159 5070 sunt,
2183 5007 2271 5060 alii

694 5096 744 5150 in
769 5097 884 5165 ipso
913 5096 1116 5150 haerent
1135 5094 1204 5149 de
1231 5109 1337 5163 quo
1368 5096 1561 5164 agitur,
1591 5095 1678 5147 alii
1703 5105 2044 5149 assumuntur
2070 5075 2274 5150 extriin-

603 5202 606 5205 '
693 5207 733 5244 St
754 5206 871 5245 cus.
902 5190 1043 5245 Duas
1083 5189 1242 5258 igitur
1273 5189 1511 5242 locorum
1541 5187 1752 5255 species
1783 5188 1927 5250 fecit,
1960 5188 2096 5242 alios
2128 5189 2269 5244 enim

694 5283 744 5333 in
776 5281 906 5350 ipsis
934 5281 1285 5350 qumstionum
1313 5279 1554 5333 terminis
1578 5277 1786 5333 haerere
1809 5279 2107 5348 proposuit,
2136 5280 2270 5333 alios

692 5374 1029 5426 extrinsecus
1057 5371 1282 5427 assumi.
1323 5373 1498 5440 Atque
1537 5386 1629 5426 eos
1666 5372 1880 5436 quidem
1921 5373 2009 5443 qui
2048 5375 2097 5426 in
2140 5374 2269 5441 ipsis

661 5505 666 5510 .
697 5463 1048 5518 hmrerentde
1081 5464 1276 5532 quitus
1300 5464 1586 5533 quaeritur,
1621 5463 1712 5516 tali
1739 5463 1999 5518 divisione
2023 5464 2265 5530 partitur.

693 5560 746 5611 ln
775 5560 918 5626 ipso,
953 5559 1154 5626 inquit,
1189 5567 1297 5611 tum
1321 5573 1383 5612 ex
1421 5567 1530 5611 toto
1553 5598 1568 5621 ,
1601 5566 1711 5611 tum
1752 5573 1814 5612 ex
1845 5559 2088 5626 partibus
2118 5559 2265 5627 ejus,

692 5657 802 5700 tum
843 5661 907 5701 ex
949 5656 1105 5711 nota,
1137 5655 1245 5700 tum
1279 5663 1343 5701 ex
1385 5650 1466 5700 his
1512 5649 1672 5703 rebus
1708 5664 1825 5719 qua:
1870 5649 2266 5719 quodammodo

693 5734 892 5789 affecta:
921 5745 1046 5791 sunt
1080 5737 1146 5789 ad
1177 5736 1231 5791 id
1257 5737 1324 5790 de
1345 5752 1448 5806 quo
1475 5739 1749 5807 qureritur.
1785 5741 2128 5796 Extrinsecus
2171 5756 2264 5796 au-

2380 4631 2568 4685 ahesse
2622 4631 2761 4699 quod
2793 4632 3070 4687 dil'finitur.
3100 4635 3274 4690 Locus
3311 4653 3343 4692 a
3383 4638 3724 4694 diffinitione.
3773 4641 3955 4694 Partes
4043 4657 4046 4659 λ

2379 4735 2506 4773 vero
2532 4731 2686 4784 sunt,
2717 4737 2937 4789 quarum
2980 4734 3246 4779 conventu
3282 4726 3513 4782 efﬁcitur
3545 4738 3738 4783 totum.
3769 4729 3956 4783 Partes

2377 4813 2537 4866 etiam
2569 4826 2828 4867 vocantur
2857 4831 2974 4883 qu:e
3001 4817 3244 4871 dividunt
3273 4827 3472 4886 totum,
3503 4820 3584 4874 Ine
3624 4831 3802 4875 autem
3839 4836 3956 4892 spe«

2377 4906 2487 4959 cies
2512 4905 2594 4959 vel
2618 4906 2800 4959 forma:
2833 4910 3123 4976 nuncupari
3152 4911 3345 4964 solent.
3375 4915 3417 4964 A
3444 4912 3637 4980 quibus
3664 4913 3766 4967 hoc
3795 4916 3955 4967 modo

2375 5000 2604 5051 sumitur
2633 5011 3024 5068 argumentum.
3053 5003 3134 5057 Ab
3163 5004 3244 5057 his
3275 5005 3486 5074 quidem
3528 5008 3789 5075 partibus,
3829 5022 3958 5076 qua-

2376 5105 2492 5144 rum
2524 5092 2900 5161 conjunctione
2940 5098 3280 5165 componitur
3323 5108 3490 5153 totum
3529 5100 3634 5155 hoc
3672 5100 3866 5165 modo,
3900 5109 3952 5150 ut

2376 5185 2418 5238 si
2451 5187 2519 5239 sit
2560 5187 2824 5241 dubitatio
2868 5204 2932 5242 an
2979 5189 3050 5242 sit
3093 5192 3267 5243 anima
3315 5207 3605 5260 corporea,
3656 5194 3951 5262 partiemur

2377 5276 2605 5330 animam
2638 5278 2779 5331 velut
2809 5277 2890 5332 his
2931 5280 3097 5332 tribus
3136 5281 3397 5348 partibus,
3425 5283 3564 5348 quod
3608 5286 3692 5336 vel
3735 5291 3949 5351 vegeta—

2377 5369 2566 5437 bilem,
2597 5369 2678 5424 vel
2709 5371 3014 5425 sensibilem
3036 5413 3050 5434 ,
3078 5372 3157 5426 vel
3194 5373 3578 5443 intelligibilem
3608 5382 3858 5442 praestet,
3893 5380 3948 5424 at

2373 5462 2546 5530 ipsum
2579 5478 2752 5532 neque
2793 5471 3060 5532 vegetare,
3091 5481 3262 5534 neque
3288 5468 3508 5531 sentire,
3544 5481 3720 5534 neque
3750 5465 3944 5518 intelli-

2370 5572 2494 5626 gere
2549 5557 2824 5624 corporale
2852 5567 2955 5611 est.
3000 5558 3238 5628 Curaque
3287 5560 3426 5613 nulla
3474 5561 3543 5613 sit
3585 5575 3714 5628 pars
3754 5560 3946 5614 anima:

2370 5643 2929 5719 corporalispomnino
2952 5652 3125 5705 anima
3166 5653 3458 5721 corporalis
3489 5667 3594 5707 non
3626 5667 3748 5707 esse
3790 5665 3944 5707 mem
4037 5717 4054 5732 ο

2372 5751 2537 5797 strata
2569 5752 2667 5798 est.
2703 5742 2935 5810 Quaestio
2965 5743 3031 5799 de
3058 5758 3274 5813 genere,
3303 5745 3354 5799 id
3379 5754 3490 5812 est,
3523 5759 3590 5800 an
3619 5745 3799 5799 anima
3827 5758 3944 5798 cor-
