4274 6272
330 296 463 349 1197

1332 294 1418 346 DE
1474 290 1945 346 Dl‘FFERENTIlS
1985 290 2263 347 TOPICIS.
2307 294 2431 347 LIB.
2476 294 2557 348 ΙΙΙ.

3440 302 3576 357 H98

328 411 441 477 ινιτ-ί
481 408 789 477 subjiciatur
820 415 878 460 ut
918 405 1134 476 generi,
1167 416 1535 475 argumentum
1567 420 1594 454 a
1637 404 1897 470 partibus.
1931 406 1977 461 Λ
2008 418 2112 455 non
2147 403 2347 456 vivere.
2392 404 2472 458 Ab
2505 405 2585 458 his
2631 408 2880 461 omnibus
2912 409 2983 463 ita
3020 419 3331 480 argumenta
3373 413 3577 466 ducun-

327 500 551 554 Maxima
591 498 921 569 prapttsitio:
956 506 994 549 A
1028 499 1217 566 quibus
1256 508 1432 563 partes
1468 495 1693 559 absunt,
1730 505 1897 546 totum

327 606 537 661 quoque
564 592 772 644 abesse.
820 591 991 644 Locus
1017 605 1047 642 a
1096 590 1331 653 partibus
1365 597 1530 639 totum
1567 586 1897 654 conjungen-

329 688 491 743 tibus.
523 687 651 739 Item
683 688 749 738 ab
780 686 858 739 Itis
892 684 1128 752 partibus
1170 698 1287 750 qua:
1317 692 1482 733 totum
1515 680 1756 733 dividunt
1799 679 1899 731 hoc

330 777 488 832 modo
514 796 527 831 :
560 778 631 830 sit
661 778 712 829 ιιι
740 775 1035 844 quaestione
1075 790 1140 825 an
1188 772 1361 824 anima
1389 770 1681 823 secundum
1725 770 1897 821 locum

330 882 621 925 moveatur.
652 870 831 923 Dicam
865 876 1039 921 motus
1080 865 1374 919 secundum
1421 864 1594 917 locum
1630 874 1738 916 tres
1778 877 1901 929 spe-

328 963 437 1017 cies
464 972 606 1024 sunt,
634 968 985 1019 etetnentum,
1009 957 1313 1017 diminutio,
1341 956 1690 1023 permutatio;
1722 954 1896 1007 anima

330 1069 454 1108 vero
484 1067 654 1119 neque
692 1049 917 1117 crescit,
947 1063 1120 1119 neque
1151 1047 1433 1111 minuitur,
1480 1061 1652 1117 neque
1700 1045 1766 1099 ab
1795 1045 1899 1096 alio

328 1145 444 1199 loco
470 1145 533 1198 ad
579 1144 739 1195 alium
779 1142 998 1200 transit,
1032 1156 1137 1192 non
1179 1138 1339 1211 igitur
1369 1147 1631 1190 movetur.
1662 1135 1899 1201 Quaestio

325 1238 391 1291 de
430 1235 724 1289 accidente.
768 1232 997 1288 Maxima
1035 1231 1367 1300 prepositio,
1421 1229 1605 1283 cadent
1647 1245 1765 1297 qua:
1804 1244 1898 1281 su-

326 1328 524 1397 perius,
554 1328 700 1382 locus
726 1341 754 1377 a
800 1308 1043 1394 partibus
1083 1334 1253 1378 totum
1286 1322 1667 1376 dividentibus.
1697 1323 1742 1376 A
1773 1331 1897 1374 nota

322 1430 691 1491 argumentum
723 1429 839 1488 est,
881 1419 1092 1489 quoties
1130 1418 1198 1471 ab
1241 1417 1679 1486 interpretatione
1726 1414 1896 1469 nomi-

324 1515 407 1568 nis
449 1516 524 1568 rei
555 1513 729 1567 dubiae
764 1511 895 1566 fides
932 1511 1208 1580 qumritur,
1256 1511 1355 1564 hoc
1398 1510 1587 1573 modo,
1616 1520 1674 1562 ut
1714 1509 1758 1563 si
1796 1507 1897 1561 du-

325 1605 523 1659 bitetur
558 1619 622 1665 an
668 1603 1003 1672 philosophia
1036 1602 1101 1654 sit
1144 1602 1359 1656 bonum.
1398 1602 1677 1666 Dicemus,
1728 1601 1902 1668 philo-

324 1696 511 1763 SOpltla
542 1704 624 1748 est
656 1709 805 1747 amor
840 1694 1134 1759 sapientiai,
1171 1701 1225 1744 at
1266 1691 1315 1745 id
1357 1692 1551 1745 bonum
1580 1702 1690 1753 est,
1727 1690 1896 1758 philo-

2008 503 2111 545 tnr.
2141 493 2219 546 Ab
2251 494 2491 547 adversis
2514 512 2526 547 :
2548 496 2589 549 si
2619 496 2753 550 bona
2786 508 2868 553 est
2898 501 3119 567 sanitas,
3154 502 3287 556 mala
3315 512 3398 557 est
3422 506 3578 574 aegri—

2003 586 2159 648 tudo;
2186 600 2215 637 a
2240 585 2572 653 privantibus
2595 605 2606 638 :
2632 588 2676 641 si
2709 590 3016 657 injustitiam
3046 592 3296 661 fugimus,
3316 595 3573 663 justitiam

2003 690 2321 743 sequamur;
2356 692 2385 730 a
2418 678 2653 732 relativis
2685 683 2965 750 :quisquis
2990 694 3138 753 pater
3166 700 3287 740 esse
3318 689 3449 754 vult,
3483 688 3578 743 ha-

2003 766 2126 820 beat
2167 766 2361 832 filium;
2403 784 2430 821 a
2464 772 2778 839 negantibus
2810 790 2823 826 :
2859 789 2961 827 non
3007 790 3090 829 me
3121 791 3341 831 accusas
3389 780 3576 835 fecisse

2003 858 2143 924 quod
2177 876 2260 912 tne
2290 875 2393 913 non
2436 861 2626 915 fecisse
2671 863 2935 919 defendis.
2980 867 3313 933 Quaestiones
3345 871 3408 924 de
3438 877 3580 927 acci-

2002 947 2271 1007 dentibus.
2300 952 2523 1005 Maxima
2558 955 2886 1022 propositio:
2921 956 2975 1010 In
3016 957 3283 1020 adversis,
3320 964 3580 1027 privanti-

2003 1040 2101 1095 bus
2122 1051 2177 1095 et
2198 1046 2513 1110 negantibus
2538 1048 2801 1101 contraria
2828 1049 2927 1102 sibi
2951 1053 3241 1105 convenire
3264 1070 3367 1107 non
3400 1071 3577 1122 po~se,

2003 1135 2056 1184 in
2088 1134 2321 1189 relativis
2343 1147 2520 1191 autem
2549 1138 2751 1206 absque
2780 1157 2840 1194 se
2868 1142 3087 1196 telativa
3116 1158 3234 1196 esse
3261 1159 3364 1197 non
3399 1162 3578 1213 posse.

2002 1222 2173 1278 Locus
2200 1239 2231 1277 a
2256 1228 2559 1296 contrariis,
2595 1246 2713 1297 quae
2745 1233 2932 1286 melius
2960 1235 3204 1302 opposita
3240 1247 3576 1292 vocarentur.

2001 1316 2262 1382 Adjuncta
2304 1329 2429 1373 sunt
2473 1337 2591 1389 quae
2622 1323 2907 1377 ﬁnitimum
2957 1334 3141 1379 tenent
3187 1327 3393 1392 locum,
3425 1330 3494 1383 ita
3526 1341 3582 1383 ut

2002 1407 2333 1471 temporibus
2383 1426 2614 1481 quoque,
2676 1423 2786 1467 tum
2834 1417 3182 1483 antecedant,
3233 1429 3288 1472 ιιι
3338 1435 3574 1475 amorem

2001 1503 2349 1569 congressio;
2381 1514 2491 1558 tum
2535 1509 2611 1561 rei
2647 1509 2729 1561 cui
2781 1510 3029 1579 adjuncta
3062 1524 3186 1566 sunt
3218 1514 3487 1581 haereant,
3524 1528 3582 1569 ut

2001 1592 2347 1647 ambulationi
2375 1598 2568 1664 pedum
2600 1601 2895 1666 strepitus;
2930 1612 3038 1656 tum
3068 1617 3484 1675 consequantur,
3520 1617 3579 1663 ut

2001 1690 2152 1736 atrox
2184 1684 2391 1738 facinus
2431 1689 2625 1742 mentis
2658 1692 2961 1759 trepidatio.
3006 1693 3191 1762 Neque
3239 1698 3351 1750 haec
3393 1713 3579 1752 neces-

324 1787 509 1854 sophia
543 1787 705 1857 igitur
734 1787 932 1840 bonum
966 1795 1068 1837 est.
1102 1784 1198 1837 ilic
1228 1784 1385 1852 igitur
1424 1798 1535 1835 rem
1564 1799 1667 1834 non
1700 1780 1894 1835 diffini-
1928 1775 1973 1836 Β
1999 1775 2138 1828 saria
2167 1785 2320 1841 sunt.
2364 1778 2457 1832 sed
2483 1778 2792 1848 frequenter
2820 1784 3093 1837 eveniunt.
3118 1786 3249 1839 Nam
3283 1803 3456 1856 neque
3485 1791 3575 1858 qui

324 1877 516 1939 vimus,
548 1876 639 1929 sed
687 1890 878 1928 nomen
917 1874 1233 1928 diffinitione
1273 1872 1623 1941 prodiditnus.
1659 1873 1895 1939 Qutestio

302 1969 388 2035 de
415 1984 628 2040 genere.
667 1968 895 2025 Maxima
938 1966 1271 2035 prepositin:
1306 1965 1544 2019 Nominis
1577 1964 1898 2033 interpreta-

324 2060 466 2113 tione
506 2074 617 2113 retn
660 2057 941 2112 declarari.
992 2057 1162 2109 Locus
1191 2072 1219 2108 a
1270 2055 1566 2109 notatione.
1601 2054 1897 2123 Conjugata

323 2158 448 2203 sunt
481 2165 599 2221 qua:
641 2149 708 2201 ab
761 2147 947 2201 eodem
988 2146 1201 2200 nomine
1241 2144 1549 2209 flectuntur,
1583 2154 1641 2198 ut
1679 2160 1709 2197 a
1742 2144 1899 2214 justi-

323 2244 415 2307 tia,
441 2242 674 2312 justum,
720 2240 884 2310 juste.
915 2240 994 2293 Ab
1026 2240 1105 2293 his
1141 2241 1209 2294 ita
1250 2241 1458 2308 capitur
1494 2250 1893 2310 argumentum,

323 2344 381 2386 ut
413 2334 455 2386 si
497 2341 768 2403 quaeratur
810 2348 877 2383 an
921 2330 1094 2385 ridere
1134 2330 1368 2400 gaudere
1395 2332 1485 2383 sit.
1523 2330 1791 2395 Dicemus,
1841 2331 1897 2384 Si
1948 2368 1951 2369 ν

322 2422 459 2476 risus
489 2422 733 2492 gaudium
779 2431 891 2488 est,
938 2431 989 2474 et
1028 2419 1205 2474 ridere
1247 2421 1479 2489 gaudere
1524 2430 1628 2473 est.
1663 2419 1899 2486 anestio

322 2517 391 2571 de
440 2516 734 2570 accidente.
790 2515 1016 2569 Maxima
1080 2514 1372 2583 pr0positio
1418 2532 1429 2565 :
1480 2513 1895 2585 Conjugatorum

324 2609 565 2663 eamdem
610 2623 728 2662 esse
779 2617 1042 2663 naturam.
1088 2607 1258 2660 Locus
1286 2622 1315 2659 a
1357 2605 1672 2676 cctijugatis.
1718 2606 1897 2663 Genus

323 2708 406 2754 est
432 2699 570 2768 quod
598 2699 663 2755 de
691 2698 928 2767 pluribus
953 2699 1130 2764 specie
1168 2697 1537 2752 differentibus
1576 2700 1626 2751 in
1662 2714 1728 2751 eo
1755 2700 1895 2767 quod

323 2793 450 2863 quid
497 2794 834 2862 prazdicatur.
865 2791 946 2844 Ab
975 2790 1077 2844 hoc
1122 2792 1190 2844 ita
1235 2790 1446 2845 ducitur
1490 2803 1893 2861 argumentum,

323 2895 383 2939 ιιι
422 2885 466 2939 si
506 2895 771 2952 quaeratur
818 2892 991 2936 utrum
1036 2882 1213 2935 anima
1257 2896 1511 2935 numerus
1549 2883 1619 2935 sit
1663 2883 1893 2952 seip~um

322 2991 567 3040 movens,
592 2984 648 3027 ut
680 2972 964 3027 Xenocrati
997 2973 1213 3040 placuit.
1250 2973 1520 3038 Dicemus,
1554 2973 1742 3025 Anima
1772 2974 1896 3026 sub-

322 3068 518 3122 stantia
548 3079 649 3130 est,
688 3080 940 3119 numerus
970 3081 1097 3119 vero
1145 3064 1438 3120 substantia
1469 3081 1573 3119 non
1604 3076 1705 3129 est,
1740 3066 1897 3135 igitur

2002 1880 2321 1935 congressus
2353 1879 2462 1938 est,
2496 1873 2669 1926 modis
2699 1874 2948 1929 omnibus
2980 1876 3208 1940 amavit,
3233 1888 3288 1931 et
3314 1879 3406 1948 qui
3446 1894 3577 1933 con-

2002 1973 2219 2024 gressus
2249 1976 2353 2013 non
2386 1972 2494 2030 εει,
2529 1978 2635 2016 uno
2674 1966 2838 2020 semel
2869 1978 3084 2034 aspectu
3128 1968 3179 2021 in
3220 1984 3457 2023 amorem
3489 1971 3576 2024 in-

2001 2050 2157 2115 cidit;
2190 2062 2244 2106 et
2273 2055 2577 2109 ambulante
2606 2058 2785 2127 aliquo
2814 2069 2992 2128 potest
3021 2076 3126 2114 non
3157 2076 3277 2115 esse
3322 2066 3577 2133 strepitus

2003 2144 2225 2211 pedum,
2269 2156 2323 2201 et
2367 2163 2471 2201 non
2524 2149 2833 2206 ambulante
2873 2152 3037 2220 pedes
3083 2163 3342 2223 strepere,
3390 2160 3433 2212 si
3467 2174 3575 2212 uno

2002 2238 2300 2306 eodemque
2333 2239 2448 2292 loco
2492 2243 2791 2296 consistens
2840 2243 3001 2311 pedes
3040 2258 3282 2311 moveat;
3313 2257 3367 2301 et
3412 2250 3575 2318 trepi-

2002 2326 2129 2379 dare
2157 2329 2296 2397 quis.
2327 2344 2445 2383 cum
2476 2332 2609 2386 nihil
2640 2342 2791 2387 atrox
2824 2334 3038 2403 fecerit,
3072 2348 3123 2390 et
3155 2354 3258 2393 non
3307 2342 3575 2411 trepidare

2002 2416 2088 2483 qui
2130 2418 2312 2473 fecerit
2350 2438 2363 2471 :
2396 2421 2462 2473 ab
2498 2420 2579 2474 his
2611 2425 2834 2477 ducetur
2881 2438 3281 2495 argumentum,
3330 2434 3411 2486 vel
3453 2449 3573 2487 Cum

2000 2522 2181 2561 amare.
2214 2508 2443 2580 aliquem
2484 2515 2861 2583 suscipiamur,
2902 2520 3022 2587 quia
3070 2522 3229 2576 fuerit
3273 2534 3396 2579 ante
3440 2543 3574 2582 con-

1999 2613 2233 2667 gressus,
2270 2602 2350 2655 vel
2381 2606 2682 2659 ambulasse
2724 2608 2953 2676 aliquem
2986 2611 3040 2665 in
3074 2612 3282 2678 locum,
3324 2632 3444 2671 cum
3480 2636 3574 2688 pe—

1998 2689 2123 2743 dum
2155 2693 2407 2761 strepitus
2446 2694 2602 2750 fuerit
2627 2699 2860 2764 auditus,
2884 2702 2968 2755 vel
3000 2714 3154 2758 atrox
3194 2706 3392 2762 facinus
3423 2725 3571 2765 com-

1998 2782 2238 2846 misisse,
2289 2801 2445 2852 quem
2499 2789 2770 2857 trepidare
2832 2793 3137 2863 videamus,
3183 2809 3342 2869 atque
3388 2802 3442 2856 in
3493 2804 3575 2857 his

1997 2874 2318 2938 qurestiones
2372 2876 2439 2930 de
2493 2880 2894 2951 accidentibus,
2946 2886 3094 2941 locus
3157 2889 3223 2943 ab
3286 2892 3573 2959 adjunctis.

2001 2960 2225 3016 Maxima
2262 2967 2587 3034 propositio:
2620 2969 2695 3023 Ex
2727 2972 2994 3041 adjunctis
3016 2977 3261 3043 adjuncta
3295 2986 3572 3049 perpendi.

2001 3053 2381 3109 Antecedenlia
2422 3073 2551 3112 vero
2597 3070 2752 3129 sunt,
2788 3064 2981 3131 quibus
3026 3068 3213 3131 positis
3257 3071 3435 3125 statim
3482 3090 3575 3127 ne-

322 3158 503 3211 anima
553 3170 809 3211 numerus
863 3171 967 3209 non
1012 3168 1113 3210 εει.
1167 3157 1402 3221 Qttrestio
1450 3157 1518 3211 de
1555 3141 1951 3219 'diffinitione,(

1966 3186 1967 3197 χ
2001 3160 2151 3199 cesse
2188 3157 2269 3201 est
2308 3149 2453 3202 aliud
2492 3165 2879 3222 consequatur,
2927 3158 3071 3210 velut
3112 3174 3232 3213 cum
3273 3162 3498 3219 dicimus
3530 3168 3577 3221 si

322 3248 473 3302 locus
498 3264 525 3299 a
555 3262 772 3315 genere.
802 3247 1024 3300 Maxima
1057 3247 1387 3315 propositio:
1420 3247 1658 3312 Quarum
1686 3248 1895 3301 divetsa

322 3348 450 3395 sunt
487 3355 712 3408 genera,
749 3338 862 3408 ipsa
903 3353 1113 3408 quoque
1144 3354 1266 3393 esse
1308 3339 1541 3393 diversa.
1592 3339 1787 3394 Forma
1817 3350 1898 3394 est

322 3432 461 3501 quod
485 3432 550 3483 de
572 3431 811 3499 pluribus
829 3446 1053 3484 numero
1070 3431 1441 3484 differentibus
1464 3432 1516 3485 in
1536 3447 1601 3486 eo
1617 3433 1755 3501 quod
1772 3434 1895 3500 quid

323 3523 394 3577 sit
423 3522 757 3590 pradicatur.
800 3522 878 3573 Ab
910 3520 1007 3574 hac
1053 3521 1110 3573 fit
1149 3533 1523 3589 argumentum
1566 3523 1667 3577 hoc
1714 3522 1894 3583 modo,

325 3614 451 3667 utsi
480 3623 749 3681 quzeratur
779 3628 844 3664 an
872 3611 1022 3665 color
1050 3612 1101 3665 in
1150 3611 1392 3680 subjecto
1420 3612 1514 3677 sit,
1558 3614 1609 3667 id
1638 3613 1898 3681 approba—

324 3705 499 3759 bimus
537 3720 623 3772 eo,
662 3705 913 3775 quoniam
959 3704 1133 3757 album
1184 3706 1266 3758 vel
1315 3706 1522 3775 nigrum
1562 3705 1615 3759 in
1659 3706 1897 3773 subjecto

322 3804 469 3860 sunt,
501 3811 529 3849 a
556 3797 733 3865 specie
769 3797 966 3849 scilicet
994 3796 1057 3848 ad
1088 3812 1257 3865 genus
1285 3796 1631 3851 deducentes.
1660 3798 1896 3866 QureStio

322 3887 391 3940 de
418 3901 633 3954 genere.
676 3886 803 3938 Nam
832 3888 881 3938 in
912 3886 1153 3954 subjecto
1175 3902 1295 3940 esse
1323 3888 1404 3940 vel
1437 3904 1542 3940 non
1585 3903 1724 3951 esse,
1757 3891 1898 3944 acci-

324 3977 461 4031 dens
508 3976 591 4028 vel
644 3978 997 4029 substantiam
1047 3976 1349 4042 signiftcat,
1392 3993 1509 4045 qua:
1561 3989 1685 4031 sunt
1728 3980 1895 4049 prima

323 4082 503 4124 rerum
547 4081 766 4137 genera.
813 4067 1037 4121 Maxima
1087 4068 1418 4135 propositio:
1454 4067 1509 4122 lu
1548 4069 1737 4124 formis
1778 4088 1899 4140 spe-

322 4160 455 4215 etari
482 4175 734 4229 generum
767 4160 1138 4229 proprietates.
1184 4161 1355 4215 Locus
1392 4177 1420 4215 a
1467 4162 1661 4217 forma.
1691 4163 1894 4218 Simili-

323 4251 452 4305 tudo
479 4261 562 4305 est
591 4251 776 4307 eadem
805 4268 983 4306 rerum
1016 4251 1372 4307 differentium
1404 4255 1765 4327 (ιιιηΙὶιιιε.,Αι)
1797 4260 1895 4312 hac

323 4342 397 4396 ita
429 4342 538 4396 fieri
568 4352 938 4409 argumentum
980 4343 1267 4413 judicatur,
1299 4355 1355 4399 ιιι
1385 4348 1426 4401 si
1457 4356 1727 4413 qumratur
1753 4360 1897 4403 sorte

324 4448 391 4486 an
430 4434 688 4487 electione
725 4444 962 4488 rectores
1000 4437 1300 4490 civitatibus
1346 4438 1503 4492 dandi
1548 4449 1700 4499 sunt,
1739 4456 1899 4509 nege-

2002 3235 2161 3290 homo
2192 3248 2305 3304 est,
2338 3240 2533 3295 animal
2572 3252 2674 3297 est.
2706 3244 2890 3314 Neque
2921 3249 2974 3299 in
3009 3248 3090 3302 his
3121 3254 3450 3321 temporibus
3492 3273 3577 3310 ιιι-ι

1966 3322 2096 3389 ἰἰο,
2143 3343 2241 3382 nec
2286 3344 2464 3386 rerum
2499 3335 2791 3389 necessitas
2834 3340 2979 3392 varia
3011 3350 3120 3408 est,
3166 3344 3261 3397 sed
3307 3349 3487 3401 statim
3522 3361 3576 3405 ut

1999 3418 2196 3472 dictum
2238 3420 2399 3475 fuerit
2438 3423 2490 3477 id
2521 3427 2661 3494 quod
2694 3430 2991 3498 antecedit,
3035 3434 3085 3487 id
3117 3438 3400 3493 comitatur
3429 3446 3575 3510 quod

1998 3511 2327 3581 subsequens
2357 3526 2459 3568 est.
2504 3517 2604 3571 llic
2642 3534 2771 3573 vero
2808 3520 2957 3576 locus
3001 3533 3141 3579 totus
3171 3527 3222 3580 in
3263 3532 3572 3588 conditione

1998 3611 2080 3655 est
2106 3606 2444 3660 constitutus.
2479 3606 2656 3663 Posita
2680 3610 2821 3666 enim
2852 3615 3156 3673 coaditione
3187 3621 3230 3674 si
3262 3622 3332 3675 sit
3356 3636 3575 3681 antece-

1999 3692 2154 3761 dens,
2187 3710 2308 3749 esse
2336 3712 2563 3752 necesse
2586 3708 2670 3753 est
2697 3705 2835 3771 quod
2861 3710 3223 3776 consequitur,
3248 3711 3347 3768 hoc
3376 3719 3571 3773 modo:

1998 3782 2055 3838 Si
2085 3788 2310 3853 peperit,
2333 3804 2453 3842 cum
2486 3792 2600 3843 viro
2629 3795 2933 3859 concubuit,
2961 3803 3282 3857 antecedens
3308 3816 3390 3862 est
3413 3825 3575 3878 pepe-

2000 3876 2156 3938 risse.
2181 3892 2299 3931 cum
2331 3895 2445 3933 Vtro
2466 3883 2818 3939 concubuisse
2848 3900 3211 3957 consequens:
3244 3909 3364 3949 nam
3398 3876 3574 3969 neque

2001 3965 2127 4017 illttd
2151 3971 2406 4034 quairitur
2426 3971 2552 4039 quid
2578 3971 2721 4036 prius
2748 3984 2985 4044 tempore
3006 3981 3092 4045 sit,
3119 3982 3243 4048 quid
3270 3965 3571 4054 posterius;

2000 4064 2053 4109 et
2081 4071 2222 4123 saepe
2254 4058 2353 4111 ista
2404 4061 2475 4111 ita
2506 4063 2797 4130 Variantur,
2847 4075 2903 4118 ut
2932 4066 2982 4119 id
3012 4074 3148 4136 quod
3196 4078 3460 4139 posterius
3490 4093 3574 4134 est

2002 4158 2258 4217 tempore,
2291 4152 2610 4206 antecedens
2646 4169 2767 4208 esse
2805 4158 3044 4211 videatur
3084 4162 3135 4213 in
3180 4168 3565 4236 propositione,

2002 4248 2058 4292 ut
2082 4242 2346 4308 peperisse
2377 4244 2637 4309 posterius
2668 4257 2749 4298 est
2779 4262 2933 4315 quam
2963 4254 3335 4309 concubuisse.
3364 4258 3568 4316 Tamen

2001 4332 2046 4384 si
2072 4335 2312 4400 peperit,
2355 4334 2526 4388 modis
2571 4337 2819 4391 omnibus
2861 4354 2981 4393 cum
3022 4342 3137 4395 viro
3164 4348 3483 4417 concubuit,
3517 4365 3573 4408 et

2004 4425 2107 4479 hoc
2151 4427 2487 4495 praecedente
2531 4437 2583 4482 et
2635 4431 2780 4497 prius
2826 4434 3019 4499 posito,
3052 4451 3271 4493 necesse
3313 4453 3394 4495 est
3442 4444 3572 4501 illud

326 4534 411 4576 tur
432 4523 680 4591 quoniam
714 4541 779 4578 ne
808 4525 860 4579 in
901 4529 1020 4581 navi
1059 4529 1270 4595 quidem
1299 4541 1466 4593 sorte.
1500 4534 1592 4585 sed
1633 4534 1895 4588 electione
1924 4500 1951 4560 Ῑ

1966 4506 2348 4587 ’ἰήιειιὶεδιιιικ
2388 4519 2683 4589 Aliquoties
2730 4516 2860 4577 vero
2890 4525 3047 4579 simul
3078 4541 3231 4596 sunt,
3282 4542 3338 4586 ut
3371 4553 3382 4587 :
3417 4540 3460 4590 si
3492 4542 3570 4592 sol

324 4615 527 4683 peritus
559 4625 733 4670 rector
764 4617 992 4687 eligitur.
1033 4621 1232 4674 Similis
1261 4633 1342 4675 est
1373 4624 1520 4678 navis
1565 4626 1778 4693 quidem
1819 4629 1895 4681 ci-

324 4704 503 4768 vitati,
553 4706 875 4776 gubernator
919 4720 1094 4764 autem
1140 4713 1490 4780 magistratui.
1542 4717 1774 4780 Quzestio
1826 4720 1892 4774 de

324 4796 621 4860 accidente,
663 4797 809 4851 locus
850 4814 878 4852 a
928 4802 1110 4885 simili.
1164 4803 1388 4857 Maxima
1436 4806 1774 4874 pr0positio:
1818 4809 1893 4864 De

324 4888 585 4943 similibus
626 4890 767 4943 idem
798 4900 878 4945 est
902 4873 1181 4961 judicium.
1230 4894 1360 4948 item
1405 4873 1448 4948 ad
1481 4873 1801 4967 differentia,
1836 4911 1894 4955 ut

322 4982 369 5034 si
415 4989 683 5045 quaeratur
712 4997 777 5034 an
816 4982 955 5036 idem
986 4985 1054 5036 sit
1088 5000 1182 5037 rex
1227 4988 1365 5054 quod
1412 4998 1692 5057 tyrannus.
1740 4992 1891 5045 Dice-

322 5086 441 5123 mus
468 5071 705 5139 minime,
732 5087 851 5125 nam
880 5072 931 5126 in
974 5089 1118 5143 rege,
1158 5078 1347 5143 pietas,
1379 5077 1609 5145 justitia,
1644 5095 1890 5136 mansue-

323 5162 479 5224 tudo;
524 5163 577 5216 in
620 5173 843 5233 tyranno
883 5176 1073 5219 cuncta
1119 5167 1331 5221 diversa
1373 5179 1516 5223 sunt.
1558 5174 1793 5238 Quaestio
1823 5174 1889 5228 de

321 5251 656 5315 diffinitione,
695 5254 841 5308 locus
868 5270 896 5306 a
933 5254 1256 5310 differentia.
1291 5258 1517 5313 Maxima
1549 5264 1843 5330 propositio
1873 5280 1886 5317 :

324 5347 689 5402 Dill‘erentium
730 5363 908 5403 rerum
951 5366 1054 5403 non
1104 5351 1241 5404 idem
1281 5367 1399 5406 esse
1434 5353 1709 5421 judicium.
1750 5354 1889 5410 Con-

322 5437 481 5490 traria
532 5453 659 5491 vero
708 5454 826 5505 qua:
870 5438 1063 5493 Cicero
1113 5442 1381 5510 appellat,
1432 5455 1658 5513 quatuor
1718 5448 1890 5502 modis

318 5526 666 5582 dividuntur:
698 5540 787 5581 aut
816 5532 958 5583 enim
993 5530 1217 5585 adversa
1257 5546 1415 5599 sunt,
1460 5546 1513 5589 ut
1550 5536 1758 5601 album,
1804 5540 1887 5593 ni-

315 5632 502 5687 grum;
533 5627 621 5672 aut
667 5620 948 5687 privantia,
980 5632 1036 5673 ut
1080 5622 1312 5689 justitiu,
1361 5625 1649 5692 iniustitia;
1685 5637 1776 5682 aut
1806 5644 1892 5684 re-

320 5710 499 5777 lativa,
532 5719 589 5764 ut
616 5710 883 5776 dominus,
916 5726 1133 5777 servus;
1165 5721 1255 5767 aut
1300 5716 1563 5784 negativa,
1597 5728 1653 5773 ut
1680 5721 1884 5789 vivere,

2002 4616 2152 4661 ortus
2185 4617 2293 4673 est,
2326 4609 2443 4662 dies
2471 4621 2577 4674 est;
2610 4612 2887 4681 aliquoties
2915 4617 3063 4682 prius
3092 4630 3174 4672 est
3199 4624 3337 4691 quod
3371 4641 3575 4692 prtece-

2001 4700 2097 4765 dit,
2130 4702 2392 4769 posterius
2418 4703 2554 4771 quod
2584 4708 3038 4774 consequitur,.ut
3063 4727 3074 4761 :
3108 4713 3150 4765 si
3182 4728 3438 4785 arrogans
3465 4732 3566 4787 est,

2001 4792 2219 4847 odiosus
2242 4800 2347 4854 est,
2394 4809 2459 4847 ex
2487 4796 2790 4866 arrogantia
2818 4802 2958 4853 enim
2990 4804 3215 4874 quisque
3242 4807 3302 4861 fit
3327 4812 3567 4868 odiosus.

2002 4884 2079 4938 Ex
2111 4885 2448 4940 antecedenti
2488 4888 2647 4955 igitur
2684 4893 2912 4946 sumitur
2951 4909 3319 4963 argumentum
3352 4920 3366 4956 :
3399 4905 3443 4959 si
3476 4922 3567 4975 pe-

2001 4980 2167 5045 perit,
2198 4991 2317 5030 cum
2361 4978 2477 5032 viro
2523 4984 2837 5048 concubuit;
2886 4999 3041 5039 sumo
3088 4992 3228 5057 qttod
3269 4998 3565 5061 antecedit,

1999 5076 2054 5121 at
2081 5071 2313 5137 peperit;
2346 5071 2607 5125 concludo
2632 5074 2773 5142 quod
2809 5078 3067 5147 sequitur,
3097 5097 3215 5137 cum
3261 5087 3378 5141 viro
3409 5089 3571 5159 igitur

1999 5167 2303 5220 concubuit.
2335 5168 2379 5221 A
2407 5171 2857 5236 consequentibus
2901 5173 2971 5227 ita
3014 5189 3168 5229 sumo
3207 5182 3345 5245 quod
3389 5187 3570 5253 sequi-

1998 5264 2106 5323 tur,
2136 5269 2187 5311 at
2212 5275 2320 5312 non
2349 5261 2632 5315 concubuit
2661 5277 2778 5315 cum
2810 5263 2945 5328 viro,
2987 5269 3247 5325 concludo
3284 5274 3422 5339 quod
3471 5292 3570 5330 an-

1998 5352 2191 5404 tecedit
2208 5391 2222 5413 ,
2247 5366 2352 5403 non
2376 5351 2541 5418 igitur
2569 5353 2790 5420 peperit.
2815 5354 3050 5421 Qumstio
3072 5371 3153 5413 est
3175 5360 3243 5415 de
3265 5365 3562 5434 accidente,

1994 5440 2141 5495 locus
2171 5441 2236 5493 ab
2265 5441 2700 5497 antecedentibus
2728 5455 2781 5497 et
2812 5450 3283 5516 consequentibus.
3315 5456 3559 5513 Maxima:

1994 5532 2380 5603 propositiones
2423 5550 2435 5585 :
2486 5533 2667 5589 Posito
2723 5540 3055 5595 antecedenti
3113 5548 3357 5601 comitari
3411 5554 3556 5621 quod

1992 5625 2348 5694 subsequitur,
2386 5636 2663 5695 perempto
2692 5634 3039 5695 consequenti
3072 5637 3263 5704 perimi
3291 5643 3433 5710 quod
3461 5660 3558 5697 an-

1994 5720 2205 5776 teredit.
2237 5720 2603 5789 Repugnnntia
2646 5733 2782 5796 vero
2817 5731 2941 5779 sunt
2988 5730 3378 5787 contrariorum
3427 5749 3556 5792 conv
