4274 6272
704 362 839 415 “99

1859 352 1965 405 AN.
2010 349 2209 403 MANL.
2253 348 2403 401 SEV.
2446 344 2665 400 BOETH

3824 326 3967 381 ιε,οο

704 476 996 543 sequentia,
1030 481 1083 524 ut
1112 471 1346 539 vigilare,
1382 468 1635 531 dormire,
1666 466 1930 521 contraria
1962 471 2107 527 sunt,
2138 474 2273 514 stor-
2306 463 2349 521 Α
2381 458 2638 513 maximas
2671 452 3081 523 propositiones,
3111 462 3241 517 quas
3270 446 3417 500 locos
3440 458 3564 499 esse
3595 442 3849 499 diximus,
3876 455 3965 493 se-

706 578 817 619 tere
847 562 1235 615 dormientibus
1274 562 1578 627 adiunctum
1609 568 1710 612 est.
1743 557 1982 612 Stertere
2013 555 2173 624 igitur
2213 570 2278 618 ac

705 657 921 723 vigilare.
951 652 1297 721 repugnantit
1323 663 1468 717 sunt,
1493 652 1557 703 ab
1583 653 1663 702 his
1689 650 1757 703 ita
1790 649 1845 701 fit
1871 655 2274 715 argumentum:

704 748 853 799 'l‘une
895 760 1018 798 eum
1050 746 1198 797 dicas
1240 744 1479 813 vigilare,
1519 743 1610 811 qtti
1659 738 1889 794 stertat?
1938 736 2174 804 Qumstio
2214 736 2281 787 de

704 840 1010 902 accidente,
1060 846 1430 907 argumentum
1481 852 1509 888 a
1562 833 2007 902 repugnantibus.
2058 829 2280 882 Maxima

694 932 1041 1005 pprOpositio:
1078 928 1447 999 ltepugnantia
1486 928 1584 978 sibi
1628 925 1919 979 convenire.
1966 938 2070 976 non
2105 936 2284 989 posse.

707 1026 877 1077 Causa
916 1032 999 1077 est
1026 1022 1287 1079 efficiens,
1327 1034 1441 1088 qum
1483 1016 1773 1086 quamlibet
1821 1031 1933 1068 rem
1981 1012 2287 1081 precedens

711 1117 906 1176 efﬁcit,
950 1129 1056 1166 non
1106 1123 1319 1173 semper
1368 1121 1626 1177 tempore,
1676 1109 1770 1162 sed
1822 1107 2145 1175 proprietate
2191 1121 2289 1157 na-

714 1217 865 1267 turm,
898 1213 954 1256 ιιι
982 1203 1061 1257 sol
1092 1201 1252 1255 diem.
1286 1201 1367 1255 Ab
1402 1201 1497 1253 hac
1518 1200 1591 1252 ita
1623 1198 1849 1252 sumitur
1877 1206 2245 1264 argumentum
2273 1211 2285 1246 :

713 1297 820 1349 Cur
855 1308 978 1348 esse
1016 1292 1227 1367 dubites
1274 1291 1445 1355 diem,
1488 1304 1608 1342 eum
1657 1289 1827 1341 solem
1884 1286 1936 1339 iu
1988 1286 2126 1339 coelo
2173 1299 2291 1338 esse

714 1384 1044 1453 conspicias?
1074 1382 1311 1450 Qumstio
1353 1381 1421 1434 de
1464 1381 1778 1434 accidente:
1815 1394 1937 1433 nam
1981 1379 2125 1433 diem
2172 1391 2293 1431 esse

717 1478 911 1532 accidit
937 1476 1046 1530 aeri
1066 1518 1077 1539 ,
1114 1477 1167 1529 id
1204 1484 1285 1528 est
1313 1489 1431 1528 esse
1459 1483 1676 1543 prepter
1705 1473 1873 1527 solem
1903 1472 2171 1535 lucidum;
2205 1486 2291 1523 ar-

717 1578 1024 1641 gumentum
1066 1569 1132 1621 ab
1175 1566 1528 1621 efficientibus
1571 1565 1767 1617 causis.
1820 1564 2045 1616 Maxima
2097 1577 2289 1630 propo-

720 1663 886 1717 sitio:
929 1661 1023 1717 Ubi
1072 1675 1231 1715 causa
1288 1668 1409 1722 est,
1462 1656 1583 1710 inde
1637 1656 1885 1710 effectum
1942 1655 2132 1709 abesse
2189 1669 2293 1706 non

724 1769 898 1823 posse.
946 1753 1199 1807 Effectum
1230 1760 1312 1806 est
1357 1752 1495 1820 quod
1529 1750 1692 1806 efﬁcit
1735 1766 1919 1804 causa.
1952 1750 2033 1803 Ab
2080 1749 2179 1803 hoc
2227 1750 2293 1801 ita

2382 552 2608 621 paravit,
2640 544 3011 615 pertractanda
3045 540 3277 605 breviter
3306 536 3436 592 mihi
3469 536 3677 589 videtur
3715 533 3968 602 superius

2383 647 2584 715 digesta
2613 638 2845 711 partitio,
2879 651 2934 690 ut
2958 652 3018 688 ea
3058 650 3174 703 qua:
3204 633 3394 685 similia
3430 629 3679 683 videntur
3703 642 3732 679 a
3764 636 3968 679 semet-

2386 736 2514 803 ipsis
2546 733 2752 787 ratione
2791 742 3023 796 congrua
3066 732 3429 793 segregentur.
3461 719 3668 776 Similis
3710 719 3852 770 enim
3887 716 3966 768 vi-

2384 828 2543 881 detur
2589 824 2735 877 locus
2763 836 2790 874 a
2836 829 2948 872 toto
2978 817 3025 871 ei
3052 816 3140 885 qui
3186 823 3271 869 est
3297 830 3324 867 a
3359 822 3483 865 nota
3508 852 3522 875 ,
3555 819 3780 877 uterque
3824 809 3966 861 enim

2390 919 2440 971 in
2471 914 2789 968 diffinitione
2818 918 2899 961 est
2924 909 3265 959 constitutus.
3300 902 3432 956 Nam
3466 900 3844 969 interpretatio
3881 912 3970 950 no-

2390 1010 2545 1062 minis
2575 1004 2816 1074 qumdam
2848 1000 3014 1069 ipsius
3043 996 3274 1050 nominis
3307 992 3561 1048 diffinitio
3593 1002 3695 1045 est.
3725 991 3832 1045 Sed
3882 990 3970 1042 illa

2390 1115 2573 1153 eorum
2605 1092 2830 1148 maxima
2862 1102 2943 1145 est
2973 1086 3295 1148 differentia,
3326 1087 3447 1154 quia
3479 1084 3628 1137 locus
3658 1099 3685 1134 a
3716 1092 3827 1134 toto
3856 1096 3971 1134 rem

2391 1190 2622 1252 diffluit;
2656 1205 2685 1240 a
2717 1196 2840 1239 nota
2870 1197 2999 1236 vero
3025 1196 3134 1235 rem
3161 1194 3266 1233 non
3290 1176 3507 1242 diffinit,
3541 1176 3632 1229 sed
3665 1189 3862 1227 nomen
3892 1174 3975 1225 in-

2394 1290 2735 1351 terpretatur.
2785 1276 3002 1328 Diversa
3041 1285 3173 1323 vero
3210 1278 3338 1322 sunt
3384 1283 3474 1321 res
3519 1257 3590 1320 ac'
3610 1279 3823 1317 nomen.
3862 1264 3979 1317 Hoc

2395 1378 2537 1430 enim
2565 1372 2869 1441 signiﬁcat,
2918 1366 3010 1419 illa
3059 1361 3407 1432 signiﬁcatur.
3441 1359 3570 1413 Item
3604 1359 3747 1411 lo:us
3787 1372 3818 1409 a
3851 1371 3981 1424 par-

2396 1470 2528 1521 tium
2553 1458 2959 1518 enumeratione
2985 1453 3280 1509 consimilis
3308 1453 3521 1506 videtur
3546 1464 3667 1504 esse
3694 1450 3744 1503 ei
3772 1450 3866 1517 qui
3897 1456 3979 1501 est

2397 1576 2424 1612 a
2457 1560 2645 1613 forma.
2675 1555 2804 1608 Nam
2832 1561 2885 1605 et
2908 1549 3076 1603 forma
3105 1562 3227 1615 pars
3253 1555 3355 1607 est,
3379 1555 3434 1597 et
3471 1542 3557 1613 qui
3589 1556 3760 1610 genus
3793 1539 3979 1593 dividit

2382 1636 2674 1709 enumerat
2706 1658 2901 1719 partes,
2934 1658 3106 1711 neque
3150 1641 3305 1694 aliter
3339 1638 3452 1693 ﬁeri
3502 1652 3567 1692 ex
3604 1636 3773 1689 forma
3824 1649 3977 1700 argu~

2402 1758 2639 1801 mentum
2674 1751 2849 1813 potest
2876 1740 2976 1793 nisi
3008 1736 3275 1793 dividatur
3318 1748 3347 1786 a
3397 1744 3636 1801 genere;
3668 1726 3807 1783 sumi
3838 1727 3977 1779 enim

721 1846 951 1899 sumitur
980 1854 1347 1912 argumentum
1376 1858 1390 1897 ε
1427 1846 1507 1898 An
1549 1853 1601 1895 tu
1631 1843 1841 1895 dubites
1872 1856 2101 1904 amasse,
2136 1856 2293 1909 quam
2330 1830 2376 1889 B
2402 1840 2620 1893 omnino
2651 1838 2819 1890 forma
2854 1851 2959 1890 non
2986 1842 3193 1906 potest,
3225 1829 3324 1883 nisi
3366 1841 3460 1895 per
3485 1822 3826 1877 divisionem.
3875 1819 3979 1875 Sed

724 1939 932 2007 rapuit?
972 1937 1204 2004 Quaestio
1231 1936 1296 1990 de
1328 1936 1627 1999 accidente,
1672 1943 2043 2004 argumentum
2074 1935 2141 1987 ab
2172 1934 2301 1987 effe-

725 2032 845 2087 ctis.
888 2030 1116 2084 Maxima
1149 2029 1440 2097 pr0positio
1468 2045 1482 2082 :
1514 2028 1611 2084 Ubi
1658 2027 1879 2082 effectus
1925 2036 2035 2094 est,
2083 2042 2299 2081 causam

725 2124 915 2184 abesse
977 2138 1080 2177 non
1136 2137 1326 2192 posse,
1376 2122 1538 2176 veluti
1589 2136 1695 2175 non
1761 2119 1931 2173 abfuit
1998 2135 2150 2174 amor
2213 2121 2300 2189 qui

728 2215 829 2269 fuit
872 2229 1060 2279 causa,
1099 2229 1194 2267 cur
1242 2214 1507 2282 rapuerit,
1551 2210 1694 2281 quod
1736 2220 1818 2265 est
1867 2210 2109 2265 effectus.
2142 2210 2304 2265 Cont-

728 2310 931 2378 paratio
976 2322 1106 2362 vero
1151 2306 1370 2375 majoris
1419 2314 1534 2367 est,
1583 2304 1795 2373 quoties
1853 2304 1902 2356 id
1947 2302 2087 2371 quod
2128 2304 2306 2357 minus

722 2410 813 2455 est
871 2398 1056 2466 majori
1113 2407 1471 2468 comparatur.
1543 2397 1623 2450 Ab
1679 2395 1781 2451 hoc
1835 2395 1951 2448 loco
2012 2396 2078 2447 ita
2137 2396 2307 2449 sumi-

733 2506 819 2547 tur
858 2501 1273 2560 argumentum:
1317 2490 1368 2543 Si
1428 2489 1471 2543 is
1516 2488 1606 2557 qui
1659 2488 1881 2557 patriam
1930 2486 2069 2541 bello
2120 2501 2305 2553 perse-

726 2592 888 2637 cutus
913 2589 997 2636 est
1035 2581 1246 2635 tandem
1275 2581 1480 2633 veniam
1511 2580 1704 2633 meruit
1734 2594 1763 2631 a
1808 2576 2015 2631 civibus
2035 2620 2048 2639 ,
2079 2592 2175 2630 cur
2204 2591 2308 2628 non

735 2676 781 2729 is
802 2689 1012 2742 quoque
1054 2681 1321 2725 mereatur
1355 2672 1441 2739 qui
1480 2671 1548 2725 ob
1575 2670 1892 2724 seditionem
1932 2678 2129 2723 motam
2162 2677 2313 2721 actus

728 2776 818 2822 est
845 2767 895 2819 in
925 2764 1222 2819 exsilium?
1256 2763 1493 2828 Quaastio
1522 2762 1590 2816 de
1613 2761 1907 2827 accidente,
1941 2770 2311 2830 argumentum

738 2875 768 2913 tt
796 2858 1192 2927 comparatione
1223 2856 1461 2924 majoris.
1511 2856 1740 2909 Maxima
1791 2856 2082 2924 propositio
2114 2870 2127 2908 :
2161 2854 2312 2921 Quod

736 2951 793 3005 iu
837 2964 896 3003 re
939 2946 1141 3016 majore
1171 2946 1347 3010 valet,
1381 2945 1558 2999 valeat
1599 2944 1652 2998 in
1696 2945 1923 2999 minore.
1971 2944 2188 2998 Minoris
2235 2952 2317 2997 est

739 3040 1089 3110 comparatio,
1115 3041 1322 3106 quoties
1356 3037 1523 3105 major
1556 3052 1644 3090 res
1672 3035 1948 3090 confertur
1972 3034 2163 3088 minori
2189 3052 2203 3097 ;
2231 3045 2314 3089 at-

741 3148 842 3201 que
869 3146 938 3186 ex
966 3146 1026 3186 ea
1051 3130 1259 3198 capitur
1286 3139 1656 3196 argumentum
1689 3127 1788 3180 hoc
1818 3126 1976 3180 modo
2006 3142 2019 3177 :
2050 3124 2105 3179 Si
2128 3123 2314 3179 Caium

2406 1933 2493 1987 hic
2525 1946 2736 1999 quoque
2767 1930 2930 1981 multa
2958 1941 3039 1982 est
3063 1921 3357 1981 differentia
3388 1936 3403 1973 :
3438 1933 3558 1972 nam
3588 1916 3822 1985 partium
3850 1929 3982 1967 enu-

2405 2024 2627 2079 meratio
2656 2030 2793 2077 totas
2818 2034 3039 2075 necesse
3066 2026 3150 2072 est
3194 2024 3250 2068 ttt
3293 2010 3492 2067 dividat
3524 2017 3736 2077 partes,
3785 2019 3983 2073 easque

2406 2118 2680 2172 universas
2721 2116 2785 2169 ad
2838 2113 2992 2169 fidem
3044 2102 3529 2181 argumentationis
3568 2107 3830 2161 assumat,
3871 2102 3985 2152 sive

2404 2212 2512 2264 illa:
2541 2216 2742 2275 partes,
2773 2208 2885 2260 sive
2932 2206 3035 2257 illae
3067 2205 3173 2256 sint
3214 2199 3420 2267 species
3442 2237 3456 2259 ,
3488 2204 3547 2248 ut
3575 2208 3745 2261 genus
3769 2190 3985 2259 quidem

2407 2300 2709 2369 speciebus,
2734 2306 2902 2351 totum
2932 2310 3056 2348 vero
3080 2291 3317 2361 partibus
3350 2287 3694 2356 approbetur.
3724 2281 3780 2335 lu
3814 2282 3988 2335 forma

2409 2409 2534 2447 vero
2566 2391 2760 2445 sufﬁcit
2792 2388 2855 2442 ad
2899 2383 3375 2442 demonstrandum
3406 2378 3543 2449 quod
3570 2377 3635 2430 de
3659 2388 3858 2444 genere
3905 2373 3992 2427 di-

2409 2485 2545 2537 citur
2570 2499 2674 2536 una
2715 2481 2984 2550 quaelibet.
3024 2478 3153 2531 Item
3197 2475 3345 2528 locus
3385 2487 3415 2524 a
3443 2470 3702 2525 contrario
3735 2475 3788 2519 et
3826 2481 3993 2531 repu-

2408 2576 2690 2642 guamibus
2741 2572 2947 2625 videtur
2987 2584 3107 2623 esse
3152 2564 3469 2630 consimilis,
3507 2561 3595 2616 sed
3640 2560 3803 2613 habet
3831 2558 3995 2612 diffe-

2412 2668 2663 2729 rentiam,
2694 2664 2815 2732 quia
2848 2662 3116 2716 contraria
3150 2660 3332 2729 primis
3359 2657 3571 2710 sibimet
3591 2652 3862 2707 frontibus
3894 2666 3993 2718 0p-

2417 2768 2704 2827 ponuntur.
2740 2755 3107 2824 Repugnantia
3135 2766 3261 2806 vero
3292 2766 3384 2820 per
3404 2746 3836 2817 conjunctionem
3866 2759 3991 2797 ροη-

2417 2853 2696 2906 trariorum
2738 2847 2839 2901 sibi
2892 2847 3185 2914 probantur
3229 2843 3486 2905 adversa,
3542 2849 3598 2892 ut
3647 2838 3882 2891 dormire
3934 2849 3996 2891 ac

2417 2943 2634 3011 vigilare
2673 2940 2851 2993 Statim
2882 2936 2981 2991 sibi
3009 2935 3277 2990 contraria
3305 2945 3447 2987 sunt.
3478 2931 3720 2986 Stertere
3761 2944 3885 2981 vero
3909 2943 3996 2981 re.

2418 3045 2616 3106 pugnat
2652 3032 2949 3102 vigilalioni
3001 3030 3201 3084 idcirco
3247 3027 3366 3096 quia
3417 3040 3607 3078 somno
3636 3022 3993 3091 conjungitur.

2421 3130 2681 3199 Adjuncta
2707 3142 2831 3179 vero
2860 3135 2911 3176 et
2948 3121 3319 3176 antecedentia
3352 3128 3405 3171 rt
3430 3116 3823 3184 consequentia
3851 3113 3993 3181 quasi

742 3223 1039 3279 Gracchum
1096 3221 1437 3275 mediocriter
1497 3219 1905 3273 labefactantem
1962 3227 2157 3272 statum
2211 3217 2316 3271 rei-
2343 3202 2388 3265 C
2422 3223 2642 3277 ﬁnitima
2672 3228 2816 3273 sunt.
2849 3217 2955 3273 Sed
3000 3217 3229 3280 distant,
3272 3214 3409 3282 quod
3453 3212 3503 3266 in
3548 3211 3818 3280 adjunctis
3856 3207 3995 3263 nulla

743 3316 968 3383 publica:
992 3314 1171 3381 Scipio
1213 3314 1449 3381 privatus
1479 3312 1758 3377 interfecit,
1787 3326 1883 3365 cur
1909 3325 2013 3365 non
2038 3310 2315 3365 Catilinam

744 3407 925 3460 orbem
955 3415 1111 3458 terra:
1138 3403 1285 3458 caede
1312 3412 1469 3471 atque
1503 3403 1748 3456 incendio
1772 3410 1989 3456 vastare
2016 3402 2316 3471 cupientem

744 3495 995 3549 consules
1023 3494 1447 3561 persequantur?
1477 3493 1712 3560 Quzestio
1738 3494 1803 3547 de
1831 3494 2128 3554 accidente,
2160 3510 2317 3561 argu-

746 3594 981 3639 mentum
1000 3600 1028 3637 a
1046 3585 1443 3648 comparatione
1465 3585 1709 3638 minoris.
1738 3587 1960 3639 Maxima
1989 3586 2277 3654 pr0positio
2301 3604 2314 3637 :

744 3678 901 3744 Quod
923 3678 974 3731 in
991 3694 1050 3731 re
1074 3676 1281 3730 minore
1304 3676 1463 3741 valet,
1489 3679 1663 3731 valeat
1690 3679 1742 3731 in
1771 3679 1995 3748 majore.
2021 3680 2173 3734 Paria
2197 3689 2322 3734 sunt

748 3784 869 3841 quin
895 3771 1131 3839 ejusdem
1156 3770 1642 3842 quantitatisvsunt,
1673 3780 1727 3825 ct
1756 3787 1973 3839 semper
2004 3774 2199 3841 paritas
2242 3775 2321 3827 si-

751 3860 994 3916 militudo
1023 3871 1105 3914 est
1127 3860 1461 3928 quantitatis.
1489 3862 1571 3913 Ab
1597 3863 1695 3915 hac
1721 3864 1788 3915 ita
1823 3862 1881 3915 fit
1914 3873 2279 3932 argumentum
2306 3881 2320 3917 :

751 3953 808 4008 Si
839 3950 1243 4005 Demosthenem
1270 3950 1387 4019 quis
1419 3950 1638 4005 laudare
1662 3951 1955 4015 desiderat,
1990 3968 2085 4007 cur
2114 3958 2323 4022 vitupe-

753 4052 835 4097 ret
862 4040 1127 4094 Tullium?
1158 4040 1390 4107 Quaestio
1434 4040 1501 4095 de
1548 4042 1846 4109 accidente,
1889 4054 2262 4114 argumentum
2294 4062 2321 4100 a

752 4130 1148 4198 comparatione
1193 4129 1418 4197 parium.
1466 4130 1693 4184 Maxima
1744 4132 2077 4201 prapositio:
2112 4134 2323 4188 Parium

747 4222 893 4277 eidem
920 4236 1038 4276 esse
1055 4220 1334 4290 judicium.
1362 4222 1546 4276 Restat
1570 4224 1613 4276 is
1636 4224 1784 4278 locus
1807 4239 1963 4293 quem
1989 4227 2324 4281 extrinsecus

744 4315 888 4369 .dixit
909 4313 1130 4380 assumi,
1156 4313 1449 4380 hicjudicio
1471 4316 1658 4369 nititur
1680 4326 1733 4369 et
1753 4318 2086 4382 auctoritate,
2112 4330 2160 4373 et
2186 4328 2327 4374 totus

744 4406 1047 4477 probabilis
1072 4414 1173 4469 est,
1208 4405 1335 4458 nihil
1369 4408 1652 4460 continens
1684 4408 2064 4463 necessarium.
2120 4409 2325 4464 Proba-

758 4499 865 4553 bile
900 4504 1076 4550 autem
1105 4504 1188 4551 est
1217 4496 1357 4565 quod
1390 4497 1597 4552 videtur
1626 4499 1706 4552 vel
1741 4499 2013 4562 omnibus,
2051 4502 2137 4555 vel
2165 4503 2327 4571 piari-

2420 3326 2503 3369 est
2536 3313 2848 3376 necessitas,
2878 3310 2928 3362 in
2966 3307 3403 3362 antecedentibus
3431 3320 3560 3358 vero
3583 3316 3638 3358 et
3667 3316 3999 3371 consequen-

2424 3406 2562 3460 tibus
2609 3403 2869 3465 maxima;
2916 3401 2969 3454 in
3016 3400 3279 3468 adjunctis
3324 3412 3450 3451 vero
3496 3407 3736 3463 tempora
3778 3394 3999 3448 nimium

2421 3500 2618 3551 valent.
2638 3498 2767 3549 Nam
2783 3494 2919 3563 quod
2933 3493 3237 3562 adjunctutn
3264 3501 3364 3554 est,
3393 3491 3441 3543 id
3462 3490 3542 3542 vel
3568 3488 3868 3558 prmcedere
3892 3503 4000 3542 rem

2432 3591 2586 3651 solet,
2617 3588 2702 3641 vel
2734 3603 2852 3641 cum
2898 3600 2957 3638 ea
3008 3600 3112 3638 uno
3138 3583 3431 3652 eodemque
3479 3590 3719 3648 tempore
3747 3594 3887 3643 esse,
3919 3578 4003 3634 vel

2424 3680 2680 3747 subsequi
2706 3681 2991 3747 posterius.
3022 3680 3089 3732 At
3120 3678 3170 3731 in
3199 3674 3637 3729 antecedentibus
3656 3673 3788 3725 nihil
3811 3674 4005 3725 horum

2424 3784 2528 3840 est,
2557 3773 2649 3828 sed
2685 3788 2787 3826 non
2820 3770 2995 3825 habita
3035 3768 3293 3837 temporis
3340 3768 3550 3821 ratione
3580 3780 3696 3818 mox
3739 3773 3794 3816 ut
3839 3763 4004 3817 fuerit

2426 3867 2771 3931 antecedens,
2803 3878 3137 3933 consequens
3166 3877 3284 3916 esse
3313 3875 3534 3915 necesse
3563 3868 3672 3923 est,
3706 3867 3761 3911 et
3792 3858 3838 3910 si
3870 3873 4007 3911 con-

2427 3971 2660 4027 sequens
2686 3970 2791 4009 non
2824 3954 3004 4018 fuerit,
3038 3952 3363 4008 antecedens
3400 3966 3620 4005 necesse
3649 3959 3730 4005 est
3755 3949 3999 4003 interire.

2428 4052 2504 4105 Ac
2525 4050 2591 4105 de
2622 4049 2691 4103 M.
2723 4048 2881 4102 Tullii
2911 4047 3042 4100 locis
3072 4045 3399 4101 sufficienter
3421 4044 3619 4097 dictum
3646 4054 3750 4108 est,
3776 4058 3919 4099 nunc
3942 4042 4008 4097 ad

2429 4138 2709 4195 Themistii
2740 4137 3057 4192 divisionem
3088 4135 3397 4200 redeamus,
3428 4144 3485 4187 ut
3509 4134 3777 4204 quomodo
3801 4135 3907 4190 sibi
3932 4152 4010 4188 su-

2430 4234 2609 4300 perius
2638 4230 2856 4299 digesta:
2886 4228 3198 4298 partitiones
3226 4227 3527 4282 consentire
3573 4227 3779 4292 possint
3828 4229 4009 4282 brevi—

2429 4334 2512 4380 ter
2540 4324 2862 4393 explicemus
2884 4366 2899 4389 ,
2932 4336 2994 4375 ac
3026 4321 3255 4390 primum
3278 4321 3489 4390 quidem
3517 4319 3675 4373 totius
3706 4322 4009 4387 partitionis

2431 4416 2785 4469 communiter
2812 4412 3139 4467 differentias
3166 4412 3498 4480 colligamus.
3529 4411 3789 4479 Superior
3821 4412 4015 4463 divisio

2432 4507 2613 4561 docuit
2646 4506 2779 4559 alios
2809 4504 3090 4558 Themistii
3121 4516 3238 4558 esse
3266 4504 3411 4577 locos
3457 4502 3544 4571 qui
3574 4503 3625 4555 in
3660 4500 3798 4568 ipsis
3830 4502 4014 4557 tenni-

758 4591 889 4655 bus,
921 4588 1003 4643 vel
1030 4588 1200 4643 doctis
1228 4600 1281 4643 et
1314 4589 1659 4656 sapientibus,
1688 4600 1741 4643 et
1767 4591 1905 4645 inter
1934 4590 2033 4645 hos
2061 4594 2219 4647 claris
2251 4602 2331 4647 at-
2359 4570 2410 4629 D
2441 4599 2524 4652 nis
2549 4598 2616 4652 de
2659 4598 2851 4665 quibus
2877 4596 3129 4665 qu:eritur
3158 4570 3523 4661 insunt,’alios
3553 4594 3644 4664 qui
3677 4595 4011 4651 extrinsecus

758 4699 863 4753 que
890 4681 1285 4751 praestantibus,
1318 4684 1398 4735 vel
1434 4681 1515 4736 his
1546 4684 1634 4751 qui
1664 4685 1957 4737 secundum
1982 4700 2331 4754 unamquam-

760 4788 865 4842 que
882 4782 1049 4828 artem
1074 4764 1605 4841 peritiam'consecuti
1627 4783 1768 4838 sunt,
1792 4783 1847 4825 ut
1864 4774 2070 4828 medico
2089 4776 2140 4828 in
2168 4776 2335 4829 medi-

748 4866 903 4932 cina,
930 4874 1214 4932 geometrae
1243 4865 1293 4916 in
1332 4866 1645 4932 geometria.
1689 4867 1770 4921 Ab
1814 4870 1915 4921 hoc
1958 4871 2076 4924 loco
2122 4871 2225 4924 tale
2251 4880 2337 4925 est

763 4964 1158 5024 argumentum,
1189 4954 1349 5008 veluti
1381 4956 1424 5009 si
1449 4955 1619 5011 dicam
1658 4976 1670 5009 :
1703 4958 1927 5015 Difficile
1956 4970 2038 5015 est
2063 4977 2183 5016 cum
2207 4963 2337 5017 Car-

754 5039 1167 5117 .tltaginensibus
1198 5047 1389 5101 bellum
1419 5064 1633 5117 gerere,
1668 5051 1915 5118 quoniam
1968 5053 2020 5105 id
2068 5054 2126 5107 Ρ.
2158 5054 2338 5124 Scipio

768 5140 1047 5193 Cornelius
1077 5139 1355 5193 Africanus
1372 5139 1539 5206 dixit,
1570 5142 1654 5209 qui
1680 5155 1821 5209 saepe
1852 5142 2025 5196 fuerat
2068 5160 2338 5214 expertus.

766 5233 869 5286 llic
899 5246 1030 5285 vero
1068 5230 1215 5284 locus
1241 5231 1574 5286 extrinsecus
1601 5232 1793 5286 dicitur
1827 5236 2180 5301 constitutus,
2208 5254 2343 5306 quo-

770 5326 915 5377 niam
942 5338 1049 5377 non
1078 5322 1146 5376 de
1184 5322 1265 5376 his
1296 5322 1387 5391 qui
1416 5322 1685 5389 praedicati
1715 5324 1797 5378 vel
1822 5326 2048 5393 subjecti
2081 5338 2202 5381 sunt
2234 5338 2345 5383 ter-

732 5492 735 5497 ,
777 5415 903 5468 mini
945 5415 1196 5480 sumitur,
1231 5414 1325 5469 sed
1366 5412 1432 5468 ab
1459 5414 1790 5471 extrinsecus
1823 5421 1993 5486 posito
2024 5418 2228 5487 judicio
2258 5436 2345 5476 ve-

774 5508 886 5573 nit;
928 5506 1015 5561 hic
1058 5510 1217 5562 etiam
1256 5507 1608 5563 inartificialis
1637 5517 1690 5563 et
1715 5512 1857 5585 artis
1876 5526 2069 5581 expers
2099 5523 2342 5582 vocatur,

780 5600 1029 5670 quoniam
1059 5614 1162 5653 non
1185 5599 1284 5654 sibi
1316 5601 1439 5661 hinc
1462 5602 1572 5670 ipse
1593 5601 2202 5675 conficitargumentum
2228 5621 2350 5658 ora-

782 5703 889 5755 tor,
931 5692 1023 5746 sed
1067 5694 1292 5759 peractis
1337 5695 1628 5764 positisque
1658 5697 1821 5751 utitur
1869 5698 2203 5752 testimoniis.
2240 5699 2347 5753 Ex-

787 5782 978 5847 peditis
1016 5785 1175 5851 igitur
1203 5784 1275 5841 M.
1322 5785 1476 5839 Tullii
1522 5786 1835 5843 differentiis
1873 5789 2062 5858 quibus
2095 5791 2208 5861 ipse
2234 5804 2262 5844 a
2291 5805 2349 5847 se

2442 4696 2803 4750 assumuntur,
2836 4688 2968 4741 alios
3012 4689 3099 4756 qui
3131 4688 3270 4740 inter
3308 4696 3565 4754 utrosque
3607 4695 3914 4753 versantur,
3957 4697 4015 4739 ut

2445 4784 2693 4837 hictrina
2736 4782 3060 4851 intelligatur
3089 4779 3301 4833 divisio.
3354 4780 3423 4832 At
3480 4779 3551 4832 Μ.
3606 4777 3769 4832 Tullii
3822 4778 4015 4832 divisio

2444 4875 2592 4928 locos
2622 4874 2860 4927 bifariam
2902 4872 3152 4926 ostendit.
3209 4872 3355 4926 Alios
3397 4870 3540 4925 enim
3589 4869 3641 4922 in
3690 4885 3757 4923 eo
3806 4872 3921 4939 ipso
3950 4868 4016 4923 de

2446 4981 2550 5034 quo
2580 4966 2751 5033 agitur
2794 4964 2999 5017 hmrere
3047 4964 3327 5033 proponit,
3374 4963 3509 5017 alios
3555 4964 3890 5017 extrinsecus
3935 4976 4017 5015 as-

2445 5059 2605 5112 sumi.
2640 5058 2737 5111 llic
2768 5058 2926 5125 igitur
2954 5072 3138 5112 omnes
3167 5072 3258 5111 eos
3290 5057 3457 5122 locos,
3488 5073 3623 5126 quos
3647 5058 3859 5111 medias
3880 5058 4015 5110 The-

2446 5152 2653 5205 mistius
2679 5152 2974 5220 proposuit,
3012 5151 3093 5203 his
3120 5151 3376 5220 applicuit
3410 5162 3570 5219 atque
3615 5152 3897 5221 conjunxit
3930 5150 4013 5219 qui

2446 5254 2571 5298 sunt
2599 5242 2650 5295 in
2681 5243 2809 5311 ipsis
2837 5243 2903 5296 de
2949 5242 3141 5311 quibus
3194 5246 3365 5312 agitur
3410 5243 3660 5298 terminis
3709 5244 4012 5305 constituti,

2449 5343 2503 5389 et
2522 5335 2871 5387 communiter
2892 5334 3105 5402 quidem
3139 5335 3257 5389 talis
3291 5335 3610 5389 divisionum
3656 5346 3740 5389 est
3770 5336 4017 5390 differen-

2456 5427 2524 5479 tia
2548 5467 2563 5490 ,
2594 5441 2710 5493 qua:
2735 5424 2930 5478 clarius
2957 5425 3251 5492 apparebit,
3291 5427 3334 5479 si
3374 5426 3579 5496 singula
3614 5442 4015 5495 persequamur.

2457 5517 2560 5571 Eos
2588 5516 2745 5586 igitur
2772 5516 2917 5569 locos
2936 5558 2951 5579 ,
2982 5516 3071 5584 qui
3102 5516 3259 5585 positi
3288 5525 3410 5572 sunt
3432 5519 3482 5571 in
3518 5518 3783 5583 terminis,
3810 5519 3880 5574 de
3900 5524 4019 5585 qui-

2455 5611 2555 5667 bus
2597 5610 2647 5662 in
2692 5610 2985 5678 quaestione
3027 5609 3315 5675 dubitatur,
3351 5611 3527 5679 priore
3557 5611 3848 5679 partitione
3878 5612 4019 5666 The-

2458 5702 2685 5766 mistius,
2721 5711 2827 5754 tum
2869 5703 2919 5755 in
2945 5702 3235 5757 substantia
3258 5705 3458 5773 posuit,
3486 5714 3595 5757 tum
3629 5704 3681 5756 in
3708 5704 4021 5759 substantia

2458 5792 2855 5859 consequentia.
2899 5794 2960 5845 In
3009 5794 3300 5849 substantia
3343 5804 3466 5851 sunt
3508 5793 3790 5862 diffinitio,
3826 5796 4025 5852 descri-
