4274 6272
358 333 490 387 1201

1362 334 1448 387 DE
1494 333 1965 390 DIFFERENTIIS
2003 334 2283 388 TOl’lClS.
2327 334 2452 388 LIB.
2495 334 2581 388 111.

3474 333 3609 388 1202

354 447 498 515 ptio,
532 445 762 500 nominis
790 444 1178 514 interpretatio.
1220 445 1542 499 Substantia:
1575 462 1700 498 vero
1729 459 1920 499 conse-
1962 446 2293 507 Aliabentes
2336 445 2611 515 angulum,
2654 460 2773 514 quas
2820 444 3155 514 orthogonia:
3210 457 3603 515 nuncupantur,

355 537 573 607 quentia
602 547 726 591 sunt
754 550 944 605 genus,
976 546 1167 600 totum,
1198 533 1425 604 species,
1458 549 1599 604 pars,
1624 550 1782 589 causa
1813 536 1928 591 elli-

354 629 523 693 ciens,
548 629 791 693 materia,
815 628 1008 696 forma,
1031 628 1272 693 effectus,
1297 628 1588 696 corruptio,
1614 627 1755 693 linis,
1777 643 1924 695 usus,

354 721 716 774 communiter
735 720 1050 774 accidentia.
1078 720 1181 773 Eos
1204 734 1333 773 vero
1359 720 1449 788 qui
1480 720 1813 774 extrinsecus
1842 736 1928 774 as-

356 820 659 878 sumuntur,
696 822 803 864 tum
833 812 884 864 in
911 809 1134 878 judicio,
1169 818 1278 862 tum
1308 810 1360 862 in
1403 810 1779 879 similitudine,
1814 820 1929 867 tum

356 902 408 953 in
438 901 751 971 quantitatis
778 899 1195 968 comparatione,
1226 910 1334 952 tum
1361 901 1411 953 in
1434 902 1791 969 oppositione,
1817 914 1926 956 tum

354 990 408 1042 in
471 990 847 1060 proportione,
901 999 1008 1041 tum
1061 989 1112 1042 in
1161 991 1590 1058 transumptione
1640 994 1928 1062 separavit.

354 1083 499 1147 Quos
530 1094 654 1133 vero
697 1080 834 1131 inter
866 1089 1117 1148 utrosque
1163 1082 1338 1148 posuit
1365 1120 1382 1145 ,
1411 1081 1508 1134 hos
1537 1082 1591 1135 in
1636 1082 1848 1137 casibus
1877 1092 1932 1137 et

353 1172 651 1242 conjugatis
699 1181 754 1225 et
801 1172 1068 1227 divisione
1117 1175 1411 1228 constituit.
1456 1174 1562 1230 Sed
1608 1175 1679 1230 Μ.
1723 1175 1932 1230 Tullius

354 1278 446 1317 eos
470 1264 559 1332 qui
589 1264 638 1316 in
669 1262 785 1329 ipso
821 1273 945 1316 sunt
986 1264 1052 1317 de
1079 1278 1186 1333 quo
1228 1264 1481 1334 quaeritur
1504 1266 1526 1331 ⁷,
1557 1275 1665 1319 tum
1701 1281 1765 1321 ex
1796 1274 1929 1330 toto,

354 1362 467 1404 tum
496 1366 563 1405 ex
594 1353 832 1420 partibus
861 1352 999 1421 ejus,
1026 1362 1138 1406 tum
1170 1368 1234 1407 ex
1273 1363 1416 1419 nota,
1441 1363 1553 1408 tum
1573 1370 1638 1410 ex
1665 1356 1747 1410 his
1774 1358 1935 1411 rebus

354 1458 470 1494 uuze
510 1441 905 1508 quodammodo
935 1442 1140 1497 all'ectze
1186 1456 1310 1498 sunt
1338 1444 1404 1499 ad
1436 1444 1488 1499 id
1536 1446 1603 1501 de
1641 1462 1747 1515 quo
1788 1464 1935 1517 quaa-

355 1544 490 1587 rttur
518 1535 711 1602 posuit.
735 1534 851 1602 lpsa
877 1550 1003 1589 vero
1029 1551 1147 1605 qure
1173 1536 1360 1591 alTecta
1389 1547 1511 1592 sunt
1538 1539 1825 1593 multifaria
1853 1540 1937 1593 di-

356 1626 567 1681 visione
616 1628 838 1695 partitus
878 1638 978 1691 est,
1015 1629 1187 1680 solum
1223 1644 1351 1681 vero
1388 1630 1643 1698 judicium
1673 1632 1941 1687 extrinse-

356 1736 451 1774 cus
479 1720 796 1787 segregavit,
830 1719 1113 1787 pluresque
1144 1731 1320 1788 partes
1347 1736 1532 1776 eorum
1558 1738 1676 1791 quae
1708 1722 1761 1776 in
1795 1722 1936 1776 divi-

2033 541 2165 594 alias
2196 540 2337 593 dicat
2384 539 2555 591 tribus
2582 538 2751 592 acutis
2781 538 2991 607 angulis
3018 538 3305 603 contineri,
3337 554 3455 606 qua:
3483 552 3602 594 sunt

2032 630 2332 701 oxygonim,
2368 628 2498 681 alias
2524 628 2577 681 in
2601 628 2846 682 obtusum
2880 628 3130 697 angulum
3158 628 3323 693 tendi,
3348 644 3464 697 quae
3486 640 3605 682 sunt

2031 719 2389 787 ambligoniae.
2433 719 2664 772 Necesse
2700 724 2784 771 est
2824 718 2983 787 igitur
3025 727 3085 771 ut
3129 726 3371 788 utraeque
3400 718 3500 770 sibi
3529 717 3603 771 di-

2030 825 2185 866 versa
2240 810 2465 878 partium
2516 809 2721 863 ratione
2768 809 3108 863 conveniant.
3157 809 3287 862 Nam
3339 809 3478 878 quod
3529 819 3612 864 est

2031 901 2405 969 orthogonium
2428 940 2443 965 ,
2479 899 2528 952 id
2560 913 2771 967 semper
2794 900 2879 952 vel
2906 898 3113 953 duobus
3148 899 3403 953 lateribus
3434 916 3611 969 mqua-

2033 993 2171 1048 libus
2199 990 2536 1053 continetur,
2590 990 2672 1043 vel
2724 989 2894 1042 tribus
2915 988 3295 1057 inaequalibus.
3330 989 3432 1043 Sed
3463 991 3606 1057 quod

2031 1094 2115 1140 est
2141 1082 2543 1152 amliligonium,
2569 1081 2619 1134 id
2651 1081 2734 1136 vel
2765 1079 2973 1134 duobus
3015 1080 3273 1135 lateribus
3304 1082 3610 1133 continetur

2033 1176 2346 1246 aequalibus,
2398 1174 2482 1228 vel
2530 1172 2701 1227 tribus
2747 1171 3119 1237 inaequalibus.
3159 1168 3264 1224 Sed
3320 1170 3462 1240 quod
3522 1181 3605 1222 cst

2035 1269 2375 1339 oxygonium,
2425 1266 2478 1319 id
2518 1264 2604 1320 vel
2650 1265 2820 1319 tribus
2859 1263 3116 1318 lateribus
3161 1262 3479 1331 aequalibus,
3526 1264 3608 1313 vel

2035 1361 2242 1415 duobus
2270 1357 2620 1426 inaequalibus
2647 1354 2971 1410 continetur.
3025 1354 3228 1408 Rursus
3264 1352 3316 1406 id
3353 1351 3495 1422 quod
3530 1366 3614 1405 est

2037 1451 2406 1521 :rquilaterum
2454 1462 2666 1515 semper
2694 1456 2778 1501 est
2804 1446 3164 1516 oxygonium,
3194 1444 3246 1498 id
3294 1460 3424 1498 vero
3469 1445 3621 1514 quod

2036 1541 2245 1595 duobus
2269 1538 2562 1608 aequalibus
2593 1537 2848 1599 lateribus
2876 1536 3181 1590 continetur
3200 1576 3216 1601 ,
3247 1536 3329 1590 vel
3361 1536 3625 1605 orthogo--

2038 1634 2206 1701 nium,
2241 1632 2322 1684 vel
2345 1630 2751 1698 ambligonium,
2784 1629 2866 1682 vel
2897 1628 3225 1698 oxygonium
3255 1643 3374 1682 esse
3409 1637 3619 1696 potest...

2039 1723 2191 1789 Quod
2220 1736 2347 1776 vero
2393 1720 2563 1772 tribus
2603 1717 2953 1786 inaequalibus
2991 1718 3300 1771 continetur
3332 1717 3611 1779 lateribus,

357 1814 506 1865 sione
536 1812 811 1865 Themistii
846 1814 1016 1880 posita
1041 1824 1162 1866 sunt
1188 1815 1501 1869 substantia:
1527 1817 1933 1885 consequentia.
1964 1821 2013 1881 Β
2039 1813 2123 1868 vel
2148 1809 2546 1877 orthogonium,
2573 1808 2657 1863 vel
2689 1808 3069 1877 ambligonium
3099 1821 3220 1861 esse
3248 1822 3473 1862 necesse
3507 1821 3611 1862 est.

359 1906 596 1972 Itemque
617 1904 765 1957 locos
787 1903 987 1957 medios
1013 1904 1154 1959 inter
1176 1904 1362 1959 all‘ecta
1386 1907 1706 1963 numeravit.
1737 1905 1793 1960 in
1821 1916 1926 1960 tam

358 2011 486 2050 vero
516 1994 661 2048 varia
685 1994 945 2049 divisione
976 2009 1197 2050 necesse
1222 2008 1305 2051 est
1335 2006 1392 2050 ut
1420 2006 1661 2068 utraeque
1694 1999 1794 2053 sibi
1826 2014 1932 2054 non

359 2090 540 2144 eadem
579 2097 726 2158 parte
750 2090 1090 2144 conveniant.
1140 2091 1192 2144 Id
1238 2108 1365 2145 vero
1413 2091 1464 2145 in
1514 2095 1717 2147 cunctis
1749 2094 1934 2147 inulti-

358 2182 567 2249 pliciter
612 2180 797 2233 divisis
845 2180 956 2233 lieri
1004 2190 1213 2250 potest,
1274 2182 1424 2235 velut
1466 2183 1509 2236 si
1568 2184 1687 2252 quis
1733 2183 1936 2238 dividat

359 2269 741 2338 triangulorum
789 2268 988 2323 formas
1029 2270 1106 2323 sic
1146 2286 1161 2325 :
1207 2271 1592 2338 triangulorum
1642 2273 1759 2325 aliae
1811 2282 1939 2327 sunt

360 2359 680 2427 mquilaterec
716 2356 900 2411 formae
921 2399 934 2422 ,
968 2359 1086 2412 alite
1112 2360 1217 2413 duo
1246 2371 1448 2414 tantum
1480 2362 1648 2416 latera
1674 2365 1930 2421 habentes
1990 2354 1995 2361 ’

361 2448 599 2519 tequalia.
618 2449 735 2502 alia:
758 2464 883 2502 vero
902 2449 1026 2505 t0tis
1052 2450 1406 2520 intequalibus
1431 2453 1687 2508 lateribus
1708 2455 1932 2524 junctae.

363 2536 559 2595 Rursus
590 2539 659 2594 sit
686 2539 785 2593 ista
821 2540 1012 2595 divisio
1043 2557 1056 2595 :
1091 2553 1147 2595 ut
1177 2543 1307 2599 alias
1336 2543 1479 2598 dicat
1507 2544 1701 2614 aliquis
1730 2555 1933 2600 rectum

2042 1904 2345 1962 Secundum
2396 1902 2553 1971 igitur
2603 1902 2745 1954 hunc
2788 1900 3005 1953 modum
3048 1911 3293 1953 (unctam
3338 1900 3407 1954 Μ.
3454 1899 3613 1955 Tullii

2042 2007 2201 2066 atque
2244 1993 2524 2049 Themistii
2557 1991 2873 2045 divisionem
2916 2008 2945 2045 a
2996 1992 3256 2059 principio
3288 1993 3483 2060 pariter
3525 2008 3613 2044 or-

2042 2089 2281 2150 dientes,
2314 2084 2542 2140 invicem
2571 2083 2788 2137 sibimet
2818 2083 3049 2136 clausam
3082 2097 3201 2136 esse
3232 2092 3611 2148 monstremus,

2042 2180 2095 2235 in
2140 2179 2333 2248 quibus
2369 2178 2618 2231 omnibus
2666 2184 2719 2230 et
2761 2175 3128 2243 exemplorum
3159 2184 3211 2228 et
3250 2175 3611 2245 intelligentia:

2043 2272 2288 2343 superius
2310 2269 2569 2338 expeditae
2597 2281 2830 2337 prtesens
2855 2266 3014 2320 debet
3033 2281 3151 2319 esse
3182 2266 3459 2319 memoria.
3496 2267 3612 2321 Dis-

2044 2377 2305 2431 ponamus
2355 2362 2513 2429 igitur
2554 2374 2767 2412 onmem
2812 2357 3091 2411 Themistii
3149 2356 3462 2412 divisionem
3498 2400 3513 2425 ,
3557 2369 3612 2413 et

2045 2465 2165 2526 pOSt
2212 2454 2350 2508 hanc
2394 2452 2709 2521 subjiciatur
2756 2449 2993 2503 Tulliana
3036 2449 3282 2518 partitio,
3317 2459 3373 2502 ut
3400 2465 3461 2504 ea
3494 2468 3611 2519 qua:

2044 2547 2268 2602 dicenda
2300 2557 2423 2601 sunt
2452 2546 2683 2615 apertius
2714 2544 2883 2598 oculis
2910 2541 3149 2610 subjecta
3182 2543 3503 2598 clarescant.

1716 2655 1997 2710 Themistii
2037 2659 2248 2713 divisio.

1733 2986 1982 3366 />l

1251 3494 1303 3544 In
1330 3500 1445 3559 ipso.
1822 3502 1907 3551 Exi
1918 3505 2153 3552 rinsecus.
2527 3494 2691 3544 hie-dii.

938 3573 965 3647 Ξ
1060 3576 1341 3647 ξυῙΓΨΗΜ-
1778 3590 1795 3635 1
1838 3588 1877 3635 Α
1901 3589 1975 3636 rei
1998 3587 2189 3647 judicio.
2461 3581 2498 3647 ᾼ
2520 3581 2726 3647 casibus.

936 3637 966 3713 ἓ
999 3637 1039 3713 θ
1061 3640 1361 3713 4¢ﬁniti99e
1778 3652 1807 3694 ‘2
1840 3651 1883 3697 A
1905 3637 2167 3713 similibus.
2527 3640 2810 3713 coniugatis.

937 3698 967 3772 ξ
1063 3699 1405 3772 δθδθῖίΡίίρηοσ
1779 3712 1807 3756 3
1842 3713 1881 3759 A
1902 3697 2101 3769 majore.
2157 3697 2162 3698 ί
2463 3705 2502 3754 Δ
2527 3697 2780 3753 divisione.

937 3760 970 3830 ᾗ
1067 3759 1709 3830 nomioisjnter;relatione.
1778 3772 1810 3819 4
1843 3774 1882 3819 Α
1906 3759 2107 3820 minore.

942 3819 972 3896 εξ
1066 3819 1500 3896 consequentibus.
1701 3819 1704 3820 ν
1782 3837 1812 3884 5
1846 3819 2187 3896 Εινορροεὶιίε
2211 3830 2289 3896 νβ)
2327 3844 2440 3896 βων

941 3882 971 3955 §
1070 3882 1270 3955 ίοΨΪέί
1294 3904 1501 3955 genere.
1791 3882 1801 3884 ⁷
1880 3882 2059 3955 trariis,
2087 3895 2163 3945 vel
2204 3893 2439 3950 relativis,

943 3940 973 4018 Ξ
1006 3940 1381 4018 ᾆβθνέὲιξυεῖςι
1406 3940 1591 4014 spec-le.
1878 3940 2247 4018 velis-edu‘ndutn
2283 3940 2442 4014 priva;

943 4002 974 4069 ξ
1007 4002 1082 4069 Ab
1107 4002 1445 4063 eﬂicietttibus:
1881 4002 2439 4069 tionemﬂe—tvhaliitum.

942 4064 975 4111 9
1008 4064 1049 4112 Α
1074 4072 1296 4121 materia.

922 4124 979 4173 10
1011 4126 1055 4173 Α
1077 4126 1243 4179 forma.

920 4186 973 4232 11
1012 4189 1053 4235 Δ
1077 4188 1191 4237 line.

920 4247 979 4297 1‘2
1010 4247 1085 4298 Lb
1119 4252 1393 4306 eliectibus.

922 4310 980 4361 15
1012 4312 1473 4378 ᾼρθτνυρυουίὺυε.

1012 4374 1088 4421 Ab
1113 4374 1295 4428 usibus.

924 4434 979 4483 11
1012 4436 1052 4482 Α
1069 4444 1394 4493 communiter
1412 4449 1757 4499 accidentibus.

1882 4081 1958 4129 vel
1979 4093 2067 4142 per
2079 4079 2443 4127 aﬂirmationem

1884 4150 1935 4191 et
1959 4146 2285 4201 negationem.

1792 4205 1822 4250 6
1854 4204 1895 4250 A
1929 4205 2255 4264 praportione.

1795 4267 1822 4315 7
1858 4267 1893 4311 Α
1924 4266 2324 4325 transumptione.

1744 4512 1810 4566 Μ.
1857 4512 2014 4566 Tullii
2065 4511 2273 4564 divisio.

1512 5202 1586 5253 Ab
1608 5207 1726 5268 ipso.

1483 5372 1711 5528 /\

1352 5725 1389 5773 Δ
1416 5729 1532 5773 toto.
1574 5715 1581 5717 Α

1979 4706 2069 4753 1οεί

2251 5205 2583 5257 Extrinsecus.

1693 5722 1765 5771 Ab
1786 5720 2198 5771 antecedentibus.

1351 5786 1395 5839 Δ
1415 5787 1645 5851 partibus.
1691 5785 1737 5840 Δ
1757 5780 2325 5871 ςρηεθ»ιιιεηιὶι)υε.“Δι›
2357 5778 2659 5835 auctoritate.
