4258 6270
3752 327 3888 385 1206

644 397 782 454 ΩΟΞ
1862 366 1969 422 AN.
2012 361 2216 419 MANL.
2257 356 2408 413 SEV.
2450 352 2665 409 BOETII

1347 487 1387 537 Α
1408 494 1534 536 nota.
1939 477 1978 525 Α
2001 471 2397 536 repugnantibus.

1350 554 1389 598 Α
1414 551 1698 609 coniugatis.
1938 540 2172 609 ᾼεειιιεὶε.

1349 596 1389 660 λ(
1415 596 1619 671 genere.
1939 601 2012 671 ᾼιι
2036 596 2242 671 ειῐεειίεΣ

1350 656 1389 721 K
1412 656 1576 722 forma.
1941 665 1980 708 Α
2005 656 2362 718 cuinparationc

1945 722 2033 767 Vel
2058 722 2301 775 majorum.

1944 783 2034 828 Vel
2062 783 2319 826 minorum.

1942 844 2035 892 Vel
2061 842 2260 903 pariunt.

1352 736 1386 781 Α
1407 730 1743 781 similitudine.

1353 802 1392 843 A
1415 794 1705 843 tlillet'cltlltt.

1354 860 1394 905 Α
1419 855 1671 903 contrario.

1354 919 1428 966 Ab
1448 918 1694 978 adjunctis.

724 1013 930 1080 Quibus
969 1011 1038 1062 ita
1066 1002 1347 1072 descriptis
1368 1041 1382 1064 ,
1415 952 1554 1052 nuric
1582 989 2025 1064 quemadmodum
2054 983 2216 1039 Marci
2248 987 2295 1042 Α
2326 977 2464 1031 bilis.
2495 974 2541 1028 A
2591 970 2858 1027 contrario
2888 968 3026 1023 idem
3073 965 3220 1019 locus
3248 970 3349 1027 est,
3379 958 3469 1028 qui
3510 954 3649 1025 apud
3680 952 3897 1009 Themi-

656 1078 816 1160 Tullii
843 1101 1031 1158 divisio
1058 1093 1338 1151 Themistii
1371 1088 1638 1159 partitioni
1665 1082 1946 1138 conveniat
1984 1078 2222 1146 explice-

659 1212 795 1252 mus.
826 1192 1019 1249 Locum
1054 1189 1211 1260 igitur
1237 1200 1399 1257 quem
1426 1183 1614 1237 Cicero
1644 1180 1778 1232 dixit
1808 1190 1834 1228 a
1864 1185 2006 1239 tcto,
2036 1189 2065 1225 a
2094 1171 2223 1225 sub-

659 1289 851 1342 stantia
883 1282 1208 1338 Tliemistius
1250 1290 1370 1332 esse
1414 1270 1705 1340 proposuit.
1738 1268 1972 1334 Uterque
2000 1268 2141 1317 enim
2173 1263 2229 1315 in

663 1377 982 1433 difﬁnitione
1027 1370 1307 1434 consistit,
1338 1367 1451 1422 sive
1483 1364 1570 1418 illa
1600 1358 1967 1416 subStantialis
1998 1358 2086 1417 sit,
2115 1353 2229 1406 sive

662 1472 974 1540 descriptio.
1008 1467 1053 1522 A
1082 1464 1311 1533 partium
1338 1455 1742 1515 enumeratione
1788 1453 1936 1505 locus
1977 1464 2042 1501 ex
2075 1447 2229 1501 Cice-

664 1567 810 1623 ronis
850 1562 1063 1632 Topicis
1090 1558 1295 1629 positus
1325 1555 1464 1610 idem
1496 1554 1580 1607 est
1617 1549 1703 1619 qui
1752 1550 1805 1601 iu
1842 1540 2121 1599 Themistii
2152 1540 2234 1593 di-

667 1658 871 1711 visione
900 1656 1039 1707 inter
1064 1649 1268 1703 medios
1290 1660 1321 1699 a
1346 1644 1607 1698 divisione
1634 1638 1939 1693 nominatus
1965 1642 2065 1687 est.
2091 1632 2236 1696 Quo-

668 1749 769 1802 lies
797 1745 938 1800 enim
968 1740 1168 1807 aliquid
1217 1750 1334 1791 esse
1380 1736 1465 1789 vel
1496 1749 1603 1787 non
1632 1744 1752 1785 esse
1778 1736 2081 1783 monstrare
2110 1737 2240 1778 con-

670 1839 957 1901 tendimus,
984 1835 1027 1888 si
1055 1831 1210 1886 lidem
1227 1845 1255 1882 a
1277 1828 1502 1895 partium
1522 1821 1924 1878 enumeratione
1944 1818 2237 1884 capiamus,

672 1932 724 1987 id
767 1940 829 1986 ex
880 1928 1140 1983 divisione
1188 1920 1493 1977 necessario
1542 1914 1839 1971 faciendum
1888 1920 1990 1966 est.
2045 1906 2242 1962 Divisio

672 2037 804 2076 vero
846 2026 935 2074 aut
983 2019 1273 2072 formarum
1323 2009 1630 2081 prmcessit,
1660 2016 1752 2060 aut
1797 2003 2044 2071 partium,
2074 2013 2246 2067 quan-

673 2128 831 2183 quam
864 2113 1012 2165 locus
1037 2110 1126 2177 qui
1166 2122 1230 2161 ex
1262 2104 1527 2159 divisione
1564 2114 1593 2153 a
1634 2095 1929 2153 Themistio
1968 2095 2105 2146 inter
2132 2105 2245 2143 me-

677 2206 795 2259 dios
819 2202 1108 2257 collocatus
1135 2207 1247 2264 est,
1276 2211 1305 2250 a
1325 2194 1586 2249 Cicerone
1615 2191 1667 2245 in
1694 2187 1904 2257 generis
1929 2182 2245 2238 tractatione

676 2295 913 2365 ponitur.
944 2291 1032 2345 Ait
1059 2288 1200 2344 enim
1234 2286 1440 2340 Tullius
1469 2297 1587 2337 cum
1617 2280 1684 2334 de
1703 2291 1898 2348 genere
1932 2274 2247 2343 loqueretur

679 2387 782 2440 hoc
811 2383 1007 2440 modo:
1033 2378 1323 2435 Commode
1343 2377 1504 2431 etiam
1532 2380 1786 2427 tractatur
1816 2370 1930 2422 haec
1962 2380 2246 2434 argumen-

680 2476 830 2543 talio,
874 2490 994 2545 qua:
1040 2488 1106 2527 ex
1150 2484 1345 2540 genere
1390 2465 1636 2525 sumitur,
1668 2476 1790 2516 cum
1834 2475 1898 2514 ex
1935 2466 2044 2511 toto
2076 2466 2251 2525 partes

679 2582 1002 2638 persequare
1026 2607 1039 2629 ,
1084 2564 1186 2617 hoc
1235 2562 1436 2616 modo:
1467 2558 1511 2613 si
1551 2557 1706 2612 dolus
1747 2554 1919 2608 malus
1964 2562 2081 2614 est,
2130 2564 2249 2604 cum

682 2662 826 2717 aliud
866 2661 1075 2730 agitur,
1107 2658 1246 2711 aliud
1282 2655 1563 2710 simulatur
1585 2693 1601 2719 ,
1633 2664 1946 2706 enumerare
1986 2646 2255 2714 licetqui-

682 2758 784 2811 bus
807 2755 977 2810 modis
1007 2753 1057 2807 id
1090 2754 1208 2815 fiat,
1241 2749 1432 2805 deinde
1460 2749 1515 2803 in
1545 2760 1729 2801 eorum
1761 2744 1995 2812 aliquem
2026 2740 2076 2794 id
2102 2737 2245 2808 quod

684 2864 876 2919 arguas
923 2846 1047 2900 dolo
1091 2845 1232 2899 malo
1282 2844 1497 2905 factum,
1546 2838 1841 2894 includere.
1891 2835 2045 2902 Quod
2090 2846 2256 2902 genus

684 2940 979 3009 argumenti
1013 2934 1268 3004 imprimis
1299 2934 1504 2985 lirmum
1536 2928 1705 2983 videri
1732 2928 1887 2981 solet.
1916 2926 1957 2980 A
1982 2923 2258 2977 notatione

687 3032 847 3086 Tullii
880 3031 1028 3084 locus
1065 3028 1109 3081 is
1149 3035 1233 3081 est
1260 3024 1349 3095 qui
1378 3020 1659 3077 Themistii
1685 3034 1715 3072 a
1747 3018 1977 3073 nominis
2004 3019 2259 3081 interpre-

688 3128 909 3181 tatione.
944 3123 989 3176 A
1018 3118 1320 3188 conjugatis
1341 3113 1640 3171 communis
1666 3120 1749 3166 est
1773 3111 1942 3173 locus,
1972 3122 2094 3162 eum
2118 3105 2258 3160 The-

690 3220 899 3274 mistius
924 3218 1061 3271 inter
1092 3213 1295 3267 medios
1327 3208 1632 3265 collocavit.
1664 3209 1709 3261 A
1732 3219 1925 3275 genere
1955 3202 2026 3256 M.
2056 3199 2261 3254 Tullius

690 3313 892 3381 posuit,
942 3326 969 3362 a
1022 3318 1134 3363 toto
1185 3305 1530 3361 Tlicmistius.
1582 3303 1627 3355 A
1676 3299 1843 3353 forma
1886 3294 2194 3359 Ciceronis,
2230 3306 2262 3345 a

693 3416 865 3474 parte,
901 3402 952 3456 id
982 3411 1100 3466 est,
1126 3400 1307 3469 specie
1334 3395 1634 3451 Themistii.
1662 3397 1705 3446 Δ
1728 3388 2084 3445 similitudine
2111 3400 2262 3439 com-

694 3497 871 3550 munis
910 3495 1120 3563 quidem
1153 3502 1264 3558 est,
1295 3491 1397 3543 nisi
1425 3489 1564 3558 quod
1596 3486 1662 3538 Μ.
1696 3484 1901 3538 ΤιιΙΙὶιιε
1929 3482 2029 3535 sub
2049 3494 2109 3534 ea
2140 3492 2266 3547 pro-

696 3587 996 3656 portionem
1037 3580 1462 3650 comprehendit.
1491 3582 1533 3631 Α
1577 3574 1873 3629 differentia
1906 3573 1974 3625 Μ.
2008 3570 2201 3631 Tullii,
2233 3584 2263 3622 a

696 3684 811 3731 toto
840 3677 892 3729 in
918 3671 1201 3728 Themistii
1233 3669 1493 3723 divisione
1512 3709 1525 3730 ,
1554 3664 1639 3719 vel
1669 3679 1695 3714 a
1731 3673 1880 3732 parte
1920 3658 2141 3727 intelligi
2170 3672 2264 3727 po-

672 3776 803 3850 ‘test
830 3785 843 3818 :
872 3780 899 3818 a
929 3773 1039 3817 toto
1067 3761 1302 3831 quidem.
1337 3758 1382 3812 si
1410 3759 1481 3811 sit
1508 3754 1843 3811 constitutiva
1870 3749 2169 3805 differentia
2200 3748 2267 3802 de

699 3876 799 3931 qua
827 3858 1054 3915 sumitur
1092 3862 1482 3926 argumentum,
1512 3865 1540 3903 a
1570 3856 1719 3918 parte
1746 3860 1873 3900 vero
1905 3844 1950 3897 si
1978 3843 2050 3897 sit
2077 3839 2267 3895 divisi-

1259 3944 1500 3999 Tulliana
1526 3938 1750 3995 divisio-

880 4064 922 4112 Α
947 4067 1065 4112 toto.

882 4125 924 4177 A
949 4125 1154 4185 partium
1182 4116 1571 4167 enumeratione.

885 4188 926 4235 A
952 4186 1218 4233 notatione.

883 4252 927 4297 Α
951 4245 1236 4305 coniugatis.

884 4315 927 4358 Α
952 4318 1158 4358 genere.

884 4376 931 4420 Α
952 4376 1121 4415 forma.

884 4433 930 4479 Α
955 4425 1294 4478 similitudine.

884 4493 930 4541 Δ
950 4489 1235 4539 dide-rentia.

889 4554 933 4602 A
955 4551 1217 4600 contrario.

891 4615 966 4663 Ab
990 4612 1243 4672 adiunctis.

890 4677 967 4726 Ab
989 4670 1414 4722 antecedentibus.

892 4738 935 4785 Α
954 4732 1383 4795 consequentibus.

894 4922 938 4970 Α
960 4915 1360 4978 repugnantibus.

895 4983 970 5031 Ab
990 4978 1329 5028 efﬁcientibus.

896 5044 972 5092 Ab
996 5041 1202 5089 effectis.

898 5105 939 5153 Α
956 5102 1312 5164 comparatione
1337 5094 1584 5167 ma§orum.

1332 5167 1589 5205 mlliOl‘lllll.

1335 5218 1516 5280 parium
1527 5248 1539 5261 .

898 5288 975 5339 Ab
998 5285 1302 5336 auctoritate.

2324 1070 2485 1124 stium
2513 1067 2581 1121 ab
2610 1064 2869 1135 Oppositis
2903 1062 3075 1115 dictus
3101 1069 3183 1113 est
3202 1098 3216 1122 ,
3250 1066 3304 1111 et
3330 1053 3664 1109 extrinsecus
3693 1049 3899 1104 consti<

2327 1169 2494 1215 tutus.
2524 1158 2606 1213 Ab
2636 1155 2899 1225 adjunctis
2922 1153 3009 1207 ille
3029 1161 3110 1205 est
3134 1152 3219 1220 qui
3244 1149 3295 1202 in
3312 1146 3587 1202 Themistii
3609 1144 3900 1211 partitione

2328 1266 2358 1304 a
2379 1248 2728 1304 communiter
2745 1243 3107 1299 accidentibus
3121 1240 3335 1302 dicitur,
3357 1238 3494 1291 inter
3510 1236 3898 1302 consequentia

2330 1341 2634 1398 substantiae
2650 1334 3056 1393 nominatus.Ab
3069 1330 3501 1387 antecedentibus
3516 1339 3903 1392 etconsequen—

2332 1432 2473 1487 tibus
2504 1431 2649 1484 locus
2676 1424 3015 1481 multifariam
3036 1422 3320 1492 spargitur.
3354 1418 3483 1472 Nam
3502 1415 3821 1471 etdiflinitio
3850 1424 3905 1467 et

2335 1521 2618 1589 descriptio
2634 1516 3013 1573 etantecedcre
3027 1529 3138 1567 rem
3158 1510 3472 1578 ctconsequi
3491 1515 3729 1577 possunt.
3749 1505 3905 1558 Item-

2337 1630 2438 1684 que
2462 1613 2689 1666 nominis
2712 1607 3108 1677 interpretatio:
3127 1606 3250 1658 item
3266 1604 3471 1670 species
3491 1601 3755 1655 antecedit
3770 1640 3786 1665 ,
3816 1615 3907 1667 ge-

2341 1722 2437 1760 nus
2454 1703 2815 1772 consequitur.
2831 1701 2998 1755 Causa
3014 1700 3172 1753 etiam
3190 1696 3429 1751 efﬁciens
3455 1691 3721 1747 antecedit
3745 1702 3798 1747 et
3824 1707 3908 1746 se-

2343 1798 2520 1867 quitur
2536 1795 2788 1858 effectus;
2810 1793 3085 1846 materiam
3101 1804 3225 1842 vero
3242 1787 3481 1855 sequitur
3493 1783 3734 1838 effectus.
3758 1781 3910 1837 Com-

2342 1889 2570 1942 muniter
2583 1882 2871 1939 accidentia
2887 1896 3095 1950 quoque
3108 1881 3148 1933 si
3169 1879 3411 1944 insepara
3421 1876 3540 1929 bilia
3554 1877 3913 1937 sint,necesse

2345 1988 2427 2033 est
2456 1989 2510 2030 ut
2530 1984 2937 2045 consequantur.
2970 1971 3261 2040 Conjugata
3288 1971 3445 2022 etiam
3468 1981 3593 2021 sese
3608 1966 3914 2020 velantece-

2347 2069 2581 2133 dunt,vel
2594 2064 3192 2135 consequuntur,itaque
3207 2061 3288 2113 hic
3305 2059 3456 2113 locus
3475 2057 3714 2127 pluribus
3727 2060 3915 2110 mistus

2350 2170 2508 2225 est,et
2530 2175 2632 2213 non
2651 2169 2755 2210 tam
2775 2158 2930 2211 rebus
2943 2155 3008 2208 ab
3022 2154 3137 2206 aliis
3158 2152 3407 2205 omnibus
3420 2165 3579 2219 quam
3601 2148 3917 2202 tractatione

2352 2253 2611 2305 diversus.
2667 2248 2783 2318 Ipsa
2832 2244 3253 2315 enimgconditio
3294 2241 3694 2310 consequentia:
3740 2240 3919 2292 locum

2276 2351 2325 2410 Β
2352 2344 2514 2395 alium
2541 2341 2684 2406 facit,
2714 2354 2834 2393 cum
2874 2339 2987 2407 ipsa
3018 2335 3251 2389 conditio
3275 2332 3673 2401 consequentia:
3700 2374 3715 2396 ,
3750 2331 3831 2382 vel
3863 2329 3920 2381 in

2352 2433 2689 2497 dilfinitione,
2723 2432 2802 2484 vel
2836 2431 2886 2482 in
2912 2426 3290 2497 descriptione,
3322 2425 3403 2479 vel
3435 2427 3487 2477 in
3518 2424 3716 2487 forma,
3748 2424 3828 2475 vel
3857 2422 3918 2475 in

2351 2541 2531 2589 causa,
2582 2524 2664 2577 vel
2709 2539 2760 2576 tu
2801 2521 3010 2575 czrteris
3059 2518 3232 2588 posita
3277 2518 3364 2571 sit.
3394 2513 3751 2584 Repugnantia
3786 2528 3920 2565 vero

2352 2619 2609 2688 oppositis
2638 2624 3016 2685 aggregantur,
3049 2612 3334 2666 efficientia
3363 2609 3533 2663 causis
3558 2600 3924 2665 efficientibus

2352 2714 2435 2768 vel
2488 2711 2726 2766 materia:
2765 2708 2951 2763 elTecta
2983 2705 3058 2759 illi
3105 2714 3230 2759 sunt
3268 2702 3560 2757 Consimilia
3601 2699 3721 2753 ioco
3760 2713 3924 2766 quem

2356 2803 2679 2860 Tliemistius
2704 2800 2876 2869 posuit
2894 2814 2922 2851 a
2948 2798 3080 2859 fine;
3107 2812 3227 2849 nam
3250 2808 3525 2849 causarum
3550 2789 3773 2845 effectus
3800 2791 3921 2842 linis

2356 2909 2455 2950 εει.
2488 2896 2530 2947 Α
2557 2893 2952 2960 comparatione
2983 2887 3199 2957 majoris
3220 2886 3303 2938 vel
3342 2884 3567 2938 minoris
3611 2882 3749 2936 idem
3779 2883 3926 2936 locus

2357 2994 2440 3041 est
2464 2988 2550 3055 qui
2579 2984 2718 3053 apud
2745 2981 3094 3035 'i'bcmistium
3119 2979 3256 3032 inter
3284 2977 3616 3031 extrinsecus
3653 2976 3800 3028 locos
3832 2988 3928 3041 po-

2359 3081 2504 3134 nitur
2538 3094 2565 3131 a
2608 3076 2807 3145 majore
2836 3085 2887 3127 ‹-ι
2917 3074 3145 3126 minore.
3187 3071 3232 3126 A
3262 3071 3660 3139 comparatione
3697 3068 3927 3137 partium

2360 3174 2498 3227 inter
2525 3184 2618 3225 eos
2647 3169 2735 3239 qui
2780 3183 2807 3219 a
2850 3165 3010 3220 simili
3048 3164 3316 3218 ducuntur
3356 3177 3478 3216 esse
3516 3160 3779 3229 putandus
3822 3168 3929 3213 est.

2362 3264 2568 3318 Dictum
2597 3269 2678 3315 est
2707 3258 2848 3313 enim
2876 3258 2927 3310 in
2951 3256 3242 3325 quantitate
3267 3251 3673 3307 similitudinem
3700 3265 3817 3305 esse
3845 3262 3929 3317 pa-

2363 3358 2593 3412 ritatem.
2648 3355 2831 3407 Restat
2880 3352 3026 3405 locus
3081 3352 3320 3417 utrisque
3367 3345 3701 3410 communis,
3735 3345 3930 3411 quiest

2365 3448 2695 3503 extrinsecus
2736 3443 3027 3498 cullocatus
3051 3481 3065 3505 ,
3097 3454 3253 3509 quem
3301 3437 3522 3501 Cicero,
3555 3437 3690 3490 sicut
3718 3435 3930 3488 Themi-

2367 3542 2520 3605 stius,
2553 3555 2580 3592 a
2610 3536 2907 3607 reijudicio
2936 3549 3055 3587 esse
3089 3530 3386 3601 pr0posuit.
3425 3528 3489 3582 Et
3530 3529 3593 3581 Μ.
3629 3526 3785 3580 Tullii
3811 3526 3930 3593 qui—

2366 3632 2490 3687 dem
2532 3632 2719 3686 divisio
2764 3628 3093 3695 superiorem
3127 3620 3408 3678 Themistii
3455 3620 3791 3690 partitiOnem
3840 3616 3933 3670 tali

2296 3710 2341 3772 C
2372 3723 2531 3777 modo
2571 3721 2800 3791 potuerit
2828 3717 3126 3781 includere,
3154 3712 3293 3784 quod
3324 3710 3449 3767 licet
3477 3712 3529 3765 in
3570 3708 3801 3777 subjecta
3834 3706 3935 3759 de-

2367 3814 2653 3885 scriptione
2682 3812 2988 3883 prospicere
3017 3825 3034 3861 ε

2850 3919 3128 3976 Themistii
3158 3916 3369 3973 divisio.

2554 4035 2596 4085 Δ
2618 4033 2904 4082 substantia.

2556 4100 2595 4147 Δ
2615 4097 2871 4144 divisione.

2555 4160 2599 4208 A
2622 4158 2828 4205 nominis
2857 4154 3284 4213 interpretatione.

2552 4222 2595 4270 Α
2618 4216 2902 4278 conjugatis.

2555 4282 2597 4331 Α
2617 4276 2808 4339 genere
2825 4276 2903 4325 vel
2928 4288 2952 4322 a
2980 4281 3099 4323 toto.

2560 4344 2600 4390 A
2628 4348 2763 4401 parte
2784 4339 2859 4389 vel
2882 4339 3063 4399 specie.

2558 4404 2600 4451 Α
2623 4402 2783 4450 simili.

2555 4466 2595 4513 A
2617 4470 2718 4511 toto
2736 4461 2813 4509 vel
2838 4474 2864 4509 a
2883 4465 3042 4522 parte.

2554 4526 2631 4574 Ab
2652 4526 2900 4585 oppositis.

2560 4587 2603 4633 A
2626 4581 2943 4634 coiiimuniter
2960 4581 3307 4630 accidentibus.

2559 4647 2602 4695 A
2624 4646 2905 4694 diiﬁnitione
2927 4647 3003 4693 vel
3028 4643 3373 4702 descriptione,
3401 4639 3477 4689 vel
3512 4641 3763 4702 interpre-

2623 4709 2826 4761 tatione,
2853 4705 2932 4755 vel
2953 4706 3143 4765 specie,
3174 4699 3250 4751 vel
3296 4714 3456 4765 causa,
3491 4699 3569 4748 vel
3606 4705 3761 4765 mate-

2623 4782 2715 4840 ria,
2742 4760 2823 4840 vel
2846 4760 3167 4818 communiter
3182 4764 3528 4823 accidentibus,
3551 4760 3629 4810 vel
3648 4772 3763 4809 con-

2618 4840 2819 4891 Jugatts.

2565 4892 2640 4941 Ab
2663 4891 2904 4952 Oppositis.

2568 4955 2609 5003 Α
2630 4956 2803 5001 causis.

2562 5016 2602 5062 Δ
2622 5015 2735 5061 tine.

2561 5075 2604 5122 Α
2623 5076 2819 5135 majore.

2562 5138 2604 5184 A
2628 5138 2833 5183 minore.

2564 5200 2607 5245 Α
2632 5198 2881 5244 similibus.

2565 5258 2606 5307 Δ
2631 5259 2702 5306 rei
2721 5258 2899 5317 judicio

787 5333 972 5433 Omnis
1000 5333 1214 5441 quidem
1237 5366 1309 5418 Μ.
1347 5359 1507 5416 Tullii
1537 5356 1750 5428 partitio
1776 5354 2014 5409 iocorum
2048 5352 2099 5405 in
2130 5349 2278 5405 The-
2311 5352 2363 5411 D
2387 5341 2643 5398 Tullianae
2656 5338 2953 5408 partitionis
2969 5336 3209 5391 ordinem
3222 5335 3500 5399 referatur,
3527 5333 3663 5389 facili
3692 5346 3948 5397 compen-

719 5467 885 5527 mistii
917 5440 1179 5521 divisione
1212 5452 1504 5524 superioris
1548 5446 1918 5514 descriptionis
1949 5443 2175 5498 formula
2198 5440 2276 5493 vi-

721 5564 875 5617 detur
901 5556 1173 5613 conclusa.
1218 5549 1367 5603 Nunc
1408 5542 1684 5600 Themistii
1715 5538 1905 5594 divisio
1930 5536 1996 5590 ad
2019 5535 2086 5589 Μ.
2116 5532 2277 5587 Tullii

722 5650 1042 5705 divisionem
1073 5638 1373 5698 reducenda
1402 5644 1503 5691 est.
1527 5633 1691 5703 Cujus
1717 5630 1929 5700 quidem
1958 5625 2121 5680 multa
2152 5636 2275 5691 pars

722 5738 995 5794 Ciceronis
1012 5731 1281 5793 convenit,
1305 5730 1442 5783 sicut
1462 5727 1603 5796 prior
1620 5725 1779 5779 etiam
1796 5718 2083 5789 descriptio
2097 5716 2276 5770 docet.

725 5829 874 5894 Quod
903 5841 1027 5882 vero
1066 5839 1129 5878 ex
1164 5818 1442 5876 Themistii
1484 5824 1725 5885 superest
1754 5812 2029 5887 divisione,
2063 5809 2114 5865 id
2139 5808 2181 5864 si
2212 5807 2277 5863 ad

2381 5436 2471 5490 dio
2484 5429 2929 5503 quemadmodum
2944 5430 3007 5483 ad
3022 5444 3078 5482 se
3108 5430 3329 5483 invicem
3356 5428 3667 5498 partitiones
3690 5425 3950 5479 reducan-

2388 5535 2474 5580 tur
2501 5522 2818 5579 ostenditur.
2849 5521 2975 5574 Nam
3003 5520 3267 5574 continuae
3299 5520 3369 5573 Μ.
3414 5518 3572 5572 Tullii
3600 5516 3853 5571 divisioni
3883 5529 3951 5567 ex

2386 5614 2664 5672 Themistii
2690 5613 2820 5667 locis
2843 5613 2893 5666 in
2916 5613 3193 5681 superiore
3210 5610 3567 5678 descriptione
3589 5614 3953 5663 convenerant

2388 5710 2442 5765 hi
2478 5728 2490 5762 :
2515 5705 2788 5763 Ciceronis
2815 5704 3027 5774 quidem
3053 5719 3081 5756 a
3109 5711 3241 5765 toto,
3276 5701 3551 5755 Themistii
3580 5714 3609 5753 a
3635 5698 3958 5754 substantia.

2389 5804 2433 5858 Α
2453 5800 2681 5872 partium
2709 5797 3107 5852 enumeratione
3134 5793 3409 5849 Ciceronis
3427 5834 3441 5860 ,
3472 5808 3500 5846 a
3531 5792 3787 5846 divisione
3814 5790 3957 5845 Th9
