4274 6272
351 353 489 445 ιξοὲ

1372 382 1455 435 DE
1495 374 1969 432 DIFFERENTIIS
2009 368 2291 426 TOPiClS.
2334 368 2462 422 LIB.
2502 367 2589 421 IV.

3454 366 3583 420 1206

352 501 535 555 mistii.
578 500 622 552 A
646 480 913 551 notatione
938 493 1214 551 Ciceronis
1234 532 1249 559 ,
1278 507 1307 544 a
1339 488 1569 544 nominis
1596 489 1916 555 interpreta-
1944 488 1992 546 Α
2020 482 2241 536 ReStant
2261 490 2436 533 autem
2468 494 2531 532 ex
2577 477 2853 533 Tlieinistii
2881 478 3009 532 locis
3037 477 3121 543 hi,
3150 478 3232 533 'ab
3262 478 3442 534 usibus
3463 520 3477 545 ,
3522 491 3590 535 at)

353 603 498 645 tione
515 588 816 643 Themisti.
841 591 882 640 A
909 584 1201 654 coniugatis
1223 591 1567 647 utrorumque
1597 576 1915 632 communis.

353 685 397 737 Α
435 696 631 751 genere
660 680 965 742 Ciceronis,
996 693 1025 730 a
1059 685 1168 728 toto
1211 672 1511 727 'fbemistii.
1544 670 1589 723 A
1620 668 1786 723 forma
1825 666 1917 720 Ci-

353 775 594 835 ceronis,
634 786 663 824 e
698 783 880 839 parte,
912 768 965 821 id
994 778 1077 821 est
1104 764 1283 833 specie
1318 760 1615 815 Themistii.
1650 762 1691 813 Α
1732 758 1921 812 simili-

358 864 541 916 tudine
564 862 883 915 communis.
909 861 949 911 Α
975 854 1272 911 differentia
1306 851 1579 907 Ciceronis
1596 891 1610 915 ,
1634 865 1665 903 a
1698 858 1807 904 toto
1836 850 1920 902 vel

354 970 382 1005 a
415 963 562 1020 parte
590 950 891 1006 Themistii.
922 949 967 1002 A
996 947 1265 1002 contrario
1286 943 1583 1006 Ciceronis,
1614 941 1753 995 idem
1784 939 1920 1009 apud

357 1046 716 1100 Themistinm
761 1044 829 1095 ab
853 1041 1131 1110 oppositis.
1166 1039 1248 1092 Ab
1300 1036 1565 1106 adjunctis
1611 1034 1881 1087 Ciceronis
1906 1073 1919 1095 ,

355 1136 600 1189 eumdem
645 1149 675 1186 a
703 1133 1060 1186 communiter
1081 1127 1445 1183 accidentibus
1469 1123 1795 1179 Theniistius
1825 1136 1921 1189 po-

356 1224 483 1275 suit.
526 1224 608 1277 Ab
657 1220 1094 1276 antecedentibus
1140 1227 1194 1270 et
1241 1213 1727 1284 consequentibus,
1774 1211 1922 1266 mixti

356 1326 476 1364 cum
518 1312 781 1380 pluribus.
813 1313 860 1367 Α
899 1308 1319 1379 repugnantibus
1365 1304 1677 1368 Ciceronis,
1718 1303 1856 1359 idem
1892 1316 1921 1354 a

355 1402 651 1455 'fliemistio
705 1402 771 1455 ab
824 1401 1085 1468 oppositis
1142 1399 1357 1452 dicitur.
1426 1397 1509 1450 Ab
1571 1393 1925 1449 efficientibus

356 1491 667 1554 Ciceronis,
708 1506 735 1542 a
762 1493 940 1544 causis
972 1488 1274 1543 Themistii.
1323 1486 1402 1541 Ab
1426 1486 1628 1540 effectis
1653 1483 1845 1546 Tullii,
1896 1496 1925 1533 a

360 1586 463 1637 line
495 1582 793 1637 Themistii.
833 1584 876 1635 A
907 1581 1303 1649 comparatione
1343 1578 1556 1646 majoris
1600 1590 1663 1629 ac
1703 1574 1925 1628 minoris

358 1675 430 1727 Μ.
461 1673 655 1737 Tullii,
682 1674 823 1726 idem
847 1680 971 1726 sunt
997 1687 1025 1723 a
1056 1672 1257 1739 majore
1282 1686 1341 1721 ac
1386 1668 1591 1721 minore
1621 1664 1921 1719 Themistii.

359 1766 404 1816 Α
456 1763 853 1831 comparatione
886 1764 1112 1829 partium
1137 1761 1425 1824 Ciceronis,
1452 1774 1480 1811 a
1501 1756 1764 1811 snnilibus
1786 1755 1927 1808 The-

359 1856 543 1909 mistii.
572 1856 700 1909 Cum
752 1857 911 1925 igitur
938 1856 1008 1909 lli.
1056 1855 1212 1908 Tullii
1243 1856 1395 1923 plena
1434 1853 1624 1907 divisio
1660 1852 1923 1919 aliquibus
1958 1880 2000 1938 Β

360 1946 615 1999 membris
658 1945 1031 2000 Tlirmistianm
1071 1946 1347 2000 divisionis
1379 1955 1619 2013 aptetur,
1666 1942 1779 1997 fieri
1820 1957 1926 1995 non

362 2049 539 2108 potest
570 2050 626 2093 ut
653 2057 756 2095 non
779 2042 1015 2096 membra
1043 2041 1417 2096 Themistianae
1443 2038 1719 2093 divisionis
1749 2037 1922 2090 statim

360 2129 427 2181 ad
473 2129 727 2183 Tullianae
766 2132 1131 2184 convenientia
1177 2130 1516 2184 reducantur.
1568 2128 1825 2192 QuocirCa
1868 2127 1913 2178 si

361 2220 485 2288 quid
535 2220 794 2287 reliquum
828 2231 909 2274 cst
954 2223 1007 2274 iu
1041 2219 1316 2274 Themistii
1347 2219 1606 2271 divisione
1648 2216 1788 2286 quod
1828 2232 1917 2268 su-

363 2312 556 2378 periori
610 2312 849 2365 formulae
908 2332 1008 2366 non
1065 2312 1305 2366 videatur
1362 2311 1696 2379 ascriptum,
1754 2310 1921 2377 plenas

360 2400 430 2452 Μ.
463 2400 620 2453 Tullii
672 2403 916 2455 divisioni
949 2404 1238 2471 poterimus
1273 2409 1477 2469 aptare.
1518 2400 1742 2453 lnvicem
1785 2400 1925 2452 enim

359 2491 644 2545 divisiones
702 2496 905 2546 alterna
962 2494 1386 2562 reciprocatione
1431 2491 1728 2558 conjunctis
1776 2501 1921 2544 sunt.

643 2583 939 2639 Themistii.

483 2704 559 2751 Ab
581 2706 764 2751 usibus.

485 2920 523 2963 Α
548 2919 933 2977 Corruptionibus

486 2980 528 3024 A
552 2983 882 3040 proportione.

1526 3040 1574 3087 Si
1601 3039 1661 3087 sit
1686 3039 1745 3086 ad
1767 3040 1934 3102 majus.

486 3100 528 3148 Δ
552 3106 949 3163 ιωιιςυιιιριᾲοιιθ.
1488 3100 1505 3163 ί
1528 3105 1575 3149 Si
1599 3104 1664 3149 sit
1686 3102 1744 3148 ad
1769 3100 1942 3151 minus.

1530 3165 1580 3211 Si
1603 3165 1665 3212 sit
1687 3163 1745 3210 ad
1772 3177 1872 3224 par.

364 3244 443 3296 Ac
489 3242 556 3297 de
603 3242 894 3299 dialecticis
922 3245 1134 3315 quidem
1187 3244 1352 3314 locis,
1389 3255 1644 3315 quantum
1674 3248 1932 3315 pmpOsiti

364 3334 544 3401 operis
596 3335 732 3388 ratio
788 3336 1018 3403 postulat
1068 3335 1438 3403 explicuimus.
1494 3335 1644 3390 Nunc
1688 3351 1814 3390 vero
1865 3337 1932 3392 de

364 3426 644 3479 rhetoricis
693 3426 978 3479 dicendum
1030 3428 1240 3481 videtur
1278 3428 1406 3497 quid
1452 3428 1598 3491 sint,
1632 3429 1714 3481 vel
1743 3429 1867 3496 quid
1898 3444 1927 3480 a

1486 2683 1497 2734 ι
1521 2673 1570 2719 Si
1593 2672 1693 2730 ipse
1720 2684 1834 2719 usus
1856 2672 2031 2734 aliquid
2057 2674 2219 2723 efﬁcit.

1446 2778 1450 2787 ,
1486 2723 1570 2807 is;
1597 2723 1703 2807 ipse
1731 2723 2096 2807 ususlelli‘cilur...

483 2824 558 2872 Ab
581 2825 849 2875 effectibus.
1486 2794 1573 2915 Ξ
1593 2794 1801 2904 ἓῖξξὲξιέξ
1818 2793 2178 2906 ἒίῶιςιέἰῗηιῗηίςίι.

2023 571 2338 635 effectibus,
2388 577 2442 622 et
2495 567 2956 637 corruptionibus,
3006 577 3061 623 et
3110 570 3487 638 proportione,
3538 580 3577 623 e'

2023 663 2467 731 transumptione.
2499 662 2735 729 Quorum
2787 664 2999 730 quidem
3039 662 3106 716 ab
3153 662 3357 730 usibus,
3390 663 3433 716 si
3467 677 3581 715 usu:

2024 755 2247 821 alicujus
2297 753 2375 807 rei
2424 767 2634 820 semper
2665 752 2884 806 effector
2912 761 3023 817 est,
3072 753 3120 805 ei
3158 752 3274 805 loco
3316 750 3589 806 Ciceronis

2030 844 2291 912 aptandus
2330 852 2410 899 est
2450 844 2535 909 qui
2560 842 2627 895 ab
2656 842 3011 895 efficientibus
3044 851 3397 911 nuncupatur.
3440 840 3591 909 Quod

2024 936 2068 989 si
2094 936 2207 1006 ipse
2232 950 2356 991 usus
2381 934 2629 997 efficitur,
2655 935 2702 987 ei
2728 934 2847 986 loco
2872 933 3144 987 Ciceronis
3164 933 3495 989 adhibendus
3512 943 3594 988 est

2024 1026 2115 1095 qui
2143 1026 2209 1080 ab
2236 1026 2435 1081 effectis
2466 1034 2703 1078 vocatur.
2737 1023 2818 1078 Ab
2847 1022 3124 1076 effectibus
3144 1038 3295 1087 vero,
3327 1023 3589 1092 siquidem

2026 1118 2190 1172 efficit
2214 1118 2408 1184 aliquid
2440 1116 2682 1183 effectus,
2712 1116 2779 1169 ab
2808 1113 3162 1169 efficientibus
3185 1115 3361 1168 causis
3391 1125 3505 1181 est;
3548 1117 3593 1169 si

2025 1222 2155 1262 vero
2213 1210 2327 1275 ipse
2376 1206 2597 1263 effectus
2655 1206 2868 1274 plenum
2929 1204 3125 1274 aliquid
3180 1206 3591 1274 conifectumque

2026 1297 2395 1365 demonstrat,
2444 1297 2489 1351 is
2537 1297 2684 1350 locus
2729 1305 2810 1350 est
2853 1310 3008 1363 quem
3050 1295 3117 1349 ab
3145 1296 3348 1349 effectis
3388 1296 3596 1349 Tullius

2028 1388 2178 1442 dixit.
2238 1389 2283 1444 A
2331 1387 2760 1456 corruptionibus
2808 1400 2934 1439 vero
2981 1385 3049 1438 ab
3091 1386 3446 1440 efficientibus
3486 1389 3591 1440 dici

2029 1484 2224 1545 p0test.
2252 1475 2379 1529 Nam
2404 1492 2523 1530 cum
2549 1475 2720 1529 omnis
2747 1477 3020 1544 generatio
3048 1478 3243 1529 efficiat
3269 1478 3462 1545 aliquid
3484 1518 3497 1542 ,
3541 1478 3595 1531 id

2029 1575 2112 1621 est
2132 1567 2481 1622 substantiam
2505 1567 2717 1630 founet,
2746 1567 3016 1636 corruptio
3040 1582 3220 1621 rursus
3247 1569 3355 1635 ipSu
3380 1585 3594 1637 quoque

2030 1658 2480 1725 efﬁcit'quiddam
2504 1702 2516 1726 ,
2567 1659 2617 1712 id
2643 1669 2723 1711 est
2746 1658 3079 1710 substantiali
3108 1657 3273 1712 forma
3303 1662 3497 1727 spoliat
3532 1676 3595 1712 ac

2032 1751 2235 1818 privat,
2282 1749 2425 1803 velut
2457 1764 2598 1802 mors
2643 1748 2771 1801 facit
2812 1750 3052 1815 corporis
3090 1751 3516 1803 dissolutionem.
3550 1755 3594 1804 Α

2036 1839 2379 1908 proportione
2402 1853 2528 1892 vero
2553 1837 2692 1891 idem
2721 1846 2834 1903 est,
2860 1853 3015 1905 quem
3044 1838 3243 1891 Tullius
3269 1854 3297 1890 a
3324 1839 3587 1892 similibus

2033 1931 2188 1993 dixit,
2221 1945 2339 1984 nam
2369 1931 2653 1983 multorum
2680 1930 2730 1981 in
2762 1931 2944 1982 multis
2994 1929 3284 1983 similitudo
3318 1923 3593 1999 proportio

2034 2032 2136 2076 est.
2171 2020 2548 2091 Transumptio
2576 2036 2703 2073 vero
2738 2021 3002 2090 siquidem
3026 2021 3088 2074 ad
3116 2020 3309 2088 majora
3330 2022 3418 2084 sit,
3448 2022 3597 2076 locus

2032 2129 2062 2165 a
2094 2112 2352 2180 majorum
2395 2112 2791 2181 comparatione
2827 2123 2937 2176 eSt;
2976 2112 3056 2164 sin
3095 2126 3218 2164 vero
3257 2111 3321 2164 ad
3354 2114 3557 2165 minora
3580 2154 3595 2177 ,

2033 2204 2180 2254 locus
2210 2210 2291 2254 est
2311 2216 2339 2253 a
2363 2202 2630 2255 minorum
2655 2202 3079 2268 comparatione;
3107 2202 3244 2268 quod
3271 2201 3312 2253 si
3337 2203 3399 2253 ad
3429 2203 3595 2270 paria,

2031 2295 2179 2347 locus
2207 2304 2288 2348 est
2332 2309 2361 2346 a
2396 2294 2597 2362 parium
2625 2296 3040 2359 comparatione.
3082 2292 3254 2365 Atque
3294 2295 3345 2346 in
3373 2294 3453 2348 his
3482 2310 3597 2349 om-

2032 2388 2187 2438 nibus
2234 2385 2579 2450 reducendis,
2613 2385 2714 2438 tale
2750 2389 2879 2439 satis
2906 2394 2989 2439 est
3014 2385 3383 2455 descriptionis
3412 2404 3596 2444 exem-

2031 2476 2195 2543 plum.

2570 2585 2853 2641 Ciceronis.

2579 2676 2653 2722 Ab
2679 2675 3015 2723 efﬁcientibus.

2582 2739 2656 2783 Ab
2676 2735 2877 2784 effectis.

2582 2799 2659 2846 Ab
2681 2799 3019 2850 etlicxeutibus.

2584 2860 2659 2906 Ab
2684 2858 2890 2907 effectis.

2585 2922 2661 2968 Ab
2684 2922 3019 2969 efficientibus.

2585 2983 2626 3028 A
2644 2982 2894 3031 similibus.

2585 3045 2629 3107 at
2646 3046 3000 3107 comparatione
3025 3046 3269 3107 majorum.

2590 3104 2847 3152 Miuorum.

2590 3164 2807 3213 Parium.

2045 3246 2341 3306 dialecticis
2387 3248 2693 3317 discrepare
2744 3248 3055 3315 videantur,
3095 3250 3160 3304 ad
3202 3251 3351 3321 cujus
3392 3256 3607 3323 plenam

2038 3339 2449 3408 disputationem
2508 3343 2771 3411 integrum
2814 3343 2991 3410 quarti
3038 3343 3320 3400 voluminis
3377 3350 3605 3415 spatium

2037 3445 2303 3486 reservem
2313 3447 2392 3487 US.

361 3562 3602 3592 ..______.________________.____________________________________

1483 3662 1827 3746 LIBER
1884 3665 2478 3769 QUARTUS.

1860 3806 2122 3821 ——-‘

438 3880 496 3934 Si
538 3880 658 3948 quis
698 3880 875 3948 operis
905 3880 1113 3931 titulum
1141 3877 1367 3946 diligens
1405 3880 1736 3935 examinator
1765 3882 1932 3950 inspi—
1961 3892 2006 3952 α
2040 3885 2308 3953 pmhesim
2338 3885 2529 3952 trahit,
2559 3894 2615 3939 et
2647 3896 2871 3955 utraque
2910 3902 3057 3943 suam
3091 3889 3304 3957 quidem
3335 3892 3607 3945 materiam

368 3970 497 4034 ciat,
527 3984 648 4023 cum
678 3971 746 4024 de
775 3970 987 4037 Topicis
1013 3969 1329 4024 differentiis
1355 3971 1762 4027 conscribamus
1782 4013 1798 4039 ,
1826 3989 1945 4028 non

366 4060 419 4114 id
445 4075 473 4114 a
504 4062 659 4115 nobis
710 4070 911 4115 tantum
956 4070 1275 4129 exspectare
1317 4062 1566 4128 debebit,
1599 4074 1656 4118 ut
1698 4065 1937 4121 locorum

363 4152 503 4205 inter
526 4166 586 4206 se
608 4151 1006 4207 dialecticorum
1024 4193 1038 4214 ,
1065 4152 1150 4205 vel
1177 4152 1336 4207 etiam
1370 4156 1757 4209 rhetoricorum
1785 4157 1937 4210 diffe-

364 4246 567 4299 rentias
606 4248 829 4314 demus,
863 4263 1048 4302 verum
1078 4247 1132 4301 id
1156 4247 1324 4303 multo
1345 4252 1513 4317 magis
1544 4261 1600 4305 ut
1629 4252 1942 4309 dialecticos

363 4338 513 4393 locos
543 4352 572 4391 a
604 4340 889 4395 rhetoricis
939 4355 1313 4410 segregemus,
1358 4343 1500 4409 quod
1546 4358 1641 4397 nos
1671 4344 1941 4400 efﬁcacius

367 4431 586 4497 aggredi
613 4446 770 4498 posse
792 4434 1134 4501 arbitramur,
1167 4435 1210 4489 si
1241 4434 1308 4488 ab
1336 4434 1449 4503 ipsa
1496 4435 1801 4489 facultatum
1843 4450 1940 4489 na-

371 4530 488 4572 tura
510 4562 525 4583 ,
560 4521 862 4589 disputandi
894 4536 1167 4578 sumamus
1196 4525 1491 4578 exordium.
1539 4528 1770 4580 Ostensa
1799 4527 1939 4579 enim

370 4611 667 4666 dialectice
682 4628 745 4667 ac
757 4614 1037 4669 rhetoricae
1049 4616 1394 4671 similitudine
1404 4632 1467 4673 ac
1487 4617 1939 4684 dissimilitudine,

369 4700 439 4754 ab
464 4700 698 4769 ipsarum
720 4702 1029 4759 facultatum
1056 4720 1280 4761 necesse
1308 4718 1391 4760 est
1436 4706 1621 4761 formis
1665 4709 1823 4760 etiam
1867 4709 1943 4762 lo-

368 4805 554 4845 corum
586 4792 681 4861 qui
718 4793 921 4849 eisdem
945 4796 1285 4851 facultatibus
1310 4796 1616 4851 deserviunt
1646 4798 1943 4851 communi-

369 4892 504 4938 tates
538 4884 1031 4957 discrepantiasque
1075 4890 1351 4944 ducamus.
1394 4889 1678 4943 Dialectica
1719 4888 1942 4944 facultas

374 4975 535 5041 igitur
557 4977 748 5031 thesim
774 4987 975 5033 tantum
1002 4981 1325 5035 considerat.
1349 4980 1539 5035 Thesis
1560 4995 1687 5035 vero
1712 4991 1794 5037 est
1825 4982 1943 5039 sine

368 5066 786 5121 circumstantiis
814 5071 1064 5137 qumstio.
1102 5070 1390 5126 Rhetorica
1422 5087 1553 5126 vero
1585 5071 1653 5127 de
1683 5073 1945 5142 hypothe-

368 5156 539 5221 sibus,
572 5156 623 5210 id
652 5168 735 5211 est
760 5157 827 5211 de
857 5161 1239 5226 qumstionibus
1252 5160 1770 5216 circumstantiarum
1802 5163 1944 5216 mul—

2044 3984 2257 4041 tractat,
2282 3974 2376 4031 sed
2408 3976 2628 4029 alterius
2653 3976 2900 4043 assumit,
2932 3989 2990 4031 ut
3019 3980 3269 4047 proniore
3294 3980 3345 4033 in
3377 3995 3470 4034 sua
3498 3998 3612 4035 ina-

2046 4065 2177 4117 teria
2228 4064 2477 4118 facultate
2508 4065 2728 4118 nitatur.
2762 4064 2965 4120 Rursus
2992 4066 3265 4122 dialectica
3319 4070 3611 4138 interroga-

2044 4155 2189 4209 tione
2231 4170 2293 4209 ac
2324 4157 2671 4222 responsione
2702 4157 2987 4211 constricta
3019 4166 3123 4213 est.
3155 4156 3435 4212 Rhetorica
3484 4173 3612 4212 vero

2042 4262 2157 4301 rem
2208 4246 2531 4315 propositam
2586 4256 2840 4317 perpetua
2889 4247 3131 4301 oratione
3175 4247 3428 4301 decurrit.
3482 4249 3611 4302 item

2042 4337 2322 4392 dialectica
2351 4336 2599 4403 perfectis
2630 4338 2792 4391 utitur
2818 4337 3163 4408 syllogismis.
3203 4338 3490 4392 Rhetorica
3520 4354 3614 4391 en-

2045 4429 2429 4498 tbymematum
2460 4428 2721 4485 brevitate
2741 4437 2988 4483 contenta
3028 4438 3128 4484 est.
3155 4429 3288 4484 Illud
3321 4431 3481 4485 etiam
3513 4430 3613 4483 dif-

2043 4520 2322 4575 ferentiam
2373 4520 2533 4585 facit,
2586 4521 2725 4589 quod
2777 4523 2962 4575 rhetor
3013 4521 3173 4576 habet
3212 4522 3373 4579 alium
3422 4531 3613 4590 praeter

2045 4613 2409 4667 adversarium
2454 4613 2689 4683 judicem
2709 4654 2724 4679 ,
2762 4615 2852 4683 qui
2884 4614 3023 4668 inter
3051 4625 3304 4685 utrosque
3333 4615 3613 4684 disceptet.

2045 4704 2337 4758 Dialectico
2370 4719 2497 4758 vero
2526 4705 2616 4759 ille
2649 4706 2751 4760 fert
2780 4707 3120 4771 sententiam,
3154 4707 3241 4776 qui
3272 4707 3614 4762 adversarius

2047 4803 2150 4850 est.
2199 4796 2280 4847 Ab
2309 4794 2616 4849 adversario
2658 4796 2797 4851 enim
2838 4798 3115 4863 responsio
3148 4797 3324 4855 veluti
3368 4798 3610 4869 quaedam

2048 4885 2313 4940 sententia
2362 4885 2653 4939 subtilitate
2712 4886 3142 4955 interrogationis
3195 4888 3426 4941 elicitur.
3485 4887 3613 4953 Qua:

2047 4991 2166 5030 cum
2187 4976 2255 5030 ita
2283 4976 2410 5040 sint,
2435 4975 2610 5030 omnis
2631 4991 2814 5031 earum
2842 4977 3161 5043 differentia,
3182 4978 3268 5032 vel
3292 4978 3345 5032 in
3367 4977 3616 5039 materia,

2046 5068 2129 5121 vel
2153 5068 2206 5121 in
2231 5081 2346 5131 usu,
2378 5067 2461 5120 vel
2486 5068 2539 5120 in
2564 5070 2666 5121 fine
2687 5077 2768 5123 est
2787 5071 3073 5125 constituta
3100 5086 3113 5122 :
3140 5070 3191 5124 in
3216 5072 3456 5133 materia,
3489 5070 3611 5139 quia

2048 5158 2215 5213 thesis
2267 5168 2425 5228 atque
2477 5158 2789 5231 bypothesis
2851 5162 3070 5216 materia
3120 5162 3331 5231 quidem
3379 5162 3619 5230 utrisque

371 5245 595 5300 titudine
623 5246 879 5313 inclusis,
915 5257 1106 5301 tractat
1156 5258 1210 5302 et
1236 5248 1473 5303 disserit.
1513 5250 1936 5305 Circumstantite
1973 5274 2029 5335 Β
2053 5250 2289 5318 subjecta
2346 5260 2460 5314 est;
2506 5250 2559 5305 in
2590 5252 2787 5317 ,usibus
2808 5291 2824 5317 ,
2858 5253 2995 5321 quod
3025 5253 3139 5306 haec
3168 5252 3617 5322 interrogatione,

371 5347 497 5386 vero
520 5343 653 5387 sunt
672 5336 850 5403 :quis,
880 5335 1042 5404 quid,
1070 5336 1181 5405 ubi,
1210 5337 1423 5404 quando
1442 5381 1457 5404 ,
1491 5352 1605 5403 cur,
1650 5339 1940 5408 quomodo,

368 5423 560 5491 quibus
625 5425 982 5481 adminiculis.
1034 5428 1241 5484 Rursus
1294 5428 1568 5483 dialectica
1621 5430 1839 5499 quidem
1895 5432 1985 5485 εἰσ

367 5515 580 5580 quando
596 5514 1052 5582 circumstantias,
1078 5518 1241 5571 veluti
1268 5532 1546 5586 personam
1566 5518 1830 5573 factumve
1848 5520 1946 5572 alio

371 5604 515 5671 quod
543 5607 607 5660 ad
633 5607 1049 5674 disputationem
1083 5610 1280 5674 sumit,
1310 5624 1414 5665 non
1441 5610 1817 5679 principaliter,
1849 5611 1942 5666 sed

372 5713 583 5753 onmem
615 5700 731 5767 ejus
762 5701 863 5751 vim
895 5700 961 5754 ad
998 5700 1210 5765 thesim,
1260 5700 1328 5754 de
1355 5716 1455 5769 qua
1483 5702 1700 5756 disserit
1772 5712 1947 5762 trans,-

371 5790 493 5857 fert.
545 5792 835 5849 Rhetorica
876 5807 1003 5849 vero
1044 5793 1101 5849 si.
1123 5793 1312 5850 thesim
1344 5794 1713 5865 assumpserit,
1753 5796 1816 5864 ad
1846 5796 1940 5867 hy-

2054 5342 2139 5394 illa
2179 5350 2433 5408 perpetua
2463 5343 2706 5395 oratione
2734 5341 3016 5409 disceptet,
3042 5342 3124 5395 vel
3155 5341 3290 5410 quod
3325 5342 3440 5397 hmc
3483 5342 3597 5395 inte

2052 5430 2160 5497 gris
2186 5429 2531 5500 syllogismis,
2556 5432 2645 5486 illa
2670 5446 2791 5486 vero
2813 5432 3297 5504 entbymcmatibus
3318 5434 3541 5504 gaudet;
3569 5438 3619 5487 in

2049 5521 2153 5577 ﬁne
2204 5534 2330 5574 vero
2355 5561 2369 5584 ,
2419 5521 2559 5588 quod
2590 5521 2706 5579 haec
2755 5523 3077 5591 persuadere
3117 5524 3317 5591 judici,
3353 5525 3436 5577 illa
3476 5525 3616 5593 quod

2050 5613 2164 5669 vult
2211 5611 2280 5669 ab
2306 5612 2617 5668 adversario
2648 5621 2964 5682 extorquere
3015 5625 3259 5670 conatur.
3307 5616 3506 5681 Quibus
3547 5616 3617 5671 ita

2048 5705 2383 5775 prtecognitis
2412 5704 2568 5772 paulo
2592 5703 2857 5772 posterius
2886 5713 2937 5758 et
2959 5706 3281 5775 quastiones
3321 5707 3623 5761 rhetoricas

2050 5813 2171 5867 quae
2191 5798 2241 5852 in
2276 5795 2746 5852 constitutionibus
2772 5796 2955 5866 posita:
2982 5806 3124 5865 sunt,
3149 5810 3199 5856 et
3228 5801 3430 5871 proprii
3459 5815 3621 5871 gene-
