4274 6272
670 388 809 443 tau?

1900 379 2005 433 ΑΝ.
2050 376 2253 433 ΜκΝιι.
2296 375 2448 430 SEV.
2490 375 2707 430 BOETII

3796 350 3934 433 title

669 506 744 558 ris
772 498 1200 558 enumerabimus
1239 497 1403 551 locos.
1434 495 1579 549 Nunc
1612 492 1883 563 paulisper
1918 493 2045 545 mihi
2091 490 2242 544 vide-
2273 492 2323 548 Δ
2352 488 2638 543 rhetoricae
2689 487 3071 558 providendum
3101 497 3202 541 est.
3252 486 3437 543 Partes
3467 488 3609 542 enim
3643 488 3936 546 rhetorica!

670 604 756 647 tur
787 592 855 646 de
896 600 1001 645 tota
1035 589 1320 643 admodum
1351 587 1587 641 breviter
1616 584 1869 638 facultate
1897 580 2234 637 tractandum

666 700 915 754 magnum
939 698 1072 751 opus
1095 693 1252 752 atque
1275 681 1513 735 difﬁcile.
1538 680 1741 747 Quanta
1760 678 1901 732 enim
1918 676 2132 730 sibimet
2153 690 2245 729 ars

668 775 932 830 rhetorica
956 775 1270 845 Cognaliotte
1298 772 1573 842 jungatur,
1600 785 1705 823 non
1733 770 1885 823 facile
1909 767 2241 822 considerari

670 879 881 934 potest,
940 869 1131 937 vixque
1195 876 1277 921 est
1339 866 1498 918 etiam
1553 875 1608 917 ut
1656 862 1833 916 auditu
1892 859 2242 914 animadverti

664 966 847 1026 queat,
874 959 1071 1013 nedum
1094 958 1164 1011 sit
1188 957 1341 1011 facile
1369 966 1602 1024 repertu.
1635 954 1709 1008 De
1732 954 1885 1020 cujus
1918 952 2131 1021 quidem
2162 950 2241 1005 rei

666 1050 954 1102 traditione
976 1049 1103 1102 nihil
1131 1048 1198 1102 ab
1218 1047 1455 1117 antiquis
1479 1046 1894 1114 praeceptoribus
1913 1042 2238 1111 accepimus.

668 1143 742 1196 De
773 1156 1099 1210 unoquoque
1136 1141 1277 1193 enim
1310 1138 1657 1208 praecipiunt,
1694 1136 1824 1190 nihil
1870 1135 1936 1190 de
1971 1131 2239 1188 communi

664 1236 995 1289 laborantes.
1026 1233 1193 1302 Quam
1222 1243 1423 1302 partem
1452 1232 1710 1287 doctrinae
1740 1244 1981 1293 vacuam,
2022 1238 2079 1281 ut
2109 1239 2237 1294 pos-

661 1320 871 1394 sumus,
895 1327 1282 1397 aggrediamur.
1307 1326 1560 1379 Dicemus
1578 1324 1753 1392 itaque
1770 1321 1837 1377 de
1854 1322 2065 1391 generis
2086 1321 2238 1385 artis,

661 1433 717 1474 et
739 1421 1039 1489 speciebus,
1066 1429 1119 1474 et
1143 1418 1389 1484 materia,
1419 1426 1475 1472 et
1504 1416 1764 1485 partibus,
1789 1424 1841 1470 et
1862 1410 2237 1476 instrumento,

664 1511 1109 1580 instrumentique
1138 1510 1396 1578 partibus,
1435 1524 1602 1578 opere
1632 1506 1790 1560 etiam
1824 1505 2108 1572 ofﬁcioque
2149 1519 2240 1558 ac-

633 1584 637 1589 ’
667 1603 800 1656 toris
830 1614 882 1657 et
908 1604 1031 1666 fine,
1059 1612 1179 1671 post
1210 1601 1326 1655 haec
1355 1600 1423 1655 de
1453 1598 1841 1669 quaestionibus
1886 1613 1948 1649 ac
1977 1598 2043 1651 de
2084 1596 2238 1649 locis.

663 1693 925 1762 Quocirca
958 1693 1097 1762 quod
1131 1692 1181 1745 in
1230 1690 1501 1745 communi
1545 1688 1924 1759 speculandum
1955 1698 2037 1740 est
2068 1729 2083 1753 ,
2116 1686 2243 1741 hinc

664 1784 962 1839 disserendi
1000 1797 1275 1837 sumamus
1313 1782 1612 1835 exordium.
1641 1779 1943 1835 Rhetorica:
1966 1781 2122 1849 igitur
2147 1794 2239 1847 ge-

2349 591 2474 635 sunt
2501 581 2759 651 quinque,
2790 579 3049 643 inventio,
3081 578 3387 648 dispositio,
3421 579 3675 644 elocutio,
3718 596 3934 637 memo-

2350 675 2503 737 ratio,
2554 671 2934 741 pronuntiatio.
2984 669 3373 724 Partes‘autem
3405 680 3663 725 vocantur
3695 671 3931 736 idcirco,

2347 766 2468 832 quia
2496 767 2538 819 si
2569 765 2768 835 aliquid
2794 765 2979 817 harum
3011 763 3242 817 defuerit
3265 764 3824 833 oratori,~imperfecta
3855 766 3936 819 fa-

2347 859 2514 911 cultas
2544 868 2656 917 est;
2688 869 2847 926 atque
2876 857 2994 911 ideo
3019 872 3137 927 qua:
3166 857 3464 911 universam
3490 857 3719 911 formant
3744 869 3935 914 orato-

2347 953 2478 1004 riam
2523 950 2848 1013 facultatem,
2882 966 2943 1005 ea
2986 963 3164 1018 partes
3193 949 3458 1004 facultatis
3487 949 3603 1018 ejus
3628 949 3810 1005 dicere
3841 950 3931 1019 jus

2346 1051 2446 1096 est.
2475 1041 2578 1097 Sed
2604 1042 2685 1096 hae
2708 1052 2887 1109 partes
2908 1042 3156 1110 quoniam
3180 1042 3462 1096 rhetoricae
3486 1042 3749 1096 facultatis
3776 1054 3927 1107 sunt,

2346 1143 2616 1199 totamque
2647 1135 2967 1189 rhetoricam
2997 1134 3302 1192 facultatem
3331 1148 3676 1205 componunt,
3703 1154 3928 1193 necesse

2344 1236 2427 1278 cst
2450 1236 2507 1279 ut
2532 1226 2620 1279 ubi
2650 1225 2805 1279 fuerit
2832 1226 3099 1280 rhetorica
3135 1230 3363 1297 integra,
3400 1230 3531 1295 ipsa:
3560 1245 3770 1298 quoque
3802 1245 3926 1296 par-

2346 1326 2426 1368 tes
2452 1327 2847 1384 consequantur
2870 1322 2921 1369 in
2949 1318 3177 1386 propriis
3204 1319 3521 1386 speciebus;
3545 1334 3733 1373 omnes
3764 1320 3926 1386 igitur

2346 1408 2629 1461 rhetorica:
2662 1419 2838 1478 partes
2871 1409 3082 1463 inerunt
3126 1410 3407 1464 rhetorica:
3445 1411 3745 1479 speciebus.
3777 1411 3925 1477 Quo-

2345 1502 2486 1553 circa
2518 1509 2570 1554 et
2600 1500 2681 1553 his
2720 1501 2967 1553 civilibus
2998 1503 3224 1569 negotiis
3256 1503 3549 1557 tractandis
3577 1504 3920 1567 adhibentur,

2343 1606 2463 1659 quae
2504 1606 2531 1641 a
2584 1592 2853 1659 pra-dictis
2906 1593 3188 1658 speciebus
3234 1596 3515 1647 rhetoricae
3560 1594 3920 1660 informatur;

2344 1698 2496 1752 aeque
2527 1684 2692 1752 igitur
2714 1684 2765 1737 in
2786 1685 3027 1753 judiciali
3081 1688 3295 1754 negotio
3326 1697 3379 1739 et
3407 1690 3459 1740 in
3487 1687 3836 1742 deliberativo
3870 1702 3925 1745 et

2344 1776 2787 1845 demonstrativo,
2848 1780 3104 1843 inventio,
3154 1780 3457 1847 dispositio,
3512 1783 3767 1849 elocutio,
3811 1798 3923 1839 me-

665 1890 765 1928 nus
786 1884 871 1929 est
890 1875 1137 1931 facultas.
1166 1875 1384 1944 Species
1407 1889 1534 1929 vero
1563 1884 1691 1938 tres,
1713 1872 1989 1941 judiciale,
2015 1872 2236 1927 demon-
2269 1858 2316 1919 Β
2347 1870 2535 1934 moria,
2588 1871 3059 1940 pronuntiatioque
3091 1874 3437 1927 conveniunt.
3479 1875 3744 1939 Quoniam
3794 1892 3925 1931 vero

663 1969 941 2023 strativum
967 2013 981 2037 ,
1019 1968 1449 2031 deliberativum,
1485 1977 1539 2022 et
1567 1983 1735 2036 genus
1778 1966 1992 2034 quidem
2023 1964 2073 2019 id
2116 1980 2235 2019 esse

663 2060 803 2127 quod
828 2060 1061 2114 diximus
1083 2070 1248 2129 patet.
1273 2060 1490 2128 Species
1521 2068 1697 2113 autem
1730 2058 1932 2111 idcirco
1955 2068 2078 2111 sunt
2104 2074 2236 2127 quas

667 2151 915 2219 superius
970 2150 1557 2217 commemoravimus,
1616 2146 1863 2217 quoniam
1918 2147 1968 2200 in
2022 2147 2101 2202 his
2156 2158 2239 2201 est

662 2252 773 2295 tota
820 2240 1041 2295 facultas
1066 2242 1366 2295 rhetoricae.
1400 2240 1454 2293 In
1475 2239 1715 2307 judiciali
1739 2253 1935 2306 genere
1956 2253 2235 2291 causarum

661 2332 867 2401 integra
919 2342 1035 2396 est;
1086 2333 1210 2386 item
1265 2332 1318 2386 in
1366 2332 1823 2394 demonstrativo,
1858 2332 1940 2384 vel
1973 2331 2239 2385 delibera-

662 2424 794 2478 tivo.
820 2424 928 2481 Sed
972 2426 1086 2478 haec
1120 2440 1313 2493 genera
1359 2434 1483 2478 sunt
1527 2437 1833 2477 causarum.
1874 2422 2069 2477 Omnes
2094 2426 2234 2477 enim

660 2529 856 2578 causae,
885 2516 965 2569 vel
990 2516 1251 2583 speciales
1275 2515 1355 2568 vel
1387 2514 1701 2581 individuae,
1732 2515 1831 2569 sub
1860 2514 2048 2569 horum
2077 2518 2235 2569 trium

661 2620 915 2670 generum
932 2622 1039 2658 uno
1060 2608 1279 2670 cadunt,
1302 2615 1360 2659 ut
1380 2605 1730 2674 subjudiciali
1747 2606 1959 2676 quidem
1978 2608 2236 2675 Speciales

663 2704 721 2746 ut
769 2694 1061 2763 majestatis
1105 2696 1189 2749 vel
1234 2697 1671 2764 repetundarum.
1723 2699 1836 2752 Sub
1884 2698 2235 2753 deliberativo

662 2800 792 2839 vero
823 2802 1149 2856 quaecunque
1174 2801 1351 2842 causae
1372 2790 1817 2844 consultationem
1841 2789 2039 2845 habent
2065 2808 2077 2842 :
2109 2800 2166 2844 ut
2190 2791 2236 2844 si

663 2879 970 2947 specialiter
996 2880 1227 2948 accipias
1250 2880 1317 2935 de
1340 2880 1481 2935 bello
1503 2882 1584 2936 vel
1613 2882 1679 2936 de
1711 2898 1861 2950 pace,
1892 2884 1936 2937 si
1961 2900 2087 2939 vero
2110 2885 2239 2939 iudi-

661 2971 819 3025 vidue
849 2971 914 3026 de
943 2972 1084 3026 bello
1116 2970 1302 3042 Pyrrhi
1330 2972 1416 3027 vel
1462 2988 1611 3043 pace.
1645 2974 1845 3028 Eodem
1877 2976 2037 3029 modo
2066 2977 2227 3029 etiam

660 3064 713 3117 in
741 3063 1193 3130 demonstrativis,
1226 3079 1559 3135 quaecunque
1579 3067 1799 3120 veniunt
1826 3066 1878 3120 in
1906 3066 2117 3121 laudem
2142 3079 2237 3121 aut

660 3156 713 3209 in
750 3156 1217 3224 vituperationem,
1276 3156 1582 3225 specialiter
1609 3158 1844 3227 quidem,
1902 3169 1956 3211 ut
1990 3161 2105 3213 laus
2135 3161 2232 3214 viri

2341 1963 2517 2015 omnis
2546 1962 2657 2018 fere
2681 1964 2906 2018 facultas
2936 1965 3289 2019 instrumento
3330 1968 3497 2019 utitur
3525 1968 3588 2019 ad
3621 1968 3921 2023 faciendum

2340 2054 2481 2122 quod
2512 2064 2706 2123 potest,
2740 2059 2841 2110 erit
2878 2058 3039 2113 etiam
3088 2059 3371 2113 rhetoricae
3403 2060 3667 2115 facultatis
3706 2064 3920 2131 aliquod

2342 2148 2783 2211 instrumentum;
2838 2148 2937 2202 hoc
2970 2164 3096 2203 vero
3148 2160 3230 2203 est
3258 2151 3450 2215 oratio,
3486 2167 3604 2219 quae
3635 2154 3827 2221 partim
3867 2155 3921 2209 in

2340 2239 2481 2292 civili
2514 2254 2712 2308 genere
2744 2253 3006 2305 versatur,
3044 2245 3234 2309 partim
3270 2243 3510 2297 minime.
3546 2244 3620 2297 De
3644 2260 3702 2298 ea
3739 2255 3919 2299 autem

2341 2332 2579 2383 oratione
2611 2345 2749 2383 nunc
2774 2332 3041 2398 loquimur
3070 2349 3189 2401 quae
3214 2335 3445 2401 aliquam
3477 2335 3631 2388 habet
3661 2338 3919 2402 quaestio-

2342 2436 2483 2486 nem,
2515 2423 2594 2475 vel
2627 2439 2746 2491 quae
2795 2424 2860 2477 ad
2914 2424 3071 2478 ﬁnem
3108 2427 3456 2493 expediendae
3486 2430 3787 2497 qumsﬁonis
3815 2446 3910 2483 ac-

2340 2514 2739 2579 commodatur;
2787 2532 2847 2569 ea
2879 2534 3005 2569 vero
3049 2520 3219 2572 oratio
3260 2536 3381 2587 quan
3432 2524 3479 2575 in
3518 2522 3663 2575 civili
3708 2538 3916 2591 genere

2342 2613 2601 2668 versatur,
2627 2607 2876 2659 continue
2899 2606 3165 2671 decurrit;
3199 2624 3259 2663 ea
3294 2626 3420 2662 vero
3467 2628 3581 2680 que
3612 2628 3715 2665 non
3748 2624 3835 2666 est
3859 2615 3917 2668 in

2339 2693 2581 2747 civilibus
2604 2696 2799 2761 causis,
2840 2697 3253 2766 interrogatiOne
3278 2711 3333 2753 et
3367 2704 3711 2771 responsione
3736 2704 3917 2770 expli-

2339 2794 2505 2838 catur.
2539 2786 2642 2839 Sed
2676 2788 2819 2855 priur
2850 2789 3137 2853 rhetorica,
3171 2793 3404 2844 secunda
3453 2794 3731 2847 dialectica
3782 2811 3919 2847 nun-

2339 2885 2584 2944 cupatur,
2630 2893 2747 2945 qu.e
2789 2877 2888 2932 huc
2938 2882 3217 2947 superiore
3245 2880 3423 2936 differt
3463 2898 3476 2935 :
3512 2886 3738 2951 primum
3767 2886 3910 2953 quod

2339 2966 2426 3018 illa
2483 2967 2690 3021 civilem
2746 2968 3103 3037 hypothesun,
3156 2973 3269 3025 haec
3322 2974 3514 3027 thesim
3564 2962 3914 3041 considerat;

2338 3058 2532 3113 dehinc
2577 3060 2717 3129 quod
2764 3062 2846 3113 illa
2897 3062 3169 3128 continua,
3218 3065 3330 3117 haec
3387 3066 3634 3119 intercisa
3666 3069 3913 3122 oratione

2341 3153 2632 3219 peragitur,
2664 3164 2711 3205 et
2746 3152 2885 3219 quod
2921 3153 3187 3207 rhetorica
3215 3157 3386 3209 oratio
3412 3156 3573 3210 habet
3597 3166 3790 3225 praeter
3816 3160 3912 3213 ad-

662 3246 838 3312 fertis,
866 3247 1135 3302 individuo
1163 3263 1313 3312 vero,
1349 3258 1405 3302 ut
1430 3248 1545 3303 laus
1566 3248 1850 3318 Scipioois,
1878 3250 1977 3304 sub
2006 3251 2228 3305 demon-
2262 3230 2307 3293 (ἶ
2344 3260 2350 3272 ‘

2225 3230 2307 3293 .C
2344 3245 2641 3297 versarium
2684 3246 2947 3312 judicem,
2990 3246 3268 3299 dialectica
3313 3262 3442 3301 vero
3497 3248 3689 3302 eodem
3736 3248 3913 3317 judice

659 3340 917 3391 stratique
941 3348 1230 3407 ponuntur.
1259 3339 1475 3393 Materia
1496 3356 1623 3394 vero
1652 3342 1809 3410 hujus
1834 3340 2102 3396 facultatis
2129 3353 2231 3409 est,

658 3429 833 3482 ninnis
858 3429 1069 3497 quidem
1103 3446 1190 3485 res
1218 3434 1488 3500 proposita
1519 3434 1583 3486 ad
1613 3435 1922 3488 dictionem.
1971 3435 2104 3490 Fere
2134 3451 2231 3490 au-

658 3528 765 3570 tem
796 3527 877 3572 est
914 3519 1087 3573 civilis
1120 3522 1364 3588 quaestio.
1404 3522 1460 3576 In
1492 3522 1629 3576 hanc
1663 3524 1872 3592 species
1896 3540 1925 3578 a
1962 3525 2230 3579 rhetorica

657 3610 938 3663 venientes
989 3611 1138 3678 quasi
1192 3612 1435 3680 quaedam
1468 3614 1654 3668 formae
1690 3618 1904 3683 capiunt
1934 3618 2035 3670 sibi
2066 3628 2231 3671 mate-

653 3707 812 3766 riam,
866 3713 922 3758 et
976 3703 1168 3771 triplici
1213 3703 1552 3759 informatam
1584 3714 1767 3761 tenent
1815 3707 2055 3775 ﬁguram,
2089 3710 2227 3778 quod

653 3793 920 3861 posterius
949 3794 1193 3863 liquebit,
1226 3805 1283 3849 ut
1306 3796 1477 3850 civilis
1507 3800 1749 3866 quaestio,
1789 3814 1911 3868 qua:
1945 3799 2120 3854 adhuc
2150 3801 2230 3853 iu-

653 3884 841 3938 formis
870 3886 1161 3940 secundum
1194 3888 1400 3956 species
1426 3898 1562 3955 erat,
1599 3889 1690 3942 ﬁat
1719 3900 1938 3960 accepto
1981 3893 2084 3944 line
2113 3894 2229 3945 uni-

654 3976 847 4046 cuique
893 3980 1192 4046 specierum
1245 3978 1523 4034 rhetoricae
1573 3982 1833 4048 subjecta.
1887 3981 1954 4036 Ut
1984 3981 2225 4036 informis

648 4068 825 4122 adhuc
868 4069 1039 4123 civilis
1076 4070 1299 4137 quaestio
1335 4086 1457 4125 cum
1494 4073 1763 4141 acceperit
1802 4088 1867 4127 ex
1895 4073 2134 4141 judiciali
2164 4076 2225 4127 fi-

650 4175 772 4213 nem
794 4159 948 4229 justi,
983 4160 1073 4213 ﬁat
1100 4162 1212 4230 ipsa
1233 4162 1411 4217 civilis
1432 4164 1657 4232 quaestio
1682 4164 1733 4217 in
1757 4164 1995 4234 judiciali
2026 4182 2223 4234 genere

645 4253 955 4307 constituta.
989 4252 1122 4307 Cum
1150 4270 1277 4309 vero
1301 4270 1368 4310 ex
1392 4256 1743 4311 deliberativo
1773 4260 2062 4327 sumpserit
2092 4260 2221 4314 utile

644 4346 728 4399 vel
761 4345 1062 4409 honestum,
1103 4357 1227 4401 tunc
1256 4350 1345 4402 lict
1392 4349 1505 4417 ipsa
1539 4350 1715 4403 civilis
1744 4352 1970 4418 quaestio
1998 4352 2051 4404 in
2083 4352 2221 4405 deli-

644 4436 884 4492 berativo
916 4453 1194 4493 causarum
1224 4454 1419 4508 genere
1446 4442 1756 4494 constituta.
1786 4442 1840 4495 Si
1867 4458 1998 4495 vero
2020 4459 2085 4497 ex
2127 4444 2219 4497 de-

643 4531 1031 4584 monstratione
1062 4533 1350 4599 sumpserit
1398 4532 1618 4594 bonum,
1652 4542 1761 4585 tum
1795 4534 1849 4586 ﬁt
1882 4534 2217 4587 demonstra-

2339 3350 2445 3403 quo
2497 3336 2805 3389 adversario
2863 3338 3049 3389 utitur.
3086 3337 3211 3391 llaec
3244 3338 3403 3406 igitur
3449 3340 3717 3394 rhetorica
3746 3344 3916 3395 oratio

2339 3427 2498 3481 habet
2530 3439 2708 3496 partes
2739 3443 2836 3481 sex
2873 3446 2884 3480 :
2920 3429 3271 3497 prooemium,
3304 3431 3445 3499 quod
3487 3432 3766 3485 exordium
3807 3442 3911 3497 est,

2336 3520 2718 3583 narrationem,
2743 3519 3102 3586 partitionem,
3122 3520 3608 3587 confirmationem,
3627 3523 3912 3590 reprehen-

2335 3610 2567 3675 sionem,
2596 3611 3009 3676 perorationem,
3042 3626 3159 3679 quae
3208 3621 3332 3664 sunt
3362 3622 3539 3677 partes
3569 3613 3913 3667 instrumenti

2334 3701 2622 3756 rhetoricae
2650 3702 2944 3767 facultatis;
2989 3712 3043 3758 et
3070 3708 3319 3774 quoniam
3349 3706 3615 3761 rhetorica
3650 3708 3701 3761 in
3732 3709 3909 3761 omni-

2333 3792 2433 3847 bus
2455 3794 2566 3848 suis
2596 3795 2880 3861 speciebus
2906 3797 3063 3859 iuest,
3094 3798 3139 3850 ei
3173 3796 3295 3851 dem
3321 3800 3553 3852 inerunt.
3597 3799 3701 3852 Nec
3731 3801 3909 3868 potius

2331 3887 2546 3941 inerunt
2575 3902 2732 3956 quam
2763 3888 2964 3943 eisdem
2995 3904 3057 3942 ea
3106 3904 3225 3959 quae
3274 3900 3535 3958 peragunt
3571 3891 3908 3944 administra-

2330 3978 2485 4034 bunt.
2518 3978 2701 4049 Itaque
2745 3990 2796 4033 et
2828 3979 2880 4032 in
2917 3979 3153 4047 judiciali
3185 3996 3383 4047 genere
3410 3995 3691 4035 causarum
3724 3996 3909 4036 ncces-

2328 4072 2501 4125 sarius
2526 4081 2608 4125 est
2646 4072 2779 4125 ordo
2809 4070 3074 4139 prooemii,
3109 4072 3430 4127 narrationis
3476 4082 3635 4142 atque
3679 4083 3908 4125 caetero-

2327 4180 2470 4229 rum,
2503 4175 2558 4219 et
2590 4166 2641 4218 in
2669 4165 3090 4219 demonstrativo
3120 4165 3576 4234 deliberativoqtte
3598 4165 3907 4219 necessaria

2327 4268 2471 4312 sunt.
2496 4257 2643 4326 Opus
2667 4267 2844 4311 autem
2874 4257 3158 4311 rhetorica:
3184 4257 3451 4310 facultatis
3472 4266 3552 4309 est
3577 4256 3769 4309 docere
3793 4271 3908 4309 mo-

2326 4366 2579 4418 vereque,
2631 4348 2773 4418 quod
2819 4348 3165 4401 nihilominus
3206 4348 3373 4401 isdem
3418 4348 3530 4401 fere
3570 4361 3666 4400 sex
3704 4348 3907 4400 instru-

2325 4445 2540 4506 mentis,
2572 4443 2625 4497 id
2648 4453 2729 4497 est
2750 4443 3008 4495 orationis
3034 4441 3294 4508 partibus,
3320 4441 3746 4493 administratur.
3777 4440 3904 4493 Par-

2327 4546 2405 4588 tes
2428 4545 2604 4590 autem
2632 4535 2933 4599 rhetoricae,
2961 4533 3210 4602 quoniam
3233 4542 3412 4602 partes
3440 4540 3567 4587 sunt
3612 4531 3900 4597 facultatis,

641 4622 747 4675 tiva
791 4620 962 4676 civilis
1003 4623 1250 4691 quaestio.
1297 4622 1529 4677 Veniunt
1558 4632 1733 4676 autem
1764 4633 1819 4677 ut
1843 4625 1892 4677 in
1937 4626 2213 4678 materiam
2243 4606 2297 4665 D
2323 4632 2453 4695 ipsae
2499 4641 2712 4695 quoque
2742 4637 2866 4679 sunt
2910 4625 3208 4678 facultates.
3240 4624 3499 4690 Quocirca
3533 4623 3664 4692 ipsae
3694 4638 3903 4691 quoque

639 4711 849 4780 species
869 4728 934 4765 ex
976 4713 1266 4779 rhetorica,
1321 4714 1521 4768 idcirco
1550 4715 1691 4784 quod
1722 4715 1876 4769 aliter
1902 4717 1956 4769 in
1994 4719 2213 4771 materia

591 4842 599 4849 ι
638 4820 734 4859 sua
785 4806 1034 4874 quaelibet
1086 4805 1311 4859 facultas
1342 4822 1446 4859 non
1493 4816 1670 4875 potest
1698 4808 1933 4874 operari.
1967 4822 2124 4876 quam
2169 4811 2213 4862 si

636 4913 763 4953 suas
792 4899 1040 4952 adhibeat
1069 4907 1267 4966 partes.
1318 4898 1644 4952 Absentibus
1675 4898 1815 4952 enim
1855 4900 2064 4952 cunctis
2092 4914 2215 4968 par-

636 4988 780 5043 tibus
802 4989 913 5042 suis
940 4987 1209 5042 rhet'orica
1231 5002 1440 5057 quoque
1466 4989 1577 5058 ipsa
1605 4999 1687 5042 est
1709 4989 1922 5042 absens.
1948 4991 2050 5045 Sed
2083 5006 2217 5059 quo-

636 5083 779 5135 niam
826 5080 896 5135 de
924 5079 1207 5149 speciebus
1238 5080 1439 5132 dictum
1489 5088 1574 5133 est
1629 5079 1931 5145 rhetmicae,
1962 5082 2212 5147 qu0uiam

635 5183 760 5225 sunt
782 5186 976 5242 genera
1002 5184 1304 5233 causarum,
1338 5170 1411 5222 ita
1449 5180 1593 5235 sunt,
1623 5178 1682 5222 ut
1710 5170 1944 5222 omnium
1977 5170 2215 5239 negotio-

626 5274 755 5319 'rum
786 5280 904 5335 quae
928 5264 981 5319 in
1014 5264 1157 5319 civili
1185 5266 1483 5333 quaestione
1508 5263 1795 5316 constituta
1820 5273 1962 5328 sunt,
1993 5274 2215 5333 accepto
2272 5320 2277 5323 _

635 5361 745 5413 line
793 5358 943 5427 justi,
976 5357 1225 5427 judiciale
1276 5356 1343 5410 sit
1373 5370 1543 5426 genus
1572 5372 1593 5419 ;
1638 5357 1876 5409 omnium
1931 5371 2058 5411 vero
2087 5371 2208 5426 quae

635 5451 922 5503 constituta
953 5458 1077 5503 sunt
1106 5448 1165 5502 in
1190 5446 1329 5503 civili
1353 5447 1667 5517 quaestione,
1689 5447 1969 5502 honestum
2002 5448 2084 5502 vel
2112 5449 2210 5501 uti-

636 5542 740 5597 lem
786 5540 944 5597 ﬁne’m
991 5552 1271 5609 ceperunt,
1317 5540 1727 5595 deliberativum
1755 5540 1822 5594 sit
1848 5554 2046 5610 genus;
2094 5556 2210 5595 om-

637 5634 784 5687 nium
828 5648 1040 5703 quoque
1079 5648 1201 5701 quae
1230 5634 1282 5687 in
1326 5632 1470 5687 civili
1508 5632 1804 5700 quaestione
1834 5633 2003 5701 posita
2046 5625 2224 5688 linem‘

639 5723 847 5776 honesti
880 5731 1081 5776 tantum
1114 5724 1306 5778 bonive
1338 5733 1700 5791 sumpserunt,
1729 5725 1799 5777 sit
1831 5723 2206 5779 demonstrati-

641 5831 762 5870 vum
800 5830 990 5886 genus.
1033 5816 1135 5871 Sed
1165 5818 1229 5871 de
1258 5818 1339 5872 his
1370 5818 1643 5872 hactenus.
1680 5819 1828 5874 Nunc
1862 5820 1929 5875 de
1963 5821 2203 5888 partibus

2321 4718 2579 4773 orationis
2611 4717 2850 4786 partibus
2889 4715 3041 4784 quasi
3071 4715 3440 4769 instrumentis
3468 4723 3684 4767 utentur
3711 4716 3763 4765 iu
3787 4728 3897 4781 par-

2322 4821 2452 4876 tem,
2485 4822 2643 4880 atque
2685 4820 2740 4863 ut
2768 4809 2850 4861 his
2889 4818 3195 4878 operentur,
3230 4823 3261 4861 e
3286 4809 3436 4860 sdem
3467 4808 3648 4862 inerit.
3690 4806 3819 4859 Nam
3852 4807 3902 4859 in

2320 4901 2556 4955 exordiis
2590 4900 2690 4953 nisi
2714 4901 2946 4967 quinque
2970 4899 3078 4951 sint
3103 4896 3369 4965 praedictae
3392 4894 3685 4949 rhetoricae
3703 4905 3898 4963 partes,

2322 5003 2379 5045 ut
2402 4992 2655 5056 inveniat,
2689 4992 2959 5059 disponat,
2991 4987 3641 5057 eloquatur,meminerit,
3671 5001 3902 5054 pronun-

2321 5086 2438 5145 tiet,
2479 5085 2611 5137 nihil
2634 5086 2740 5153 agit
2766 5092 2970 5138 orator.
3006 5081 3205 5151 Eodem
3240 5095 3455 5149 quoque
3498 5080 3659 5133 modo
3688 5088 3744 5131 et
3776 5080 3899 5131 reli-

2318 5192 2438 5245 quae
2468 5177 2581 5231 fere
2610 5185 2787 5243 partes
2816 5174 3157 5228 instrumenti
3182 5173 3281 5226 nisi
3314 5172 3547 5225 habeant
3570 5184 3760 5224 omnes
3784 5172 3899 5222 rhe-

2319 5270 2502 5322 toricae
2536 5279 2734 5337 partes,
2783 5266 2976 5319 frustra
3008 5274 3152 5318 sunt.
3206 5262 3375 5332 Hujus
3404 5273 3583 5316 autem
3636 5261 3900 5315 facultatis

2317 5360 2539 5414 effector
2568 5367 2752 5412 orator
2774 5366 2879 5421 est,
2906 5356 3057 5424 cujus
3084 5364 3166 5409 est
3190 5353 3427 5408 ollicium
3453 5353 3632 5406 dicere
3660 5352 3899 5422 apposite

2317 5451 2381 5504 ad
2414 5449 2837 5519 persuasionem.
2893 5447 3040 5501 Finis
3092 5456 3267 5501 autem
3303 5456 3411 5498 tum
3456 5447 3507 5498 in
3541 5446 3676 5513 ipso,
3710 5454 3821 5496 tum
3847 5444 3896 5495 iu

2317 5544 2514 5597 altero.
2560 5542 2615 5595 in
2664 5540 2781 5610 ipso
2812 5538 3025 5608 quidem
3060 5538 3194 5593 bene
3237 5538 3461 5598 dixisse.
3497 5538 3544 5589 id
3590 5545 3675 5590 est
3700 5536 3897 5589 dixisse

2315 5632 2555 5702 apposite
2576 5632 2641 5685 ad
2674 5613 3071 5701 persuasionem
3099 5645 3114 5693 ;
3149 5631 3200 5681 in
3234 5629 3408 5682 altero
3439 5643 3565 5681 vero
3593 5630 3896 5695 persuasis-

2314 5740 2392 5779 se.
2426 5725 2605 5794 Neque
2636 5725 2779 5779 enim
2810 5723 2861 5777 si
2888 5737 2987 5791 qua
3039 5722 3331 5790 impediunt
3365 5714 3631 5773 oratorem
3661 5734 3770 5787 quo
3798 5719 3892 5771 mi-

2314 5834 2415 5873 nus
2444 5817 2777 5885 persuadeat,
2805 5814 2979 5870 ofﬁcio
2998 5815 3154 5881 facto,
3183 5814 3891 5875 finis-nonestconsecutus,
