4274 6272
412 376 549 432 1209

1448 380 1532 434 DE
1577 376 2047 432 DlFFlil’iENTllS
2087 372 2369 428 TOPICIS.
2415 371 2540 426 LIB.
2587 372 2667 429 IV.

3528 371 3662 425 1‘210

409 497 504 553 sed
533 497 578 550 is
598 496 810 566 quidem
847 498 932 567 qui
965 496 1144 550 officio
1175 494 1272 549 fuit
1310 486 1591 563 contiguus
1614 509 1668 547 et
1700 508 1980 559 cognatus,
2013 492 2063 551 Α
2089 494 2340 555 gregatur
2368 503 2380 539 :
2406 493 2495 537 aut
2517 486 2659 536 enim
2684 484 2735 535 in
2761 480 2879 550 ipso
2899 485 3036 536 facto
3054 484 3132 536 vis
3154 483 3474 537 defensionis
3500 485 3660 549 inest,

410 592 769 660 consequitur,
797 591 936 645 facto
963 590 1143 645 officio
1169 606 1184 654 ;
1217 592 1264 643 is
1286 604 1413 643 vero
1439 589 1526 655 qui
1558 600 1715 641 extra
1744 588 1984 641 contine-

412 694 518 751 tur,
543 699 685 753 saape
723 686 825 738 non
855 685 1219 751 consequitur,
1250 698 1421 749 neque
1454 691 1629 734 tamen
1660 678 1983 734 rhetoricam

410 792 510 830 suo
534 776 638 830 line
659 786 969 830 contentam
1006 776 1208 829 honore
1238 776 1513 828 vacuavit:
1550 774 1662 827 hzec
1684 775 1894 842 quidem
1917 776 1985 827 ita

413 878 537 921 sunt
567 869 744 931 mista,
774 876 831 921 ut
853 868 1118 921 rhetorica
1146 867 1269 919 insit
1298 865 1599 934 speciebus,
1628 868 1832 934 Species
1858 881 1987 917 vero

414 958 591 1011 insint
621 958 814 1011 causis.
867 955 1158 1010 Causarum
1190 972 1315 1009 vero
1346 967 1522 1025 partes
1552 966 1721 1010 status
1762 971 1882 1010 esse
1905 955 1988 1009 di-

412 1060 622 1112 cuntur,
650 1064 783 1117 quos
814 1050 973 1101 etiam
996 1049 1116 1102 aliis
1148 1049 1472 1112 nominibus,
1518 1060 1626 1102 tum
1655 1048 1987 1107 constitutio-

413 1155 529 1204 nes,
556 1150 663 1193 tum
694 1142 1016 1209 quaestiones
1045 1142 1323 1195 nominare
1363 1142 1515 1206 licet;
1550 1142 1637 1211 qui
1669 1141 1882 1210 quidem
1906 1125 1988 1192 di-

410 1231 664 1285 viduntur
692 1234 761 1285 ita
789 1243 843 1285 ιιι
874 1249 1050 1287 rerum
1088 1249 1299 1303 quoque
1344 1245 1525 1287 natura
1558 1234 1723 1287 divisa
1751 1244 1853 1287 est.
1883 1232 1986 1287 Sed

410 1338 439 1375 a
465 1324 743 1392 principio,
765 1326 1119 1394 quaeSIionum
1143 1325 1466 1379 dillercntias
1484 1326 1793 1379 ordinamur
1818 1340 1832 1377 :
1856 1340 1989 1393 quo-

410 1415 551 1469 niam
603 1417 885 1472 rhetoricze
939 1421 1263 1488 quzestioncs
1293 1420 1705 1473 circumstantiis
1737 1419 1987 1473 involuta:

410 1517 531 1561 sunt
573 1523 781 1575 omnes,
811 1519 901 1562 aut
928 1512 979 1563 in
1007 1511 1187 1578 scripti
1218 1511 1443 1579 alicujus
1472 1512 1834 1565 controversia
1868 1526 1989 1563 ver-

411 1611 617 1663 santur,
660 1609 750 1653 aut
780 1611 973 1667 pleter
998 1602 1252 1670 scriptum
1284 1618 1352 1657 ex
1389 1617 1447 1655 re
1476 1604 1588 1670 ipsa
1620 1612 1833 1655 sumunt
1861 1617 1989 1653 con-

413 1693 664 1744 tentionis
716 1692 1012 1746 exordium.
1049 1694 1113 1747 Et
1158 1694 1263 1747 illze
1308 1694 1521 1763 quidem
1559 1710 1676 1764 qua:
1706 1695 1756 1745 in
1788 1696 1987 1762 scripto

412 1784 571 1845 sunt,
591 1782 823 1850 quinque
849 1782 1020 1836 modis
1045 1783 1161 1836 fieri
1186 1795 1431 1850 possunt.
1456 1784 1571 1838 Uno
1598 1784 1835 1852 quidem,
1859 1800 1978 1836 cum

2091 584 2144 630 et
2184 575 2423 629 absoluta
2455 574 2682 644 quahtas
2712 583 3071 641 nuncupatur,
3097 584 3187 625 aut
3218 573 3551 627 extrinsecus
3572 576 3664 626 'as-

2058 682 2061 683 '
2091 670 2341 732 sumitur,
2372 678 2427 722 et
2455 666 2785 733 assumptiva
2811 667 3005 720 dicitur
3033 666 3363 720 constitutio.
3401 666 3503 720 Sed
3552 666 3667 719 haec

2092 760 2141 811 in
2198 770 2379 826 partes
2416 770 2643 826 quatuor
2686 757 2956 811 derivatur
2990 767 3125 809 :iaut
3168 756 3308 811 enim
3355 757 3667 810 conceditur

2089 855 2315 917 crimen,
2350 862 2441 904 aut
2491 860 2817 914 removetur,
2849 858 2939 901 aut
2968 849 3214 911 refertur,
3264 859 3378 914 aut,
3411 849 3550 916 quod
3584 857 3667 901 est

2094 944 2362 1010 ultimum,
2386 951 2749 1012 comparatur.
2774 940 3101 994 Conceditur
3130 941 3355 1005 crimen,
3384 957 3501 993 cum
3521 940 3666 993 nulla

2093 1022 2447 1090 introducitur
2478 1034 2601 1087 facti
2628 1032 2888 1095 defensio,
2937 1032 3029 1084 sed
3060 1032 3212 1085 venia
3256 1032 3572 1100 posmlatur.
3607 1030 3669 1083 ld

2095 1130 2209 1184 fieri
2241 1129 2448 1182 duobus
2481 1126 2650 1182 modis
2675 1134 2870 1192 potest,
2900 1126 2941 1177 si
2973 1123 3298 1193 depreceris,
3331 1134 3421 1175 aut
3450 1137 3659 1190 purges.

2095 1221 2433 1289 licprccaris,
2463 1235 2582 1271 cum
2612 1217 2741 1271 nihil
2762 1216 3125 1270 excusationis
3154 1216 3423 1279 attuleris;
3449 1229 3665 1283 purgas,

2091 1330 2210 1366 cum
2239 1312 2359 1365 farti
2387 1313 2540 1378 culpa
2565 1312 2648 1364 his
2678 1311 2965 1364 ascribitur
2993 1310 3184 1377 quibus
3208 1309 3393 1362 obsisti
3434 1308 3664 1361 obviari-

2090 1420 2193 1472 que
2222 1420 2323 1458 non
2354 1405 2543 1473 possit,
2578 1418 2749 1470 neque
2781 1413 2956 1455 tamen
2976 1416 3233 1469 persona!
3262 1402 3368 1454 sint
3392 1442 3406 1465 ,
3440 1398 3490 1452 id
3520 1398 3660 1451 enim

2091 1498 2141 1550 in
2175 1498 2330 1550 aliam
2392 1494 2824 1549 constitutionem
2879 1492 3051 1544 cadet.
3105 1493 3241 1544 Sunt
3267 1506 3394 1543 vero
3424 1491 3536 1541 lirec
3566 1490 3667 1540 im—

2091 1588 2389 1656 prudentia,
2423 1602 2599 1649 casus,
2630 1593 2788 1653 atque
2821 1583 3130 1636 necessitas.
3178 1582 3501 1636 Removetur
3534 1594 3662 1633 vero

2088 1681 2315 1742 crimen,
2364 1694 2486 1732 cum
2540 1678 2606 1731 ab
2651 1691 2715 1731 eo
2758 1675 2847 1743 qui
2898 1675 3182 1727 incessitur
3238 1674 3557 1726 transfertur
3606 1670 3659 1723 itt

2088 1770 2271 1823 alium.
2302 1768 2406 1823 Sed
2449 1767 2677 1822 remotio
2702 1766 2942 1821 criminis
2971 1764 3178 1819 duobus
3210 1765 3319 1817 fieri
3362 1763 3533 1816 modis
3561 1776 3660 1830 po.

412 1876 498 1930 hic
525 1878 800 1945 scriptoris
830 1877 987 1931 verba
1020 1878 1289 1942 defendat,
1325 1880 1412 1933 ille
1442 1882 1759 1933 sententiam
1788 1897 1799 1930 :
1827 1888 1983 1946 atque
2016 1864 2063 1922 B
2092 1869 2212 1921 ίεδίν
2246 1859 2288 1912 δί
2311 1869 2402 1941 ³⁸η
2427 1873 2585 1912 causa
2616 1866 2973 1920 removeam“
3004 1866 3095 1907 ²¹¹¹ι
3131 1857 3340 1907 meum”
3375 1853 3545 1908 causa
3569 1868 3658 1907 re-

411 1966 512 2019 hoc
556 1968 854 2035 appellatur
884 1969 1139 2037 scriptum
1166 1981 1219 2023 et
1247 1970 1519 2026 voluntas.
1549 1970 1668 2023 Alio
1709 1971 1889 2033 modo,
1938 1973 1982 2025 si

410 2058 551 2113 inter
580 2074 639 2113 se
665 2059 807 2127 leges
831 2061 1056 2130 quadam
1080 2064 1461 2117 contrarietate
1487 2064 1825 2127 dissentiant,
1853 2078 1984 2131 quas

409 2164 529 2203 cum
561 2165 625 2204 ex
659 2152 878 2205 adversa
912 2163 1061 2220 parte
1096 2153 1412 2217 defendunt,
1453 2154 1650 2208 faciunt
1676 2165 1984 2210 controver-

408 2240 542 2294 siam
572 2259 585 2293 :
617 2251 775 2311 atque
807 2243 888 2297 hic
918 2254 1137 2299 vocatur
1160 2254 1328 2300 status
1355 2246 1487 2316 legis
1516 2249 1819 2302 contrariae.
1848 2248 1983 2302 Ter-

408 2331 503 2395 tio,
534 2347 653 2385 cum
686 2334 965 2402 scriptum,
1009 2336 1075 2389 de
1110 2352 1215 2405 quo
1253 2338 1617 2401 contenditur,
1662 2341 1980 2394 sententiam

406 2422 601 2476 claudit
628 2425 931 2493 ambiguam
969 2444 981 2477 :
1015 2427 1126 2480 hmc
1145 2442 1242 2481 SUO
1266 2431 1479 2483 nomine
1509 2430 1824 2499 ambiguitas
1848 2448 1984 2485 nun-

405 2525 645 2584 cupatur.
679 2516 880 2583 Quarto
908 2534 1055 2585 vero,
1074 2536 1192 2573 cum
1224 2535 1292 2574 ex
1326 2536 1391 2575 eo
1428 2522 1566 2590 quod
1593 2531 1675 2575 est
1701 2530 1978 2592 scriptum,

405 2608 545 2659 aliud
578 2624 683 2660 non
712 2609 969 2677 seriptum
1001 2610 1349 2680 intelligitur:
1381 2613 1519 2679 quod
1552 2616 1669 2681 quia
1697 2630 1792 2682 per
1821 2618 1983 2669 ratio-

405 2698 723 2752 cinationem
772 2711 824 2754 rt
877 2703 1163 2770 quamdam
1211 2704 1503 2771 syllogismi
1544 2709 1977 2774 consequentiam

405 2789 796 2859 investigatur,
846 2791 1183 2847 ratiocinatio
1228 2796 1309 2848 vel
1364 2796 1708 2865 syllogismus
1766 2800 1977 2853 dicitur.

405 2878 623 2947 Quinto,
656 2896 775 2934 cum
808 2897 987 2937 sermo
1009 2896 1088 2938 est
1112 2887 1362 2954 scriptus,
1394 2887 1544 2956 cujus
1581 2904 1684 2941 non
1726 2889 1876 2944 facile
1903 2892 1980 2945 vis

405 2983 461 3026 ct
489 2984 674 3027 natura
701 2975 982 3040 clarescat,
1015 2978 1115 3032 nisi
1157 2978 1476 3035 difﬁnitione
1517 2983 1721 3036 detecta
1750 2985 1855 3037 sit:
1897 2985 1981 3039 hic

404 3075 626 3119 vocatur
655 3066 775 3121 finis
806 3070 885 3121 vel
919 3070 1214 3138 inseriptio.
1246 3073 1392 3137 Quos
1413 3088 1598 3127 omnes
1625 3090 1653 3126 a
1687 3090 1745 3129 se
1766 3076 1980 3131 differre

406 3166 632 3209 nonest
660 3159 825 3211 nostri
850 3161 1049 3227 operis,
1082 3176 1269 3215 verum
1290 3163 1542 3218 rhetorici
1567 3166 1935 3222 demonstrare
1960 3186 1973 3234 ;

406 3246 525 3301 haec
553 3248 695 3301 enim
743 3252 1064 3319 speculanda
1118 3253 1290 3308 doctis
1335 3270 1438 3309 neu
1477 3258 1694 3311 rudibus
1724 3259 1975 3316 discenda
2004 3237 2050 3299 C

404 3344 774 3424 proponimus,
820 3346 1061 3412 quamvis
1091 3348 1158 3402 de
1195 3363 1380 3403 eorum
1412 3349 1707 3406 diﬂ‘ereutia
1739 3354 1790 3407 in
1819 3354 1978 3424 Topi-

402 3421 586 3485 cdrum
608 3437 927 3490 commentis
951 3451 1046 3504 per
1078 3439 1354 3492 transitum
1378 3438 1751 3497 disseruimus.
1781 3421 1977 3499 Earum

403 3536 581 3578 autem
616 3527 1057 3584 constitutionum
1086 3545 1204 3600 qua:
1231 3543 1425 3601 prteter
1465 3536 1723 3603 scriptum
1754 3536 1808 3591 in
1839 3538 1981 3606 ipsa-

402 3628 519 3669 rum
546 3632 726 3671 rerum
755 3621 1096 3676 contentione
1145 3633 1269 3677 sunt
1296 3626 1503 3693 positae,
1553 3627 1625 3682 ita
1664 3628 2003 3695 differentias,

404 3716 771 3775 segregantur,
802 3719 859 3762 ut
890 3726 1066 3766 rerum
1098 3727 1311 3781 quoque
1338 3716 1569 3784 ipsarum
1594 3730 1788 3774 natura
1803 3719 1981 3776 diver-

402 3810 461 3849 sa
487 3808 586 3851 est.
620 3798 675 3852 In
708 3802 851 3853 omni
882 3803 1024 3857 enim
1072 3805 1339 3860 rhetorica
1369 3811 1665 3877 qumstione
1704 3813 1981 3871 dubitatur

403 3902 469 3941 an
511 3888 600 3952 sit,
646 3891 770 3959 quid
804 3893 892 3956 sit,
923 3896 1080 3962 quale
1121 3897 1212 3960 sit,
1244 3908 1299 3952 et
1338 3911 1532 3966 praeter
1575 3901 1711 3972 haec,
1752 3922 1821 3962 an
1856 3909 1980 3977 jure

404 3980 491 4033 vel
519 3996 665 4034 more
691 3984 859 4049 possit
885 3988 1124 4040 eserceri
1148 3989 1428 4056 judicium.
1464 3992 1569 4047 Sed
1596 3995 1641 4049 si
1670 3997 1863 4053 factum
1895 4001 1980 4056 vel

405 4086 493 4126 res
520 4086 638 4141 qua:
684 4073 997 4143 intenditur,
1029 4080 1097 4133 ab
1122 4080 1432 4138 adversario
1463 4098 1703 4155 negetur,
1751 4094 1980 4159 quzestio

405 4173 485 4217 est
517 4174 690 4219 utrum
717 4168 809 4231 sit,
837 4184 899 4221 ea
917 4172 1291 4239 conjecturalis
1313 4179 1623 4234 constitutio
1651 4186 1974 4242 nominatur.

403 4258 553 4323 Quod
586 4259 631 4313 si
661 4260 857 4315 factum
904 4264 1121 4329 quidem
1167 4282 1286 4322 esse
1312 4270 1633 4339 constiterit,
1681 4278 1808 4344 quid
1853 4262 1979 4335 vero

403 4347 471 4401 sit
503 4349 553 4402 id
596 4351 737 4419 quod
774 4351 969 4407 factum
1001 4364 1083 4409 est
1124 4356 1416 4425 ignoretur,
1463 4366 1714 4431 quoidam
1748 4368 1828 4423 vis
1861 4370 1978 4438 ejus

404 4437 721 4494 difiinitione
742 4448 1085 4500 monstranda
1115 4457 1217 4516 est,
1247 4450 1525 4507 diffinitiva
1555 4456 1751 4512 dicitur
1778 4437 1976 4516 consti-

403 4532 557 4583 tutio.
596 4535 664 4584 At
702 4533 747 4586 si
783 4543 838 4588 et
875 4552 995 4592 esse
1024 4543 1344 4611 constiterit,
1377 4549 1524 4604 etde
1550 4553 1625 4605 rei
1654 4552 1977 4612 difﬂuitione

404 4623 704 4688 conveniat,
737 4628 829 4678 sed
857 4629 1013 4696 quale
1037 4630 1107 4684 sit
1136 4633 1454 4704 inquiratur,
1489 4650 1611 4697 tunc
1633 4646 1757 4711 quia
1776 4650 1860 4701 cui
1884 4665 1991 4717 ge-A

404 4715 517 4767 neri
552 4716 737 4784 subjici
762 4719 956 4776 debeat
983 4725 1289 4793 ambigitur,
1314 4734 1579 4798 generalis
1594 4738 1819 4805 qualitas
1842 4715 1979 4795 nun-

405 4816 650 4874 cupatur.
679 4808 733 4861 In
765 4809 863 4865 hac
890 4828 1017 4868 vero
1040 4818 1336 4885 quaestione
1365 4831 1420 4875 et
1449 4824 1715 4891 qualitatis
1734 4837 1789 4882 et
1810 4846 1978 4899 quan-

404 4895 571 4989 titatis
597 4908 653 4952 et
677 4906 1091 4968 comparationis
1120 4910 1258 4963 ratio
1286 4922 1548 4967 versatur.
1591 4918 1694 4972 Sed
1724 4895 1977 4989 quoniam

403 4984 472 5041 de
497 5004 694 5057 genere
714 4995 939 5061 quaestio
964 5008 1066 5064 est,
1098 5002 1390 5057 secundum
1417 5009 1630 5073 generis
1657 4984 1880 5070 formam
1926 5019 1978 5071 in

403 5080 557 5148 plura
604 5098 826 5139 necesse
852 5097 933 5141 est
973 5090 1111 5145 hanc
1138 5096 1571 5152 constitutionem
1600 5102 1837 5161 membra
1867 5108 1978 5164 dis-

404 5174 587 5228 tribui.
619 5175 805 5232 Ouinis
827 5182 967 5235 enim
992 5187 1217 5251 quaestio
1244 5193 1529 5257 generalis,
1563 5194 1612 5247 id
1645 5206 1729 5251 est
1759 5216 1878 5254 cum
1910 5202 1993 5261 de,

403 5279 603 5332 genere
629 5278 683 5321 et
725 5271 980 5336 qualitate
1012 5285 1065 5328 et
1102 5280 1401 5345 quantitate
1448 5288 1703 5352 quaeritur
1735 5289 1881 5356 facti,
1924 5292 1978 5347 in

405 5354 540 5411 duas
562 5358 898 5416 distribuitur
915 5374 1114 5433 partes.
1142 5368 1272 5422 Nam
1298 5374 1454 5426 autin
1481 5379 1803 5442 praeteritum
1834 5354 1979 5451 qua:-

404 5448 543 5503 ritur
571 5452 635 5505 de
668 5454 919 5523 qualitate
968 5460 1246 5526 propositi,
1276 5474 1366 5517 aut
1413 5465 1463 5519 in
1496 5483 1748 5535 prrescns,
1789 5448 1883 5527 aut
1924 5477 1991 5529 in-

404 5539 661 5597 futurum.
695 5546 750 5601 Si
782 5546 837 5602 in
896 5554 1246 5619 praeteritum,
1294 5554 1613 5623 juridicialis
1667 5566 1989 5627 constitutio,

405 5644 759 5719 nuncupatur.
801 5638 856 5692 Si
898 5642 1177 5707 praesentis
1208 5644 1293 5697 vel
1324 5644 1484 5700 futuri
1518 5652 1774 5719 temporis
1801 5664 1979 5712 teneat

405 5728 777 5795 qumstionem,
813 5733 1093 5800 negotialis
1108 5733 1323 5790 dicitur.
1345 5737 1664 5797 iuridicialis
1683 5760 1808 5815 vero
1825 5750 1976 5817 cujus

407 5818 679 5888 inquisitio
735 5814 1061 5892 praeteritum
1094 5827 1330 5897 respicit,
1382 5831 1583 5889 duabus
1614 5816 1853 5906 partibus
1886 5814 1972 5899 se-

2090 1938 2356 2019 tnovetur,
2406 1967 2526 2006 cum
2567 1949 2735 2002 aliena
2768 1959 3032 2017 potestate
3062 1948 3259 2016 aliquid
3317 1948 3509 2000 factum
3540 1961 3661 2000 esse

2086 2044 2448 2097 contenditur.
2496 2041 2713 2095 Factum
2744 2056 2873 2093 vero
2912 2054 3031 2093 eum
3075 2041 3231 2103 alius,
3284 2049 3371 2091 aut
3404 2036 3657 2105 potuisse.

2086 2147 2175 2187 aut
2200 2134 2452 2188 debuisse
2483 2132 2658 2187 facere
2688 2132 3106 2186 demonstratur.
3154 2132 3326 2197 Atque
3360 2132 3469 2182 lm-c
3504 2131 3552 2183 in
3578 2129 3660 2182 his

2088 2227 2318 2279 maxime
2366 2227 2580 2288 valent,
2629 2228 2670 2277 si
2722 2224 2838 2291 ejus
2880 2223 3111 2277 nominis
3143 2226 3193 2275 in
3227 2237 3322 2275 nos
3354 2223 3661 2276 intendatur

2088 2322 2249 2382 actio,
2284 2317 2423 2385 quod
2455 2330 2559 2367 non
2594 2314 2873 2368 fecerimus
2900 2314 2950 2367 id
2974 2314 3114 2383 quod
3137 2314 3369 2381 oportuit
3392 2315 3526 2365 fieri.
3558 2313 3661 2366 Re-

2088 2409 2253 2460 fertur
2282 2407 2482 2460 crimcn
2512 2421 2631 2458 cum
2673 2406 2810 2473 iuste
2840 2408 2888 2457 itt
2915 2407 3144 2473 aliquem
3177 2404 3379 2459 facinus
3407 2404 3659 2458 cummis-

2086 2512 2202 2549 sum
2236 2510 2354 2550 esse
2381 2495 2738 2560 cmiten‘ditnr,
2772 2494 3023 2563 quoniam
3051 2496 3095 2548 is
3125 2496 3176 2547 in
3207 2510 3363 2563 quem
3408 2494 3660 2548 commis-

2087 2605 2201 2639 sum
2258 2588 2327 2641 sit
2376 2586 2602 2655 injurias
2650 2602 2793 2653 saepe
2843 2585 3036 2650 fuerit,
3086 2597 3243 2655 atque
3288 2587 3338 2639 id
3391 2587 3531 2654 quod
3580 2586 3662 2639 in—

2089 2676 2323 2730 tenditur
2370 2678 2560 2730 mernit
2607 2677 2734 2743 pati.
2765 2677 3106 2744 Comparatio
3137 2687 3247 2743 est,
3281 2693 3400 2730 cum
3444 2686 3661 2745 propter

2089 2766 2365 2821 meliorem
2399 2750 2767 2829 utiliorcm've,
2803 2769 2996 2820 factum
3026 2769 3164 2837 quod
3208 2768 3541 2821 adversarius
3579 2783 3660 2820 ar-

2084 2859 2197 2929 gttit
2223 2858 2566 2912 commissum
2612 2874 2761 2922 esse,
2792 2860 3115 2913 defenditur.
3149 2861 3344 2913 [lorum
3386 2875 3513 2913 vero
3543 2875 3659 2912 om-

2085 2950 2230 3001 nium
2278 2959 2403 3002 sunt
2452 2949 2682 3016 propriae
2736 2948 3082 3017 differentiae,
3130 2959 3289 3016 atque
3338 2950 3457 3002 ideo
3489 2950 3662 3002 minu-

2084 3039 2303 3092 tissima:
2348 3039 2640 3092 divisiones
2681 3055 2815 3107 quas
2861 3042 3135 3094 rhetorum
3180 3043 3229 3095 in
3283 3042 3366 3094 his
3410 3042 3661 3095 dor-endis

2083 3128 2520 3196 cxplicandisque
2550 3129 2840 3197 conscripti
2872 3131 2990 3184 libri
3033 3132 3333 3200 diligentius
3365 3132 3657 3186 continent.

2082 3218 2185 3272 Sed
2225 3233 2325 3272 nos
2372 3219 2486 3272 htec
2527 3234 2557 3273 a
2609 3221 2677 3273 Μ.
2725 3221 2897 3275 Tullio
2946 3224 3241 3289 sumpsisse
3281 3223 3529 3277 sufliciat.
3581 3225 3662 3278 Ad

2084 3309 2228 3364 aliud
2277 3310 2418 3364 enim
2470 3319 2578 3364 tota
2630 3313 2810 3381 operis
2844 3314 3058 3368 festinat
3098 3315 3339 3369 intentio.
3374 3314 3446 3370 De
3474 3316 3663 3385 quibus

2089 3402 2338 3456 omnibus
2368 3406 2467 3457 hoc
2495 3404 2884 3472 inspiciendum
2911 3415 2993 3459 est
3020 3407 3197 3460 modo.
3220 3407 3314 3460 -M.
3358 3400 3499 3460 enim
3539 3406 3664 3460 Tul-

2084 3495 2188 3549 lius
2230 3510 2508 3549 causarum
2542 3505 2719 3563 partes
2749 3498 3158 3551 constitutiones
3187 3512 3306 3553 esse
3332 3498 3664 3552 demonstrat

2083 3603 2149 3642 eo
2194 3588 2311 3641 loco
2358 3604 2462 3656 quo
2511 3599 2697 3643 contra
2748 3589 3126 3662 Hermagoram
3184 3592 3394 3656 nititur,
3448 3592 3661 3658 dicens,

2084 3680 2223 3749 quod
2252 3682 2294 3733 si
2325 3682 2535 3749 generis
2582 3696 2756 3735 causae
2797 3693 2979 3750 partes
3010 3699 3114 3736 non
3149 3694 3369 3752 possunt
3400 3694 3544 3738 recte
3571 3701 3664 3749 pu-

2084 3771 2208 3836 tari,
2227 3771 2393 3823 multo
2416 3771 2590 3825 minus
2614 3783 2775 3826 rectae
2799 3771 2883 3844 [F.
2909 3770 3072 3842 recte]
3098 3774 3265 3841 partis
3286 3788 3459 3828 causa:
3484 3785 3664 3844 partes

2083 3862 2426 3932 putabuntur.
2455 3861 2584 3915 Pars
2616 3872 2793 3916 autem
2825 3878 2998 3917 causa:
3020 3864 3530 3919 eonstitutio'omnis
3560 3872 3677 3929 est,’

2084 3962 2261 4021 partes
2305 3967 2479 4007 causa:
2527 3954 2935 4008 constitutiones
2984 3970 3103 4008 esse
3151 3956 3454 4025 designans.
3489 3957 3664 4024 Quare

2082 4041 2149 4097 de
2174 4058 2233 4096 rc
2263 4044 2428 4096 multa
2451 4045 2679 4111 quatstio
2708 4054 2790 4098 est
2811 4085 2825 4109 ,
2851 4045 3118 4112 quomodo
3165 4048 3308 4100 enim
3339 4058 3518 4116 partes
3547 4064 3672 4102 esse

2082 4134 2402 4203 putabantur
2448 4148 2641 4186 causze.
2686 4135 2739 4187 Si
2790 4138 2933 4189 enim
2984 4140 3051 4189 ita
3101 4148 3316 4204 partes,
3352 4150 3409 4191 ut
3448 4143 3659 4207 Species

2082 4227 2351 4291 quomodo
2392 4223 2503 4277 fieri
2538 4234 2709 4292 potest
2751 4236 2807 4278 ut
2861 4227 2913 4279 in
2945 4243 3045 4281 una
3073 4243 3230 4282 causa
3260 4230 3438 4298 plures
3464 4233 3662 4286 Consti-

2084 4319 2315 4369 tutiones
2348 4316 2489 4368 sint?
2532 4318 2661 4368 Nam
2702 4318 2907 4381 species
2934 4320 3030 4372 sibi
3062 4321 3285 4374 invicem
3318 4321 3664 4389 itnpermistte

2082 4416 2223 4459 sunt.
2259 4409 2328 4461 At
2358 4407 2573 4460 veniunt
2605 4406 2654 4460 in
2679 4422 2893 4461 causam
2940 4410 3181 4476 plurima:
3211 4414 3617 4468 constitutiones
3641 4457 3658 4482 ,

2083 4512 2187 4549 non
2215 4508 2339 4551 sunt
2371 4497 2530 4564 igitur
2560 4509 2742 4565 partes
2802 4515 3086 4554 causarum
3132 4503 3277 4556 velut
3316 4505 3521 4571 species
3551 4516 3660 4559 sta-

2005 4617 2059 4677 D
2084 4596 2186 4641 tus.
2217 4589 2353 4642 Illud
2377 4604 2587 4657 quoque
2608 4591 2749 4658 quod
2779 4593 2919 4645 nulla
2948 4593 3154 4660 species
3183 4595 3337 4648 aliam
3367 4596 3467 4650 sibi
3497 4611 3663 4667 oppo-

2080 4678 2236 4733 sitam
2289 4681 2520 4747 speciem
2576 4680 2642 4733 ad
2700 4682 3052 4736 substantiam
3106 4684 3291 4753 juvat,
3349 4687 3662 4740 constitutio

2082 4784 2210 4824 vero
2255 4770 2691 4825 constitutionem
2741 4773 3026 4827 conﬁrmat
3071 4777 3134 4828 ad
3170 4775 3349 4830 fidem.
3384 4777 3492 4830 Nec
3535 4794 3662 4831 vero

2085 4860 2197 4913 fieri
2227 4860 2398 4928 potest
2446 4872 2502 4914 ut
2547 4862 2617 4915 ita
2644 4864 2752 4917 sint
2783 4879 3060 4919 causarum
3089 4869 3238 4936 quasi
3271 4869 3432 4921 totius
3460 4879 3660 4938 partes,

2085 4951 2286 5004 nullum
2328 4952 2471 5005 enim
2516 4956 2867 5022 compositum
2896 4973 2962 5011 ex
2997 4975 3096 5012 una
3130 4970 3279 5029 parte
3309 4971 3475 5015 totum
3504 4972 3664 5033 atque

2086 5041 2348 5110 integrum
2396 5058 2518 5098 esse
2560 5053 2754 5110 potest.
2804 5047 2881 5102 Ac
2925 5048 2976 5102 in
3026 5064 3183 5103 causa
3213 5052 3519 5107 constitutio
3560 5069 3661 5107 una

2086 5128 2272 5211 idonea
2300 5142 2383 5187 est
2410 5135 2738 5190 constituere
2758 5152 2996 5193 causam.
3031 5140 3167 5207 Quid
3197 5142 3355 5211 igitur
3380 5153 3465 5197 est
3483 5143 3663 5198 dicen-

2086 5222 2242 5286 dmn,
2272 5234 2416 5292 patet
2444 5226 2529 5279 via
2560 5228 2773 5282 rationi.
2807 5229 2986 5299 Neque
3016 5232 3157 5285 enim
3188 5248 3363 5288 causa!
3394 5235 3510 5302 ejus
3541 5251 3664 5304 pars

2086 5313 2279 5366 dicitur
2318 5329 2443 5369 esse
2483 5320 2817 5385 constitutio,
2844 5337 2961 5389 qua:
2989 5339 3041 5376 tn
3071 5328 3487 5397 controversiam
3518 5330 3663 5383 venit

2085 5409 2139 5455 et
2161 5418 2314 5470 quam
2338 5414 2505 5458 status
2533 5410 2835 5476 constituit,
2864 5426 2984 5465 cum
3013 5417 3309 5482 praesertim
3335 5418 3422 5485 qui
3450 5418 3663 5473 additur

2085 5491 2150 5544 ad
2197 5507 2410 5547 causam
2452 5504 2659 5563 status,
2691 5516 2793 5555 una
2840 5502 2947 5568 jam
2997 5506 3375 5562 constitutione
3419 5508 3657 5574 firmata,

2085 5596 2189 5633 non
2218 5583 2291 5636 sit
2323 5586 2652 5655 principalis,
2684 5592 2775 5645 sed
2800 5595 3065 5662 accidens,
3097 5601 3328 5669 atquein
3360 5618 3465 5657 uno
3498 5619 3660 5674 nego-

2084 5672 2158 5723 tio
2200 5680 2276 5723 tot
2320 5676 2568 5730 eveniant
2605 5685 2985 5738 controversias
3016 5696 3144 5753 quot
3171 5700 3290 5744 sunt
3319 5672 3657 5748 conSIitutio-

2083 5774 2204 5823 nes,
2241 5762 2332 5815 sed
2378 5776 2506 5832 quot
2545 5775 2923 5829 controversia:
2975 5786 3053 5830 tot
3095 5794 3291 5835 caus-te.
3325 5784 3391 5838 Et
3418 5784 3537 5841 licet
3567 5804 3657 5844 eas

2082 5866 2242 5906 unum
2271 5857 2534 5914 contineat
2565 5865 2864 5935 negotium,
2906 5884 3079 5927 causae
3106 5882 3278 5931 tamen
3310 5875 3655 5949 impermista:
