  <div class='ocr_page' id='page_1' title='image "/cluster/home/n/w/nwhite01/storage/ocr_20150623/64/hvd.32044073505265/611.png"; bbox 0 0 4274 6272; ppageno 0'>
   <div class='ocr_carea' id='block_1_1' title="bbox 590 341 724 395">
    <p class='ocr_par' dir='ltr' id='par_1_1' title="bbox 590 341 724 395">
     <span class='ocr_line' id='line_1_1' title="bbox 590 341 724 395; baseline 0.015 -2"><span class='ocrx_word' id='word_1_1' title='bbox 590 341 724 395; x_wconf 51' lang='grc'><strong>»1211</strong></span> 
     </span>
    </p>
   </div>
   <div class='ocr_carea' id='block_1_2' title="bbox 1830 339 2627 403">
    <p class='ocr_par' dir='ltr' id='par_1_2' title="bbox 1830 339 2627 403">
     <span class='ocr_line' id='line_1_2' title="bbox 1830 339 2627 403; baseline -0.01 -2"><span class='ocrx_word' id='word_1_2' title='bbox 1830 347 1933 401; x_wconf 72' lang='lat' dir='ltr'><strong>AN.</strong></span> <span class='ocrx_word' id='word_1_3' title='bbox 1974 346 2179 403; x_wconf 80' lang='lat' dir='ltr'><strong>MANL.</strong></span> <span class='ocrx_word' id='word_1_4' title='bbox 2220 341 2367 399; x_wconf 84' lang='lat' dir='ltr'><strong>SEV.</strong></span> <span class='ocrx_word' id='word_1_5' title='bbox 2409 339 2627 394; x_wconf 74' lang='lat' dir='ltr'><strong>BOETII</strong></span> 
     </span>
    </p>
   </div>
   <div class='ocr_carea' id='block_1_3' title="bbox 3708 348 3844 400">
    <p class='ocr_par' dir='ltr' id='par_1_3' title="bbox 3708 348 3844 400">
     <span class='ocr_line' id='line_1_3' title="bbox 3708 348 3844 400; baseline 0 0"><span class='ocrx_word' id='word_1_6' title='bbox 3708 348 3844 400; x_wconf 67' lang='lat' dir='ltr'><strong>12H.</strong></span> 
     </span>
    </p>
   </div>
   <div class='ocr_carea' id='block_1_4' title="bbox 594 454 3838 530">
    <p class='ocr_par' dir='ltr' id='par_1_4' title="bbox 594 454 3838 530">
     <span class='ocr_line' id='line_1_4' title="bbox 594 454 3838 530; baseline 0 -19"><span class='ocrx_word' id='word_1_7' title='bbox 594 459 811 514; x_wconf 88' lang='lat' dir='ltr'><strong>sibimet</strong></span> <span class='ocrx_word' id='word_1_8' title='bbox 846 461 1113 514; x_wconf 78' lang='lat' dir='ltr'><strong>variantur</strong></span> <span class='ocrx_word' id='word_1_9' title='bbox 1147 477 1159 512; x_wconf 90' lang='lat'>:</span> <span class='ocrx_word' id='word_1_10' title='bbox 1193 469 1248 512; x_wconf 86' lang='lat' dir='ltr'><strong>ut</strong></span> <span class='ocrx_word' id='word_1_11' title='bbox 1276 460 1364 526; x_wconf 91' lang='lat' dir='ltr'><strong>qui</strong></span> <span class='ocrx_word' id='word_1_12' title='bbox 1392 459 1639 528; x_wconf 87' lang='lat' dir='ltr'><strong>juvenem</strong></span> <span class='ocrx_word' id='word_1_13' title='bbox 1684 458 1750 513; x_wconf 90' lang='lat' dir='ltr'><strong>de</strong></span> <span class='ocrx_word' id='word_1_14' title='bbox 1795 462 2033 528; x_wconf 81' lang='lat' dir='ltr'><strong>lupanari</strong></span> <span class='ocrx_word' id='word_1_15' title='bbox 2074 478 2167 516; x_wconf 73' lang='lat' dir='ltr'><strong>es-</strong></span> <span class='ocrx_word' id='word_1_16' title='bbox 2196 465 2242 521; x_wconf 77' lang='grc' dir='ltr'><strong>Α</strong></span> <span class='ocrx_word' id='word_1_17' title='bbox 2269 473 2383 510; x_wconf 85' lang='lat' dir='ltr'><strong>sam</strong></span> <span class='ocrx_word' id='word_1_18' title='bbox 2427 456 2743 520; x_wconf 89' lang='lat' dir='ltr'><strong>accesserit,</strong></span> <span class='ocrx_word' id='word_1_19' title='bbox 2787 454 2943 509; x_wconf 90' lang='lat' dir='ltr'><strong>faciet</strong></span> <span class='ocrx_word' id='word_1_20' title='bbox 2981 456 3213 509; x_wconf 81' lang='lat' dir='ltr'><strong>officium</strong></span> <span class='ocrx_word' id='word_1_21' title='bbox 3257 471 3442 523; x_wconf 90' lang='lat' dir='ltr'><strong>suum;</strong></span> <span class='ocrx_word' id='word_1_22' title='bbox 3492 458 3627 513; x_wconf 85' lang='lat' dir='ltr'><strong>bene</strong></span> <span class='ocrx_word' id='word_1_23' title='bbox 3676 460 3838 530; x_wconf 83' lang='lat' dir='ltr'><strong>igitur</strong></span> 
     </span>
    </p>
   </div>
   <div class='ocr_carea' id='block_1_5' title="bbox 594 548 2162 618">
    <p class='ocr_par' dir='ltr' id='par_1_5' title="bbox 594 548 2162 618">
     <span class='ocr_line' id='line_1_5' title="bbox 594 548 2162 618; baseline -0.001 -15"><span class='ocrx_word' id='word_1_24' title='bbox 594 559 806 603; x_wconf 58' lang='lat' dir='ltr'><strong>euntem</strong></span> <span class='ocrx_word' id='word_1_25' title='bbox 846 549 1009 613; x_wconf 84' lang='lat' dir='ltr'><strong>vidit,</strong></span> <span class='ocrx_word' id='word_1_26' title='bbox 1061 550 1219 618; x_wconf 89' lang='lat' dir='ltr'><strong>paulo</strong></span> <span class='ocrx_word' id='word_1_27' title='bbox 1262 559 1381 617; x_wconf 89' lang='lat' dir='ltr'><strong>post</strong></span> <span class='ocrx_word' id='word_1_28' title='bbox 1420 550 1487 602; x_wconf 92' lang='lat' dir='ltr'><strong>de</strong></span> <span class='ocrx_word' id='word_1_29' title='bbox 1538 548 1724 602; x_wconf 87' lang='lat' dir='ltr'><strong>eodem</strong></span> <span class='ocrx_word' id='word_1_30' title='bbox 1776 548 1891 603; x_wconf 91' lang='lat' dir='ltr'><strong>loco</strong></span> <span class='ocrx_word' id='word_1_31' title='bbox 1942 565 2162 605; x_wconf 88' lang='lat' dir='ltr'><strong>uxorem</strong></span> 
     </span>
    </p>
   </div>
   <div class='ocr_carea' id='block_1_6' title="bbox 595 639 2164 710">
    <p class='ocr_par' dir='ltr' id='par_1_6' title="bbox 595 639 2164 710">
     <span class='ocr_line' id='line_1_6' title="bbox 595 639 2164 710; baseline 0.001 -16"><span class='ocrx_word' id='word_1_32' title='bbox 595 657 743 695; x_wconf 83' lang='lat' dir='ltr'><strong>suam</strong></span> <span class='ocrx_word' id='word_1_33' title='bbox 771 642 899 694; x_wconf 73' lang='lat' dir='ltr'><strong>vidit</strong></span> <span class='ocrx_word' id='word_1_34' title='bbox 929 654 1221 710; x_wconf 83' lang='lat' dir='ltr'><strong>egressam,</strong></span> <span class='ocrx_word' id='word_1_35' title='bbox 1252 648 1466 695; x_wconf 85' lang='lat' dir='ltr'><strong>accusat</strong></span> <span class='ocrx_word' id='word_1_36' title='bbox 1486 639 1737 709; x_wconf 83' lang='lat' dir='ltr'><strong>juvenem</strong></span> <span class='ocrx_word' id='word_1_37' title='bbox 1769 640 2047 695; x_wconf 86' lang='lat' dir='ltr'><strong>adulterii:</strong></span> <span class='ocrx_word' id='word_1_38' title='bbox 2081 640 2164 695; x_wconf 87' lang='lat' dir='ltr'><strong>hic</strong></span> 
     </span>
    </p>
   </div>
   <div class='ocr_carea' id='block_1_7' title="bbox 596 732 2162 801">
    <p class='ocr_par' dir='ltr' id='par_1_7' title="bbox 596 732 2162 801">
     <span class='ocr_line' id='line_1_7' title="bbox 596 732 2162 801; baseline 0.001 -17"><span class='ocrx_word' id='word_1_39' title='bbox 596 749 757 786; x_wconf 90' lang='lat' dir='ltr'><strong>unum</strong></span> <span class='ocrx_word' id='word_1_40' title='bbox 787 735 1075 801; x_wconf 79' lang='lat' dir='ltr'><strong>negotium,</strong></span> <span class='ocrx_word' id='word_1_41' title='bbox 1108 736 1209 787; x_wconf 84' lang='lat' dir='ltr'><strong>hoc</strong></span> <span class='ocrx_word' id='word_1_42' title='bbox 1234 732 1373 800; x_wconf 89' lang='lat' dir='ltr'><strong>quod</strong></span> <span class='ocrx_word' id='word_1_43' title='bbox 1415 734 1638 786; x_wconf 80' lang='lat' dir='ltr'><strong>vertitur</strong></span> <span class='ocrx_word' id='word_1_44' title='bbox 1660 741 1762 798; x_wconf 89' lang='lat' dir='ltr'><strong>est,</strong></span> <span class='ocrx_word' id='word_1_45' title='bbox 1794 747 1965 787; x_wconf 72' lang='lat' dir='ltr'><strong>causa:</strong></span> <span class='ocrx_word' id='word_1_46' title='bbox 1986 744 2162 787; x_wconf 90' lang='lat' dir='ltr'><strong>autem</strong></span> 
     </span>
    </p>
   </div>
   <div class='ocr_carea' id='block_1_8' title="bbox 594 824 2164 893">
    <p class='ocr_par' dir='ltr' id='par_1_8' title="bbox 594 824 2164 893">
     <span class='ocr_line' id='line_1_8' title="bbox 594 824 2164 893; baseline 0.003 -18"><span class='ocrx_word' id='word_1_47' title='bbox 594 828 713 879; x_wconf 78' lang='lat' dir='ltr'><strong>duae</strong></span> <span class='ocrx_word' id='word_1_48' title='bbox 757 843 770 877; x_wconf 92' lang='lat'><strong>:</strong></span> <span class='ocrx_word' id='word_1_49' title='bbox 804 840 905 878; x_wconf 90' lang='lat' dir='ltr'><strong>una</strong></span> <span class='ocrx_word' id='word_1_50' title='bbox 933 825 1308 893; x_wconf 82' lang='lat' dir='ltr'><strong>cnnjecturalis</strong></span> <span class='ocrx_word' id='word_1_51' title='bbox 1330 865 1346 890; x_wconf 95' lang='lat'><strong>,</strong></span> <span class='ocrx_word' id='word_1_52' title='bbox 1376 825 1418 877; x_wconf 90' lang='lat' dir='ltr'><strong>si</strong></span> <span class='ocrx_word' id='word_1_53' title='bbox 1462 836 1617 893; x_wconf 82' lang='lat' dir='ltr'><strong>neget</strong></span> <span class='ocrx_word' id='word_1_54' title='bbox 1660 840 1719 878; x_wconf 85' lang='lat' dir='ltr'><strong>se</strong></span> <span class='ocrx_word' id='word_1_55' title='bbox 1749 824 1971 889; x_wconf 79' lang='lat' dir='ltr'><strong>fecisse;</strong></span> <span class='ocrx_word' id='word_1_56' title='bbox 2001 826 2164 879; x_wconf 89' lang='lat' dir='ltr'><strong>altera</strong></span> 
     </span>
    </p>
   </div>
   <div class='ocr_carea' id='block_1_9' title="bbox 596 916 2166 985">
    <p class='ocr_par' dir='ltr' id='par_1_9' title="bbox 596 916 2166 985">
     <span class='ocr_line' id='line_1_9' title="bbox 596 916 2166 985; baseline 0.002 -17"><span class='ocrx_word' id='word_1_57' title='bbox 596 916 871 969; x_wconf 74' lang='lat' dir='ltr'><strong>dil’ftnitiva</strong></span> <span class='ocrx_word' id='word_1_58' title='bbox 896 961 911 983; x_wconf 85' lang='lat'><strong>,</strong></span> <span class='ocrx_word' id='word_1_59' title='bbox 937 916 982 969; x_wconf 92' lang='lat' dir='ltr'><strong>si</strong></span> <span class='ocrx_word' id='word_1_60' title='bbox 1007 918 1058 969; x_wconf 94' lang='lat' dir='ltr'><strong>in</strong></span> <span class='ocrx_word' id='word_1_61' title='bbox 1084 916 1322 984; x_wconf 86' lang='lat' dir='ltr'><strong>lupanari</strong></span> <span class='ocrx_word' id='word_1_62' title='bbox 1350 916 1686 970; x_wconf 83' lang='lat' dir='ltr'><strong>concubitum</strong></span> <span class='ocrx_word' id='word_1_63' title='bbox 1710 918 1852 970; x_wconf 81' lang='lat' dir='ltr'><strong>dieat</strong></span> <span class='ocrx_word' id='word_1_64' title='bbox 1883 933 1986 969; x_wconf 93' lang='lat' dir='ltr'><strong>non</strong></span> <span class='ocrx_word' id='word_1_65' title='bbox 2012 933 2166 985; x_wconf 84' lang='lat' dir='ltr'><strong>posse</strong></span> 
     </span>
    </p>
   </div>
   <div class='ocr_carea' id='block_1_10' title="bbox 596 1004 2169 1073">
    <p class='ocr_par' dir='ltr' id='par_1_10' title="bbox 596 1004 2169 1073">
     <span class='ocr_line' id='line_1_10' title="bbox 596 1004 2169 1073; baseline -0.001 -16"><span class='ocrx_word' id='word_1_66' title='bbox 596 1005 914 1059; x_wconf 86' lang='lat' dir='ltr'><strong>adulterium</strong></span> <span class='ocrx_word' id='word_1_67' title='bbox 948 1006 1141 1073; x_wconf 90' lang='lat' dir='ltr'><strong>putari.</strong></span> <span class='ocrx_word' id='word_1_68' title='bbox 1174 1004 1278 1059; x_wconf 87' lang='lat' dir='ltr'><strong>Sed</strong></span> <span class='ocrx_word' id='word_1_69' title='bbox 1315 1019 1486 1073; x_wconf 91' lang='lat' dir='ltr'><strong>neque</strong></span> <span class='ocrx_word' id='word_1_70' title='bbox 1513 1004 1725 1073; x_wconf 80' lang='lat' dir='ltr'><strong>neganti</strong></span> <span class='ocrx_word' id='word_1_71' title='bbox 1759 1018 1879 1072; x_wconf 90' lang='lat' dir='ltr'><strong>pars</strong></span> <span class='ocrx_word' id='word_1_72' title='bbox 1920 1014 2003 1059; x_wconf 89' lang='lat' dir='ltr'><strong>est</strong></span> <span class='ocrx_word' id='word_1_73' title='bbox 2028 1005 2169 1073; x_wconf 86' lang='lat' dir='ltr'><strong>ejus-</strong></span> 
     </span>
    </p>
   </div>
   <div class='ocr_carea' id='block_1_11' title="bbox 597 1092 2167 1162">
    <p class='ocr_par' dir='ltr' id='par_1_11' title="bbox 597 1092 2167 1162">
     <span class='ocr_line' id='line_1_11' title="bbox 597 1092 2167 1162; baseline -0.001 -15"><span class='ocrx_word' id='word_1_74' title='bbox 597 1097 718 1149; x_wconf 85' lang='lat' dir='ltr'><strong>dem</strong></span> <span class='ocrx_word' id='word_1_75' title='bbox 760 1097 1141 1149; x_wconf 73' lang='lat' dir='ltr'><strong>controversia:</strong></span> <span class='ocrx_word' id='word_1_76' title='bbox 1182 1094 1556 1161; x_wconf 86' lang='lat' dir='ltr'><strong>conjecturalis</strong></span> <span class='ocrx_word' id='word_1_77' title='bbox 1582 1102 1783 1156; x_wconf 89' lang='lat' dir='ltr'><strong>status,</strong></span> <span class='ocrx_word' id='word_1_78' title='bbox 1818 1108 1988 1162; x_wconf 91' lang='lat' dir='ltr'><strong>neque</strong></span> <span class='ocrx_word' id='word_1_79' title='bbox 2020 1092 2167 1147; x_wconf 86' lang='lat' dir='ltr'><strong>diffi-</strong></span> 
     </span>
    </p>
   </div>
   <div class='ocr_carea' id='block_1_12' title="bbox 598 1184 2166 1250">
    <p class='ocr_par' dir='ltr' id='par_1_12' title="bbox 598 1184 2166 1250">
     <span class='ocr_line' id='line_1_12' title="bbox 598 1184 2166 1250; baseline -0.001 -12"><span class='ocrx_word' id='word_1_80' title='bbox 598 1186 1059 1250; x_wconf 87' lang='lat' dir='ltr'><strong>nicntidifftnitio;</strong></span> <span class='ocrx_word' id='word_1_81' title='bbox 1086 1196 1247 1239; x_wconf 92' lang='lat' dir='ltr'><strong>totam</strong></span> <span class='ocrx_word' id='word_1_82' title='bbox 1272 1186 1411 1238; x_wconf 90' lang='lat' dir='ltr'><strong>enim</strong></span> <span class='ocrx_word' id='word_1_83' title='bbox 1430 1184 1666 1238; x_wconf 86' lang='lat' dir='ltr'><strong>continet</strong></span> <span class='ocrx_word' id='word_1_84' title='bbox 1688 1199 1918 1237; x_wconf 89' lang='lat' dir='ltr'><strong>causam.</strong></span> <span class='ocrx_word' id='word_1_85' title='bbox 1945 1184 2166 1237; x_wconf 85' lang='lat' dir='ltr'><strong>Causam</strong></span> 
     </span>
    </p>
   </div>
   <div class='ocr_carea' id='block_1_13' title="bbox 600 1274 2167 1345">
    <p class='ocr_par' dir='ltr' id='par_1_13' title="bbox 600 1274 2167 1345">
     <span class='ocr_line' id='line_1_13' title="bbox 600 1274 2167 1345; baseline -0.001 -16"><span class='ocrx_word' id='word_1_86' title='bbox 600 1289 775 1331; x_wconf 89' lang='lat' dir='ltr'><strong>autem</strong></span> <span class='ocrx_word' id='word_1_87' title='bbox 800 1293 929 1330; x_wconf 83' lang='lat' dir='ltr'><strong>voco</strong></span> <span class='ocrx_word' id='word_1_88' title='bbox 952 1292 1055 1330; x_wconf 92' lang='lat' dir='ltr'><strong>non</strong></span> <span class='ocrx_word' id='word_1_89' title='bbox 1079 1276 1417 1345; x_wconf 78' lang='lat' dir='ltr'><strong>generaliter,</strong></span> <span class='ocrx_word' id='word_1_90' title='bbox 1438 1275 1532 1329; x_wconf 91' lang='lat' dir='ltr'><strong>sed</strong></span> <span class='ocrx_word' id='word_1_91' title='bbox 1554 1275 1970 1329; x_wconf 87' lang='lat' dir='ltr'><strong>controversiam</strong></span> <span class='ocrx_word' id='word_1_92' title='bbox 1993 1274 2167 1343; x_wconf 90' lang='lat' dir='ltr'><strong>aliqua</strong></span> 
     </span>
    </p>
   </div>
   <div class='ocr_carea' id='block_1_14' title="bbox 599 1368 2169 1423">
    <p class='ocr_par' dir='ltr' id='par_1_14' title="bbox 599 1368 2169 1423">
     <span class='ocr_line' id='line_1_14' title="bbox 599 1368 2169 1423; baseline -0.001 0"><span class='ocrx_word' id='word_1_93' title='bbox 599 1371 975 1423; x_wconf 88' lang='lat' dir='ltr'><strong>constitutione</strong></span> <span class='ocrx_word' id='word_1_94' title='bbox 1018 1369 1313 1422; x_wconf 80' lang='lat' dir='ltr'><strong>formatam.</strong></span> <span class='ocrx_word' id='word_1_95' title='bbox 1372 1369 1508 1423; x_wconf 89' lang='lat' dir='ltr'><strong>Sunt</strong></span> <span class='ocrx_word' id='word_1_96' title='bbox 1554 1378 1729 1421; x_wconf 89' lang='lat' dir='ltr'><strong>autem</strong></span> <span class='ocrx_word' id='word_1_97' title='bbox 1772 1368 2169 1422; x_wconf 90' lang='lat' dir='ltr'><strong>constitutionis</strong></span> 
     </span>
    </p>
   </div>
   <div class='ocr_carea' id='block_1_15' title="bbox 596 1460 2171 1529">
    <p class='ocr_par' dir='ltr' id='par_1_15' title="bbox 596 1460 2171 1529">
     <span class='ocr_line' id='line_1_15' title="bbox 596 1460 2171 1529; baseline -0.001 -15"><span class='ocrx_word' id='word_1_98' title='bbox 596 1472 773 1529; x_wconf 69' lang='lat' dir='ltr'><strong>partes</strong></span> <span class='ocrx_word' id='word_1_99' title='bbox 819 1475 992 1513; x_wconf 70' lang='lat' dir='ltr'><strong>causae</strong></span> <span class='ocrx_word' id='word_1_100' title='bbox 1033 1460 1295 1529; x_wconf 77' lang='lat' dir='ltr'><strong>generalis</strong></span> <span class='ocrx_word' id='word_1_101' title='bbox 1337 1463 1436 1512; x_wconf 83' lang='lat' dir='ltr'><strong>ltoc</strong></span> <span class='ocrx_word' id='word_1_102' title='bbox 1478 1460 1635 1511; x_wconf 88' lang='lat' dir='ltr'><strong>modo</strong></span> <span class='ocrx_word' id='word_1_103' title='bbox 1670 1476 1683 1511; x_wconf 88' lang='lat'><strong>:</strong></span> <span class='ocrx_word' id='word_1_104' title='bbox 1725 1461 1768 1513; x_wconf 90' lang='lat' dir='ltr'><strong>si</strong></span> <span class='ocrx_word' id='word_1_105' title='bbox 1815 1460 1957 1513; x_wconf 87' lang='lat' dir='ltr'><strong>enim</strong></span> <span class='ocrx_word' id='word_1_106' title='bbox 1997 1460 2171 1512; x_wconf 89' lang='lat' dir='ltr'><strong>omnis</strong></span> 
     </span>
    </p>
   </div>
   <div class='ocr_carea' id='block_1_16' title="bbox 599 1549 2169 1617">
    <p class='ocr_par' dir='ltr' id='par_1_16' title="bbox 599 1549 2169 1617">
     <span class='ocr_line' id='line_1_16' title="bbox 599 1549 2169 1617; baseline 0 -16"><span class='ocrx_word' id='word_1_107' title='bbox 599 1564 759 1602; x_wconf 85' lang='lat' dir='ltr'><strong>causa</strong></span> <span class='ocrx_word' id='word_1_108' title='bbox 788 1549 1162 1617; x_wconf 85' lang='lat' dir='ltr'><strong>conjecturalis</strong></span> <span class='ocrx_word' id='word_1_109' title='bbox 1190 1558 1362 1615; x_wconf 83' lang='lat' dir='ltr'><strong>esset,</strong></span> <span class='ocrx_word' id='word_1_110' title='bbox 1397 1565 1494 1601; x_wconf 91' lang='lat' dir='ltr'><strong>nec</strong></span> <span class='ocrx_word' id='word_1_111' title='bbox 1523 1552 1657 1602; x_wconf 90' lang='lat' dir='ltr'><strong>alius</strong></span> <span class='ocrx_word' id='word_1_112' title='bbox 1698 1559 1866 1602; x_wconf 82' lang='lat' dir='ltr'><strong>status</strong></span> <span class='ocrx_word' id='word_1_113' title='bbox 1908 1550 2169 1601; x_wconf 90' lang='lat' dir='ltr'><strong>invenire-</strong></span> 
     </span>
    </p>
   </div>
   <div class='ocr_carea' id='block_1_17' title="bbox 598 1638 2169 1708">
    <p class='ocr_par' dir='ltr' id='par_1_17' title="bbox 598 1638 2169 1708">
     <span class='ocr_line' id='line_1_17' title="bbox 598 1638 2169 1708; baseline 0.001 -17"><span class='ocrx_word' id='word_1_114' title='bbox 598 1650 709 1704; x_wconf 88' lang='lat' dir='ltr'><strong>tur,</strong></span> <span class='ocrx_word' id='word_1_115' title='bbox 745 1655 849 1692; x_wconf 91' lang='lat' dir='ltr'><strong>non</strong></span> <span class='ocrx_word' id='word_1_116' title='bbox 894 1650 1040 1692; x_wconf 86' lang='lat' dir='ltr'><strong>esset</strong></span> <span class='ocrx_word' id='word_1_117' title='bbox 1077 1649 1245 1692; x_wconf 79' lang='lat' dir='ltr'><strong>status</strong></span> <span class='ocrx_word' id='word_1_118' title='bbox 1285 1639 1655 1706; x_wconf 77' lang='lat' dir='ltr'><strong>conjecturalis</strong></span> <span class='ocrx_word' id='word_1_119' title='bbox 1692 1656 1864 1692; x_wconf 71' lang='lat' dir='ltr'><strong>causa:</strong></span> <span class='ocrx_word' id='word_1_120' title='bbox 1892 1655 2043 1708; x_wconf 86' lang='lat' dir='ltr'><strong>pars,</strong></span> <span class='ocrx_word' id='word_1_121' title='bbox 2076 1638 2169 1693; x_wconf 90' lang='lat' dir='ltr'><strong>sed</strong></span> 
     </span>
    </p>
   </div>
   <div class='ocr_carea' id='block_1_18' title="bbox 603 1730 2169 1798">
    <p class='ocr_par' dir='ltr' id='par_1_18' title="bbox 603 1730 2169 1798">
     <span class='ocr_line' id='line_1_18' title="bbox 603 1730 2169 1798; baseline 0.001 -16"><span class='ocrx_word' id='word_1_122' title='bbox 603 1732 715 1798; x_wconf 90' lang='lat' dir='ltr'><strong>ipsa</strong></span> <span class='ocrx_word' id='word_1_123' title='bbox 758 1746 916 1782; x_wconf 89' lang='lat' dir='ltr'><strong>causa</strong></span> <span class='ocrx_word' id='word_1_124' title='bbox 940 1739 1082 1783; x_wconf 84' lang='lat' dir='ltr'><strong>esset</strong></span> <span class='ocrx_word' id='word_1_125' title='bbox 1107 1730 1219 1782; x_wconf 84' lang='lat' dir='ltr'><strong>sine</strong></span> <span class='ocrx_word' id='word_1_126' title='bbox 1246 1730 1408 1783; x_wconf 88' lang='lat' dir='ltr'><strong>dubio</strong></span> <span class='ocrx_word' id='word_1_127' title='bbox 1435 1730 1769 1796; x_wconf 87' lang='lat' dir='ltr'><strong>conjectura;</strong></span> <span class='ocrx_word' id='word_1_128' title='bbox 1801 1732 1896 1783; x_wconf 89' lang='lat' dir='ltr'><strong>sed</strong></span> <span class='ocrx_word' id='word_1_129' title='bbox 1922 1731 2169 1798; x_wconf 90' lang='lat' dir='ltr'><strong>quoniam</strong></span> 
     </span>
    </p>
   </div>
   <div class='ocr_carea' id='block_1_19' title="bbox 2265 546 3840 613">
    <p class='ocr_par' dir='ltr' id='par_1_19' title="bbox 2265 546 3840 613">
     <span class='ocr_line' id='line_1_19' title="bbox 2265 546 3840 613; baseline 0.003 -14"><span class='ocrx_word' id='word_1_130' title='bbox 2265 548 2407 600; x_wconf 88' lang='lat' dir='ltr'><strong>dicet</strong></span> <span class='ocrx_word' id='word_1_131' title='bbox 2431 548 2480 598; x_wconf 91' lang='lat' dir='ltr'><strong>in</strong></span> <span class='ocrx_word' id='word_1_132' title='bbox 2508 546 2649 597; x_wconf 90' lang='lat' dir='ltr'><strong>omni</strong></span> <span class='ocrx_word' id='word_1_133' title='bbox 2680 560 2875 613; x_wconf 82' lang='lat' dir='ltr'><strong>genere</strong></span> <span class='ocrx_word' id='word_1_134' title='bbox 2895 560 3212 611; x_wconf 90' lang='lat' dir='ltr'><strong>causarum,</strong></span> <span class='ocrx_word' id='word_1_135' title='bbox 3237 557 3289 600; x_wconf 89' lang='lat' dir='ltr'><strong>et</strong></span> <span class='ocrx_word' id='word_1_136' title='bbox 3323 548 3373 601; x_wconf 92' lang='lat' dir='ltr'><strong>in</strong></span> <span class='ocrx_word' id='word_1_137' title='bbox 3406 549 3547 601; x_wconf 92' lang='lat' dir='ltr'><strong>omni</strong></span> <span class='ocrx_word' id='word_1_138' title='bbox 3579 554 3840 604; x_wconf 71' lang='lat' dir='ltr'><strong>consuitu-</strong></span> 
     </span>
    </p>
   </div>
   <div class='ocr_carea' id='block_1_20' title="bbox 2269 636 3838 697">
    <p class='ocr_par' dir='ltr' id='par_1_20' title="bbox 2269 636 3838 697">
     <span class='ocr_line' id='line_1_20' title="bbox 2269 636 3838 697; baseline 0.003 -8"><span class='ocrx_word' id='word_1_139' title='bbox 2269 640 2440 697; x_wconf 87' lang='lat' dir='ltr'><strong>tione,</strong></span> <span class='ocrx_word' id='word_1_140' title='bbox 2490 636 2646 688; x_wconf 83' lang='lat' dir='ltr'><strong>faciet</strong></span> <span class='ocrx_word' id='word_1_141' title='bbox 2690 636 2848 689; x_wconf 90' lang='lat' dir='ltr'><strong>etiam</strong></span> <span class='ocrx_word' id='word_1_142' title='bbox 2883 637 3076 697; x_wconf 89' lang='lat' dir='ltr'><strong>linem,</strong></span> <span class='ocrx_word' id='word_1_143' title='bbox 3113 645 3221 689; x_wconf 93' lang='lat' dir='ltr'><strong>tum</strong></span> <span class='ocrx_word' id='word_1_144' title='bbox 3271 647 3325 689; x_wconf 92' lang='lat' dir='ltr'><strong>ut</strong></span> <span class='ocrx_word' id='word_1_145' title='bbox 3359 637 3496 692; x_wconf 91' lang='lat' dir='ltr'><strong>bene</strong></span> <span class='ocrx_word' id='word_1_146' title='bbox 3539 638 3739 693; x_wconf 78' lang='lat' dir='ltr'><strong>dixerit</strong></span> <span class='ocrx_word' id='word_1_147' title='bbox 3787 641 3838 694; x_wconf 93' lang='lat' dir='ltr'><strong>in</strong></span> 
     </span>
    </p>
   </div>
   <div class='ocr_carea' id='block_1_21' title="bbox 2266 727 3843 798">
    <p class='ocr_par' dir='ltr' id='par_1_21' title="bbox 2266 727 3843 798">
     <span class='ocr_line' id='line_1_21' title="bbox 2266 727 3843 798; baseline 0.004 -18"><span class='ocrx_word' id='word_1_148' title='bbox 2266 728 2408 780; x_wconf 91' lang='lat' dir='ltr'><strong>omni</strong></span> <span class='ocrx_word' id='word_1_149' title='bbox 2439 727 2852 791; x_wconf 86' lang='lat' dir='ltr'><strong>constitutione,</strong></span> <span class='ocrx_word' id='word_1_150' title='bbox 2888 738 2995 780; x_wconf 90' lang='lat' dir='ltr'><strong>tum</strong></span> <span class='ocrx_word' id='word_1_151' title='bbox 3028 739 3085 781; x_wconf 93' lang='lat' dir='ltr'><strong>ut</strong></span> <span class='ocrx_word' id='word_1_152' title='bbox 3117 730 3459 795; x_wconf 79' lang='lat' dir='ltr'><strong>persuaserit.</strong></span> <span class='ocrx_word' id='word_1_153' title='bbox 3508 730 3581 783; x_wconf 81' lang='lat' dir='ltr'><strong>De</strong></span> <span class='ocrx_word' id='word_1_154' title='bbox 3621 732 3843 798; x_wconf 79' lang='lat' dir='ltr'><strong>singulis</strong></span> 
     </span>
    </p>
   </div>
   <div class='ocr_carea' id='block_1_22' title="bbox 2267 818 3843 887">
    <p class='ocr_par' dir='ltr' id='par_1_22' title="bbox 2267 818 3843 887">
     <span class='ocr_line' id='line_1_22' title="bbox 2267 818 3843 887; baseline 0.003 -15"><span class='ocrx_word' id='word_1_155' title='bbox 2267 820 2423 887; x_wconf 79' lang='lat' dir='ltr'><strong>igitur</strong></span> <span class='ocrx_word' id='word_1_156' title='bbox 2451 836 2589 872; x_wconf 91' lang='lat' dir='ltr'><strong>nunc</strong></span> <span class='ocrx_word' id='word_1_157' title='bbox 2610 818 2826 887; x_wconf 85' lang='lat' dir='ltr'><strong>quidem</strong></span> <span class='ocrx_word' id='word_1_158' title='bbox 2854 820 2904 871; x_wconf 87' lang='lat' dir='ltr'><strong>iit</strong></span> <span class='ocrx_word' id='word_1_159' title='bbox 2930 834 3212 873; x_wconf 86' lang='lat' dir='ltr'><strong>commune</strong></span> <span class='ocrx_word' id='word_1_160' title='bbox 3235 822 3600 873; x_wconf 90' lang='lat' dir='ltr'><strong>tractavimus.</strong></span> <span class='ocrx_word' id='word_1_161' title='bbox 3634 822 3711 874; x_wconf 89' lang='lat' dir='ltr'><strong>De</strong></span> <span class='ocrx_word' id='word_1_162' title='bbox 3735 838 3843 876; x_wconf 88' lang='lat' dir='ltr'><strong>uno</strong></span> 
     </span>
    </p>
   </div>
   <div class='ocr_carea' id='block_1_23' title="bbox 2268 909 3842 979">
    <p class='ocr_par' dir='ltr' id='par_1_23' title="bbox 2268 909 3842 979">
     <span class='ocr_line' id='line_1_23' title="bbox 2268 909 3842 979; baseline 0.003 -18"><span class='ocrx_word' id='word_1_163' title='bbox 2268 926 2477 979; x_wconf 87' lang='lat' dir='ltr'><strong>quoque</strong></span> <span class='ocrx_word' id='word_1_164' title='bbox 2501 926 2625 963; x_wconf 81' lang='lat' dir='ltr'><strong>Vero</strong></span> <span class='ocrx_word' id='word_1_165' title='bbox 2648 909 2930 977; x_wconf 83' lang='lat' dir='ltr'><strong>separatim</strong></span> <span class='ocrx_word' id='word_1_166' title='bbox 2962 920 3110 978; x_wconf 88' lang='lat' dir='ltr'><strong>post,</strong></span> <span class='ocrx_word' id='word_1_167' title='bbox 3138 910 3182 962; x_wconf 91' lang='lat' dir='ltr'><strong>si</strong></span> <span class='ocrx_word' id='word_1_168' title='bbox 3205 911 3303 963; x_wconf 91' lang='lat' dir='ltr'><strong>erit</strong></span> <span class='ocrx_word' id='word_1_169' title='bbox 3328 914 3667 964; x_wconf 87' lang='lat' dir='ltr'><strong>commodum</strong></span> <span class='ocrx_word' id='word_1_170' title='bbox 3691 952 3705 975; x_wconf 92' lang='lat'><strong>,</strong></span> <span class='ocrx_word' id='word_1_171' title='bbox 3732 913 3842 967; x_wconf 87' lang='lat' dir='ltr'><strong>dis-</strong></span> 
     </span>
    </p>
   </div>
   <div class='ocr_carea' id='block_1_24' title="bbox 2268 1000 3843 1069">
    <p class='ocr_par' dir='ltr' id='par_1_24' title="bbox 2268 1000 3843 1069">
     <span class='ocr_line' id='line_1_24' title="bbox 2268 1000 3843 1069; baseline 0.002 -14"><span class='ocrx_word' id='word_1_172' title='bbox 2268 1017 2530 1057; x_wconf 90' lang='lat' dir='ltr'><strong>seremus.</strong></span> <span class='ocrx_word' id='word_1_173' title='bbox 2566 1005 2733 1069; x_wconf 87' lang='lat' dir='ltr'><strong>Atque</strong></span> <span class='ocrx_word' id='word_1_174' title='bbox 2765 1001 2879 1053; x_wconf 72' lang='lat' dir='ltr'><strong>ltmc</strong></span> <span class='ocrx_word' id='word_1_175' title='bbox 2911 1000 3188 1055; x_wconf 83' lang='lat' dir='ltr'><strong>hactenus.</strong></span> <span class='ocrx_word' id='word_1_176' title='bbox 3224 1000 3375 1055; x_wconf 70' lang='lat' dir='ltr'><strong>Nunc</strong></span> <span class='ocrx_word' id='word_1_177' title='bbox 3416 1002 3483 1053; x_wconf 89' lang='lat' dir='ltr'><strong>de</strong></span> <span class='ocrx_word' id='word_1_178' title='bbox 3530 1004 3843 1059; x_wconf 86' lang='lat' dir='ltr'><strong>inventione</strong></span> 
     </span>
    </p>
   </div>
   <div class='ocr_carea' id='block_1_25' title="bbox 2270 1090 3842 1159">
    <p class='ocr_par' dir='ltr' id='par_1_25' title="bbox 2270 1090 3842 1159">
     <span class='ocr_line' id='line_1_25' title="bbox 2270 1090 3842 1159; baseline 0.003 -15"><span class='ocrx_word' id='word_1_179' title='bbox 2270 1094 2597 1146; x_wconf 88' lang='lat' dir='ltr'><strong>tractandum</strong></span> <span class='ocrx_word' id='word_1_180' title='bbox 2629 1102 2727 1143; x_wconf 85' lang='lat' dir='ltr'><strong>est.</strong></span> <span class='ocrx_word' id='word_1_181' title='bbox 2764 1091 2968 1144; x_wconf 83' lang='lat' dir='ltr'><strong>Etenim</strong></span> <span class='ocrx_word' id='word_1_182' title='bbox 3002 1090 3143 1159; x_wconf 89' lang='lat' dir='ltr'><strong>prius</strong></span> <span class='ocrx_word' id='word_1_183' title='bbox 3170 1091 3381 1159; x_wconf 88' lang='lat' dir='ltr'><strong>quidem</strong></span> <span class='ocrx_word' id='word_1_184' title='bbox 3410 1092 3719 1148; x_wconf 87' lang='lat' dir='ltr'><strong>dialecticos</strong></span> <span class='ocrx_word' id='word_1_185' title='bbox 3747 1096 3842 1149; x_wconf 86' lang='lat' dir='ltr'><strong>de-</strong></span> 
     </span>
    </p>
   </div>
   <div class='ocr_carea' id='block_1_26' title="bbox 2269 1178 3840 1249">
    <p class='ocr_par' dir='ltr' id='par_1_26' title="bbox 2269 1178 3840 1249">
     <span class='ocr_line' id='line_1_26' title="bbox 2269 1178 3840 1249; baseline 0.003 -16"><span class='ocrx_word' id='word_1_186' title='bbox 2269 1183 2472 1246; x_wconf 91' lang='lat' dir='ltr'><strong>dimus,</strong></span> <span class='ocrx_word' id='word_1_187' title='bbox 2501 1196 2639 1234; x_wconf 91' lang='lat' dir='ltr'><strong>nunc</strong></span> <span class='ocrx_word' id='word_1_188' title='bbox 2660 1178 2962 1234; x_wconf 87' lang='lat' dir='ltr'><strong>rhetoricos</strong></span> <span class='ocrx_word' id='word_1_189' title='bbox 2992 1181 3283 1248; x_wconf 89' lang='lat' dir='ltr'><strong>promimus</strong></span> <span class='ocrx_word' id='word_1_190' title='bbox 3309 1181 3477 1243; x_wconf 86' lang='lat' dir='ltr'><strong>locos,</strong></span> <span class='ocrx_word' id='word_1_191' title='bbox 3508 1200 3639 1249; x_wconf 86' lang='lat' dir='ltr'><strong>quos</strong></span> <span class='ocrx_word' id='word_1_192' title='bbox 3666 1201 3728 1237; x_wconf 78' lang='lat' dir='ltr'><strong>ex</strong></span> <span class='ocrx_word' id='word_1_193' title='bbox 3756 1196 3840 1238; x_wconf 89' lang='lat' dir='ltr'><strong>at-</strong></span> 
     </span>
    </p>
   </div>
   <div class='ocr_carea' id='block_1_27' title="bbox 2272 1273 3837 1340">
    <p class='ocr_par' dir='ltr' id='par_1_27' title="bbox 2272 1273 3837 1340">
     <span class='ocr_line' id='line_1_27' title="bbox 2272 1273 3837 1340; baseline 0.003 -15"><span class='ocrx_word' id='word_1_194' title='bbox 2272 1273 2481 1325; x_wconf 88' lang='lat' dir='ltr'><strong>tributis</strong></span> <span class='ocrx_word' id='word_1_195' title='bbox 2510 1288 2751 1338; x_wconf 69' lang='lat' dir='ltr'><strong>personm</strong></span> <span class='ocrx_word' id='word_1_196' title='bbox 2782 1288 2843 1325; x_wconf 91' lang='lat' dir='ltr'><strong>ac</strong></span> <span class='ocrx_word' id='word_1_197' title='bbox 2874 1273 3087 1340; x_wconf 87' lang='lat' dir='ltr'><strong>negotio</strong></span> <span class='ocrx_word' id='word_1_198' title='bbox 3118 1274 3297 1325; x_wconf 86' lang='lat' dir='ltr'><strong>venire</strong></span> <span class='ocrx_word' id='word_1_199' title='bbox 3328 1288 3548 1328; x_wconf 83' lang='lat' dir='ltr'><strong>necesse</strong></span> <span class='ocrx_word' id='word_1_200' title='bbox 3574 1286 3674 1329; x_wconf 89' lang='lat' dir='ltr'><strong>est.</strong></span> <span class='ocrx_word' id='word_1_201' title='bbox 3705 1277 3837 1334; x_wconf 57' lang='lat' dir='ltr'><strong>lier-</strong></span> 
     </span>
    </p>
   </div>
   <div class='ocr_carea' id='block_1_28' title="bbox 2270 1363 3837 1435">
    <p class='ocr_par' dir='ltr' id='par_1_28' title="bbox 2270 1363 3837 1435">
     <span class='ocr_line' id='line_1_28' title="bbox 2270 1363 3837 1435; baseline 0.003 -18"><span class='ocrx_word' id='word_1_202' title='bbox 2270 1380 2401 1417; x_wconf 89' lang='lat' dir='ltr'><strong>sona</strong></span> <span class='ocrx_word' id='word_1_203' title='bbox 2429 1374 2541 1428; x_wconf 89' lang='lat' dir='ltr'><strong>est,</strong></span> <span class='ocrx_word' id='word_1_204' title='bbox 2590 1380 2709 1432; x_wconf 73' lang='lat' dir='ltr'><strong>qua:</strong></span> <span class='ocrx_word' id='word_1_205' title='bbox 2754 1363 2804 1417; x_wconf 91' lang='lat' dir='ltr'><strong>in</strong></span> <span class='ocrx_word' id='word_1_206' title='bbox 2850 1364 3106 1432; x_wconf 89' lang='lat' dir='ltr'><strong>judicimn</strong></span> <span class='ocrx_word' id='word_1_207' title='bbox 3155 1374 3393 1428; x_wconf 82' lang='lat' dir='ltr'><strong>vocatur,</strong></span> <span class='ocrx_word' id='word_1_208' title='bbox 3438 1366 3590 1435; x_wconf 86' lang='lat' dir='ltr'><strong>cujus</strong></span> <span class='ocrx_word' id='word_1_209' title='bbox 3638 1368 3837 1421; x_wconf 89' lang='lat' dir='ltr'><strong>dictum</strong></span> 
     </span>
    </p>
   </div>
   <div class='ocr_carea' id='block_1_29' title="bbox 2273 1453 3838 1524">
    <p class='ocr_par' dir='ltr' id='par_1_29' title="bbox 2273 1453 3838 1524">
     <span class='ocr_line' id='line_1_29' title="bbox 2273 1453 3838 1524; baseline 0.002 -17"><span class='ocrx_word' id='word_1_210' title='bbox 2273 1455 2486 1520; x_wconf 81' lang='lat' dir='ltr'><strong>aliquod</strong></span> <span class='ocrx_word' id='word_1_211' title='bbox 2537 1456 2799 1506; x_wconf 69' lang='lat' dir='ltr'><strong>factumve</strong></span> <span class='ocrx_word' id='word_1_212' title='bbox 2844 1453 3275 1522; x_wconf 84' lang='lat' dir='ltr'><strong>reprelienditur.</strong></span> <span class='ocrx_word' id='word_1_213' title='bbox 3320 1455 3596 1524; x_wconf 81' lang='lat' dir='ltr'><strong>Negotium</strong></span> <span class='ocrx_word' id='word_1_214' title='bbox 3643 1460 3838 1510; x_wconf 89' lang='lat' dir='ltr'><strong>factum</strong></span> 
     </span>
    </p>
   </div>
   <div class='ocr_carea' id='block_1_30' title="bbox 2271 1546 3841 1615">
    <p class='ocr_par' dir='ltr' id='par_1_30' title="bbox 2271 1546 3841 1615">
     <span class='ocr_line' id='line_1_30' title="bbox 2271 1546 3841 1615; baseline 0.003 -17"><span class='ocrx_word' id='word_1_215' title='bbox 2271 1546 2536 1598; x_wconf 88' lang='lat' dir='ltr'><strong>dictutnve</strong></span> <span class='ocrx_word' id='word_1_216' title='bbox 2582 1558 2821 1613; x_wconf 63' lang='lat' dir='ltr'><strong>personae</strong></span> <span class='ocrx_word' id='word_1_217' title='bbox 2842 1585 2858 1610; x_wconf 89' lang='lat'><strong>,</strong></span> <span class='ocrx_word' id='word_1_218' title='bbox 2892 1558 3107 1613; x_wconf 86' lang='lat' dir='ltr'><strong>propter</strong></span> <span class='ocrx_word' id='word_1_219' title='bbox 3135 1546 3272 1612; x_wconf 88' lang='lat' dir='ltr'><strong>quod</strong></span> <span class='ocrx_word' id='word_1_220' title='bbox 3315 1547 3365 1598; x_wconf 93' lang='lat' dir='ltr'><strong>in</strong></span> <span class='ocrx_word' id='word_1_221' title='bbox 3392 1546 3648 1615; x_wconf 90' lang='lat' dir='ltr'><strong>judicium</strong></span> <span class='ocrx_word' id='word_1_222' title='bbox 3682 1564 3841 1602; x_wconf 81' lang='lat' dir='ltr'><strong>voca-</strong></span> 
     </span>
    </p>
   </div>
   <div class='ocr_carea' id='block_1_31' title="bbox 2273 1637 3842 1709">
    <p class='ocr_par' dir='ltr' id='par_1_31' title="bbox 2273 1637 3842 1709">
     <span class='ocr_line' id='line_1_31' title="bbox 2273 1637 3842 1709; baseline 0.003 -21"><span class='ocrx_word' id='word_1_223' title='bbox 2273 1647 2378 1689; x_wconf 89' lang='lat' dir='ltr'><strong>tur.</strong></span> <span class='ocrx_word' id='word_1_224' title='bbox 2431 1640 2610 1705; x_wconf 86' lang='lat' dir='ltr'><strong>Itaque</strong></span> <span class='ocrx_word' id='word_1_225' title='bbox 2658 1638 2708 1689; x_wconf 88' lang='lat' dir='ltr'><strong>iti</strong></span> <span class='ocrx_word' id='word_1_226' title='bbox 2758 1637 2838 1689; x_wconf 87' lang='lat' dir='ltr'><strong>Itis</strong></span> <span class='ocrx_word' id='word_1_227' title='bbox 2884 1637 3090 1690; x_wconf 90' lang='lat' dir='ltr'><strong>duobus</strong></span> <span class='ocrx_word' id='word_1_228' title='bbox 3134 1638 3303 1691; x_wconf 84' lang='lat' dir='ltr'><strong>omnis</strong></span> <span class='ocrx_word' id='word_1_229' title='bbox 3351 1638 3585 1692; x_wconf 88' lang='lat' dir='ltr'><strong>locorum</strong></span> <span class='ocrx_word' id='word_1_230' title='bbox 3626 1640 3842 1709; x_wconf 75' lang='lat' dir='ltr'><strong>partitio</strong></span> 
     </span>
    </p>
   </div>
   <div class='ocr_carea' id='block_1_32' title="bbox 2272 1727 3843 1794">
    <p class='ocr_par' dir='ltr' id='par_1_32' title="bbox 2272 1727 3843 1794">
     <span class='ocr_line' id='line_1_32' title="bbox 2272 1727 3843 1794; baseline 0.002 -14"><span class='ocrx_word' id='word_1_231' title='bbox 2272 1729 2555 1780; x_wconf 86' lang='lat' dir='ltr'><strong>constituta</strong></span> <span class='ocrx_word' id='word_1_232' title='bbox 2592 1737 2671 1779; x_wconf 86' lang='lat' dir='ltr'><strong>est</strong></span> <span class='ocrx_word' id='word_1_233' title='bbox 2702 1745 2714 1778; x_wconf 91' lang='lat'><strong>:</strong></span> <span class='ocrx_word' id='word_1_234' title='bbox 2749 1742 2865 1793; x_wconf 77' lang='lat' dir='ltr'><strong>qua:</strong></span> <span class='ocrx_word' id='word_1_235' title='bbox 2894 1727 3035 1781; x_wconf 87' lang='lat' dir='ltr'><strong>enim</strong></span> <span class='ocrx_word' id='word_1_236' title='bbox 3069 1727 3265 1780; x_wconf 84' lang='lat' dir='ltr'><strong>habent</strong></span> <span class='ocrx_word' id='word_1_237' title='bbox 3294 1729 3725 1794; x_wconf 82' lang='lat' dir='ltr'><strong>reprehensionis</strong></span> <span class='ocrx_word' id='word_1_238' title='bbox 3751 1746 3843 1783; x_wconf 85' lang='lat' dir='ltr'><strong>oc-</strong></span> 
     </span>
    </p>
   </div>
   <div class='ocr_carea' id='block_1_33' title="bbox 603 1816 3843 1889">
    <p class='ocr_par' dir='ltr' id='par_1_33' title="bbox 603 1816 3843 1889">
     <span class='ocr_line' id='line_1_33' title="bbox 603 1816 3843 1889; baseline 0.001 -19"><span class='ocrx_word' id='word_1_239' title='bbox 603 1821 793 1887; x_wconf 88' lang='lat' dir='ltr'><strong>partim</strong></span> <span class='ocrx_word' id='word_1_240' title='bbox 836 1819 1169 1888; x_wconf 87' lang='lat' dir='ltr'><strong>conjectura,</strong></span> <span class='ocrx_word' id='word_1_241' title='bbox 1219 1820 1407 1887; x_wconf 89' lang='lat' dir='ltr'><strong>partim</strong></span> <span class='ocrx_word' id='word_1_242' title='bbox 1455 1821 1604 1882; x_wconf 88' lang='lat' dir='ltr'><strong>sine,</strong></span> <span class='ocrx_word' id='word_1_243' title='bbox 1656 1823 1841 1888; x_wconf 86' lang='lat' dir='ltr'><strong>partim</strong></span> <span class='ocrx_word' id='word_1_244' title='bbox 1882 1822 2165 1889; x_wconf 86' lang='lat' dir='ltr'><strong>qualitate,</strong></span> <span class='ocrx_word' id='word_1_245' title='bbox 2199 1822 2244 1879; x_wconf 88' lang='grc' dir='ltr'><strong>Β</strong></span> <span class='ocrx_word' id='word_1_246' title='bbox 2271 1817 2535 1869; x_wconf 89' lang='lat' dir='ltr'><strong>casionetn</strong></span> <span class='ocrx_word' id='word_1_247' title='bbox 2556 1858 2569 1881; x_wconf 90' lang='lat'><strong>,</strong></span> <span class='ocrx_word' id='word_1_248' title='bbox 2596 1816 2780 1869; x_wconf 88' lang='lat' dir='ltr'><strong>eadem</strong></span> <span class='ocrx_word' id='word_1_249' title='bbox 2807 1818 2907 1869; x_wconf 86' lang='lat' dir='ltr'><strong>nisi</strong></span> <span class='ocrx_word' id='word_1_250' title='bbox 2938 1817 3155 1869; x_wconf 90' lang='lat' dir='ltr'><strong>omnino</strong></span> <span class='ocrx_word' id='word_1_251' title='bbox 3177 1817 3242 1869; x_wconf 88' lang='lat' dir='ltr'><strong>ad</strong></span> <span class='ocrx_word' id='word_1_252' title='bbox 3272 1819 3689 1871; x_wconf 80' lang='lat' dir='ltr'><strong>inexcusabilem</strong></span> <span class='ocrx_word' id='word_1_253' title='bbox 3722 1835 3843 1887; x_wconf 86' lang='lat' dir='ltr'><strong>par-</strong></span> 
     </span>
    </p>
   </div>
   <div class='ocr_carea' id='block_1_34' title="bbox 600 1910 2169 1979">
    <p class='ocr_par' dir='ltr' id='par_1_34' title="bbox 600 1910 2169 1979">
     <span class='ocr_line' id='line_1_34' title="bbox 600 1910 2169 1979; baseline 0.002 -16"><span class='ocrx_word' id='word_1_254' title='bbox 600 1911 792 1979; x_wconf 85' lang='lat' dir='ltr'><strong>partim</strong></span> <span class='ocrx_word' id='word_1_255' title='bbox 834 1910 1176 1963; x_wconf 89' lang='lat' dir='ltr'><strong>translatione</strong></span> <span class='ocrx_word' id='word_1_256' title='bbox 1202 1924 1377 1963; x_wconf 75' lang='lat' dir='ltr'><strong>causa:</strong></span> <span class='ocrx_word' id='word_1_257' title='bbox 1406 1926 1590 1964; x_wconf 88' lang='lat' dir='ltr'><strong>omnes</strong></span> <span class='ocrx_word' id='word_1_258' title='bbox 1631 1922 1895 1975; x_wconf 89' lang='lat' dir='ltr'><strong>tenentur,</strong></span> <span class='ocrx_word' id='word_1_259' title='bbox 1926 1927 2049 1979; x_wconf 87' lang='lat' dir='ltr'><strong>pars</strong></span> <span class='ocrx_word' id='word_1_260' title='bbox 2087 1923 2169 1966; x_wconf 84' lang='lat' dir='ltr'><strong>est</strong></span> 
     </span>
    </p>
   </div>
   <div class='ocr_carea' id='block_1_35' title="bbox 601 2000 2166 2068">
    <p class='ocr_par' dir='ltr' id='par_1_35' title="bbox 601 2000 2166 2068">
     <span class='ocr_line' id='line_1_35' title="bbox 601 2000 2166 2068; baseline -0.001 -13"><span class='ocrx_word' id='word_1_261' title='bbox 601 2000 915 2055; x_wconf 71' lang='lat' dir='ltr'><strong>constitutio</strong></span> <span class='ocrx_word' id='word_1_262' title='bbox 962 2016 1136 2053; x_wconf 64' lang='lat' dir='ltr'><strong>causa:</strong></span> <span class='ocrx_word' id='word_1_263' title='bbox 1167 2016 1271 2053; x_wconf 91' lang='lat' dir='ltr'><strong>non</strong></span> <span class='ocrx_word' id='word_1_264' title='bbox 1300 2000 1415 2067; x_wconf 78' lang='lat' dir='ltr'><strong>ejus</strong></span> <span class='ocrx_word' id='word_1_265' title='bbox 1446 2016 1601 2068; x_wconf 88' lang='lat' dir='ltr'><strong>quam</strong></span> <span class='ocrx_word' id='word_1_266' title='bbox 1632 2001 1860 2054; x_wconf 89' lang='lat' dir='ltr'><strong>tenendo</strong></span> <span class='ocrx_word' id='word_1_267' title='bbox 1890 2001 2166 2065; x_wconf 89' lang='lat' dir='ltr'><strong>informat,</strong></span> 
     </span>
    </p>
   </div>
   <div class='ocr_carea' id='block_1_36' title="bbox 598 2090 2171 2160">
    <p class='ocr_par' dir='ltr' id='par_1_36' title="bbox 598 2090 2171 2160">
     <span class='ocr_line' id='line_1_36' title="bbox 598 2090 2171 2160; baseline 0.001 -17"><span class='ocrx_word' id='word_1_268' title='bbox 598 2091 692 2145; x_wconf 82' lang='lat' dir='ltr'><strong>sed</strong></span> <span class='ocrx_word' id='word_1_269' title='bbox 721 2090 838 2159; x_wconf 87' lang='lat' dir='ltr'><strong>ejus</strong></span> <span class='ocrx_word' id='word_1_270' title='bbox 878 2107 1033 2158; x_wconf 88' lang='lat' dir='ltr'><strong>quant</strong></span> <span class='ocrx_word' id='word_1_271' title='bbox 1064 2090 1252 2144; x_wconf 89' lang='lat' dir='ltr'><strong>dividit</strong></span> <span class='ocrx_word' id='word_1_272' title='bbox 1281 2092 1543 2160; x_wconf 84' lang='lat' dir='ltr'><strong>generalis</strong></span> <span class='ocrx_word' id='word_1_273' title='bbox 1568 2131 1583 2155; x_wconf 93' lang='lat'><strong>,</strong></span> <span class='ocrx_word' id='word_1_274' title='bbox 1614 2093 1765 2158; x_wconf 82' lang='lat' dir='ltr'><strong>cujus</strong></span> <span class='ocrx_word' id='word_1_275' title='bbox 1791 2091 1996 2145; x_wconf 82' lang='lat' dir='ltr'><strong>scilicet</strong></span> <span class='ocrx_word' id='word_1_276' title='bbox 2020 2091 2171 2159; x_wconf 87' lang='lat' dir='ltr'><strong>quasi</strong></span> 
     </span>
    </p>
   </div>
   <div class='ocr_carea' id='block_1_37' title="bbox 600 2182 2168 2252">
    <p class='ocr_par' dir='ltr' id='par_1_37' title="bbox 600 2182 2168 2252">
     <span class='ocr_line' id='line_1_37' title="bbox 600 2182 2168 2252; baseline 0.001 -18"><span class='ocrx_word' id='word_1_277' title='bbox 600 2184 897 2234; x_wconf 89' lang='lat' dir='ltr'><strong>membrum</strong></span> <span class='ocrx_word' id='word_1_278' title='bbox 928 2183 1137 2250; x_wconf 89' lang='lat' dir='ltr'><strong>aliquod</strong></span> <span class='ocrx_word' id='word_1_279' title='bbox 1174 2183 1493 2235; x_wconf 86' lang='lat' dir='ltr'><strong>abscindens</strong></span> <span class='ocrx_word' id='word_1_280' title='bbox 1514 2224 1528 2246; x_wconf 89' lang='lat'><strong>,</strong></span> <span class='ocrx_word' id='word_1_281' title='bbox 1570 2198 1721 2235; x_wconf 89' lang='lat' dir='ltr'><strong>suum</strong></span> <span class='ocrx_word' id='word_1_282' title='bbox 1766 2182 1892 2236; x_wconf 84' lang='lat' dir='ltr'><strong>facit</strong></span> <span class='ocrx_word' id='word_1_283' title='bbox 1917 2199 2168 2252; x_wconf 70' lang='lat' dir='ltr'><strong>unaquae-</strong></span> 
     </span>
    </p>
   </div>
   <div class='ocr_carea' id='block_1_38' title="bbox 599 2273 2170 2342">
    <p class='ocr_par' dir='ltr' id='par_1_38' title="bbox 599 2273 2170 2342">
     <span class='ocr_line' id='line_1_38' title="bbox 599 2273 2170 2342; baseline 0.002 -18"><span class='ocrx_word' id='word_1_284' title='bbox 599 2288 704 2340; x_wconf 87' lang='lat' dir='ltr'><strong>que</strong></span> <span class='ocrx_word' id='word_1_285' title='bbox 731 2273 1061 2326; x_wconf 82' lang='lat' dir='ltr'><strong>censtitutio.</strong></span> <span class='ocrx_word' id='word_1_286' title='bbox 1098 2274 1232 2329; x_wconf 88' lang='lat' dir='ltr'><strong>Sunt</strong></span> <span class='ocrx_word' id='word_1_287' title='bbox 1260 2274 1416 2340; x_wconf 85' lang='lat' dir='ltr'><strong>igitur</strong></span> <span class='ocrx_word' id='word_1_288' title='bbox 1443 2284 1621 2341; x_wconf 84' lang='lat' dir='ltr'><strong>partes</strong></span> <span class='ocrx_word' id='word_1_289' title='bbox 1654 2285 1708 2325; x_wconf 89' lang='lat' dir='ltr'><strong>ut</strong></span> <span class='ocrx_word' id='word_1_290' title='bbox 1735 2275 1945 2342; x_wconf 83' lang='lat' dir='ltr'><strong>species</strong></span> <span class='ocrx_word' id='word_1_291' title='bbox 1974 2275 2170 2327; x_wconf 84' lang='lat' dir='ltr'><strong>Consti-</strong></span> 
     </span>
    </p>
   </div>
   <div class='ocr_carea' id='block_1_39' title="bbox 602 2365 2171 2433">
    <p class='ocr_par' dir='ltr' id='par_1_39' title="bbox 602 2365 2171 2433">
     <span class='ocr_line' id='line_1_39' title="bbox 602 2365 2171 2433; baseline 0.002 -18"><span class='ocrx_word' id='word_1_292' title='bbox 602 2365 835 2418; x_wconf 90' lang='lat' dir='ltr'><strong>tutiones</strong></span> <span class='ocrx_word' id='word_1_293' title='bbox 863 2379 1037 2418; x_wconf 75' lang='lat' dir='ltr'><strong>causa:</strong></span> <span class='ocrx_word' id='word_1_294' title='bbox 1062 2366 1348 2432; x_wconf 82' lang='lat' dir='ltr'><strong>generalis,</strong></span> <span class='ocrx_word' id='word_1_295' title='bbox 1383 2381 1485 2417; x_wconf 92' lang='lat' dir='ltr'><strong>non</strong></span> <span class='ocrx_word' id='word_1_296' title='bbox 1514 2365 1631 2433; x_wconf 88' lang='lat' dir='ltr'><strong>ejus</strong></span> <span class='ocrx_word' id='word_1_297' title='bbox 1658 2381 1813 2433; x_wconf 83' lang='lat' dir='ltr'><strong>quant</strong></span> <span class='ocrx_word' id='word_1_298' title='bbox 1844 2380 2171 2433; x_wconf 62' lang='lat' dir='ltr'><strong>unaquaeque</strong></span> 
     </span>
    </p>
   </div>
   <div class='ocr_carea' id='block_1_40' title="bbox 603 2454 2170 2523">
    <p class='ocr_par' dir='ltr' id='par_1_40' title="bbox 603 2454 2170 2523">
     <span class='ocr_line' id='line_1_40' title="bbox 603 2454 2170 2523; baseline 0.002 -17"><span class='ocrx_word' id='word_1_299' title='bbox 603 2466 791 2507; x_wconf 89' lang='lat' dir='ltr'><strong>tenens</strong></span> <span class='ocrx_word' id='word_1_300' title='bbox 834 2454 1219 2508; x_wconf 89' lang='lat' dir='ltr'><strong>informaverit.</strong></span> <span class='ocrx_word' id='word_1_301' title='bbox 1251 2460 1422 2521; x_wconf 78' lang='lat' dir='ltr'><strong>Quare</strong></span> <span class='ocrx_word' id='word_1_302' title='bbox 1462 2472 1626 2523; x_wconf 86' lang='lat' dir='ltr'><strong>genus</strong></span> <span class='ocrx_word' id='word_1_303' title='bbox 1666 2469 1747 2510; x_wconf 87' lang='lat' dir='ltr'><strong>est</strong></span> <span class='ocrx_word' id='word_1_304' title='bbox 1786 2457 2066 2509; x_wconf 60' lang='lat' dir='ltr'><strong>rhetorica;</strong></span> <span class='ocrx_word' id='word_1_305' title='bbox 2094 2457 2170 2519; x_wconf 68' lang='lat' dir='ltr'><strong>fa;-</strong></span> 
     </span>
    </p>
   </div>
   <div class='ocr_carea' id='block_1_41' title="bbox 599 2546 2172 2615">
    <p class='ocr_par' dir='ltr' id='par_1_41' title="bbox 599 2546 2172 2615">
     <span class='ocr_line' id='line_1_41' title="bbox 599 2546 2172 2615; baseline 0.003 -18"><span class='ocrx_word' id='word_1_306' title='bbox 599 2546 791 2598; x_wconf 88' lang='lat' dir='ltr'><strong>cultas.</strong></span> <span class='ocrx_word' id='word_1_307' title='bbox 824 2546 1123 2599; x_wconf 73' lang='lat' dir='ltr'><strong>lllietorica:</strong></span> <span class='ocrx_word' id='word_1_308' title='bbox 1162 2562 1288 2598; x_wconf 89' lang='lat' dir='ltr'><strong>vero</strong></span> <span class='ocrx_word' id='word_1_309' title='bbox 1330 2547 1536 2613; x_wconf 89' lang='lat' dir='ltr'><strong>species</strong></span> <span class='ocrx_word' id='word_1_310' title='bbox 1581 2557 1722 2611; x_wconf 91' lang='lat' dir='ltr'><strong>tres,</strong></span> <span class='ocrx_word' id='word_1_311' title='bbox 1759 2547 2036 2615; x_wconf 90' lang='lat' dir='ltr'><strong>judiciale,</strong></span> <span class='ocrx_word' id='word_1_312' title='bbox 2078 2547 2172 2601; x_wconf 85' lang='lat' dir='ltr'><strong>de-</strong></span> 
     </span>
    </p>
   </div>
   <div class='ocr_carea' id='block_1_42' title="bbox 600 2636 2171 2702">
    <p class='ocr_par' dir='ltr' id='par_1_42' title="bbox 600 2636 2171 2702">
     <span class='ocr_line' id='line_1_42' title="bbox 600 2636 2171 2702; baseline 0 -12"><span class='ocrx_word' id='word_1_313' title='bbox 600 2637 1003 2690; x_wconf 87' lang='lat' dir='ltr'><strong>tnonstrativum</strong></span> <span class='ocrx_word' id='word_1_314' title='bbox 1023 2676 1040 2702; x_wconf 92' lang='lat'><strong>,</strong></span> <span class='ocrx_word' id='word_1_315' title='bbox 1072 2636 1499 2691; x_wconf 79' lang='lat' dir='ltr'><strong>deliberativum.</strong></span> <span class='ocrx_word' id='word_1_316' title='bbox 1531 2638 1746 2691; x_wconf 87' lang='lat' dir='ltr'><strong>Materia</strong></span> <span class='ocrx_word' id='word_1_317' title='bbox 1776 2648 1973 2702; x_wconf 89' lang='lat' dir='ltr'><strong>autem,</strong></span> <span class='ocrx_word' id='word_1_318' title='bbox 2004 2638 2171 2691; x_wconf 88' lang='lat' dir='ltr'><strong>civilis</strong></span> 
     </span>
    </p>
   </div>
   <div class='ocr_carea' id='block_1_43' title="bbox 601 2725 2168 2796">
    <p class='ocr_par' dir='ltr' id='par_1_43' title="bbox 601 2725 2168 2796">
     <span class='ocr_line' id='line_1_43' title="bbox 601 2725 2168 2796; baseline 0.001 -17"><span class='ocrx_word' id='word_1_319' title='bbox 601 2725 846 2796; x_wconf 58' lang='lat' dir='ltr'><strong>quastio,</strong></span> <span class='ocrx_word' id='word_1_320' title='bbox 888 2742 1007 2795; x_wconf 79' lang='lat' dir='ltr'><strong>qua:</strong></span> <span class='ocrx_word' id='word_1_321' title='bbox 1032 2727 1225 2778; x_wconf 90' lang='lat' dir='ltr'><strong>dicitur</strong></span> <span class='ocrx_word' id='word_1_322' title='bbox 1266 2742 1461 2790; x_wconf 87' lang='lat' dir='ltr'><strong>causa;</strong></span> <span class='ocrx_word' id='word_1_323' title='bbox 1508 2740 1686 2786; x_wconf 80' lang='lat' dir='ltr'><strong>partes</strong></span> <span class='ocrx_word' id='word_1_324' title='bbox 1714 2726 1873 2795; x_wconf 86' lang='lat' dir='ltr'><strong>itujus</strong></span> <span class='ocrx_word' id='word_1_325' title='bbox 1911 2728 2168 2793; x_wconf 51' lang='lat' dir='ltr'><strong>materne,</strong></span> 
     </span>
    </p>
   </div>
   <div class='ocr_carea' id='block_1_44' title="bbox 600 2817 2170 2885">
    <p class='ocr_par' dir='ltr' id='par_1_44' title="bbox 600 2817 2170 2885">
     <span class='ocr_line' id='line_1_44' title="bbox 600 2817 2170 2885; baseline -0.002 -14"><span class='ocrx_word' id='word_1_326' title='bbox 600 2817 1029 2871; x_wconf 84' lang='lat' dir='ltr'><strong>constitutiones.</strong></span> <span class='ocrx_word' id='word_1_327' title='bbox 1063 2818 1362 2870; x_wconf 72' lang='lat' dir='ltr'><strong>Rhetorica:</strong></span> <span class='ocrx_word' id='word_1_328' title='bbox 1411 2828 1617 2885; x_wconf 86' lang='lat' dir='ltr'><strong>partes,</strong></span> <span class='ocrx_word' id='word_1_329' title='bbox 1665 2818 1915 2881; x_wconf 84' lang='lat' dir='ltr'><strong>inventio,</strong></span> <span class='ocrx_word' id='word_1_330' title='bbox 1947 2818 2170 2885; x_wconf 76' lang='lat' dir='ltr'><strong>disposi-</strong></span> 
     </span>
    </p>
   </div>
   <div class='ocr_carea' id='block_1_45' title="bbox 602 2908 2171 2976">
    <p class='ocr_par' dir='ltr' id='par_1_45' title="bbox 602 2908 2171 2976">
     <span class='ocr_line' id='line_1_45' title="bbox 602 2908 2171 2976; baseline -0.002 -13"><span class='ocrx_word' id='word_1_331' title='bbox 602 2912 700 2973; x_wconf 89' lang='lat' dir='ltr'><strong>tio,</strong></span> <span class='ocrx_word' id='word_1_332' title='bbox 730 2911 983 2972; x_wconf 91' lang='lat' dir='ltr'><strong>elocutio,</strong></span> <span class='ocrx_word' id='word_1_333' title='bbox 1012 2923 1289 2974; x_wconf 85' lang='lat' dir='ltr'><strong>memoria,</strong></span> <span class='ocrx_word' id='word_1_334' title='bbox 1321 2909 1705 2976; x_wconf 90' lang='lat' dir='ltr'><strong>pronuntiatio.</strong></span> <span class='ocrx_word' id='word_1_335' title='bbox 1734 2908 2171 2974; x_wconf 85' lang='lat' dir='ltr'><strong>lnstrumentum,</strong></span> 
     </span>
    </p>
   </div>
   <div class='ocr_carea' id='block_1_46' title="bbox 600 3002 2173 3071">
    <p class='ocr_par' dir='ltr' id='par_1_46' title="bbox 600 3002 2173 3071">
     <span class='ocr_line' id='line_1_46' title="bbox 600 3002 2173 3071; baseline 0 -16"><span class='ocrx_word' id='word_1_336' title='bbox 600 3014 804 3066; x_wconf 86' lang='lat' dir='ltr'><strong>oratio;</strong></span> <span class='ocrx_word' id='word_1_337' title='bbox 838 3003 1173 3056; x_wconf 91' lang='lat' dir='ltr'><strong>instrumenti</strong></span> <span class='ocrx_word' id='word_1_338' title='bbox 1203 3015 1398 3070; x_wconf 88' lang='lat' dir='ltr'><strong>partes,</strong></span> <span class='ocrx_word' id='word_1_339' title='bbox 1433 3003 1737 3065; x_wconf 81' lang='lat' dir='ltr'><strong>exordium,</strong></span> <span class='ocrx_word' id='word_1_340' title='bbox 1766 3002 2020 3067; x_wconf 90' lang='lat' dir='ltr'><strong>narratio,</strong></span> <span class='ocrx_word' id='word_1_341' title='bbox 2053 3018 2173 3071; x_wconf 88' lang='lat' dir='ltr'><strong>par-</strong></span> 
     </span>
    </p>
   </div>
   <div class='ocr_carea' id='block_1_47' title="bbox 602 3090 2171 3162">
    <p class='ocr_par' dir='ltr' id='par_1_47' title="bbox 602 3090 2171 3162">
     <span class='ocr_line' id='line_1_47' title="bbox 602 3090 2171 3162; baseline -0.001 -16"><span class='ocrx_word' id='word_1_342' title='bbox 602 3096 742 3159; x_wconf 90' lang='lat' dir='ltr'><strong>titio,</strong></span> <span class='ocrx_word' id='word_1_343' title='bbox 772 3094 1132 3161; x_wconf 79' lang='lat' dir='ltr'><strong>ccutirtnatio,</strong></span> <span class='ocrx_word' id='word_1_344' title='bbox 1180 3093 1547 3162; x_wconf 75' lang='lat' dir='ltr'><strong>reprehensio,</strong></span> <span class='ocrx_word' id='word_1_345' title='bbox 1591 3093 1885 3161; x_wconf 89' lang='lat' dir='ltr'><strong>peroratio.</strong></span> <span class='ocrx_word' id='word_1_346' title='bbox 1916 3090 2063 3161; x_wconf 83' lang='lat' dir='ltr'><strong>Opus</strong></span> <span class='ocrx_word' id='word_1_347' title='bbox 2089 3100 2171 3145; x_wconf 86' lang='lat' dir='ltr'><strong>est</strong></span> 
     </span>
    </p>
   </div>
   <div class='ocr_carea' id='block_1_48' title="bbox 2273 1904 3838 1975">
    <p class='ocr_par' dir='ltr' id='par_1_48' title="bbox 2273 1904 3838 1975">
     <span class='ocr_line' id='line_1_48' title="bbox 2273 1904 3838 1975; baseline 0.003 -16"><span class='ocrx_word' id='word_1_348' title='bbox 2273 1916 2375 1959; x_wconf 89' lang='lat' dir='ltr'><strong>tem</strong></span> <span class='ocrx_word' id='word_1_349' title='bbox 2410 1915 2656 1974; x_wconf 85' lang='lat' dir='ltr'><strong>vergunt,</strong></span> <span class='ocrx_word' id='word_1_350' title='bbox 2690 1904 3017 1959; x_wconf 86' lang='lat' dir='ltr'><strong>defensionis</strong></span> <span class='ocrx_word' id='word_1_351' title='bbox 3053 1908 3260 1975; x_wconf 88' lang='lat' dir='ltr'><strong>copiam</strong></span> <span class='ocrx_word' id='word_1_352' title='bbox 3291 1909 3696 1962; x_wconf 88' lang='lat' dir='ltr'><strong>subministrant</strong></span> <span class='ocrx_word' id='word_1_353' title='bbox 3730 1929 3741 1960; x_wconf 92' lang='lat'><strong>:</strong></span> <span class='ocrx_word' id='word_1_354' title='bbox 3772 1926 3838 1964; x_wconf 79' lang='lat' dir='ltr'><strong>ex</strong></span> 
     </span>
    </p>
   </div>
   <div class='ocr_carea' id='block_1_49' title="bbox 2271 1996 3841 2070">
    <p class='ocr_par' dir='ltr' id='par_1_49' title="bbox 2271 1996 3841 2070">
     <span class='ocr_line' id='line_1_49' title="bbox 2271 1996 3841 2070; baseline 0.003 -20"><span class='ocrx_word' id='word_1_355' title='bbox 2271 1997 2471 2050; x_wconf 89' lang='lat' dir='ltr'><strong>eisdem</strong></span> <span class='ocrx_word' id='word_1_356' title='bbox 2541 1996 2684 2049; x_wconf 92' lang='lat' dir='ltr'><strong>enim</strong></span> <span class='ocrx_word' id='word_1_357' title='bbox 2759 1998 2889 2051; x_wconf 91' lang='lat' dir='ltr'><strong>locis</strong></span> <span class='ocrx_word' id='word_1_358' title='bbox 2950 2000 3123 2052; x_wconf 87' lang='lat' dir='ltr'><strong>omnis</strong></span> <span class='ocrx_word' id='word_1_359' title='bbox 3173 2001 3440 2052; x_wconf 78' lang='lat' dir='ltr'><strong>accusatio</strong></span> <span class='ocrx_word' id='word_1_360' title='bbox 3492 2001 3841 2070; x_wconf 87' lang='lat' dir='ltr'><strong>defensioque</strong></span> 
     </span>
    </p>
   </div>
   <div class='ocr_carea' id='block_1_50' title="bbox 2270 2088 3844 2160">
    <p class='ocr_par' dir='ltr' id='par_1_50' title="bbox 2270 2088 3844 2160">
     <span class='ocr_line' id='line_1_50' title="bbox 2270 2088 3844 2160; baseline 0.003 -19"><span class='ocrx_word' id='word_1_361' title='bbox 2270 2088 2531 2141; x_wconf 80' lang='lat' dir='ltr'><strong>Consistit.</strong></span> <span class='ocrx_word' id='word_1_362' title='bbox 2556 2088 2609 2140; x_wconf 88' lang='lat' dir='ltr'><strong>Si</strong></span> <span class='ocrx_word' id='word_1_363' title='bbox 2634 2089 2788 2155; x_wconf 82' lang='lat' dir='ltr'><strong>igitur</strong></span> <span class='ocrx_word' id='word_1_364' title='bbox 2814 2104 3035 2156; x_wconf 84' lang='lat' dir='ltr'><strong>persona</strong></span> <span class='ocrx_word' id='word_1_365' title='bbox 3061 2090 3384 2157; x_wconf 85' lang='lat' dir='ltr'><strong>injudicium</strong></span> <span class='ocrx_word' id='word_1_366' title='bbox 3406 2103 3643 2156; x_wconf 83' lang='lat' dir='ltr'><strong>vocatur,</strong></span> <span class='ocrx_word' id='word_1_367' title='bbox 3670 2108 3844 2160; x_wconf 87' lang='lat' dir='ltr'><strong>neque</strong></span> 
     </span>
    </p>
   </div>
   <div class='ocr_carea' id='block_1_51' title="bbox 2273 2178 3843 2247">
    <p class='ocr_par' dir='ltr' id='par_1_51' title="bbox 2273 2178 3843 2247">
     <span class='ocr_line' id='line_1_51' title="bbox 2273 2178 3843 2247; baseline 0.004 -18"><span class='ocrx_word' id='word_1_368' title='bbox 2273 2179 2467 2230; x_wconf 88' lang='lat' dir='ltr'><strong>factum</strong></span> <span class='ocrx_word' id='word_1_369' title='bbox 2519 2178 2790 2231; x_wconf 84' lang='lat' dir='ltr'><strong>dictumve</strong></span> <span class='ocrx_word' id='word_1_370' title='bbox 2834 2179 2995 2231; x_wconf 91' lang='lat' dir='ltr'><strong>ullum</strong></span> <span class='ocrx_word' id='word_1_371' title='bbox 3045 2181 3474 2247; x_wconf 86' lang='lat' dir='ltr'><strong>reprelienditur,</strong></span> <span class='ocrx_word' id='word_1_372' title='bbox 3524 2196 3682 2234; x_wconf 84' lang='lat' dir='ltr'><strong>causa</strong></span> <span class='ocrx_word' id='word_1_373' title='bbox 3724 2198 3843 2235; x_wconf 87' lang='lat' dir='ltr'><strong>esse</strong></span> 
     </span>
    </p>
   </div>
   <div class='ocr_carea' id='block_1_52' title="bbox 2273 2270 3841 2342">
    <p class='ocr_par' dir='ltr' id='par_1_52' title="bbox 2273 2270 3841 2342">
     <span class='ocr_line' id='line_1_52' title="bbox 2273 2270 3841 2342; baseline 0.004 -20"><span class='ocrx_word' id='word_1_374' title='bbox 2273 2284 2377 2323; x_wconf 92' lang='lat' dir='ltr'><strong>non</strong></span> <span class='ocrx_word' id='word_1_375' title='bbox 2410 2270 2621 2337; x_wconf 89' lang='lat' dir='ltr'><strong>poterit.</strong></span> <span class='ocrx_word' id='word_1_376' title='bbox 2654 2270 2761 2323; x_wconf 79' lang='lat' dir='ltr'><strong>Nec</strong></span> <span class='ocrx_word' id='word_1_377' title='bbox 2808 2286 2935 2323; x_wconf 92' lang='lat' dir='ltr'><strong>vero</strong></span> <span class='ocrx_word' id='word_1_378' title='bbox 2979 2270 3175 2325; x_wconf 90' lang='lat' dir='ltr'><strong>factum</strong></span> <span class='ocrx_word' id='word_1_379' title='bbox 3218 2272 3486 2327; x_wconf 78' lang='lat' dir='ltr'><strong>dieitunve</strong></span> <span class='ocrx_word' id='word_1_380' title='bbox 3534 2275 3744 2342; x_wconf 87' lang='lat' dir='ltr'><strong>aliquod</strong></span> <span class='ocrx_word' id='word_1_381' title='bbox 3786 2276 3841 2328; x_wconf 90' lang='lat' dir='ltr'><strong>in</strong></span> 
     </span>
    </p>
   </div>
   <div class='ocr_carea' id='block_1_53' title="bbox 2266 2360 3838 2430">
    <p class='ocr_par' dir='ltr' id='par_1_53' title="bbox 2266 2360 3838 2430">
     <span class='ocr_line' id='line_1_53' title="bbox 2266 2360 3838 2430; baseline 0.004 -19"><span class='ocrx_word' id='word_1_382' title='bbox 2266 2360 2523 2429; x_wconf 90' lang='lat' dir='ltr'><strong>judicium</strong></span> <span class='ocrx_word' id='word_1_383' title='bbox 2559 2360 2779 2427; x_wconf 87' lang='lat' dir='ltr'><strong>proferri</strong></span> <span class='ocrx_word' id='word_1_384' title='bbox 2814 2370 3015 2428; x_wconf 89' lang='lat' dir='ltr'><strong>potest,</strong></span> <span class='ocrx_word' id='word_1_385' title='bbox 3044 2363 3085 2415; x_wconf 87' lang='lat' dir='ltr'><strong>si</strong></span> <span class='ocrx_word' id='word_1_386' title='bbox 3129 2378 3354 2430; x_wconf 85' lang='lat' dir='ltr'><strong>persona</strong></span> <span class='ocrx_word' id='word_1_387' title='bbox 3385 2380 3487 2416; x_wconf 90' lang='lat' dir='ltr'><strong>non</strong></span> <span class='ocrx_word' id='word_1_388' title='bbox 3517 2374 3711 2429; x_wconf 83' lang='lat' dir='ltr'><strong>exstet;</strong></span> <span class='ocrx_word' id='word_1_389' title='bbox 3739 2368 3838 2418; x_wconf 88' lang='lat' dir='ltr'><strong>ita-</strong></span> 
     </span>
    </p>
   </div>
   <div class='ocr_carea' id='block_1_54' title="bbox 2272 2451 3832 2523">
    <p class='ocr_par' dir='ltr' id='par_1_54' title="bbox 2272 2451 3832 2523">
     <span class='ocr_line' id='line_1_54' title="bbox 2272 2451 3832 2523; baseline 0.006 -24"><span class='ocrx_word' id='word_1_390' title='bbox 2272 2468 2374 2518; x_wconf 86' lang='lat' dir='ltr'><strong>que</strong></span> <span class='ocrx_word' id='word_1_391' title='bbox 2414 2452 2466 2503; x_wconf 88' lang='lat' dir='ltr'><strong>itt</strong></span> <span class='ocrx_word' id='word_1_392' title='bbox 2500 2451 2581 2504; x_wconf 87' lang='lat' dir='ltr'><strong>his</strong></span> <span class='ocrx_word' id='word_1_393' title='bbox 2622 2452 2828 2505; x_wconf 88' lang='lat' dir='ltr'><strong>duobus</strong></span> <span class='ocrx_word' id='word_1_394' title='bbox 2858 2456 3031 2506; x_wconf 84' lang='lat' dir='ltr'><strong>omnis</strong></span> <span class='ocrx_word' id='word_1_395' title='bbox 3054 2453 3379 2521; x_wconf 89' lang='lat' dir='ltr'><strong>judiciorum</strong></span> <span class='ocrx_word' id='word_1_396' title='bbox 3417 2457 3544 2508; x_wconf 84' lang='lat' dir='ltr'><strong>ratio</strong></span> <span class='ocrx_word' id='word_1_397' title='bbox 3574 2469 3832 2523; x_wconf 87' lang='lat' dir='ltr'><strong>versatur,</strong></span> 
     </span>
    </p>
   </div>
   <div class='ocr_carea' id='block_1_55' title="bbox 2271 2544 3831 2618">
    <p class='ocr_par' dir='ltr' id='par_1_55' title="bbox 2271 2544 3831 2618">
     <span class='ocr_line' id='line_1_55' title="bbox 2271 2544 3831 2618; baseline 0.001 -20"><span class='ocrx_word' id='word_1_398' title='bbox 2271 2545 2325 2599; x_wconf 88' lang='lat' dir='ltr'><strong>itt</strong></span> <span class='ocrx_word' id='word_1_399' title='bbox 2374 2558 2598 2612; x_wconf 87' lang='lat' dir='ltr'><strong>persona</strong></span> <span class='ocrx_word' id='word_1_400' title='bbox 2644 2544 2847 2598; x_wconf 80' lang='lat' dir='ltr'><strong>scilicet</strong></span> <span class='ocrx_word' id='word_1_401' title='bbox 2891 2554 3047 2612; x_wconf 85' lang='lat' dir='ltr'><strong>atque</strong></span> <span class='ocrx_word' id='word_1_402' title='bbox 3090 2547 3323 2614; x_wconf 80' lang='lat' dir='ltr'><strong>negotio.</strong></span> <span class='ocrx_word' id='word_1_403' title='bbox 3372 2549 3597 2618; x_wconf 81' lang='lat' dir='ltr'><strong>Sed(ut</strong></span> <span class='ocrx_word' id='word_1_404' title='bbox 3635 2550 3831 2601; x_wconf 86' lang='lat' dir='ltr'><strong>dictum</strong></span> 
     </span>
    </p>
   </div>
   <div class='ocr_carea' id='block_1_56' title="bbox 2273 2634 3841 2708">
    <p class='ocr_par' dir='ltr' id='par_1_56' title="bbox 2273 2634 3841 2708">
     <span class='ocr_line' id='line_1_56' title="bbox 2273 2634 3841 2708; baseline 0.003 -20"><span class='ocrx_word' id='word_1_405' title='bbox 2273 2634 2641 2703; x_wconf 84' lang='lat' dir='ltr'><strong>est)persona</strong></span> <span class='ocrx_word' id='word_1_406' title='bbox 2697 2645 2778 2687; x_wconf 76' lang='lat' dir='ltr'><strong>est</strong></span> <span class='ocrx_word' id='word_1_407' title='bbox 2821 2651 2937 2703; x_wconf 82' lang='lat' dir='ltr'><strong>qua:</strong></span> <span class='ocrx_word' id='word_1_408' title='bbox 2990 2638 3040 2689; x_wconf 87' lang='lat' dir='ltr'><strong>itt</strong></span> <span class='ocrx_word' id='word_1_409' title='bbox 3096 2637 3351 2704; x_wconf 87' lang='lat' dir='ltr'><strong>judicium</strong></span> <span class='ocrx_word' id='word_1_410' title='bbox 3396 2651 3627 2705; x_wconf 90' lang='lat' dir='ltr'><strong>vocatur,</strong></span> <span class='ocrx_word' id='word_1_411' title='bbox 3678 2658 3841 2708; x_wconf 82' lang='lat' dir='ltr'><strong>nego-</strong></span> 
     </span>
    </p>
   </div>
   <div class='ocr_carea' id='block_1_57' title="bbox 2274 2727 3845 2798">
    <p class='ocr_par' dir='ltr' id='par_1_57' title="bbox 2274 2727 3845 2798">
     <span class='ocr_line' id='line_1_57' title="bbox 2274 2727 3845 2798; baseline 0.003 -21"><span class='ocrx_word' id='word_1_412' title='bbox 2274 2727 2400 2777; x_wconf 88' lang='lat' dir='ltr'><strong>tium</strong></span> <span class='ocrx_word' id='word_1_413' title='bbox 2434 2728 2626 2777; x_wconf 87' lang='lat' dir='ltr'><strong>lactum</strong></span> <span class='ocrx_word' id='word_1_414' title='bbox 2660 2728 2923 2779; x_wconf 85' lang='lat' dir='ltr'><strong>dictumve</strong></span> <span class='ocrx_word' id='word_1_415' title='bbox 2972 2742 3230 2794; x_wconf 77' lang='lat' dir='ltr'><strong>personze,</strong></span> <span class='ocrx_word' id='word_1_416' title='bbox 3277 2741 3493 2797; x_wconf 89' lang='lat' dir='ltr'><strong>propter</strong></span> <span class='ocrx_word' id='word_1_417' title='bbox 3535 2735 3671 2798; x_wconf 86' lang='lat' dir='ltr'><strong>quod</strong></span> <span class='ocrx_word' id='word_1_418' title='bbox 3718 2746 3845 2784; x_wconf 85' lang='lat' dir='ltr'><strong>reus</strong></span> 
     </span>
    </p>
   </div>
   <div class='ocr_carea' id='block_1_58' title="bbox 2272 2820 3846 2891">
    <p class='ocr_par' dir='ltr' id='par_1_58' title="bbox 2272 2820 3846 2891">
     <span class='ocr_line' id='line_1_58' title="bbox 2272 2820 3846 2891; baseline 0.003 -20"><span class='ocrx_word' id='word_1_419' title='bbox 2272 2824 2553 2882; x_wconf 86' lang='lat' dir='ltr'><strong>statuitur;</strong></span> <span class='ocrx_word' id='word_1_420' title='bbox 2606 2834 2829 2887; x_wconf 84' lang='lat' dir='ltr'><strong>persona</strong></span> <span class='ocrx_word' id='word_1_421' title='bbox 2902 2820 3061 2889; x_wconf 87' lang='lat' dir='ltr'><strong>igitur</strong></span> <span class='ocrx_word' id='word_1_422' title='bbox 3124 2830 3177 2873; x_wconf 93' lang='lat' dir='ltr'><strong>et</strong></span> <span class='ocrx_word' id='word_1_423' title='bbox 3242 2826 3508 2891; x_wconf 82' lang='lat' dir='ltr'><strong>negotium</strong></span> <span class='ocrx_word' id='word_1_424' title='bbox 3563 2837 3846 2890; x_wconf 84' lang='lat' dir='ltr'><strong>suggerere</strong></span> 
     </span>
    </p>
   </div>
   <div class='ocr_carea' id='block_1_59' title="bbox 2272 2914 3844 2984">
    <p class='ocr_par' dir='ltr' id='par_1_59' title="bbox 2272 2914 3844 2984">
     <span class='ocr_line' id='line_1_59' title="bbox 2272 2914 3844 2984; baseline 0.004 -19"><span class='ocrx_word' id='word_1_425' title='bbox 2272 2924 2578 2983; x_wconf 88' lang='lat' dir='ltr'><strong>argumenta</strong></span> <span class='ocrx_word' id='word_1_426' title='bbox 2624 2929 2726 2965; x_wconf 92' lang='lat' dir='ltr'><strong>non</strong></span> <span class='ocrx_word' id='word_1_427' title='bbox 2752 2925 2989 2982; x_wconf 89' lang='lat' dir='ltr'><strong>possunt.</strong></span> <span class='ocrx_word' id='word_1_428' title='bbox 3026 2914 3098 2969; x_wconf 92' lang='lat' dir='ltr'><strong>De</strong></span> <span class='ocrx_word' id='word_1_429' title='bbox 3129 2916 3257 2984; x_wconf 91' lang='lat' dir='ltr'><strong>ipsis</strong></span> <span class='ocrx_word' id='word_1_430' title='bbox 3300 2916 3443 2969; x_wconf 90' lang='lat' dir='ltr'><strong>enim</strong></span> <span class='ocrx_word' id='word_1_431' title='bbox 3475 2918 3697 2984; x_wconf 58' lang='lat' dir='ltr'><strong>quatstio</strong></span> <span class='ocrx_word' id='word_1_432' title='bbox 3742 2929 3844 2972; x_wconf 89' lang='lat' dir='ltr'><strong>est.</strong></span> 
     </span>
    </p>
   </div>
   <div class='ocr_carea' id='block_1_60' title="bbox 2278 3000 3847 3072">
    <p class='ocr_par' dir='ltr' id='par_1_60' title="bbox 2278 3000 3847 3072">
     <span class='ocr_line' id='line_1_60' title="bbox 2278 3000 3847 3072; baseline 0.005 -18"><span class='ocrx_word' id='word_1_433' title='bbox 2278 3000 2348 3056; x_wconf 87' lang='lat' dir='ltr'><strong>De</strong></span> <span class='ocrx_word' id='word_1_434' title='bbox 2397 3005 2585 3071; x_wconf 83' lang='lat' dir='ltr'><strong>quibus</strong></span> <span class='ocrx_word' id='word_1_435' title='bbox 2638 3013 2813 3058; x_wconf 89' lang='lat' dir='ltr'><strong>autem</strong></span> <span class='ocrx_word' id='word_1_436' title='bbox 2861 3006 3151 3072; x_wconf 83' lang='lat' dir='ltr'><strong>dubitatur,</strong></span> <span class='ocrx_word' id='word_1_437' title='bbox 3202 3022 3262 3061; x_wconf 87' lang='lat' dir='ltr'><strong>ea</strong></span> <span class='ocrx_word' id='word_1_438' title='bbox 3303 3007 3620 3061; x_wconf 79' lang='lat' dir='ltr'><strong>dubitationi</strong></span> <span class='ocrx_word' id='word_1_439' title='bbox 3674 3008 3847 3062; x_wconf 87' lang='lat' dir='ltr'><strong>facere</strong></span> 
     </span>
    </p>
   </div>
   <div class='ocr_carea' id='block_1_61' title="bbox 2276 3092 3845 3164">
    <p class='ocr_par' dir='ltr' id='par_1_61' title="bbox 2276 3092 3845 3164">
     <span class='ocr_line' id='line_1_61' title="bbox 2276 3092 3845 3164; baseline 0.005 -18"><span class='ocrx_word' id='word_1_440' title='bbox 2276 3092 2429 3147; x_wconf 87' lang='lat' dir='ltr'><strong>fidem</strong></span> <span class='ocrx_word' id='word_1_441' title='bbox 2482 3108 2767 3163; x_wconf 85' lang='lat' dir='ltr'><strong>nequeunt.</strong></span> <span class='ocrx_word' id='word_1_442' title='bbox 2823 3096 3204 3164; x_wconf 79' lang='lat' dir='ltr'><strong>Argumentum</strong></span> <span class='ocrx_word' id='word_1_443' title='bbox 3254 3113 3380 3152; x_wconf 89' lang='lat' dir='ltr'><strong>vero</strong></span> <span class='ocrx_word' id='word_1_444' title='bbox 3422 3111 3535 3153; x_wconf 86' lang='lat' dir='ltr'><strong>erat</strong></span> <span class='ocrx_word' id='word_1_445' title='bbox 3589 3101 3723 3154; x_wconf 81' lang='lat' dir='ltr'><strong>ratio</strong></span> <span class='ocrx_word' id='word_1_446' title='bbox 3769 3102 3845 3154; x_wconf 88' lang='lat' dir='ltr'><strong>rei</strong></span> 
     </span>
    </p>
   </div>
   <div class='ocr_carea' id='block_1_62' title="bbox 600 3184 3840 3260">
    <p class='ocr_par' dir='ltr' id='par_1_62' title="bbox 600 3184 3840 3260">
     <span class='ocr_line' id='line_1_62' title="bbox 600 3184 3840 3260; baseline 0.002 -21"><span class='ocrx_word' id='word_1_447' title='bbox 600 3187 793 3240; x_wconf 88' lang='lat' dir='ltr'><strong>docere</strong></span> <span class='ocrx_word' id='word_1_448' title='bbox 834 3195 890 3240; x_wconf 89' lang='lat' dir='ltr'><strong>et</strong></span> <span class='ocrx_word' id='word_1_449' title='bbox 929 3200 1173 3250; x_wconf 84' lang='lat' dir='ltr'><strong>movere;</strong></span> <span class='ocrx_word' id='word_1_450' title='bbox 1217 3195 1366 3239; x_wconf 83' lang='lat' dir='ltr'><strong>actor</strong></span> <span class='ocrx_word' id='word_1_451' title='bbox 1417 3195 1500 3239; x_wconf 91' lang='lat' dir='ltr'><strong>est</strong></span> <span class='ocrx_word' id='word_1_452' title='bbox 1530 3194 1741 3249; x_wconf 86' lang='lat' dir='ltr'><strong>orator;</strong></span> <span class='ocrx_word' id='word_1_453' title='bbox 1775 3185 2005 3238; x_wconf 84' lang='lat' dir='ltr'><strong>officium</strong></span> <span class='ocrx_word' id='word_1_454' title='bbox 2037 3185 2170 3237; x_wconf 86' lang='lat' dir='ltr'><strong>bene</strong></span> <span class='ocrx_word' id='word_1_455' title='bbox 2197 3186 2241 3247; x_wconf 85' lang='lat' dir='ltr'>C</span> <span class='ocrx_word' id='word_1_456' title='bbox 2273 3184 2446 3238; x_wconf 74' lang='lat' dir='ltr'><strong>dubia:</strong></span> <span class='ocrx_word' id='word_1_457' title='bbox 2492 3186 2691 3238; x_wconf 86' lang='lat' dir='ltr'><strong>faciens</strong></span> <span class='ocrx_word' id='word_1_458' title='bbox 2756 3186 2942 3250; x_wconf 88' lang='lat' dir='ltr'><strong>fidem;</strong></span> <span class='ocrx_word' id='word_1_459' title='bbox 3003 3188 3196 3243; x_wconf 81' lang='lat' dir='ltr'><strong>faciunt</strong></span> <span class='ocrx_word' id='word_1_460' title='bbox 3254 3202 3428 3244; x_wconf 92' lang='lat' dir='ltr'><strong>autem</strong></span> <span class='ocrx_word' id='word_1_461' title='bbox 3487 3194 3702 3260; x_wconf 85' lang='lat' dir='ltr'><strong>negotio</strong></span> <span class='ocrx_word' id='word_1_462' title='bbox 3770 3194 3840 3244; x_wconf 84' lang='lat' dir='ltr'><strong>fi-</strong></span> 
     </span>
    </p>
   </div>
   <div class='ocr_carea' id='block_1_63' title="bbox 600 3277 2171 3346">
    <p class='ocr_par' dir='ltr' id='par_1_63' title="bbox 600 3277 2171 3346">
     <span class='ocr_line' id='line_1_63' title="bbox 600 3277 2171 3346; baseline -0.002 -13"><span class='ocrx_word' id='word_1_463' title='bbox 600 3280 813 3344; x_wconf 88' lang='lat' dir='ltr'><strong>dicere;</strong></span> <span class='ocrx_word' id='word_1_464' title='bbox 842 3279 961 3332; x_wconf 85' lang='lat' dir='ltr'><strong>linis</strong></span> <span class='ocrx_word' id='word_1_465' title='bbox 994 3293 1102 3333; x_wconf 90' lang='lat' dir='ltr'><strong>tum</strong></span> <span class='ocrx_word' id='word_1_466' title='bbox 1148 3281 1284 3332; x_wconf 90' lang='lat' dir='ltr'><strong>bene</strong></span> <span class='ocrx_word' id='word_1_467' title='bbox 1312 3279 1533 3340; x_wconf 79' lang='lat' dir='ltr'><strong>dixisse,</strong></span> <span class='ocrx_word' id='word_1_468' title='bbox 1567 3287 1677 3331; x_wconf 89' lang='lat' dir='ltr'><strong>tum</strong></span> <span class='ocrx_word' id='word_1_469' title='bbox 1706 3277 2025 3346; x_wconf 88' lang='lat' dir='ltr'><strong>persuadere</strong></span> <span class='ocrx_word' id='word_1_470' title='bbox 2051 3294 2062 3327; x_wconf 89' lang='lat'><strong>:</strong></span> <span class='ocrx_word' id='word_1_471' title='bbox 2090 3287 2171 3330; x_wconf 90' lang='lat' dir='ltr'><strong>est</strong></span> 
     </span>
    </p>
   </div>
   <div class='ocr_carea' id='block_1_64' title="bbox 602 3367 2171 3437">
    <p class='ocr_par' dir='ltr' id='par_1_64' title="bbox 602 3367 2171 3437">
     <span class='ocr_line' id='line_1_64' title="bbox 602 3367 2171 3437; baseline -0.003 -15"><span class='ocrx_word' id='word_1_472' title='bbox 602 3384 732 3424; x_wconf 88' lang='lat' dir='ltr'><strong>vero</strong></span> <span class='ocrx_word' id='word_1_473' title='bbox 780 3379 890 3424; x_wconf 89' lang='lat' dir='ltr'><strong>tota</strong></span> <span class='ocrx_word' id='word_1_474' title='bbox 935 3370 1204 3423; x_wconf 85' lang='lat' dir='ltr'><strong>rhetorica</strong></span> <span class='ocrx_word' id='word_1_475' title='bbox 1246 3372 1296 3422; x_wconf 90' lang='lat' dir='ltr'><strong>in</strong></span> <span class='ocrx_word' id='word_1_476' title='bbox 1336 3369 1637 3437; x_wconf 88' lang='lat' dir='ltr'><strong>speciebus.</strong></span> <span class='ocrx_word' id='word_1_477' title='bbox 1680 3369 1899 3436; x_wconf 86' lang='lat' dir='ltr'><strong>Species</strong></span> <span class='ocrx_word' id='word_1_478' title='bbox 1934 3382 2058 3420; x_wconf 88' lang='lat' dir='ltr'><strong>vero</strong></span> <span class='ocrx_word' id='word_1_479' title='bbox 2097 3367 2171 3419; x_wconf 89' lang='lat' dir='ltr'><strong>ita</strong></span> 
     </span>
    </p>
   </div>
   <div class='ocr_carea' id='block_1_65' title="bbox 602 3458 2173 3526">
    <p class='ocr_par' dir='ltr' id='par_1_65' title="bbox 602 3458 2173 3526">
     <span class='ocr_line' id='line_1_65' title="bbox 602 3458 2173 3526; baseline -0.003 -13"><span class='ocrx_word' id='word_1_480' title='bbox 602 3468 767 3513; x_wconf 91' lang='lat' dir='ltr'><strong>totam</strong></span> <span class='ocrx_word' id='word_1_481' title='bbox 794 3460 1069 3512; x_wconf 85' lang='lat' dir='ltr'><strong>materiam</strong></span> <span class='ocrx_word' id='word_1_482' title='bbox 1099 3459 1423 3526; x_wconf 85' lang='lat' dir='ltr'><strong>informant,</strong></span> <span class='ocrx_word' id='word_1_483' title='bbox 1451 3470 1507 3513; x_wconf 91' lang='lat' dir='ltr'><strong>ut</strong></span> <span class='ocrx_word' id='word_1_484' title='bbox 1533 3469 1712 3512; x_wconf 90' lang='lat' dir='ltr'><strong>tamen</strong></span> <span class='ocrx_word' id='word_1_485' title='bbox 1750 3458 1983 3512; x_wconf 77' lang='lat' dir='ltr'><strong>vicissim</strong></span> <span class='ocrx_word' id='word_1_486' title='bbox 2010 3466 2173 3510; x_wconf 87' lang='lat' dir='ltr'><strong>totam</strong></span> 
     </span>
    </p>
   </div>
   <div class='ocr_carea' id='block_1_66' title="bbox 601 3548 2172 3617">
    <p class='ocr_par' dir='ltr' id='par_1_66' title="bbox 601 3548 2172 3617">
     <span class='ocr_line' id='line_1_66' title="bbox 601 3548 2172 3617; baseline -0.003 -14"><span class='ocrx_word' id='word_1_487' title='bbox 601 3550 702 3604; x_wconf 87' lang='lat' dir='ltr'><strong>sibi</strong></span> <span class='ocrx_word' id='word_1_488' title='bbox 732 3548 1034 3615; x_wconf 89' lang='lat' dir='ltr'><strong>vindicent,</strong></span> <span class='ocrx_word' id='word_1_489' title='bbox 1064 3549 1203 3616; x_wconf 89' lang='lat' dir='ltr'><strong>quod</strong></span> <span class='ocrx_word' id='word_1_490' title='bbox 1230 3565 1296 3603; x_wconf 86' lang='lat' dir='ltr'><strong>ex</strong></span> <span class='ocrx_word' id='word_1_491' title='bbox 1329 3550 1429 3602; x_wconf 87' lang='lat' dir='ltr'><strong>hoc</strong></span> <span class='ocrx_word' id='word_1_492' title='bbox 1448 3549 1669 3617; x_wconf 89' lang='lat' dir='ltr'><strong>intelligi</strong></span> <span class='ocrx_word' id='word_1_493' title='bbox 1692 3556 1897 3617; x_wconf 90' lang='lat' dir='ltr'><strong>potest,</strong></span> <span class='ocrx_word' id='word_1_494' title='bbox 1926 3548 2172 3615; x_wconf 87' lang='lat' dir='ltr'><strong>quoniam</strong></span> 
     </span>
    </p>
   </div>
   <div class='ocr_carea' id='block_1_67' title="bbox 604 3637 2171 3706">
    <p class='ocr_par' dir='ltr' id='par_1_67' title="bbox 604 3637 2171 3706">
     <span class='ocr_line' id='line_1_67' title="bbox 604 3637 2171 3706; baseline -0.003 -13"><span class='ocrx_word' id='word_1_495' title='bbox 604 3652 792 3693; x_wconf 84' lang='lat' dir='ltr'><strong>omnes</strong></span> <span class='ocrx_word' id='word_1_496' title='bbox 834 3638 1069 3691; x_wconf 72' lang='lat' dir='ltr'><strong>materia:</strong></span> <span class='ocrx_word' id='word_1_497' title='bbox 1112 3646 1289 3705; x_wconf 87' lang='lat' dir='ltr'><strong>partes</strong></span> <span class='ocrx_word' id='word_1_498' title='bbox 1327 3638 1551 3705; x_wconf 77' lang='lat' dir='ltr'><strong>singula:</strong></span> <span class='ocrx_word' id='word_1_499' title='bbox 1578 3639 1782 3706; x_wconf 89' lang='lat' dir='ltr'><strong>species</strong></span> <span class='ocrx_word' id='word_1_500' title='bbox 1810 3647 2010 3692; x_wconf 89' lang='lat' dir='ltr'><strong>tenent.</strong></span> <span class='ocrx_word' id='word_1_501' title='bbox 2040 3637 2171 3691; x_wconf 88' lang='lat' dir='ltr'><strong>Nam</strong></span> 
     </span>
    </p>
   </div>
   <div class='ocr_carea' id='block_1_68' title="bbox 606 3727 2171 3799">
    <p class='ocr_par' dir='ltr' id='par_1_68' title="bbox 606 3727 2171 3799">
     <span class='ocr_line' id='line_1_68' title="bbox 606 3727 2171 3799; baseline -0.003 -15"><span class='ocrx_word' id='word_1_502' title='bbox 606 3731 659 3784; x_wconf 88' lang='lat' dir='ltr'><strong>itt</strong></span> <span class='ocrx_word' id='word_1_503' title='bbox 694 3728 933 3799; x_wconf 91' lang='lat' dir='ltr'><strong>judiciali</strong></span> <span class='ocrx_word' id='word_1_504' title='bbox 981 3736 1208 3797; x_wconf 89' lang='lat' dir='ltr'><strong>quatuor</strong></span> <span class='ocrx_word' id='word_1_505' title='bbox 1254 3728 1662 3781; x_wconf 89' lang='lat' dir='ltr'><strong>constitutiones</strong></span> <span class='ocrx_word' id='word_1_506' title='bbox 1704 3728 1978 3792; x_wconf 89' lang='lat' dir='ltr'><strong>invenies,</strong></span> <span class='ocrx_word' id='word_1_507' title='bbox 2020 3737 2073 3781; x_wconf 87' lang='lat' dir='ltr'><strong>et</strong></span> <span class='ocrx_word' id='word_1_508' title='bbox 2120 3727 2171 3780; x_wconf 87' lang='lat' dir='ltr'><strong>in</strong></span> 
     </span>
    </p>
   </div>
   <div class='ocr_carea' id='block_1_69' title="bbox 605 3819 2175 3888">
    <p class='ocr_par' dir='ltr' id='par_1_69' title="bbox 605 3819 2175 3888">
     <span class='ocr_line' id='line_1_69' title="bbox 605 3819 2175 3888; baseline -0.001 -14"><span class='ocrx_word' id='word_1_509' title='bbox 605 3820 953 3875; x_wconf 90' lang='lat' dir='ltr'><strong>deliberativo</strong></span> <span class='ocrx_word' id='word_1_510' title='bbox 976 3819 1500 3885; x_wconf 88' lang='lat' dir='ltr'><strong>demonstrativoqne</strong></span> <span class='ocrx_word' id='word_1_511' title='bbox 1529 3819 1747 3872; x_wconf 89' lang='lat' dir='ltr'><strong>easdem</strong></span> <span class='ocrx_word' id='word_1_512' title='bbox 1773 3828 2000 3888; x_wconf 89' lang='lat' dir='ltr'><strong>quatuor</strong></span> <span class='ocrx_word' id='word_1_513' title='bbox 2027 3819 2175 3873; x_wconf 89' lang='lat' dir='ltr'><strong>inve-</strong></span> 
     </span>
    </p>
   </div>
   <div class='ocr_carea' id='block_1_70' title="bbox 607 3908 2175 3978">
    <p class='ocr_par' dir='ltr' id='par_1_70' title="bbox 607 3908 2175 3978">
     <span class='ocr_line' id='line_1_70' title="bbox 607 3908 2175 3978; baseline 0 -14"><span class='ocrx_word' id='word_1_514' title='bbox 607 3911 723 3965; x_wconf 90' lang='lat' dir='ltr'><strong>nire</strong></span> <span class='ocrx_word' id='word_1_515' title='bbox 750 3924 937 3977; x_wconf 87' lang='lat' dir='ltr'><strong>queas.</strong></span> <span class='ocrx_word' id='word_1_516' title='bbox 966 3909 1118 3965; x_wconf 89' lang='lat' dir='ltr'><strong>Unde</strong></span> <span class='ocrx_word' id='word_1_517' title='bbox 1156 3908 1473 3975; x_wconf 82' lang='lat' dir='ltr'><strong>ostenditur,</strong></span> <span class='ocrx_word' id='word_1_518' title='bbox 1513 3910 1559 3963; x_wconf 91' lang='lat' dir='ltr'><strong>si</strong></span> <span class='ocrx_word' id='word_1_519' title='bbox 1589 3924 1774 3964; x_wconf 90' lang='lat' dir='ltr'><strong>omnes</strong></span> <span class='ocrx_word' id='word_1_520' title='bbox 1801 3919 1979 3978; x_wconf 89' lang='lat' dir='ltr'><strong>partes</strong></span> <span class='ocrx_word' id='word_1_521' title='bbox 2000 3925 2175 3964; x_wconf 64' lang='lat' dir='ltr'><strong>causa</strong></span> 
     </span>
    </p>
   </div>
   <div class='ocr_carea' id='block_1_71' title="bbox 607 4002 2177 4073">
    <p class='ocr_par' dir='ltr' id='par_1_71' title="bbox 607 4002 2177 4073">
     <span class='ocr_line' id='line_1_71' title="bbox 607 4002 2177 4073; baseline -0.001 -15"><span class='ocrx_word' id='word_1_522' title='bbox 607 4004 898 4073; x_wconf 82' lang='lat' dir='ltr'><strong>generalis,</strong></span> <span class='ocrx_word' id='word_1_523' title='bbox 943 4018 1061 4071; x_wconf 72' lang='lat' dir='ltr'><strong>quin</strong></span> <span class='ocrx_word' id='word_1_524' title='bbox 1099 4015 1180 4055; x_wconf 91' lang='lat' dir='ltr'><strong>est</strong></span> <span class='ocrx_word' id='word_1_525' title='bbox 1217 4002 1390 4057; x_wconf 90' lang='lat' dir='ltr'><strong>civilis</strong></span> <span class='ocrx_word' id='word_1_526' title='bbox 1431 4004 1687 4071; x_wconf 60' lang='lat' dir='ltr'><strong>questio,</strong></span> <span class='ocrx_word' id='word_1_527' title='bbox 1721 4004 1942 4072; x_wconf 75' lang='lat' dir='ltr'><strong>singula:</strong></span> <span class='ocrx_word' id='word_1_528' title='bbox 1972 4004 2177 4071; x_wconf 80' lang='lat' dir='ltr'><strong>Species</strong></span> 
     </span>
    </p>
   </div>
   <div class='ocr_carea' id='block_1_72' title="bbox 608 4094 2173 4162">
    <p class='ocr_par' dir='ltr' id='par_1_72' title="bbox 608 4094 2173 4162">
     <span class='ocr_line' id='line_1_72' title="bbox 608 4094 2173 4162; baseline 0.001 -16"><span class='ocrx_word' id='word_1_529' title='bbox 608 4096 837 4157; x_wconf 84' lang='lat' dir='ltr'><strong>habent,</strong></span> <span class='ocrx_word' id='word_1_530' title='bbox 866 4108 1052 4147; x_wconf 87' lang='lat' dir='ltr'><strong>omnes</strong></span> <span class='ocrx_word' id='word_1_531' title='bbox 1080 4109 1206 4147; x_wconf 87' lang='lat' dir='ltr'><strong>vero</strong></span> <span class='ocrx_word' id='word_1_532' title='bbox 1224 4102 1413 4162; x_wconf 88' lang='lat' dir='ltr'><strong>partes</strong></span> <span class='ocrx_word' id='word_1_533' title='bbox 1440 4108 1599 4148; x_wconf 90' lang='lat' dir='ltr'><strong>causa</strong></span> <span class='ocrx_word' id='word_1_534' title='bbox 1641 4094 1753 4162; x_wconf 94' lang='lat' dir='ltr'><strong>ipsa</strong></span> <span class='ocrx_word' id='word_1_535' title='bbox 1777 4105 1893 4160; x_wconf 91' lang='lat' dir='ltr'><strong>est,</strong></span> <span class='ocrx_word' id='word_1_536' title='bbox 1922 4108 2135 4148; x_wconf 87' lang='lat' dir='ltr'><strong>causam</strong></span> <span class='ocrx_word' id='word_1_537' title='bbox 2157 4133 2173 4157; x_wconf 93' lang='lat'><strong>,</strong></span> 
     </span>
    </p>
   </div>
   <div class='ocr_carea' id='block_1_73' title="bbox 607 4186 2177 4255">
    <p class='ocr_par' dir='ltr' id='par_1_73' title="bbox 607 4186 2177 4255">
     <span class='ocr_line' id='line_1_73' title="bbox 607 4186 2177 4255; baseline 0 -16"><span class='ocrx_word' id='word_1_538' title='bbox 607 4186 663 4239; x_wconf 89' lang='lat' dir='ltr'><strong>id</strong></span> <span class='ocrx_word' id='word_1_539' title='bbox 684 4196 766 4239; x_wconf 91' lang='lat' dir='ltr'><strong>est</strong></span> <span class='ocrx_word' id='word_1_540' title='bbox 781 4186 989 4240; x_wconf 88' lang='lat' dir='ltr'><strong>eivilem</strong></span> <span class='ocrx_word' id='word_1_541' title='bbox 1008 4186 1377 4253; x_wconf 63' lang='lat' dir='ltr'><strong>quarstionem,</strong></span> <span class='ocrx_word' id='word_1_542' title='bbox 1399 4201 1429 4239; x_wconf 90' lang='lat' dir='ltr'><strong>a</strong></span> <span class='ocrx_word' id='word_1_543' title='bbox 1450 4187 1727 4255; x_wconf 89' lang='lat' dir='ltr'><strong>speciebus</strong></span> <span class='ocrx_word' id='word_1_544' title='bbox 1750 4187 1982 4241; x_wconf 85' lang='lat' dir='ltr'><strong>vicissim</strong></span> <span class='ocrx_word' id='word_1_545' title='bbox 2007 4188 2177 4239; x_wconf 85' lang='lat' dir='ltr'><strong>vindi-</strong></span> 
     </span>
    </p>
   </div>
   <div class='ocr_carea' id='block_1_74' title="bbox 609 4277 2176 4346">
    <p class='ocr_par' dir='ltr' id='par_1_74' title="bbox 609 4277 2176 4346">
     <span class='ocr_line' id='line_1_74' title="bbox 609 4277 2176 4346; baseline -0.001 -15"><span class='ocrx_word' id='word_1_546' title='bbox 609 4279 720 4331; x_wconf 88' lang='lat' dir='ltr'><strong>cari</strong></span> <span class='ocrx_word' id='word_1_547' title='bbox 750 4288 915 4332; x_wconf 86' lang='lat' dir='ltr'><strong>totam</strong></span> <span class='ocrx_word' id='word_1_548' title='bbox 944 4292 1010 4331; x_wconf 90' lang='lat' dir='ltr'><strong>eo</strong></span> <span class='ocrx_word' id='word_1_549' title='bbox 1034 4280 1213 4340; x_wconf 88' lang='lat' dir='ltr'><strong>modo,</strong></span> <span class='ocrx_word' id='word_1_550' title='bbox 1247 4292 1351 4345; x_wconf 92' lang='lat' dir='ltr'><strong>quo</strong></span> <span class='ocrx_word' id='word_1_551' title='bbox 1380 4292 1483 4331; x_wconf 82' lang='lat' dir='ltr'><strong>vox</strong></span> <span class='ocrx_word' id='word_1_552' title='bbox 1514 4292 1618 4331; x_wconf 91' lang='lat' dir='ltr'><strong>uno</strong></span> <span class='ocrx_word' id='word_1_553' title='bbox 1646 4290 1884 4345; x_wconf 92' lang='lat' dir='ltr'><strong>tempore</strong></span> <span class='ocrx_word' id='word_1_554' title='bbox 1910 4278 1977 4330; x_wconf 88' lang='lat' dir='ltr'><strong>ad</strong></span> <span class='ocrx_word' id='word_1_555' title='bbox 2006 4277 2176 4346; x_wconf 88' lang='lat' dir='ltr'><strong>pluri-</strong></span> 
     </span>
    </p>
   </div>
   <div class='ocr_carea' id='block_1_75' title="bbox 608 4368 2177 4438">
    <p class='ocr_par' dir='ltr' id='par_1_75' title="bbox 608 4368 2177 4438">
     <span class='ocr_line' id='line_1_75' title="bbox 608 4368 2177 4438; baseline -0.004 -11"><span class='ocrx_word' id='word_1_556' title='bbox 608 4387 817 4427; x_wconf 86' lang='lat' dir='ltr'><strong>morum</strong></span> <span class='ocrx_word' id='word_1_557' title='bbox 852 4386 1008 4425; x_wconf 88' lang='lat' dir='ltr'><strong>aures</strong></span> <span class='ocrx_word' id='word_1_558' title='bbox 1038 4371 1277 4438; x_wconf 90' lang='lat' dir='ltr'><strong>pervenit</strong></span> <span class='ocrx_word' id='word_1_559' title='bbox 1300 4385 1422 4421; x_wconf 90' lang='lat' dir='ltr'><strong>cum</strong></span> <span class='ocrx_word' id='word_1_560' title='bbox 1451 4370 1561 4422; x_wconf 89' lang='lat' dir='ltr'><strong>suis</strong></span> <span class='ocrx_word' id='word_1_561' title='bbox 1585 4370 1789 4438; x_wconf 84' lang='lat' dir='ltr'><strong>integra</strong></span> <span class='ocrx_word' id='word_1_562' title='bbox 1827 4368 2061 4437; x_wconf 90' lang='lat' dir='ltr'><strong>partibus</strong></span> <span class='ocrx_word' id='word_1_563' title='bbox 2082 4411 2098 4435; x_wconf 92' lang='lat'><strong>,</strong></span> <span class='ocrx_word' id='word_1_564' title='bbox 2128 4369 2177 4421; x_wconf 89' lang='lat' dir='ltr'><strong>id</strong></span> 
     </span>
    </p>
   </div>
   <div class='ocr_carea' id='block_1_76' title="bbox 611 4460 2180 4530">
    <p class='ocr_par' dir='ltr' id='par_1_76' title="bbox 611 4460 2180 4530">
     <span class='ocr_line' id='line_1_76' title="bbox 611 4460 2180 4530; baseline -0.003 -12"><span class='ocrx_word' id='word_1_565' title='bbox 611 4474 694 4518; x_wconf 91' lang='lat' dir='ltr'><strong>est</strong></span> <span class='ocrx_word' id='word_1_566' title='bbox 720 4462 1025 4527; x_wconf 88' lang='lat' dir='ltr'><strong>elementis,</strong></span> <span class='ocrx_word' id='word_1_567' title='bbox 1060 4477 1178 4514; x_wconf 82' lang='lat' dir='ltr'><strong>nam</strong></span> <span class='ocrx_word' id='word_1_568' title='bbox 1203 4460 1391 4515; x_wconf 90' lang='lat' dir='ltr'><strong>eodem</strong></span> <span class='ocrx_word' id='word_1_569' title='bbox 1418 4472 1656 4530; x_wconf 89' lang='lat' dir='ltr'><strong>tempore</strong></span> <span class='ocrx_word' id='word_1_570' title='bbox 1685 4470 1794 4515; x_wconf 87' lang='lat' dir='ltr'><strong>tota</strong></span> <span class='ocrx_word' id='word_1_571' title='bbox 1820 4476 1978 4515; x_wconf 87' lang='lat' dir='ltr'><strong>causa</strong></span> <span class='ocrx_word' id='word_1_572' title='bbox 2002 4461 2070 4514; x_wconf 90' lang='lat' dir='ltr'><strong>ad</strong></span> <span class='ocrx_word' id='word_1_573' title='bbox 2099 4461 2180 4514; x_wconf 88' lang='lat' dir='ltr'><strong>di-</strong></span> 
     </span>
    </p>
   </div>
   <div class='ocr_carea' id='block_1_77' title="bbox 2272 3277 3841 3351">
    <p class='ocr_par' dir='ltr' id='par_1_77' title="bbox 2272 3277 3841 3351">
     <span class='ocr_line' id='line_1_77' title="bbox 2272 3277 3841 3351; baseline 0.006 -23"><span class='ocrx_word' id='word_1_574' title='bbox 2272 3277 2427 3341; x_wconf 90' lang='lat' dir='ltr'><strong>dem,</strong></span> <span class='ocrx_word' id='word_1_575' title='bbox 2480 3293 2540 3329; x_wconf 92' lang='lat' dir='ltr'><strong>ea</strong></span> <span class='ocrx_word' id='word_1_576' title='bbox 2581 3293 2698 3347; x_wconf 77' lang='lat' dir='ltr'><strong>quae</strong></span> <span class='ocrx_word' id='word_1_577' title='bbox 2738 3290 2862 3331; x_wconf 93' lang='lat' dir='ltr'><strong>sunt</strong></span> <span class='ocrx_word' id='word_1_578' title='bbox 2906 3281 3144 3348; x_wconf 89' lang='lat' dir='ltr'><strong>personis</strong></span> <span class='ocrx_word' id='word_1_579' title='bbox 3200 3296 3263 3335; x_wconf 84' lang='lat' dir='ltr'><strong>ac</strong></span> <span class='ocrx_word' id='word_1_580' title='bbox 3302 3284 3532 3351; x_wconf 88' lang='lat' dir='ltr'><strong>negotiis</strong></span> <span class='ocrx_word' id='word_1_581' title='bbox 3571 3285 3841 3338; x_wconf 89' lang='lat' dir='ltr'><strong>attributa.</strong></span> 
     </span>
    </p>
   </div>
   <div class='ocr_carea' id='block_1_78' title="bbox 2274 3368 3843 3440">
    <p class='ocr_par' dir='ltr' id='par_1_78' title="bbox 2274 3368 3843 3440">
     <span class='ocr_line' id='line_1_78' title="bbox 2274 3368 3843 3440; baseline 0.004 -18"><span class='ocrx_word' id='word_1_582' title='bbox 2274 3369 2350 3422; x_wconf 85' lang='lat' dir='ltr'><strong>Ac</strong></span> <span class='ocrx_word' id='word_1_583' title='bbox 2399 3368 2443 3422; x_wconf 92' lang='lat' dir='ltr'><strong>si</strong></span> <span class='ocrx_word' id='word_1_584' title='bbox 2489 3370 2699 3433; x_wconf 90' lang='lat' dir='ltr'><strong>quando</strong></span> <span class='ocrx_word' id='word_1_585' title='bbox 2751 3384 2975 3438; x_wconf 90' lang='lat' dir='ltr'><strong>persona</strong></span> <span class='ocrx_word' id='word_1_586' title='bbox 3021 3372 3232 3440; x_wconf 85' lang='lat' dir='ltr'><strong>negotio</strong></span> <span class='ocrx_word' id='word_1_587' title='bbox 3274 3372 3431 3427; x_wconf 85' lang='lat' dir='ltr'><strong>faciat</strong></span> <span class='ocrx_word' id='word_1_588' title='bbox 3462 3374 3650 3439; x_wconf 84' lang='lat' dir='ltr'><strong>fidem,</strong></span> <span class='ocrx_word' id='word_1_589' title='bbox 3686 3378 3843 3429; x_wconf 85' lang='lat' dir='ltr'><strong>veluti</strong></span> 
     </span>
    </p>
   </div>
   <div class='ocr_carea' id='block_1_79' title="bbox 2274 3457 3843 3535">
    <p class='ocr_par' dir='ltr' id='par_1_79' title="bbox 2274 3457 3843 3535">
     <span class='ocr_line' id='line_1_79' title="bbox 2274 3457 3843 3535; baseline 0.007 -24"><span class='ocrx_word' id='word_1_590' title='bbox 2274 3459 2317 3511; x_wconf 87' lang='lat' dir='ltr'><strong>si</strong></span> <span class='ocrx_word' id='word_1_591' title='bbox 2359 3457 2605 3512; x_wconf 87' lang='lat' dir='ltr'><strong>credatur</strong></span> <span class='ocrx_word' id='word_1_592' title='bbox 2642 3471 2826 3512; x_wconf 89' lang='lat' dir='ltr'><strong>contra</strong></span> <span class='ocrx_word' id='word_1_593' title='bbox 2859 3463 3238 3528; x_wconf 86' lang='lat' dir='ltr'><strong>rempublicam</strong></span> <span class='ocrx_word' id='word_1_594' title='bbox 3268 3468 3500 3521; x_wconf 88' lang='lat' dir='ltr'><strong>sensisse</strong></span> <span class='ocrx_word' id='word_1_595' title='bbox 3530 3467 3843 3535; x_wconf 85' lang='lat' dir='ltr'><strong>Catilinam,</strong></span> 
     </span>
    </p>
   </div>
   <div class='ocr_carea' id='block_1_80' title="bbox 2277 3551 3844 3627">
    <p class='ocr_par' dir='ltr' id='par_1_80' title="bbox 2277 3551 3844 3627">
     <span class='ocr_line' id='line_1_80' title="bbox 2277 3551 3844 3627; baseline 0.011 -28"><span class='ocrx_word' id='word_1_596' title='bbox 2277 3551 2529 3615; x_wconf 89' lang='lat' dir='ltr'><strong>quoniam</strong></span> <span class='ocrx_word' id='word_1_597' title='bbox 2565 3566 2787 3616; x_wconf 86' lang='lat' dir='ltr'><strong>persona</strong></span> <span class='ocrx_word' id='word_1_598' title='bbox 2818 3563 2900 3606; x_wconf 89' lang='lat' dir='ltr'><strong>est</strong></span> <span class='ocrx_word' id='word_1_599' title='bbox 2932 3554 3176 3609; x_wconf 89' lang='lat' dir='ltr'><strong>vitiorum</strong></span> <span class='ocrx_word' id='word_1_600' title='bbox 3208 3559 3533 3625; x_wconf 86' lang='lat' dir='ltr'><strong>turpitudine</strong></span> <span class='ocrx_word' id='word_1_601' title='bbox 3566 3560 3844 3627; x_wconf 86' lang='lat' dir='ltr'><strong>denotata,</strong></span> 
     </span>
    </p>
   </div>
   <div class='ocr_carea' id='block_1_81' title="bbox 2277 3640 3848 3717">
    <p class='ocr_par' dir='ltr' id='par_1_81' title="bbox 2277 3640 3848 3717">
     <span class='ocr_line' id='line_1_81' title="bbox 2277 3640 3848 3717; baseline 0.01 -26"><span class='ocrx_word' id='word_1_602' title='bbox 2277 3648 2403 3691; x_wconf 90' lang='lat' dir='ltr'><strong>tunc</strong></span> <span class='ocrx_word' id='word_1_603' title='bbox 2428 3654 2533 3691; x_wconf 92' lang='lat' dir='ltr'><strong>non</strong></span> <span class='ocrx_word' id='word_1_604' title='bbox 2560 3640 2612 3692; x_wconf 92' lang='lat' dir='ltr'><strong>in</strong></span> <span class='ocrx_word' id='word_1_605' title='bbox 2643 3656 2707 3693; x_wconf 93' lang='lat' dir='ltr'><strong>eo</strong></span> <span class='ocrx_word' id='word_1_606' title='bbox 2735 3643 2873 3709; x_wconf 88' lang='lat' dir='ltr'><strong>quod</strong></span> <span class='ocrx_word' id='word_1_607' title='bbox 2908 3660 3129 3711; x_wconf 87' lang='lat' dir='ltr'><strong>persona</strong></span> <span class='ocrx_word' id='word_1_608' title='bbox 3162 3659 3237 3699; x_wconf 88' lang='lat' dir='ltr'><strong>est</strong></span> <span class='ocrx_word' id='word_1_609' title='bbox 3287 3659 3338 3699; x_wconf 93' lang='lat' dir='ltr'><strong>et</strong></span> <span class='ocrx_word' id='word_1_610' title='bbox 3394 3650 3444 3701; x_wconf 90' lang='lat' dir='ltr'><strong>in</strong></span> <span class='ocrx_word' id='word_1_611' title='bbox 3470 3650 3726 3717; x_wconf 87' lang='lat' dir='ltr'><strong>judicium</strong></span> <span class='ocrx_word' id='word_1_612' title='bbox 3757 3669 3848 3705; x_wconf 88' lang='lat' dir='ltr'><strong>vo-</strong></span> 
     </span>
    </p>
   </div>
   <div class='ocr_carea' id='block_1_82' title="bbox 2277 3730 3846 3807">
    <p class='ocr_par' dir='ltr' id='par_1_82' title="bbox 2277 3730 3846 3807">
     <span class='ocr_line' id='line_1_82' title="bbox 2277 3730 3846 3807; baseline 0.008 -24"><span class='ocrx_word' id='word_1_613' title='bbox 2277 3738 2427 3783; x_wconf 90' lang='lat' dir='ltr'><strong>catur</strong></span> <span class='ocrx_word' id='word_1_614' title='bbox 2471 3730 2628 3784; x_wconf 86' lang='lat' dir='ltr'><strong>fidem</strong></span> <span class='ocrx_word' id='word_1_615' title='bbox 2661 3735 2872 3800; x_wconf 88' lang='lat' dir='ltr'><strong>negotio</strong></span> <span class='ocrx_word' id='word_1_616' title='bbox 2920 3737 3075 3801; x_wconf 84' lang='lat' dir='ltr'><strong>facit,</strong></span> <span class='ocrx_word' id='word_1_617' title='bbox 3114 3736 3208 3789; x_wconf 87' lang='lat' dir='ltr'><strong>sed</strong></span> <span class='ocrx_word' id='word_1_618' title='bbox 3240 3739 3293 3790; x_wconf 93' lang='lat' dir='ltr'><strong>in</strong></span> <span class='ocrx_word' id='word_1_619' title='bbox 3344 3754 3409 3792; x_wconf 90' lang='lat' dir='ltr'><strong>eo</strong></span> <span class='ocrx_word' id='word_1_620' title='bbox 3437 3742 3577 3807; x_wconf 90' lang='lat' dir='ltr'><strong>quod</strong></span> <span class='ocrx_word' id='word_1_621' title='bbox 3606 3758 3671 3795; x_wconf 85' lang='lat' dir='ltr'><strong>ex</strong></span> <span class='ocrx_word' id='word_1_622' title='bbox 3700 3745 3846 3795; x_wconf 91' lang='lat' dir='ltr'><strong>attri-</strong></span> 
     </span>
    </p>
   </div>
   <div class='ocr_carea' id='block_1_83' title="bbox 2277 3821 3845 3896">
    <p class='ocr_par' dir='ltr' id='par_1_83' title="bbox 2277 3821 3845 3896">
     <span class='ocr_line' id='line_1_83' title="bbox 2277 3821 3845 3896; baseline 0.008 -23"><span class='ocrx_word' id='word_1_623' title='bbox 2277 3821 2420 3875; x_wconf 92' lang='lat' dir='ltr'><strong>butis</strong></span> <span class='ocrx_word' id='word_1_624' title='bbox 2454 3836 2692 3890; x_wconf 84' lang='lat' dir='ltr'><strong>personae</strong></span> <span class='ocrx_word' id='word_1_625' title='bbox 2732 3825 3014 3892; x_wconf 88' lang='lat' dir='ltr'><strong>quamdam</strong></span> <span class='ocrx_word' id='word_1_626' title='bbox 3050 3829 3267 3895; x_wconf 86' lang='lat' dir='ltr'><strong>suscipit</strong></span> <span class='ocrx_word' id='word_1_627' title='bbox 3298 3830 3625 3896; x_wconf 89' lang='lat' dir='ltr'><strong>qualitatem.</strong></span> <span class='ocrx_word' id='word_1_628' title='bbox 3660 3832 3761 3886; x_wconf 89' lang='lat' dir='ltr'><strong>Sed</strong></span> <span class='ocrx_word' id='word_1_629' title='bbox 3789 3844 3845 3885; x_wconf 89' lang='lat' dir='ltr'><strong>ut</strong></span> 
     </span>
    </p>
   </div>
   <div class='ocr_carea' id='block_1_84' title="bbox 2278 3912 3849 3985">
    <p class='ocr_par' dir='ltr' id='par_1_84' title="bbox 2278 3912 3849 3985">
     <span class='ocr_line' id='line_1_84' title="bbox 2278 3912 3849 3985; baseline 0.008 -21"><span class='ocrx_word' id='word_1_630' title='bbox 2278 3925 2455 3965; x_wconf 89' lang='lat' dir='ltr'><strong>rerum</strong></span> <span class='ocrx_word' id='word_1_631' title='bbox 2498 3912 2630 3965; x_wconf 86' lang='lat' dir='ltr'><strong>ordo</strong></span> <span class='ocrx_word' id='word_1_632' title='bbox 2671 3912 2866 3968; x_wconf 90' lang='lat' dir='ltr'><strong>clarius</strong></span> <span class='ocrx_word' id='word_1_633' title='bbox 2912 3914 3283 3985; x_wconf 88' lang='lat' dir='ltr'><strong>eolliquescat,</strong></span> <span class='ocrx_word' id='word_1_634' title='bbox 3325 3920 3392 3973; x_wconf 92' lang='lat' dir='ltr'><strong>de</strong></span> <span class='ocrx_word' id='word_1_635' title='bbox 3432 3921 3849 3977; x_wconf 87' lang='lat' dir='ltr'><strong>circumstantiis</strong></span> 
     </span>
    </p>
   </div>
   <div class='ocr_carea' id='block_1_85' title="bbox 2279 4004 3851 4081">
    <p class='ocr_par' dir='ltr' id='par_1_85' title="bbox 2279 4004 3851 4081">
     <span class='ocr_line' id='line_1_85' title="bbox 2279 4004 3851 4081; baseline 0.01 -27"><span class='ocrx_word' id='word_1_636' title='bbox 2279 4004 2510 4057; x_wconf 86' lang='lat' dir='ltr'><strong>arbitror</strong></span> <span class='ocrx_word' id='word_1_637' title='bbox 2532 4019 2648 4057; x_wconf 91' lang='lat' dir='ltr'><strong>esse</strong></span> <span class='ocrx_word' id='word_1_638' title='bbox 2670 4005 2973 4059; x_wconf 88' lang='lat' dir='ltr'><strong>dicendum.</strong></span> <span class='ocrx_word' id='word_1_639' title='bbox 3000 4007 3421 4063; x_wconf 81' lang='lat' dir='ltr'><strong>Circumstantiae</strong></span> <span class='ocrx_word' id='word_1_640' title='bbox 3442 4025 3565 4064; x_wconf 90' lang='lat' dir='ltr'><strong>sunt</strong></span> <span class='ocrx_word' id='word_1_641' title='bbox 3586 4030 3704 4081; x_wconf 81' lang='lat' dir='ltr'><strong>qua:</strong></span> <span class='ocrx_word' id='word_1_642' title='bbox 3725 4030 3851 4069; x_wconf 82' lang='lat' dir='ltr'><strong>con-</strong></span> 
     </span>
    </p>
   </div>
   <div class='ocr_carea' id='block_1_86' title="bbox 2284 4094 3849 4166">
    <p class='ocr_par' dir='ltr' id='par_1_86' title="bbox 2284 4094 3849 4166">
     <span class='ocr_line' id='line_1_86' title="bbox 2284 4094 3849 4166; baseline 0.01 -23"><span class='ocrx_word' id='word_1_643' title='bbox 2284 4094 2560 4149; x_wconf 84' lang='lat' dir='ltr'><strong>venientes</strong></span> <span class='ocrx_word' id='word_1_644' title='bbox 2582 4098 2929 4150; x_wconf 82' lang='lat' dir='ltr'><strong>substantiam</strong></span> <span class='ocrx_word' id='word_1_645' title='bbox 2957 4098 3262 4166; x_wconf 67' lang='lat' dir='ltr'><strong>quiestionis</strong></span> <span class='ocrx_word' id='word_1_646' title='bbox 3285 4100 3540 4155; x_wconf 81' lang='lat' dir='ltr'><strong>efficiunt.</strong></span> <span class='ocrx_word' id='word_1_647' title='bbox 3567 4103 3675 4157; x_wconf 81' lang='lat' dir='ltr'><strong>Nisi</strong></span> <span class='ocrx_word' id='word_1_648' title='bbox 3704 4107 3849 4159; x_wconf 90' lang='lat' dir='ltr'><strong>enim</strong></span> 
     </span>
    </p>
   </div>
   <div class='ocr_carea' id='block_1_87' title="bbox 2282 4188 3842 4260">
    <p class='ocr_par' dir='ltr' id='par_1_87' title="bbox 2282 4188 3842 4260">
     <span class='ocr_line' id='line_1_87' title="bbox 2282 4188 3842 4260; baseline 0.004 -21"><span class='ocrx_word' id='word_1_649' title='bbox 2282 4188 2351 4239; x_wconf 87' lang='lat' dir='ltr'><strong>sit</strong></span> <span class='ocrx_word' id='word_1_650' title='bbox 2375 4188 2463 4255; x_wconf 90' lang='lat' dir='ltr'><strong>qui</strong></span> <span class='ocrx_word' id='word_1_651' title='bbox 2494 4188 2715 4254; x_wconf 89' lang='lat' dir='ltr'><strong>fecerit,</strong></span> <span class='ocrx_word' id='word_1_652' title='bbox 2744 4196 2798 4241; x_wconf 92' lang='lat' dir='ltr'><strong>et</strong></span> <span class='ocrx_word' id='word_1_653' title='bbox 2826 4189 2949 4256; x_wconf 89' lang='lat' dir='ltr'><strong>quid</strong></span> <span class='ocrx_word' id='word_1_654' title='bbox 2977 4190 3199 4255; x_wconf 90' lang='lat' dir='ltr'><strong>fecerit,</strong></span> <span class='ocrx_word' id='word_1_655' title='bbox 3226 4205 3490 4260; x_wconf 84' lang='lat' dir='ltr'><strong>causaque</strong></span> <span class='ocrx_word' id='word_1_656' title='bbox 3510 4209 3601 4246; x_wconf 90' lang='lat' dir='ltr'><strong>cur</strong></span> <span class='ocrx_word' id='word_1_657' title='bbox 3625 4195 3842 4259; x_wconf 89' lang='lat' dir='ltr'><strong>fecerit,</strong></span> 
     </span>
    </p>
   </div>
   <div class='ocr_carea' id='block_1_88' title="bbox 2283 4275 3851 4347">
    <p class='ocr_par' dir='ltr' id='par_1_88' title="bbox 2283 4275 3851 4347">
     <span class='ocr_line' id='line_1_88' title="bbox 2283 4275 3851 4347; baseline 0.008 -20"><span class='ocrx_word' id='word_1_658' title='bbox 2283 4275 2431 4328; x_wconf 90' lang='lat' dir='ltr'><strong>locus</strong></span> <span class='ocrx_word' id='word_1_659' title='bbox 2451 4316 2466 4337; x_wconf 90' lang='lat'><strong>,</strong></span> <span class='ocrx_word' id='word_1_660' title='bbox 2499 4284 2813 4345; x_wconf 88' lang='lat' dir='ltr'><strong>tempusque</strong></span> <span class='ocrx_word' id='word_1_661' title='bbox 2842 4293 2948 4346; x_wconf 93' lang='lat' dir='ltr'><strong>quo</strong></span> <span class='ocrx_word' id='word_1_662' title='bbox 2981 4282 3197 4347; x_wconf 88' lang='lat' dir='ltr'><strong>fecerit,</strong></span> <span class='ocrx_word' id='word_1_663' title='bbox 3230 4282 3418 4336; x_wconf 90' lang='lat' dir='ltr'><strong>modus</strong></span> <span class='ocrx_word' id='word_1_664' title='bbox 3443 4284 3597 4336; x_wconf 85' lang='lat' dir='ltr'><strong>etiam</strong></span> <span class='ocrx_word' id='word_1_665' title='bbox 3630 4284 3851 4339; x_wconf 83' lang='lat' dir='ltr'><strong>faculta-</strong></span> 
     </span>
    </p>
   </div>
   <div class='ocr_carea' id='block_1_89' title="bbox 2284 4368 3855 4445">
    <p class='ocr_par' dir='ltr' id='par_1_89' title="bbox 2284 4368 3855 4445">
     <span class='ocr_line' id='line_1_89' title="bbox 2284 4368 3855 4445; baseline 0.008 -27"><span class='ocrx_word' id='word_1_666' title='bbox 2284 4374 2469 4434; x_wconf 90' lang='lat' dir='ltr'><strong>tesque</strong></span> <span class='ocrx_word' id='word_1_667' title='bbox 2510 4368 2555 4419; x_wconf 90' lang='lat' dir='ltr'><strong>si</strong></span> <span class='ocrx_word' id='word_1_668' title='bbox 2601 4368 2825 4431; x_wconf 90' lang='lat' dir='ltr'><strong>desunt,</strong></span> <span class='ocrx_word' id='word_1_669' title='bbox 2874 4384 3031 4423; x_wconf 88' lang='lat' dir='ltr'><strong>causa</strong></span> <span class='ocrx_word' id='word_1_670' title='bbox 3074 4387 3179 4424; x_wconf 92' lang='lat' dir='ltr'><strong>non</strong></span> <span class='ocrx_word' id='word_1_671' title='bbox 3220 4374 3400 4427; x_wconf 85' lang='lat' dir='ltr'><strong>stabit.</strong></span> <span class='ocrx_word' id='word_1_672' title='bbox 3436 4375 3540 4430; x_wconf 88' lang='lat' dir='ltr'><strong>llas</strong></span> <span class='ocrx_word' id='word_1_673' title='bbox 3569 4376 3722 4445; x_wconf 86' lang='lat' dir='ltr'><strong>igitur</strong></span> <span class='ocrx_word' id='word_1_674' title='bbox 3747 4379 3855 4431; x_wconf 88' lang='lat' dir='ltr'><strong>cir-</strong></span> 
     </span>
    </p>
   </div>
   <div class='ocr_carea' id='block_1_90' title="bbox 2284 4464 3857 4544">
    <p class='ocr_par' dir='ltr' id='par_1_90' title="bbox 2284 4464 3857 4544">
     <span class='ocr_line' id='line_1_90' title="bbox 2284 4464 3857 4544; baseline 0.008 -27"><span class='ocrx_word' id='word_1_675' title='bbox 2284 4464 2627 4518; x_wconf 88' lang='lat' dir='ltr'><strong>cumstantias</strong></span> <span class='ocrx_word' id='word_1_676' title='bbox 2655 4466 2705 4518; x_wconf 92' lang='lat' dir='ltr'><strong>in</strong></span> <span class='ocrx_word' id='word_1_677' title='bbox 2731 4466 2939 4539; x_wconf 89' lang='lat' dir='ltr'><strong>gemina</strong></span> <span class='ocrx_word' id='word_1_678' title='bbox 2968 4466 3156 4523; x_wconf 89' lang='lat' dir='ltr'><strong>Cicero</strong></span> <span class='ocrx_word' id='word_1_679' title='bbox 3189 4472 3435 4539; x_wconf 86' lang='lat' dir='ltr'><strong>partitur,</strong></span> <span class='ocrx_word' id='word_1_680' title='bbox 3469 4483 3524 4526; x_wconf 92' lang='lat' dir='ltr'><strong>ut</strong></span> <span class='ocrx_word' id='word_1_681' title='bbox 3564 4490 3702 4541; x_wconf 88' lang='lat' dir='ltr'><strong>eam,</strong></span> <span class='ocrx_word' id='word_1_682' title='bbox 3737 4491 3857 4544; x_wconf 65' lang='lat' dir='ltr'><strong>qua:</strong></span> 
     </span>
    </p>
   </div>
   <div class='ocr_carea' id='block_1_91' title="bbox 610 4552 3853 4636">
    <p class='ocr_par' dir='ltr' id='par_1_91' title="bbox 610 4552 3853 4636">
     <span class='ocr_line' id='line_1_91' title="bbox 610 4552 3853 4636; baseline 0.006 -34"><span class='ocrx_word' id='word_1_683' title='bbox 610 4568 793 4607; x_wconf 85' lang='lat' dir='ltr'><strong>versas</strong></span> <span class='ocrx_word' id='word_1_684' title='bbox 818 4552 1027 4619; x_wconf 90' lang='lat' dir='ltr'><strong>species</strong></span> <span class='ocrx_word' id='word_1_685' title='bbox 1054 4565 1172 4604; x_wconf 91' lang='lat' dir='ltr'><strong>cum</strong></span> <span class='ocrx_word' id='word_1_686' title='bbox 1219 4555 1330 4604; x_wconf 88' lang='lat' dir='ltr'><strong>suis</strong></span> <span class='ocrx_word' id='word_1_687' title='bbox 1372 4552 1609 4619; x_wconf 88' lang='lat' dir='ltr'><strong>partibus</strong></span> <span class='ocrx_word' id='word_1_688' title='bbox 1655 4554 1863 4605; x_wconf 91' lang='lat' dir='ltr'><strong>transit.</strong></span> <span class='ocrx_word' id='word_1_689' title='bbox 1909 4552 2013 4606; x_wconf 88' lang='lat' dir='ltr'><strong>Sed</strong></span> <span class='ocrx_word' id='word_1_690' title='bbox 2056 4567 2177 4605; x_wconf 91' lang='lat' dir='ltr'><strong>cum</strong></span> <span class='ocrx_word' id='word_1_691' title='bbox 2205 4555 2258 4614; x_wconf 91' lang='lat' dir='ltr'><strong>D</strong></span> <span class='ocrx_word' id='word_1_692' title='bbox 2284 4564 2367 4610; x_wconf 84' lang='lat' dir='ltr'><strong>est</strong></span> <span class='ocrx_word' id='word_1_693' title='bbox 2391 4556 2528 4624; x_wconf 92' lang='lat' dir='ltr'><strong>quis,</strong></span> <span class='ocrx_word' id='word_1_694' title='bbox 2558 4557 3007 4612; x_wconf 86' lang='lat' dir='ltr'><strong>circumstantiam</strong></span> <span class='ocrx_word' id='word_1_695' title='bbox 3038 4560 3088 4614; x_wconf 91' lang='lat' dir='ltr'><strong>in</strong></span> <span class='ocrx_word' id='word_1_696' title='bbox 3112 4564 3379 4618; x_wconf 70' lang='lat' dir='ltr'><strong>attributis</strong></span> <span class='ocrx_word' id='word_1_697' title='bbox 3408 4580 3647 4633; x_wconf 73' lang='lat' dir='ltr'><strong>persona:</strong></span> <span class='ocrx_word' id='word_1_698' title='bbox 3673 4580 3853 4636; x_wconf 91' lang='lat' dir='ltr'><strong>ponat.</strong></span> 
     </span>
    </p>
   </div>
   <div class='ocr_carea' id='block_1_92' title="bbox 612 4643 2181 4711">
    <p class='ocr_par' dir='ltr' id='par_1_92' title="bbox 612 4643 2181 4711">
     <span class='ocr_line' id='line_1_92' title="bbox 612 4643 2181 4711; baseline -0.001 -13"><span class='ocrx_word' id='word_1_699' title='bbox 612 4644 817 4711; x_wconf 89' lang='lat' dir='ltr'><strong>species</strong></span> <span class='ocrx_word' id='word_1_700' title='bbox 845 4644 899 4696; x_wconf 89' lang='lat' dir='ltr'><strong>in</strong></span> <span class='ocrx_word' id='word_1_701' title='bbox 925 4644 1201 4696; x_wconf 89' lang='lat' dir='ltr'><strong>materiam</strong></span> <span class='ocrx_word' id='word_1_702' title='bbox 1232 4643 1502 4705; x_wconf 91' lang='lat' dir='ltr'><strong>venerint,</strong></span> <span class='ocrx_word' id='word_1_703' title='bbox 1532 4643 1584 4696; x_wconf 89' lang='lat' dir='ltr'><strong>id</strong></span> <span class='ocrx_word' id='word_1_704' title='bbox 1607 4651 1691 4697; x_wconf 87' lang='lat' dir='ltr'><strong>est</strong></span> <span class='ocrx_word' id='word_1_705' title='bbox 1719 4643 1771 4696; x_wconf 90' lang='lat' dir='ltr'><strong>in</strong></span> <span class='ocrx_word' id='word_1_706' title='bbox 1801 4643 2013 4697; x_wconf 89' lang='lat' dir='ltr'><strong>civilem</strong></span> <span class='ocrx_word' id='word_1_707' title='bbox 2040 4658 2181 4711; x_wconf 67' lang='lat' dir='ltr'><strong>qure-</strong></span> 
     </span>
    </p>
   </div>
   <div class='ocr_carea' id='block_1_93' title="bbox 612 4734 2183 4802">
    <p class='ocr_par' dir='ltr' id='par_1_93' title="bbox 612 4734 2183 4802">
     <span class='ocr_line' id='line_1_93' title="bbox 612 4734 2183 4802; baseline 0 -13"><span class='ocrx_word' id='word_1_708' title='bbox 612 4736 842 4789; x_wconf 88' lang='lat' dir='ltr'><strong>stionem</strong></span> <span class='ocrx_word' id='word_1_709' title='bbox 861 4774 876 4798; x_wconf 90' lang='lat'><strong>,</strong></span> <span class='ocrx_word' id='word_1_710' title='bbox 897 4744 948 4787; x_wconf 90' lang='lat' dir='ltr'><strong>et</strong></span> <span class='ocrx_word' id='word_1_711' title='bbox 970 4748 1086 4787; x_wconf 86' lang='lat' dir='ltr'><strong>eam</strong></span> <span class='ocrx_word' id='word_1_712' title='bbox 1117 4749 1236 4787; x_wconf 92' lang='lat' dir='ltr'><strong>cum</strong></span> <span class='ocrx_word' id='word_1_713' title='bbox 1261 4734 1373 4787; x_wconf 86' lang='lat' dir='ltr'><strong>suis</strong></span> <span class='ocrx_word' id='word_1_714' title='bbox 1402 4734 1728 4788; x_wconf 88' lang='lat' dir='ltr'><strong>obtinuerint</strong></span> <span class='ocrx_word' id='word_1_715' title='bbox 1752 4736 1985 4802; x_wconf 87' lang='lat' dir='ltr'><strong>partibus</strong></span> <span class='ocrx_word' id='word_1_716' title='bbox 2004 4772 2020 4798; x_wconf 92' lang='lat'><strong>,</strong></span> <span class='ocrx_word' id='word_1_717' title='bbox 2045 4735 2183 4789; x_wconf 87' lang='lat' dir='ltr'><strong>infe-</strong></span> 
     </span>
    </p>
   </div>
   <div class='ocr_carea' id='block_1_94' title="bbox 613 4826 2182 4894">
    <p class='ocr_par' dir='ltr' id='par_1_94' title="bbox 613 4826 2182 4894">
     <span class='ocr_line' id='line_1_94' title="bbox 613 4826 2182 4894; baseline 0.003 -15"><span class='ocrx_word' id='word_1_718' title='bbox 613 4835 737 4879; x_wconf 89' lang='lat' dir='ltr'><strong>runt</strong></span> <span class='ocrx_word' id='word_1_719' title='bbox 762 4839 941 4879; x_wconf 90' lang='lat' dir='ltr'><strong>secum</strong></span> <span class='ocrx_word' id='word_1_720' title='bbox 964 4826 1121 4878; x_wconf 90' lang='lat' dir='ltr'><strong>etiam</strong></span> <span class='ocrx_word' id='word_1_721' title='bbox 1146 4827 1316 4893; x_wconf 87' lang='lat' dir='ltr'><strong>ipsam</strong></span> <span class='ocrx_word' id='word_1_722' title='bbox 1342 4827 1623 4880; x_wconf 72' lang='lat' dir='ltr'><strong>rhetorica:</strong></span> <span class='ocrx_word' id='word_1_723' title='bbox 1646 4826 1974 4881; x_wconf 83' lang='lat' dir='ltr'><strong>facultatem.</strong></span> <span class='ocrx_word' id='word_1_724' title='bbox 2006 4828 2182 4894; x_wconf 84' lang='lat' dir='ltr'><strong>Quare</strong></span> 
     </span>
    </p>
   </div>
   <div class='ocr_carea' id='block_1_95' title="bbox 613 4913 2181 4986">
    <p class='ocr_par' dir='ltr' id='par_1_95' title="bbox 613 4913 2181 4986">
     <span class='ocr_line' id='line_1_95' title="bbox 613 4913 2181 4986; baseline 0.003 -19"><span class='ocrx_word' id='word_1_725' title='bbox 613 4913 774 4967; x_wconf 89' lang='lat' dir='ltr'><strong>etiam</strong></span> <span class='ocrx_word' id='word_1_726' title='bbox 818 4914 1099 4968; x_wconf 69' lang='lat' dir='ltr'><strong>rhetorica:</strong></span> <span class='ocrx_word' id='word_1_727' title='bbox 1147 4926 1321 4983; x_wconf 88' lang='lat' dir='ltr'><strong>partes</strong></span> <span class='ocrx_word' id='word_1_728' title='bbox 1352 4916 1408 4969; x_wconf 90' lang='lat' dir='ltr'><strong>in</strong></span> <span class='ocrx_word' id='word_1_729' title='bbox 1448 4918 1672 4986; x_wconf 86' lang='lat' dir='ltr'><strong>singulis</strong></span> <span class='ocrx_word' id='word_1_730' title='bbox 1712 4918 2181 4972; x_wconf 86' lang='lat' dir='ltr'><strong>censtitutionibus</strong></span> 
     </span>
    </p>
   </div>
   <div class='ocr_carea' id='block_1_96' title="bbox 614 5003 2183 5063">
    <p class='ocr_par' dir='ltr' id='par_1_96' title="bbox 614 5003 2183 5063">
     <span class='ocr_line' id='line_1_96' title="bbox 614 5003 2183 5063; baseline 0.003 -6"><span class='ocrx_word' id='word_1_731' title='bbox 614 5004 846 5058; x_wconf 89' lang='lat' dir='ltr'><strong>inerunt.</strong></span> <span class='ocrx_word' id='word_1_732' title='bbox 892 5003 996 5058; x_wconf 90' lang='lat' dir='ltr'><strong>Sed</strong></span> <span class='ocrx_word' id='word_1_733' title='bbox 1035 5004 1181 5057; x_wconf 89' lang='lat' dir='ltr'><strong>illata</strong></span> <span class='ocrx_word' id='word_1_734' title='bbox 1210 5006 1432 5058; x_wconf 87' lang='lat' dir='ltr'><strong>materia</strong></span> <span class='ocrx_word' id='word_1_735' title='bbox 1465 5006 1625 5059; x_wconf 88' lang='lat' dir='ltr'><strong>infert</strong></span> <span class='ocrx_word' id='word_1_736' title='bbox 1651 5020 1834 5061; x_wconf 89' lang='lat' dir='ltr'><strong>secum</strong></span> <span class='ocrx_word' id='word_1_737' title='bbox 1863 5008 2183 5063; x_wconf 87' lang='lat' dir='ltr'><strong>instrumen-</strong></span> 
     </span>
    </p>
   </div>
   <div class='ocr_carea' id='block_1_97' title="bbox 614 5098 2185 5166">
    <p class='ocr_par' dir='ltr' id='par_1_97' title="bbox 614 5098 2185 5166">
     <span class='ocr_line' id='line_1_97' title="bbox 614 5098 2185 5166; baseline 0.004 -17"><span class='ocrx_word' id='word_1_738' title='bbox 614 5105 724 5149; x_wconf 92' lang='lat' dir='ltr'><strong>tum</strong></span> <span class='ocrx_word' id='word_1_739' title='bbox 767 5112 952 5160; x_wconf 92' lang='lat' dir='ltr'><strong>suum,</strong></span> <span class='ocrx_word' id='word_1_740' title='bbox 992 5098 1150 5151; x_wconf 89' lang='lat' dir='ltr'><strong>infert</strong></span> <span class='ocrx_word' id='word_1_741' title='bbox 1189 5098 1345 5166; x_wconf 84' lang='lat' dir='ltr'><strong>igitur</strong></span> <span class='ocrx_word' id='word_1_742' title='bbox 1384 5113 1565 5153; x_wconf 91' lang='lat' dir='ltr'><strong>secum</strong></span> <span class='ocrx_word' id='word_1_743' title='bbox 1605 5100 1935 5165; x_wconf 85' lang='lat' dir='ltr'><strong>orationem,</strong></span> <span class='ocrx_word' id='word_1_744' title='bbox 1976 5109 2033 5155; x_wconf 89' lang='lat' dir='ltr'><strong>et</strong></span> <span class='ocrx_word' id='word_1_745' title='bbox 2069 5103 2185 5157; x_wconf 66' lang='lat' dir='ltr'><strong>haec</strong></span> 
     </span>
    </p>
   </div>
   <div class='ocr_carea' id='block_1_98' title="bbox 615 5174 2185 5257">
    <p class='ocr_par' dir='ltr' id='par_1_98' title="bbox 615 5174 2185 5257">
     <span class='ocr_line' id='line_1_98' title="bbox 615 5174 2185 5257; baseline 0.006 -19"><span class='ocrx_word' id='word_1_746' title='bbox 615 5187 854 5255; x_wconf 91' lang='lat' dir='ltr'><strong>proprias</strong></span> <span class='ocrx_word' id='word_1_747' title='bbox 881 5197 1059 5256; x_wconf 90' lang='lat' dir='ltr'><strong>partes</strong></span> <span class='ocrx_word' id='word_1_748' title='bbox 1078 5230 1094 5257; x_wconf 92' lang='lat'><strong>,</strong></span> <span class='ocrx_word' id='word_1_749' title='bbox 1125 5174 1331 5257; x_wconf 86' lang='lat' dir='ltr'><strong>eritque</strong></span> <span class='ocrx_word' id='word_1_750' title='bbox 1372 5191 1427 5242; x_wconf 89' lang='lat' dir='ltr'><strong>iu</strong></span> <span class='ocrx_word' id='word_1_751' title='bbox 1461 5188 1929 5246; x_wconf 88' lang='lat' dir='ltr'><strong>constitutionibus</strong></span> <span class='ocrx_word' id='word_1_752' title='bbox 1955 5202 2185 5248; x_wconf 85' lang='lat' dir='ltr'><strong>tractan-</strong></span> 
     </span>
    </p>
   </div>
   <div class='ocr_carea' id='block_1_99' title="bbox 614 5276 2183 5344">
    <p class='ocr_par' dir='ltr' id='par_1_99' title="bbox 614 5276 2183 5344">
     <span class='ocr_line' id='line_1_99' title="bbox 614 5276 2183 5344; baseline 0.007 -16"><span class='ocrx_word' id='word_1_753' title='bbox 614 5276 698 5329; x_wconf 90' lang='lat' dir='ltr'><strong>dis</strong></span> <span class='ocrx_word' id='word_1_754' title='bbox 734 5278 1038 5342; x_wconf 82' lang='lat' dir='ltr'><strong>exordium,</strong></span> <span class='ocrx_word' id='word_1_755' title='bbox 1083 5280 1340 5344; x_wconf 90' lang='lat' dir='ltr'><strong>narratio,</strong></span> <span class='ocrx_word' id='word_1_756' title='bbox 1370 5290 1425 5333; x_wconf 92' lang='lat' dir='ltr'><strong>et</strong></span> <span class='ocrx_word' id='word_1_757' title='bbox 1454 5290 1667 5334; x_wconf 65' lang='lat' dir='ltr'><strong>caetera.</strong></span> <span class='ocrx_word' id='word_1_758' title='bbox 1700 5281 1805 5336; x_wconf 86' lang='lat' dir='ltr'><strong>Sed</strong></span> <span class='ocrx_word' id='word_1_759' title='bbox 1837 5298 1956 5337; x_wconf 89' lang='lat' dir='ltr'><strong>cum</strong></span> <span class='ocrx_word' id='word_1_760' title='bbox 1991 5287 2183 5340; x_wconf 87' lang='lat' dir='ltr'><strong>instru-</strong></span> 
     </span>
    </p>
   </div>
   <div class='ocr_carea' id='block_1_100' title="bbox 616 5368 2183 5442">
    <p class='ocr_par' dir='ltr' id='par_1_100' title="bbox 616 5368 2183 5442">
     <span class='ocr_line' id='line_1_100' title="bbox 616 5368 2183 5442; baseline 0.008 -24"><span class='ocrx_word' id='word_1_761' title='bbox 616 5375 850 5419; x_wconf 88' lang='lat' dir='ltr'><strong>mentum</strong></span> <span class='ocrx_word' id='word_1_762' title='bbox 879 5368 1083 5421; x_wconf 92' lang='lat' dir='ltr'><strong>venerit</strong></span> <span class='ocrx_word' id='word_1_763' title='bbox 1111 5369 1162 5421; x_wconf 91' lang='lat' dir='ltr'><strong>in</strong></span> <span class='ocrx_word' id='word_1_764' title='bbox 1188 5369 1395 5423; x_wconf 88' lang='lat' dir='ltr'><strong>civilem</strong></span> <span class='ocrx_word' id='word_1_765' title='bbox 1420 5371 1788 5439; x_wconf 60' lang='lat' dir='ltr'><strong>questionem,</strong></span> <span class='ocrx_word' id='word_1_766' title='bbox 1814 5389 2030 5442; x_wconf 90' lang='lat' dir='ltr'><strong>operam</strong></span> <span class='ocrx_word' id='word_1_767' title='bbox 2054 5392 2183 5442; x_wconf 86' lang='lat' dir='ltr'><strong>quo-</strong></span> 
     </span>
    </p>
   </div>
   <div class='ocr_carea' id='block_1_101' title="bbox 616 5455 2185 5530">
    <p class='ocr_par' dir='ltr' id='par_1_101' title="bbox 616 5455 2185 5530">
     <span class='ocr_line' id='line_1_101' title="bbox 616 5455 2185 5530; baseline 0.01 -24"><span class='ocrx_word' id='word_1_768' title='bbox 616 5469 719 5521; x_wconf 89' lang='lat' dir='ltr'><strong>que</strong></span> <span class='ocrx_word' id='word_1_769' title='bbox 741 5469 887 5507; x_wconf 88' lang='lat' dir='ltr'><strong>suam</strong></span> <span class='ocrx_word' id='word_1_770' title='bbox 905 5455 1062 5509; x_wconf 90' lang='lat' dir='ltr'><strong>simul</strong></span> <span class='ocrx_word' id='word_1_771' title='bbox 1085 5456 1272 5523; x_wconf 88' lang='lat' dir='ltr'><strong>infert;</strong></span> <span class='ocrx_word' id='word_1_772' title='bbox 1297 5459 1504 5513; x_wconf 90' lang='lat' dir='ltr'><strong>docebit</strong></span> <span class='ocrx_word' id='word_1_773' title='bbox 1524 5460 1680 5529; x_wconf 90' lang='lat' dir='ltr'><strong>igitur</strong></span> <span class='ocrx_word' id='word_1_774' title='bbox 1702 5474 1762 5514; x_wconf 92' lang='lat' dir='ltr'><strong>ac</strong></span> <span class='ocrx_word' id='word_1_775' title='bbox 1780 5464 2116 5530; x_wconf 89' lang='lat' dir='ltr'><strong>persuadebit</strong></span> <span class='ocrx_word' id='word_1_776' title='bbox 2136 5469 2185 5521; x_wconf 89' lang='lat' dir='ltr'><strong>in</strong></span> 
     </span>
    </p>
   </div>
   <div class='ocr_carea' id='block_1_102' title="bbox 618 5545 2187 5625">
    <p class='ocr_par' dir='ltr' id='par_1_102' title="bbox 618 5545 2187 5625">
     <span class='ocr_line' id='line_1_102' title="bbox 618 5545 2187 5625; baseline 0.01 -28"><span class='ocrx_word' id='word_1_777' title='bbox 618 5545 761 5599; x_wconf 92' lang='lat' dir='ltr'><strong>omni</strong></span> <span class='ocrx_word' id='word_1_778' title='bbox 787 5548 1185 5603; x_wconf 90' lang='lat' dir='ltr'><strong>constitutione.</strong></span> <span class='ocrx_word' id='word_1_779' title='bbox 1214 5548 1319 5603; x_wconf 87' lang='lat' dir='ltr'><strong>Sed</strong></span> <span class='ocrx_word' id='word_1_780' title='bbox 1346 5550 1462 5605; x_wconf 74' lang='lat' dir='ltr'><strong>haec</strong></span> <span class='ocrx_word' id='word_1_781' title='bbox 1491 5568 1583 5620; x_wconf 85' lang='lat' dir='ltr'><strong>per</strong></span> <span class='ocrx_word' id='word_1_782' title='bbox 1609 5568 1666 5605; x_wconf 88' lang='lat' dir='ltr'><strong>se</strong></span> <span class='ocrx_word' id='word_1_783' title='bbox 1696 5554 1876 5609; x_wconf 89' lang='lat' dir='ltr'><strong>venire</strong></span> <span class='ocrx_word' id='word_1_784' title='bbox 1902 5572 2006 5609; x_wconf 91' lang='lat' dir='ltr'><strong>non</strong></span> <span class='ocrx_word' id='word_1_785' title='bbox 2038 5570 2187 5625; x_wconf 79' lang='lat' dir='ltr'><strong>pote-</strong></span> 
     </span>
    </p>
   </div>
   <div class='ocr_carea' id='block_1_103' title="bbox 625 5638 2185 5721">
    <p class='ocr_par' dir='ltr' id='par_1_103' title="bbox 625 5638 2185 5721">
     <span class='ocr_line' id='line_1_103' title="bbox 625 5638 2185 5721; baseline 0.013 -33"><span class='ocrx_word' id='word_1_786' title='bbox 625 5648 782 5702; x_wconf 89' lang='lat' dir='ltr'><strong>runt,</strong></span> <span class='ocrx_word' id='word_1_787' title='bbox 825 5638 926 5693; x_wconf 92' lang='lat' dir='ltr'><strong>nisi</strong></span> <span class='ocrx_word' id='word_1_788' title='bbox 973 5641 1042 5695; x_wconf 92' lang='lat' dir='ltr'><strong>sit</strong></span> <span class='ocrx_word' id='word_1_789' title='bbox 1083 5642 1171 5711; x_wconf 91' lang='lat' dir='ltr'><strong>qui</strong></span> <span class='ocrx_word' id='word_1_790' title='bbox 1220 5642 1333 5699; x_wconf 72' lang='lat' dir='ltr'><strong>bmc</strong></span> <span class='ocrx_word' id='word_1_791' title='bbox 1379 5656 1589 5701; x_wconf 84' lang='lat' dir='ltr'><strong>moveat</strong></span> <span class='ocrx_word' id='word_1_792' title='bbox 1627 5650 1772 5703; x_wconf 90' lang='lat' dir='ltr'><strong>velut</strong></span> <span class='ocrx_word' id='word_1_793' title='bbox 1809 5651 1997 5705; x_wconf 90' lang='lat' dir='ltr'><strong>artifex</strong></span> <span class='ocrx_word' id='word_1_794' title='bbox 2027 5661 2185 5721; x_wconf 90' lang='lat' dir='ltr'><strong>atque</strong></span> 
     </span>
    </p>
   </div>
   <div class='ocr_carea' id='block_1_104' title="bbox 626 5728 2183 5808">
    <p class='ocr_par' dir='ltr' id='par_1_104' title="bbox 626 5728 2183 5808">
     <span class='ocr_line' id='line_1_104' title="bbox 626 5728 2183 5808; baseline 0.013 -29"><span class='ocrx_word' id='word_1_795' title='bbox 626 5728 959 5783; x_wconf 85' lang='lat' dir='ltr'><strong>architectus.</strong></span> <span class='ocrx_word' id='word_1_796' title='bbox 1006 5729 1098 5784; x_wconf 83' lang='lat' dir='ltr'><strong>Hic</strong></span> <span class='ocrx_word' id='word_1_797' title='bbox 1139 5742 1311 5788; x_wconf 88' lang='lat' dir='ltr'><strong>autem</strong></span> <span class='ocrx_word' id='word_1_798' title='bbox 1354 5746 1430 5791; x_wconf 85' lang='lat' dir='ltr'><strong>est</strong></span> <span class='ocrx_word' id='word_1_799' title='bbox 1462 5748 1665 5805; x_wconf 86' lang='lat' dir='ltr'><strong>orator,</strong></span> <span class='ocrx_word' id='word_1_800' title='bbox 1692 5741 1779 5808; x_wconf 89' lang='lat' dir='ltr'><strong>qui</strong></span> <span class='ocrx_word' id='word_1_801' title='bbox 1808 5756 1924 5797; x_wconf 92' lang='lat' dir='ltr'><strong>cum</strong></span> <span class='ocrx_word' id='word_1_802' title='bbox 1959 5743 2025 5798; x_wconf 89' lang='lat' dir='ltr'><strong>ad</strong></span> <span class='ocrx_word' id='word_1_803' title='bbox 2057 5760 2183 5799; x_wconf 82' lang='lat' dir='ltr'><strong>cau-</strong></span> 
     </span>
    </p>
   </div>
   <div class='ocr_carea' id='block_1_105' title="bbox 2287 4647 3857 4730">
    <p class='ocr_par' dir='ltr' id='par_1_105' title="bbox 2287 4647 3857 4730">
     <span class='ocr_line' id='line_1_105' title="bbox 2287 4647 3857 4730; baseline 0.008 -30"><span class='ocrx_word' id='word_1_804' title='bbox 2287 4647 2539 4714; x_wconf 83' lang='lat' dir='ltr'><strong>Reliquas</strong></span> <span class='ocrx_word' id='word_1_805' title='bbox 2589 4665 2715 4701; x_wconf 87' lang='lat' dir='ltr'><strong>vero</strong></span> <span class='ocrx_word' id='word_1_806' title='bbox 2764 4652 3190 4706; x_wconf 78' lang='lat' dir='ltr'><strong>circumstantias</strong></span> <span class='ocrx_word' id='word_1_807' title='bbox 3232 4656 3284 4708; x_wconf 91' lang='lat' dir='ltr'><strong>in</strong></span> <span class='ocrx_word' id='word_1_808' title='bbox 3330 4659 3599 4712; x_wconf 85' lang='lat' dir='ltr'><strong>attributis</strong></span> <span class='ocrx_word' id='word_1_809' title='bbox 3646 4662 3857 4730; x_wconf 87' lang='lat' dir='ltr'><strong>negotio</strong></span> 
     </span>
    </p>
   </div>
   <div class='ocr_carea' id='block_1_106' title="bbox 2286 4741 3853 4819">
    <p class='ocr_par' dir='ltr' id='par_1_106' title="bbox 2286 4741 3853 4819">
     <span class='ocr_line' id='line_1_106' title="bbox 2286 4741 3853 4819; baseline 0.009 -26"><span class='ocrx_word' id='word_1_810' title='bbox 2286 4743 2591 4794; x_wconf 87' lang='lat' dir='ltr'><strong>constituat.</strong></span> <span class='ocrx_word' id='word_1_811' title='bbox 2619 4741 2685 4795; x_wconf 83' lang='lat' dir='ltr'><strong>Et</strong></span> <span class='ocrx_word' id='word_1_812' title='bbox 2709 4742 2929 4812; x_wconf 88' lang='lat' dir='ltr'><strong>primam</strong></span> <span class='ocrx_word' id='word_1_813' title='bbox 2954 4747 3165 4813; x_wconf 90' lang='lat' dir='ltr'><strong>quidem</strong></span> <span class='ocrx_word' id='word_1_814' title='bbox 3190 4763 3254 4800; x_wconf 78' lang='lat' dir='ltr'><strong>ex</strong></span> <span class='ocrx_word' id='word_1_815' title='bbox 3280 4749 3693 4805; x_wconf 87' lang='lat' dir='ltr'><strong>circumstantiis</strong></span> <span class='ocrx_word' id='word_1_816' title='bbox 3714 4768 3853 4819; x_wconf 91' lang='lat' dir='ltr'><strong>eam,</strong></span> 
     </span>
    </p>
   </div>
   <div class='ocr_carea' id='block_1_107' title="bbox 2286 4834 3855 4905">
    <p class='ocr_par' dir='ltr' id='par_1_107' title="bbox 2286 4834 3855 4905">
     <span class='ocr_line' id='line_1_107' title="bbox 2286 4834 3855 4905; baseline 0.008 -22"><span class='ocrx_word' id='word_1_817' title='bbox 2286 4846 2403 4899; x_wconf 72' lang='lat' dir='ltr'><strong>qua:</strong></span> <span class='ocrx_word' id='word_1_818' title='bbox 2432 4842 2513 4885; x_wconf 91' lang='lat' dir='ltr'><strong>est</strong></span> <span class='ocrx_word' id='word_1_819' title='bbox 2538 4834 2686 4901; x_wconf 90' lang='lat' dir='ltr'><strong>quis,</strong></span> <span class='ocrx_word' id='word_1_820' title='bbox 2721 4836 2970 4903; x_wconf 84' lang='lat' dir='ltr'><strong>quoniam</strong></span> <span class='ocrx_word' id='word_1_821' title='bbox 3016 4852 3255 4905; x_wconf 63' lang='lat' dir='ltr'><strong>persona:</strong></span> <span class='ocrx_word' id='word_1_822' title='bbox 3294 4840 3564 4905; x_wconf 91' lang='lat' dir='ltr'><strong>attribuit,</strong></span> <span class='ocrx_word' id='word_1_823' title='bbox 3608 4853 3755 4895; x_wconf 89' lang='lat' dir='ltr'><strong>secat</strong></span> <span class='ocrx_word' id='word_1_824' title='bbox 3802 4844 3855 4895; x_wconf 90' lang='lat' dir='ltr'><strong>in</strong></span> 
     </span>
    </p>
   </div>
   <div class='ocr_carea' id='block_1_108' title="bbox 2287 4922 3858 4993">
    <p class='ocr_par' dir='ltr' id='par_1_108' title="bbox 2287 4922 3858 4993">
     <span class='ocr_line' id='line_1_108' title="bbox 2287 4922 3858 4993; baseline 0.005 -16"><span class='ocrx_word' id='word_1_825' title='bbox 2287 4922 2531 4977; x_wconf 85' lang='lat' dir='ltr'><strong>undecim</strong></span> <span class='ocrx_word' id='word_1_826' title='bbox 2557 4936 2731 4992; x_wconf 90' lang='lat' dir='ltr'><strong>partes</strong></span> <span class='ocrx_word' id='word_1_827' title='bbox 2764 4942 2778 4978; x_wconf 89' lang='lat'>:</span> <span class='ocrx_word' id='word_1_828' title='bbox 2812 4941 3004 4980; x_wconf 89' lang='lat' dir='ltr'><strong>nomen</strong></span> <span class='ocrx_word' id='word_1_829' title='bbox 3034 4936 3089 4979; x_wconf 91' lang='lat' dir='ltr'><strong>ut</strong></span> <span class='ocrx_word' id='word_1_830' title='bbox 3118 4927 3342 4993; x_wconf 85' lang='lat' dir='ltr'><strong>Verres,</strong></span> <span class='ocrx_word' id='word_1_831' title='bbox 3381 4940 3622 4985; x_wconf 89' lang='lat' dir='ltr'><strong>naturam</strong></span> <span class='ocrx_word' id='word_1_832' title='bbox 3653 4944 3707 4985; x_wconf 94' lang='lat' dir='ltr'><strong>ut</strong></span> <span class='ocrx_word' id='word_1_833' title='bbox 3740 4939 3858 4986; x_wconf 83' lang='lat' dir='ltr'><strong>bar-</strong></span> 
     </span>
    </p>
   </div>
   <div class='ocr_carea' id='block_1_109' title="bbox 2286 5017 3859 5087">
    <p class='ocr_par' dir='ltr' id='par_1_109' title="bbox 2286 5017 3859 5087">
     <span class='ocr_line' id='line_1_109' title="bbox 2286 5017 3859 5087; baseline 0.004 -15"><span class='ocrx_word' id='word_1_834' title='bbox 2286 5017 2480 5081; x_wconf 88' lang='lat' dir='ltr'><strong>barus,</strong></span> <span class='ocrx_word' id='word_1_835' title='bbox 2513 5019 2706 5071; x_wconf 90' lang='lat' dir='ltr'><strong>victum</strong></span> <span class='ocrx_word' id='word_1_836' title='bbox 2738 5028 2792 5072; x_wconf 84' lang='grc' dir='ltr'><strong>ιιι</strong></span> <span class='ocrx_word' id='word_1_837' title='bbox 2823 5020 3023 5073; x_wconf 88' lang='lat' dir='ltr'><strong>amicus</strong></span> <span class='ocrx_word' id='word_1_838' title='bbox 3055 5021 3344 5087; x_wconf 90' lang='lat' dir='ltr'><strong>nobilium,</strong></span> <span class='ocrx_word' id='word_1_839' title='bbox 3390 5023 3654 5077; x_wconf 89' lang='lat' dir='ltr'><strong>fortunam</strong></span> <span class='ocrx_word' id='word_1_840' title='bbox 3699 5036 3755 5078; x_wconf 91' lang='lat' dir='ltr'><strong>ut</strong></span> <span class='ocrx_word' id='word_1_841' title='bbox 3781 5028 3859 5078; x_wconf 89' lang='lat' dir='ltr'><strong>di-</strong></span> 
     </span>
    </p>
   </div>
   <div class='ocr_carea' id='block_1_110' title="bbox 2289 5110 3859 5181">
    <p class='ocr_par' dir='ltr' id='par_1_110' title="bbox 2289 5110 3859 5181">
     <span class='ocr_line' id='line_1_110' title="bbox 2289 5110 3859 5181; baseline 0.006 -19"><span class='ocrx_word' id='word_1_842' title='bbox 2289 5124 2381 5163; x_wconf 88' lang='lat' dir='ltr'><strong>ves</strong></span> <span class='ocrx_word' id='word_1_843' title='bbox 2403 5150 2418 5175; x_wconf 95' lang='lat'><strong>,</strong></span> <span class='ocrx_word' id='word_1_844' title='bbox 2447 5110 2677 5163; x_wconf 89' lang='lat' dir='ltr'><strong>studium</strong></span> <span class='ocrx_word' id='word_1_845' title='bbox 2703 5121 2758 5164; x_wconf 94' lang='lat' dir='ltr'><strong>ut</strong></span> <span class='ocrx_word' id='word_1_846' title='bbox 2778 5122 3069 5180; x_wconf 88' lang='lat' dir='ltr'><strong>geomcter,</strong></span> <span class='ocrx_word' id='word_1_847' title='bbox 3101 5128 3284 5165; x_wconf 86' lang='lat' dir='ltr'><strong>casum</strong></span> <span class='ocrx_word' id='word_1_848' title='bbox 3318 5127 3374 5167; x_wconf 91' lang='lat' dir='ltr'><strong>ut</strong></span> <span class='ocrx_word' id='word_1_849' title='bbox 3400 5116 3590 5181; x_wconf 83' lang='lat' dir='ltr'><strong>exsul,</strong></span> <span class='ocrx_word' id='word_1_850' title='bbox 3620 5117 3859 5173; x_wconf 79' lang='lat' dir='ltr'><strong>affectio-</strong></span> 
     </span>
    </p>
   </div>
   <div class='ocr_carea' id='block_1_111' title="bbox 2288 5203 3859 5274">
    <p class='ocr_par' dir='ltr' id='par_1_111' title="bbox 2288 5203 3859 5274">
     <span class='ocr_line' id='line_1_111' title="bbox 2288 5203 3859 5274; baseline 0.006 -22"><span class='ocrx_word' id='word_1_851' title='bbox 2288 5215 2408 5254; x_wconf 91' lang='lat' dir='ltr'><strong>nem</strong></span> <span class='ocrx_word' id='word_1_852' title='bbox 2433 5211 2489 5252; x_wconf 92' lang='lat' dir='ltr'><strong>ut</strong></span> <span class='ocrx_word' id='word_1_853' title='bbox 2510 5215 2723 5269; x_wconf 88' lang='lat' dir='ltr'><strong>amans,</strong></span> <span class='ocrx_word' id='word_1_854' title='bbox 2749 5203 2982 5257; x_wconf 88' lang='lat' dir='ltr'><strong>habitum</strong></span> <span class='ocrx_word' id='word_1_855' title='bbox 3008 5215 3062 5258; x_wconf 93' lang='lat' dir='ltr'><strong>ut</strong></span> <span class='ocrx_word' id='word_1_856' title='bbox 3089 5208 3331 5274; x_wconf 87' lang='lat' dir='ltr'><strong>sapiens,</strong></span> <span class='ocrx_word' id='word_1_857' title='bbox 3356 5208 3667 5273; x_wconf 91' lang='lat' dir='ltr'><strong>consilium,</strong></span> <span class='ocrx_word' id='word_1_858' title='bbox 3698 5212 3859 5274; x_wconf 89' lang='lat' dir='ltr'><strong>facta,</strong></span> 
     </span>
    </p>
   </div>
   <div class='ocr_carea' id='block_1_112' title="bbox 2288 5293 3860 5371">
    <p class='ocr_par' dir='ltr' id='par_1_112' title="bbox 2288 5293 3860 5371">
     <span class='ocr_line' id='line_1_112' title="bbox 2288 5293 3860 5371; baseline 0.008 -28"><span class='ocrx_word' id='word_1_859' title='bbox 2288 5299 2341 5345; x_wconf 90' lang='lat' dir='ltr'><strong>et</strong></span> <span class='ocrx_word' id='word_1_860' title='bbox 2383 5293 2681 5356; x_wconf 88' lang='lat' dir='ltr'><strong>orationes,</strong></span> <span class='ocrx_word' id='word_1_861' title='bbox 2716 5310 2777 5348; x_wconf 93' lang='lat' dir='ltr'><strong>ea</strong></span> <span class='ocrx_word' id='word_1_862' title='bbox 2805 5310 2923 5364; x_wconf 67' lang='lat' dir='ltr'><strong>qua:</strong></span> <span class='ocrx_word' id='word_1_863' title='bbox 2953 5306 3107 5351; x_wconf 83' lang='lat' dir='ltr'><strong>extra</strong></span> <span class='ocrx_word' id='word_1_864' title='bbox 3140 5299 3269 5353; x_wconf 92' lang='lat' dir='ltr'><strong>illud</strong></span> <span class='ocrx_word' id='word_1_865' title='bbox 3322 5300 3515 5354; x_wconf 89' lang='lat' dir='ltr'><strong>factum</strong></span> <span class='ocrx_word' id='word_1_866' title='bbox 3556 5301 3860 5371; x_wconf 88' lang='lat' dir='ltr'><strong>dictumque</strong></span> 
     </span>
    </p>
   </div>
   <div class='ocr_carea' id='block_1_113' title="bbox 2287 5385 3859 5461">
    <p class='ocr_par' dir='ltr' id='par_1_113' title="bbox 2287 5385 3859 5461">
     <span class='ocr_line' id='line_1_113' title="bbox 2287 5385 3859 5461; baseline 0.007 -25"><span class='ocrx_word' id='word_1_867' title='bbox 2287 5392 2412 5437; x_wconf 89' lang='lat' dir='ltr'><strong>sunt</strong></span> <span class='ocrx_word' id='word_1_868' title='bbox 2459 5385 2598 5453; x_wconf 90' lang='lat' dir='ltr'><strong>quod</strong></span> <span class='ocrx_word' id='word_1_869' title='bbox 2664 5402 2801 5441; x_wconf 91' lang='lat' dir='ltr'><strong>nunc</strong></span> <span class='ocrx_word' id='word_1_870' title='bbox 2862 5388 2913 5441; x_wconf 92' lang='lat' dir='ltr'><strong>in</strong></span> <span class='ocrx_word' id='word_1_871' title='bbox 2958 5387 3217 5458; x_wconf 86' lang='lat' dir='ltr'><strong>judicium</strong></span> <span class='ocrx_word' id='word_1_872' title='bbox 3258 5391 3562 5447; x_wconf 90' lang='lat' dir='ltr'><strong>devocatur.</strong></span> <span class='ocrx_word' id='word_1_873' title='bbox 3609 5392 3859 5461; x_wconf 83' lang='lat' dir='ltr'><strong>Reliquas</strong></span> 
     </span>
    </p>
   </div>
   <div class='ocr_carea' id='block_1_114' title="bbox 2288 5476 3858 5555">
    <p class='ocr_par' dir='ltr' id='par_1_114' title="bbox 2288 5476 3858 5555">
     <span class='ocr_line' id='line_1_114' title="bbox 2288 5476 3858 5555; baseline 0.008 -28"><span class='ocrx_word' id='word_1_874' title='bbox 2288 5490 2419 5529; x_wconf 91' lang='lat' dir='ltr'><strong>vero</strong></span> <span class='ocrx_word' id='word_1_875' title='bbox 2445 5476 2896 5542; x_wconf 85' lang='lat' dir='ltr'><strong>circumstantias,</strong></span> <span class='ocrx_word' id='word_1_876' title='bbox 2930 5496 3048 5548; x_wconf 74' lang='lat' dir='ltr'><strong>qua:</strong></span> <span class='ocrx_word' id='word_1_877' title='bbox 3096 5492 3220 5536; x_wconf 90' lang='lat' dir='ltr'><strong>sunt</strong></span> <span class='ocrx_word' id='word_1_878' title='bbox 3258 5485 3403 5551; x_wconf 89' lang='lat' dir='ltr'><strong>quid,</strong></span> <span class='ocrx_word' id='word_1_879' title='bbox 3428 5500 3541 5550; x_wconf 91' lang='lat' dir='ltr'><strong>cur,</strong></span> <span class='ocrx_word' id='word_1_880' title='bbox 3566 5487 3858 5555; x_wconf 89' lang='lat' dir='ltr'><strong>quomodo.</strong></span> 
     </span>
    </p>
   </div>
   <div class='ocr_carea' id='block_1_115' title="bbox 2291 5569 3860 5648">
    <p class='ocr_par' dir='ltr' id='par_1_115' title="bbox 2291 5569 3860 5648">
     <span class='ocr_line' id='line_1_115' title="bbox 2291 5569 3860 5648; baseline 0.01 -29"><span class='ocrx_word' id='word_1_881' title='bbox 2291 5569 2400 5634; x_wconf 90' lang='lat' dir='ltr'><strong>ubi,</strong></span> <span class='ocrx_word' id='word_1_882' title='bbox 2432 5570 2661 5637; x_wconf 90' lang='lat' dir='ltr'><strong>quando,</strong></span> <span class='ocrx_word' id='word_1_883' title='bbox 2691 5572 2878 5639; x_wconf 91' lang='lat' dir='ltr'><strong>quibus</strong></span> <span class='ocrx_word' id='word_1_884' title='bbox 2902 5574 3130 5637; x_wconf 88' lang='lat' dir='ltr'><strong>auxiliis,</strong></span> <span class='ocrx_word' id='word_1_885' title='bbox 3161 5576 3210 5627; x_wconf 89' lang='lat' dir='ltr'><strong>in</strong></span> <span class='ocrx_word' id='word_1_886' title='bbox 3242 5578 3505 5632; x_wconf 90' lang='lat' dir='ltr'><strong>attributis</strong></span> <span class='ocrx_word' id='word_1_887' title='bbox 3528 5583 3743 5648; x_wconf 86' lang='lat' dir='ltr'><strong>negotio</strong></span> <span class='ocrx_word' id='word_1_888' title='bbox 3767 5596 3860 5647; x_wconf 87' lang='lat' dir='ltr'><strong>po-</strong></span> 
     </span>
    </p>
   </div>
   <div class='ocr_carea' id='block_1_116' title="bbox 2289 5660 3859 5737">
    <p class='ocr_par' dir='ltr' id='par_1_116' title="bbox 2289 5660 3859 5737">
     <span class='ocr_line' id='line_1_116' title="bbox 2289 5660 3859 5737; baseline 0.008 -26"><span class='ocrx_word' id='word_1_889' title='bbox 2289 5660 2399 5723; x_wconf 90' lang='lat' dir='ltr'><strong>nit;</strong></span> <span class='ocrx_word' id='word_1_890' title='bbox 2432 5660 2554 5727; x_wconf 91' lang='lat' dir='ltr'><strong>quid</strong></span> <span class='ocrx_word' id='word_1_891' title='bbox 2603 5669 2657 5714; x_wconf 92' lang='lat' dir='ltr'><strong>et</strong></span> <span class='ocrx_word' id='word_1_892' title='bbox 2702 5676 2817 5727; x_wconf 91' lang='lat' dir='ltr'><strong>cur,</strong></span> <span class='ocrx_word' id='word_1_893' title='bbox 2868 5663 3050 5718; x_wconf 86' lang='lat' dir='ltr'><strong>dicens</strong></span> <span class='ocrx_word' id='word_1_894' title='bbox 3097 5666 3419 5722; x_wconf 88' lang='lat' dir='ltr'><strong>continentia</strong></span> <span class='ocrx_word' id='word_1_895' title='bbox 3450 5684 3568 5723; x_wconf 88' lang='lat' dir='ltr'><strong>cum</strong></span> <span class='ocrx_word' id='word_1_896' title='bbox 3610 5672 3726 5737; x_wconf 73' lang='lat' dir='ltr'><strong>ip~n</strong></span> <span class='ocrx_word' id='word_1_897' title='bbox 3766 5686 3859 5724; x_wconf 88' lang='lat' dir='ltr'><strong>ne-</strong></span> 
     </span>
    </p>
   </div>
   <div class='ocr_carea' id='block_1_117' title="bbox 2288 5752 3857 5819">
    <p class='ocr_par' dir='ltr' id='par_1_117' title="bbox 2288 5752 3857 5819">
     <span class='ocr_line' id='line_1_117' title="bbox 2288 5752 3857 5819; baseline 0.008 -14"><span class='ocrx_word' id='word_1_898' title='bbox 2288 5752 2459 5819; x_wconf 88' lang='lat' dir='ltr'><strong>gotio;</strong></span> <span class='ocrx_word' id='word_1_899' title='bbox 2513 5768 2605 5807; x_wconf 92' lang='lat' dir='ltr'><strong>cur</strong></span> <span class='ocrx_word' id='word_1_900' title='bbox 2650 5754 2701 5807; x_wconf 89' lang='lat' dir='ltr'><strong>in</strong></span> <span class='ocrx_word' id='word_1_901' title='bbox 2748 5769 2903 5810; x_wconf 87' lang='lat' dir='ltr'><strong>causa</strong></span> <span class='ocrx_word' id='word_1_902' title='bbox 2950 5757 3278 5814; x_wconf 69' lang='lat' dir='ltr'><strong>cittstituens</strong></span> <span class='ocrx_word' id='word_1_903' title='bbox 3324 5777 3338 5813; x_wconf 90' lang='lat'><strong>:</strong></span> <span class='ocrx_word' id='word_1_904' title='bbox 3389 5776 3450 5816; x_wconf 83' lang='lat' dir='ltr'><strong>ea</strong></span> <span class='ocrx_word' id='word_1_905' title='bbox 3502 5763 3640 5818; x_wconf 81' lang='lat' dir='ltr'><strong>enim</strong></span> <span class='ocrx_word' id='word_1_906' title='bbox 3697 5778 3857 5819; x_wconf 76' lang='lat' dir='ltr'><strong>causa</strong></span> 
     </span>
    </p>
   </div>
  </div>
