  <div class='ocr_page' id='page_1' title='image "/cluster/home/n/w/nwhite01/storage/ocr_20150623/64/hvd.32044073505265/612.png"; bbox 0 0 4274 6272; ppageno 0'>
   <div class='ocr_carea' id='block_1_1' title="bbox 422 357 557 411">
    <p class='ocr_par' dir='ltr' id='par_1_1' title="bbox 422 357 557 411">
     <span class='ocr_line' id='line_1_1' title="bbox 422 357 557 411; baseline -0.007 -1"><span class='ocrx_word' id='word_1_1' title='bbox 422 357 557 411; x_wconf 73' lang='lat' dir='ltr'><strong>I&#39;2I5</strong></span> 
     </span>
    </p>
   </div>
   <div class='ocr_carea' id='block_1_2' title="bbox 1438 346 2658 409">
    <p class='ocr_par' dir='ltr' id='par_1_2' title="bbox 1438 346 2658 409">
     <span class='ocr_line' id='line_1_2' title="bbox 1438 346 2658 409; baseline 0.004 -5"><span class='ocrx_word' id='word_1_2' title='bbox 1438 352 1523 405; x_wconf 83' lang='lat' dir='ltr'><strong>DE</strong></span> <span class='ocrx_word' id='word_1_3' title='bbox 1566 346 2037 403; x_wconf 73' lang='lat' dir='ltr'><strong>DIFFEBEN&#39;I‘IIS</strong></span> <span class='ocrx_word' id='word_1_4' title='bbox 2074 349 2358 404; x_wconf 79' lang='lat' dir='ltr'><strong>TOPICIS.</strong></span> <span class='ocrx_word' id='word_1_5' title='bbox 2402 353 2530 409; x_wconf 84' lang='lat' dir='ltr'><strong>LIB.</strong></span> <span class='ocrx_word' id='word_1_6' title='bbox 2573 354 2658 409; x_wconf 78' lang='lat' dir='ltr'><strong>IV.</strong></span> 
     </span>
    </p>
   </div>
   <div class='ocr_carea' id='block_1_3' title="bbox 3536 364 3673 417">
    <p class='ocr_par' dir='ltr' id='par_1_3' title="bbox 3536 364 3673 417">
     <span class='ocr_line' id='line_1_3' title="bbox 3536 364 3673 417; baseline 0 -1"><span class='ocrx_word' id='word_1_7' title='bbox 3536 364 3673 417; x_wconf 67' lang='lat' dir='ltr'><strong>I2”</strong></span> 
     </span>
    </p>
   </div>
   <div class='ocr_carea' id='block_1_4' title="bbox 418 464 3673 547">
    <p class='ocr_par' dir='ltr' id='par_1_4' title="bbox 418 464 3673 547">
     <span class='ocr_line' id='line_1_4' title="bbox 418 464 3673 547; baseline 0.001 -18"><span class='ocrx_word' id='word_1_8' title='bbox 418 485 501 529; x_wconf 91' lang='lat' dir='ltr'><strong>cst</strong></span> <span class='ocrx_word' id='word_1_9' title='bbox 538 472 952 542; x_wconf 84' lang='lat' dir='ltr'><strong>uniuscujusque</strong></span> <span class='ocrx_word' id='word_1_10' title='bbox 1005 469 1127 523; x_wconf 78' lang='lat' dir='ltr'><strong>facti</strong></span> <span class='ocrx_word' id='word_1_11' title='bbox 1151 510 1163 533; x_wconf 87' lang='lat'><strong>,</strong></span> <span class='ocrx_word' id='word_1_12' title='bbox 1196 478 1407 536; x_wconf 76' lang='lat' dir='ltr'><strong>propter</strong></span> <span class='ocrx_word' id='word_1_13' title='bbox 1446 482 1605 535; x_wconf 87' lang='lat' dir='ltr'><strong>quam</strong></span> <span class='ocrx_word' id='word_1_14' title='bbox 1655 466 1846 518; x_wconf 81' lang='lat' dir='ltr'><strong>laetum</strong></span> <span class='ocrx_word' id='word_1_15' title='bbox 1887 474 1990 519; x_wconf 88' lang='lat' dir='ltr'><strong>est.</strong></span> <span class='ocrx_word' id='word_1_16' title='bbox 2022 469 2074 525; x_wconf 76' lang='grc' dir='ltr'><strong>Α</strong></span> <span class='ocrx_word' id='word_1_17' title='bbox 2104 464 2257 517; x_wconf 90' lang='lat' dir='ltr'><strong>cticis</strong></span> <span class='ocrx_word' id='word_1_18' title='bbox 2291 465 2423 519; x_wconf 91' lang='lat' dir='ltr'><strong>locis</strong></span> <span class='ocrx_word' id='word_1_19' title='bbox 2451 481 2512 520; x_wconf 89' lang='lat' dir='ltr'><strong>ea</strong></span> <span class='ocrx_word' id='word_1_20' title='bbox 2540 483 2658 536; x_wconf 75' lang='lat' dir='ltr'><strong>qua:</strong></span> <span class='ocrx_word' id='word_1_21' title='bbox 2685 470 2736 521; x_wconf 92' lang='lat' dir='ltr'><strong>in</strong></span> <span class='ocrx_word' id='word_1_22' title='bbox 2786 470 2913 538; x_wconf 84' lang='lat' dir='ltr'><strong>ipsis</strong></span> <span class='ocrx_word' id='word_1_23' title='bbox 2946 472 3171 534; x_wconf 75' lang='lat' dir='ltr'><strong>luerent,</strong></span> <span class='ocrx_word' id='word_1_24' title='bbox 3213 475 3280 529; x_wconf 89' lang='lat' dir='ltr'><strong>de</strong></span> <span class='ocrx_word' id='word_1_25' title='bbox 3305 476 3496 544; x_wconf 88' lang='lat' dir='ltr'><strong>quibus</strong></span> <span class='ocrx_word' id='word_1_26' title='bbox 3524 493 3673 547; x_wconf 74' lang='lat' dir='ltr'><strong>qua:-</strong></span> 
     </span>
    </p>
   </div>
   <div class='ocr_carea' id='block_1_5' title="bbox 418 554 1988 634">
    <p class='ocr_par' dir='ltr' id='par_1_5' title="bbox 418 554 1988 634">
     <span class='ocr_line' id='line_1_5' title="bbox 418 554 1988 634; baseline -0.007 -15"><span class='ocrx_word' id='word_1_27' title='bbox 418 566 555 634; x_wconf 77' lang='lat' dir='ltr'><strong>Quid</strong></span> <span class='ocrx_word' id='word_1_28' title='bbox 582 582 709 621; x_wconf 86' lang='lat' dir='ltr'><strong>vero</strong></span> <span class='ocrx_word' id='word_1_29' title='bbox 731 574 879 620; x_wconf 91' lang='lat' dir='ltr'><strong>secat</strong></span> <span class='ocrx_word' id='word_1_30' title='bbox 905 565 958 617; x_wconf 92' lang='lat' dir='ltr'><strong>in</strong></span> <span class='ocrx_word' id='word_1_31' title='bbox 990 573 1215 633; x_wconf 86' lang='lat' dir='ltr'><strong>quatuor</strong></span> <span class='ocrx_word' id='word_1_32' title='bbox 1239 569 1419 629; x_wconf 88' lang='lat' dir='ltr'><strong>partes</strong></span> <span class='ocrx_word' id='word_1_33' title='bbox 1443 576 1454 609; x_wconf 90' lang='lat'><strong>:</strong></span> <span class='ocrx_word' id='word_1_34' title='bbox 1479 559 1531 611; x_wconf 89' lang='lat' dir='ltr'><strong>in</strong></span> <span class='ocrx_word' id='word_1_35' title='bbox 1558 570 1817 610; x_wconf 83' lang='lat' dir='ltr'><strong>summam</strong></span> <span class='ocrx_word' id='word_1_36' title='bbox 1842 554 1988 620; x_wconf 92' lang='lat' dir='ltr'><strong>facti,</strong></span> 
     </span>
    </p>
   </div>
   <div class='ocr_carea' id='block_1_6' title="bbox 419 649 1995 726">
    <p class='ocr_par' dir='ltr' id='par_1_6' title="bbox 419 649 1995 726">
     <span class='ocr_line' id='line_1_6' title="bbox 419 649 1995 726; baseline -0.008 -15"><span class='ocrx_word' id='word_1_37' title='bbox 419 668 478 711; x_wconf 92' lang='lat' dir='ltr'><strong>ut</strong></span> <span class='ocrx_word' id='word_1_38' title='bbox 520 660 751 726; x_wconf 86' lang='lat' dir='ltr'><strong>parentis</strong></span> <span class='ocrx_word' id='word_1_39' title='bbox 796 657 1016 719; x_wconf 90' lang='lat' dir='ltr'><strong>occisio,</strong></span> <span class='ocrx_word' id='word_1_40' title='bbox 1070 670 1137 708; x_wconf 75' lang='lat' dir='ltr'><strong>ex</strong></span> <span class='ocrx_word' id='word_1_41' title='bbox 1182 653 1281 705; x_wconf 84' lang='lat' dir='ltr'><strong>hac</strong></span> <span class='ocrx_word' id='word_1_42' title='bbox 1313 651 1544 704; x_wconf 82' lang='lat' dir='ltr'><strong>maxime</strong></span> <span class='ocrx_word' id='word_1_43' title='bbox 1589 649 1736 702; x_wconf 88' lang='lat' dir='ltr'><strong>locus</strong></span> <span class='ocrx_word' id='word_1_44' title='bbox 1768 650 1995 700; x_wconf 75' lang='lat' dir='ltr'><strong>sumitur</strong></span> 
     </span>
    </p>
   </div>
   <div class='ocr_carea' id='block_1_7' title="bbox 420 737 1991 822">
    <p class='ocr_par' dir='ltr' id='par_1_7' title="bbox 420 737 1991 822">
     <span class='ocr_line' id='line_1_7' title="bbox 420 737 1991 822; baseline -0.011 -14"><span class='ocrx_word' id='word_1_45' title='bbox 420 751 874 822; x_wconf 80' lang='lat' dir='ltr'><strong>amplificationis;</strong></span> <span class='ocrx_word' id='word_1_46' title='bbox 926 757 1051 800; x_wconf 88' lang='lat' dir='ltr'><strong>ante</strong></span> <span class='ocrx_word' id='word_1_47' title='bbox 1100 747 1331 809; x_wconf 82' lang='lat' dir='ltr'><strong>factum,</strong></span> <span class='ocrx_word' id='word_1_48' title='bbox 1381 752 1433 795; x_wconf 84' lang='grc' dir='ltr'><strong>ιιι</strong></span> <span class='ocrx_word' id='word_1_49' title='bbox 1482 740 1727 795; x_wconf 88' lang='lat' dir='ltr'><strong>concitus</strong></span> <span class='ocrx_word' id='word_1_50' title='bbox 1757 737 1991 809; x_wconf 87' lang='lat' dir='ltr'><strong>gladium</strong></span> 
     </span>
    </p>
   </div>
   <div class='ocr_carea' id='block_1_8' title="bbox 420 828 1996 911">
    <p class='ocr_par' dir='ltr' id='par_1_8' title="bbox 420 828 1996 911">
     <span class='ocr_line' id='line_1_8' title="bbox 420 828 1996 911; baseline -0.013 -11"><span class='ocrx_word' id='word_1_51' title='bbox 420 849 624 911; x_wconf 80' lang='lat' dir='ltr'><strong>rapuit;</strong></span> <span class='ocrx_word' id='word_1_52' title='bbox 674 844 796 895; x_wconf 91' lang='lat' dir='ltr'><strong>dum</strong></span> <span class='ocrx_word' id='word_1_53' title='bbox 857 840 943 902; x_wconf 83' lang='lat' dir='ltr'><strong>fit,</strong></span> <span class='ocrx_word' id='word_1_54' title='bbox 1000 838 1346 888; x_wconf 77' lang='lat' dir='ltr'><strong>vehementer</strong></span> <span class='ocrx_word' id='word_1_55' title='bbox 1404 832 1693 901; x_wconf 82' lang='lat' dir='ltr'><strong>percussit;</strong></span> <span class='ocrx_word' id='word_1_56' title='bbox 1750 837 1870 900; x_wconf 89' lang='lat' dir='ltr'><strong>post</strong></span> <span class='ocrx_word' id='word_1_57' title='bbox 1920 828 1996 880; x_wconf 82' lang='lat' dir='ltr'><strong>fa-</strong></span> 
     </span>
    </p>
   </div>
   <div class='ocr_carea' id='block_1_9' title="bbox 420 920 1997 1002">
    <p class='ocr_par' dir='ltr' id='par_1_9' title="bbox 420 920 1997 1002">
     <span class='ocr_line' id='line_1_9' title="bbox 420 920 1997 1002; baseline -0.01 -12"><span class='ocrx_word' id='word_1_58' title='bbox 420 945 599 1002; x_wconf 87' lang='lat' dir='ltr'><strong>ctum,</strong></span> <span class='ocrx_word' id='word_1_59' title='bbox 657 936 707 986; x_wconf 92' lang='lat' dir='ltr'><strong>in</strong></span> <span class='ocrx_word' id='word_1_60' title='bbox 756 929 934 981; x_wconf 87' lang='lat' dir='ltr'><strong>abdito</strong></span> <span class='ocrx_word' id='word_1_61' title='bbox 993 926 1257 993; x_wconf 74' lang='lat' dir='ltr'><strong>sepelivit.</strong></span> <span class='ocrx_word' id='word_1_62' title='bbox 1312 924 1442 990; x_wconf 63' lang='lat' dir='ltr'><strong>Quae</strong></span> <span class='ocrx_word' id='word_1_63' title='bbox 1493 938 1612 976; x_wconf 83' lang='lat' dir='ltr'><strong>cum</strong></span> <span class='ocrx_word' id='word_1_64' title='bbox 1667 921 1844 975; x_wconf 88' lang='lat' dir='ltr'><strong>omnia</strong></span> <span class='ocrx_word' id='word_1_65' title='bbox 1889 920 1997 975; x_wconf 86' lang='lat' dir='ltr'><strong>sint</strong></span> 
     </span>
    </p>
   </div>
   <div class='ocr_carea' id='block_1_10' title="bbox 422 1015 1995 1092">
    <p class='ocr_par' dir='ltr' id='par_1_10' title="bbox 422 1015 1995 1092">
     <span class='ocr_line' id='line_1_10' title="bbox 422 1015 1995 1092; baseline -0.01 -9"><span class='ocrx_word' id='word_1_66' title='bbox 422 1032 593 1092; x_wconf 86' lang='lat' dir='ltr'><strong>facta,</strong></span> <span class='ocrx_word' id='word_1_67' title='bbox 657 1037 831 1078; x_wconf 89' lang='lat' dir='ltr'><strong>tamen</strong></span> <span class='ocrx_word' id='word_1_68' title='bbox 901 1021 1148 1088; x_wconf 90' lang='lat' dir='ltr'><strong>quoniam</strong></span> <span class='ocrx_word' id='word_1_69' title='bbox 1207 1018 1271 1071; x_wconf 85' lang='lat' dir='ltr'><strong>ad</strong></span> <span class='ocrx_word' id='word_1_70' title='bbox 1329 1026 1536 1086; x_wconf 86' lang='lat' dir='ltr'><strong>gestum</strong></span> <span class='ocrx_word' id='word_1_71' title='bbox 1598 1017 1868 1084; x_wconf 78' lang='lat' dir='ltr'><strong>negotium</strong></span> <span class='ocrx_word' id='word_1_72' title='bbox 1928 1015 1995 1068; x_wconf 87' lang='lat' dir='ltr'><strong>de</strong></span> 
     </span>
    </p>
   </div>
   <div class='ocr_carea' id='block_1_11' title="bbox 420 1106 1993 1189">
    <p class='ocr_par' dir='ltr' id='par_1_11' title="bbox 420 1106 1993 1189">
     <span class='ocr_line' id='line_1_11' title="bbox 420 1106 1993 1189; baseline -0.008 -18"><span class='ocrx_word' id='word_1_73' title='bbox 420 1134 525 1189; x_wconf 87' lang='lat' dir='ltr'><strong>quo</strong></span> <span class='ocrx_word' id='word_1_74' title='bbox 563 1117 818 1186; x_wconf 62' lang='lat' dir='ltr'><strong>quaeritur</strong></span> <span class='ocrx_word' id='word_1_75' title='bbox 861 1111 1152 1180; x_wconf 86' lang='lat' dir='ltr'><strong>pertinent,</strong></span> <span class='ocrx_word' id='word_1_76' title='bbox 1199 1123 1307 1163; x_wconf 87' lang='lat' dir='ltr'><strong>non</strong></span> <span class='ocrx_word' id='word_1_77' title='bbox 1348 1118 1473 1162; x_wconf 88' lang='lat' dir='ltr'><strong>sunt</strong></span> <span class='ocrx_word' id='word_1_78' title='bbox 1510 1123 1571 1161; x_wconf 86' lang='lat' dir='ltr'><strong>ea</strong></span> <span class='ocrx_word' id='word_1_79' title='bbox 1615 1106 1751 1160; x_wconf 88' lang='lat' dir='ltr'><strong>facta</strong></span> <span class='ocrx_word' id='word_1_80' title='bbox 1790 1121 1910 1175; x_wconf 69' lang='lat' dir='ltr'><strong>qua:</strong></span> <span class='ocrx_word' id='word_1_81' title='bbox 1941 1106 1993 1159; x_wconf 90' lang='lat' dir='ltr'><strong>in</strong></span> 
     </span>
    </p>
   </div>
   <div class='ocr_carea' id='block_1_12' title="bbox 420 1199 1993 1276">
    <p class='ocr_par' dir='ltr' id='par_1_12' title="bbox 420 1199 1993 1276">
     <span class='ocr_line' id='line_1_12' title="bbox 420 1199 1993 1276; baseline -0.008 -13"><span class='ocrx_word' id='word_1_82' title='bbox 420 1208 685 1263; x_wconf 77' lang='lat' dir='ltr'><strong>attriltutis</strong></span> <span class='ocrx_word' id='word_1_83' title='bbox 732 1220 969 1276; x_wconf 75' lang='lat' dir='ltr'><strong>person-.e</strong></span> <span class='ocrx_word' id='word_1_84' title='bbox 1013 1213 1285 1255; x_wconf 88' lang='lat' dir='ltr'><strong>numerata</strong></span> <span class='ocrx_word' id='word_1_85' title='bbox 1335 1210 1492 1263; x_wconf 87' lang='lat' dir='ltr'><strong>sunt;</strong></span> <span class='ocrx_word' id='word_1_86' title='bbox 1540 1199 1628 1252; x_wconf 91' lang='lat' dir='ltr'><strong>illa</strong></span> <span class='ocrx_word' id='word_1_87' title='bbox 1667 1199 1809 1253; x_wconf 89' lang='lat' dir='ltr'><strong>enim</strong></span> <span class='ocrx_word' id='word_1_88' title='bbox 1841 1206 1993 1251; x_wconf 91' lang='lat' dir='ltr'><strong>extra</strong></span> 
     </span>
    </p>
   </div>
   <div class='ocr_carea' id='block_1_13' title="bbox 420 1295 1994 1371">
    <p class='ocr_par' dir='ltr' id='par_1_13' title="bbox 420 1295 1994 1371">
     <span class='ocr_line' id='line_1_13' title="bbox 420 1295 1994 1371; baseline -0.007 -14"><span class='ocrx_word' id='word_1_89' title='bbox 420 1304 726 1371; x_wconf 84' lang='lat' dir='ltr'><strong>negotium,</strong></span> <span class='ocrx_word' id='word_1_90' title='bbox 776 1301 844 1354; x_wconf 80' lang='lat' dir='ltr'><strong>tle</strong></span> <span class='ocrx_word' id='word_1_91' title='bbox 888 1314 993 1368; x_wconf 88' lang='lat' dir='ltr'><strong>quo</strong></span> <span class='ocrx_word' id='word_1_92' title='bbox 1043 1298 1217 1366; x_wconf 86' lang='lat' dir='ltr'><strong>agitur</strong></span> <span class='ocrx_word' id='word_1_93' title='bbox 1258 1296 1460 1365; x_wconf 88' lang='lat' dir='ltr'><strong>posita,</strong></span> <span class='ocrx_word' id='word_1_94' title='bbox 1495 1309 1779 1363; x_wconf 89' lang='lat' dir='ltr'><strong>personam</strong></span> <span class='ocrx_word' id='word_1_95' title='bbox 1827 1295 1994 1347; x_wconf 86' lang='lat' dir='ltr'><strong>infor-</strong></span> 
     </span>
    </p>
   </div>
   <div class='ocr_carea' id='block_1_14' title="bbox 419 1389 1994 1462">
    <p class='ocr_par' dir='ltr' id='par_1_14' title="bbox 419 1389 1994 1462">
     <span class='ocr_line' id='line_1_14' title="bbox 419 1389 1994 1462; baseline -0.007 -11"><span class='ocrx_word' id='word_1_96' title='bbox 419 1399 655 1462; x_wconf 87' lang='lat' dir='ltr'><strong>ntantia,</strong></span> <span class='ocrx_word' id='word_1_97' title='bbox 716 1397 873 1449; x_wconf 83' lang='lat' dir='ltr'><strong>fidem</strong></span> <span class='ocrx_word' id='word_1_98' title='bbox 931 1393 980 1448; x_wconf 88' lang='lat' dir='ltr'><strong>ei</strong></span> <span class='ocrx_word' id='word_1_99' title='bbox 1032 1394 1247 1461; x_wconf 66' lang='lat' dir='ltr'><strong>negotio</strong></span> <span class='ocrx_word' id='word_1_100' title='bbox 1299 1400 1552 1459; x_wconf 78' lang='lat' dir='ltr'><strong>prtcstant</strong></span> <span class='ocrx_word' id='word_1_101' title='bbox 1600 1389 1668 1444; x_wconf 88' lang='lat' dir='ltr'><strong>de</strong></span> <span class='ocrx_word' id='word_1_102' title='bbox 1719 1403 1823 1459; x_wconf 81' lang='lat' dir='ltr'><strong>quo</strong></span> <span class='ocrx_word' id='word_1_103' title='bbox 1871 1404 1994 1441; x_wconf 89' lang='lat' dir='ltr'><strong>ver-</strong></span> 
     </span>
    </p>
   </div>
   <div class='ocr_carea' id='block_1_15' title="bbox 419 1480 1994 1551">
    <p class='ocr_par' dir='ltr' id='par_1_15' title="bbox 419 1480 1994 1551">
     <span class='ocr_line' id='line_1_15' title="bbox 419 1480 1994 1551; baseline -0.008 -6"><span class='ocrx_word' id='word_1_104' title='bbox 419 1501 569 1545; x_wconf 83' lang='lat' dir='ltr'><strong>satur</strong></span> <span class='ocrx_word' id='word_1_105' title='bbox 632 1489 885 1550; x_wconf 85' lang='lat' dir='ltr'><strong>intentio;</strong></span> <span class='ocrx_word' id='word_1_106' title='bbox 943 1485 1056 1539; x_wconf 83' lang='lat' dir='ltr'><strong>luec</strong></span> <span class='ocrx_word' id='word_1_107' title='bbox 1111 1499 1238 1538; x_wconf 87' lang='lat' dir='ltr'><strong>vero</strong></span> <span class='ocrx_word' id='word_1_108' title='bbox 1294 1484 1428 1537; x_wconf 86' lang='lat' dir='ltr'><strong>facta</strong></span> <span class='ocrx_word' id='word_1_109' title='bbox 1485 1497 1603 1551; x_wconf 69' lang='lat' dir='ltr'><strong>qua:</strong></span> <span class='ocrx_word' id='word_1_110' title='bbox 1669 1480 1994 1534; x_wconf 89' lang='lat' dir='ltr'><strong>continentia</strong></span> 
     </span>
    </p>
   </div>
   <div class='ocr_carea' id='block_1_16' title="bbox 420 1570 1993 1648">
    <p class='ocr_par' dir='ltr' id='par_1_16' title="bbox 420 1570 1993 1648">
     <span class='ocr_line' id='line_1_16' title="bbox 420 1570 1993 1648; baseline -0.01 -12"><span class='ocrx_word' id='word_1_111' title='bbox 420 1591 690 1636; x_wconf 89' lang='lat' dir='ltr'><strong>suntcum</strong></span> <span class='ocrx_word' id='word_1_112' title='bbox 746 1581 863 1648; x_wconf 89' lang='lat' dir='ltr'><strong>ipso</strong></span> <span class='ocrx_word' id='word_1_113' title='bbox 913 1576 1141 1645; x_wconf 80' lang='lat' dir='ltr'><strong>negotio,</strong></span> <span class='ocrx_word' id='word_1_114' title='bbox 1171 1576 1234 1628; x_wconf 90' lang='lat' dir='ltr'><strong>ad</strong></span> <span class='ocrx_word' id='word_1_115' title='bbox 1266 1576 1436 1641; x_wconf 84' lang='lat' dir='ltr'><strong>ipsum</strong></span> <span class='ocrx_word' id='word_1_116' title='bbox 1481 1573 1747 1641; x_wconf 82' lang='lat' dir='ltr'><strong>negotium</strong></span> <span class='ocrx_word' id='word_1_117' title='bbox 1794 1570 1861 1625; x_wconf 85' lang='lat' dir='ltr'><strong>de</strong></span> <span class='ocrx_word' id='word_1_118' title='bbox 1886 1585 1993 1639; x_wconf 92' lang='lat' dir='ltr'><strong>quo</strong></span> 
     </span>
    </p>
   </div>
   <div class='ocr_carea' id='block_1_17' title="bbox 420 1664 1995 1744">
    <p class='ocr_par' dir='ltr' id='par_1_17' title="bbox 420 1664 1995 1744">
     <span class='ocr_line' id='line_1_17' title="bbox 420 1664 1995 1744; baseline -0.007 -18"><span class='ocrx_word' id='word_1_119' title='bbox 420 1674 681 1744; x_wconf 74' lang='lat' dir='ltr'><strong>qutcritur</strong></span> <span class='ocrx_word' id='word_1_120' title='bbox 707 1673 998 1740; x_wconf 89' lang='lat' dir='ltr'><strong>pertinent.</strong></span> <span class='ocrx_word' id='word_1_121' title='bbox 1031 1670 1334 1722; x_wconf 82' lang='lat' dir='ltr'><strong>I‘ostremas</strong></span> <span class='ocrx_word' id='word_1_122' title='bbox 1358 1681 1485 1720; x_wconf 87' lang='lat' dir='ltr'><strong>vero</strong></span> <span class='ocrx_word' id='word_1_123' title='bbox 1510 1674 1737 1735; x_wconf 87' lang='lat' dir='ltr'><strong>quatuor</strong></span> <span class='ocrx_word' id='word_1_124' title='bbox 1763 1664 1995 1718; x_wconf 85' lang='lat' dir='ltr'><strong>circum-</strong></span> 
     </span>
    </p>
   </div>
   <div class='ocr_carea' id='block_1_18' title="bbox 421 1758 1999 1830">
    <p class='ocr_par' dir='ltr' id='par_1_18' title="bbox 421 1758 1999 1830">
     <span class='ocr_line' id='line_1_18' title="bbox 421 1758 1999 1830; baseline -0.008 -10"><span class='ocrx_word' id='word_1_125' title='bbox 421 1767 647 1821; x_wconf 75' lang='lat' dir='ltr'><strong>stantius</strong></span> <span class='ocrx_word' id='word_1_126' title='bbox 691 1764 879 1817; x_wconf 70' lang='lat' dir='ltr'><strong>Cicero</strong></span> <span class='ocrx_word' id='word_1_127' title='bbox 926 1763 1073 1830; x_wconf 87' lang='lat' dir='ltr'><strong>ponit</strong></span> <span class='ocrx_word' id='word_1_128' title='bbox 1112 1760 1165 1814; x_wconf 93' lang='lat' dir='ltr'><strong>in</strong></span> <span class='ocrx_word' id='word_1_129' title='bbox 1196 1762 1439 1829; x_wconf 85' lang='lat' dir='ltr'><strong>gestionc</strong></span> <span class='ocrx_word' id='word_1_130' title='bbox 1480 1758 1699 1825; x_wconf 80' lang='lat' dir='ltr'><strong>negotii,</strong></span> <span class='ocrx_word' id='word_1_131' title='bbox 1752 1772 1871 1825; x_wconf 70' lang='lat' dir='ltr'><strong>quae</strong></span> <span class='ocrx_word' id='word_1_132' title='bbox 1915 1764 1999 1809; x_wconf 89' lang='lat' dir='ltr'><strong>est</strong></span> 
     </span>
    </p>
   </div>
   <div class='ocr_carea' id='block_1_19' title="bbox 2103 559 3672 637">
    <p class='ocr_par' dir='ltr' id='par_1_19' title="bbox 2103 559 3672 637">
     <span class='ocr_line' id='line_1_19' title="bbox 2103 559 3672 637; baseline 0.008 -26"><span class='ocrx_word' id='word_1_133' title='bbox 2103 562 2258 611; x_wconf 80' lang='lat' dir='ltr'><strong>ritur.</strong></span> <span class='ocrx_word' id='word_1_134' title='bbox 2284 559 2503 629; x_wconf 79' lang='lat' dir='ltr'><strong>Reliqua</strong></span> <span class='ocrx_word' id='word_1_135' title='bbox 2529 577 2677 626; x_wconf 86' lang='lat' dir='ltr'><strong>vero,</strong></span> <span class='ocrx_word' id='word_1_136' title='bbox 2698 577 2818 631; x_wconf 71' lang='lat' dir='ltr'><strong>qua:</strong></span> <span class='ocrx_word' id='word_1_137' title='bbox 2843 564 3067 619; x_wconf 87' lang='lat' dir='ltr'><strong>velsunt</strong></span> <span class='ocrx_word' id='word_1_138' title='bbox 3085 568 3329 621; x_wconf 90' lang='lat' dir='ltr'><strong>adiuncta</strong></span> <span class='ocrx_word' id='word_1_139' title='bbox 3360 571 3570 637; x_wconf 84' lang='lat' dir='ltr'><strong>negotio</strong></span> <span class='ocrx_word' id='word_1_140' title='bbox 3587 573 3672 625; x_wconf 93' lang='lat' dir='ltr'><strong>vel</strong></span> 
     </span>
    </p>
   </div>
   <div class='ocr_carea' id='block_1_20' title="bbox 2102 653 3672 729">
    <p class='ocr_par' dir='ltr' id='par_1_20' title="bbox 2102 653 3672 729">
     <span class='ocr_line' id='line_1_20' title="bbox 2102 653 3672 729; baseline 0.008 -28"><span class='ocrx_word' id='word_1_141' title='bbox 2102 660 2309 717; x_wconf 90' lang='lat' dir='ltr'><strong>gestum</strong></span> <span class='ocrx_word' id='word_1_142' title='bbox 2342 653 2611 719; x_wconf 78' lang='lat' dir='ltr'><strong>negotium</strong></span> <span class='ocrx_word' id='word_1_143' title='bbox 2640 667 3057 724; x_wconf 87' lang='lat' dir='ltr'><strong>consequuntur,</strong></span> <span class='ocrx_word' id='word_1_144' title='bbox 3092 660 3216 712; x_wconf 84' lang='lat' dir='ltr'><strong>talia</strong></span> <span class='ocrx_word' id='word_1_145' title='bbox 3245 670 3388 725; x_wconf 91' lang='lat' dir='ltr'><strong>sunt,</strong></span> <span class='ocrx_word' id='word_1_146' title='bbox 3424 662 3594 729; x_wconf 88' lang='lat' dir='ltr'><strong>qualia</strong></span> <span class='ocrx_word' id='word_1_147' title='bbox 3620 664 3672 714; x_wconf 91' lang='lat' dir='ltr'><strong>in</strong></span> 
     </span>
    </p>
   </div>
   <div class='ocr_carea' id='block_1_21' title="bbox 2105 740 3673 819">
    <p class='ocr_par' dir='ltr' id='par_1_21' title="bbox 2105 740 3673 819">
     <span class='ocr_line' id='line_1_21' title="bbox 2105 740 3673 819; baseline 0.008 -27"><span class='ocrx_word' id='word_1_148' title='bbox 2105 740 2400 794; x_wconf 81' lang='lat' dir='ltr'><strong>dialecticis</strong></span> <span class='ocrx_word' id='word_1_149' title='bbox 2428 745 2556 795; x_wconf 91' lang='lat' dir='ltr'><strong>locis</strong></span> <span class='ocrx_word' id='word_1_150' title='bbox 2578 758 2639 796; x_wconf 87' lang='lat' dir='ltr'><strong>ea</strong></span> <span class='ocrx_word' id='word_1_151' title='bbox 2663 759 2783 813; x_wconf 71' lang='lat' dir='ltr'><strong>qum</strong></span> <span class='ocrx_word' id='word_1_152' title='bbox 2804 750 3094 799; x_wconf 90' lang='lat' dir='ltr'><strong>secundum</strong></span> <span class='ocrx_word' id='word_1_153' title='bbox 3110 748 3459 803; x_wconf 85' lang='lat' dir='ltr'><strong>Tlientistium</strong></span> <span class='ocrx_word' id='word_1_154' title='bbox 3482 758 3673 819; x_wconf 89' lang='lat' dir='ltr'><strong>partim</strong></span> 
     </span>
    </p>
   </div>
   <div class='ocr_carea' id='block_1_22' title="bbox 2104 833 3678 910">
    <p class='ocr_par' dir='ltr' id='par_1_22' title="bbox 2104 833 3678 910">
     <span class='ocr_line' id='line_1_22' title="bbox 2104 833 3678 910; baseline 0.009 -23"><span class='ocrx_word' id='word_1_155' title='bbox 2104 833 2181 887; x_wconf 87' lang='lat' dir='ltr'><strong>rei</strong></span> <span class='ocrx_word' id='word_1_156' title='bbox 2229 834 2580 889; x_wconf 85' lang='lat' dir='ltr'><strong>substantiam</strong></span> <span class='ocrx_word' id='word_1_157' title='bbox 2629 851 3048 907; x_wconf 89' lang='lat' dir='ltr'><strong>consequuntur,</strong></span> <span class='ocrx_word' id='word_1_158' title='bbox 3084 846 3270 910; x_wconf 90' lang='lat' dir='ltr'><strong>partim</strong></span> <span class='ocrx_word' id='word_1_159' title='bbox 3322 859 3441 899; x_wconf 90' lang='lat' dir='ltr'><strong>sunt</strong></span> <span class='ocrx_word' id='word_1_160' title='bbox 3472 849 3678 902; x_wconf 82' lang='lat' dir='ltr'><strong>extrin-</strong></span> 
     </span>
    </p>
   </div>
   <div class='ocr_carea' id='block_1_23' title="bbox 2102 932 3674 997">
    <p class='ocr_par' dir='ltr' id='par_1_23' title="bbox 2102 932 3674 997">
     <span class='ocr_line' id='line_1_23' title="bbox 2102 932 3674 997; baseline 0.008 -20"><span class='ocrx_word' id='word_1_161' title='bbox 2102 939 2281 990; x_wconf 88' lang='lat' dir='ltr'><strong>secus,</strong></span> <span class='ocrx_word' id='word_1_162' title='bbox 2312 932 2501 993; x_wconf 90' lang='lat' dir='ltr'><strong>partim</strong></span> <span class='ocrx_word' id='word_1_163' title='bbox 2528 940 2811 983; x_wconf 79' lang='lat' dir='ltr'><strong>versantur</strong></span> <span class='ocrx_word' id='word_1_164' title='bbox 2841 932 2893 984; x_wconf 93' lang='lat' dir='ltr'><strong>in</strong></span> <span class='ocrx_word' id='word_1_165' title='bbox 2926 935 3147 997; x_wconf 89' lang='lat' dir='ltr'><strong>mediis;</strong></span> <span class='ocrx_word' id='word_1_166' title='bbox 3179 938 3468 989; x_wconf 79' lang='lat' dir='ltr'><strong>secundum</strong></span> <span class='ocrx_word' id='word_1_167' title='bbox 3519 940 3674 992; x_wconf 81' lang='lat' dir='ltr'><strong>Cice—</strong></span> 
     </span>
    </p>
   </div>
   <div class='ocr_carea' id='block_1_24' title="bbox 2104 1016 3672 1090">
    <p class='ocr_par' dir='ltr' id='par_1_24' title="bbox 2104 1016 3672 1090">
     <span class='ocr_line' id='line_1_24' title="bbox 2104 1016 3672 1090; baseline 0.007 -19"><span class='ocrx_word' id='word_1_168' title='bbox 2104 1033 2287 1072; x_wconf 87' lang='lat' dir='ltr'><strong>ronem</strong></span> <span class='ocrx_word' id='word_1_169' title='bbox 2315 1033 2441 1072; x_wconf 84' lang='lat' dir='ltr'><strong>vero</strong></span> <span class='ocrx_word' id='word_1_170' title='bbox 2470 1020 2608 1074; x_wconf 92' lang='lat' dir='ltr'><strong>inter</strong></span> <span class='ocrx_word' id='word_1_171' title='bbox 2633 1020 2818 1075; x_wconf 73' lang='lat' dir='ltr'><strong>affecta</strong></span> <span class='ocrx_word' id='word_1_172' title='bbox 2866 1016 3139 1077; x_wconf 88' lang='lat' dir='ltr'><strong>numerata</strong></span> <span class='ocrx_word' id='word_1_173' title='bbox 3181 1036 3326 1090; x_wconf 90' lang='lat' dir='ltr'><strong>sunt,</strong></span> <span class='ocrx_word' id='word_1_174' title='bbox 3350 1029 3432 1079; x_wconf 85' lang='lat' dir='ltr'><strong>vel</strong></span> <span class='ocrx_word' id='word_1_175' title='bbox 3464 1030 3672 1082; x_wconf 79' lang='lat' dir='ltr'><strong>extrin-</strong></span> 
     </span>
    </p>
   </div>
   <div class='ocr_carea' id='block_1_25' title="bbox 2104 1112 3674 1184">
    <p class='ocr_par' dir='ltr' id='par_1_25' title="bbox 2104 1112 3674 1184">
     <span class='ocr_line' id='line_1_25' title="bbox 2104 1112 3674 1184; baseline 0.008 -22"><span class='ocrx_word' id='word_1_176' title='bbox 2104 1124 2258 1163; x_wconf 84' lang='lat' dir='ltr'><strong>secus</strong></span> <span class='ocrx_word' id='word_1_177' title='bbox 2287 1112 2476 1175; x_wconf 88' lang='lat' dir='ltr'><strong>posila.</strong></span> <span class='ocrx_word' id='word_1_178' title='bbox 2505 1113 2640 1165; x_wconf 86' lang='lat' dir='ltr'><strong>Sunt</strong></span> <span class='ocrx_word' id='word_1_179' title='bbox 2669 1113 2809 1166; x_wconf 88' lang='lat' dir='ltr'><strong>enim</strong></span> <span class='ocrx_word' id='word_1_180' title='bbox 2842 1114 3083 1183; x_wconf 84' lang='lat' dir='ltr'><strong>adjuncta</strong></span> <span class='ocrx_word' id='word_1_181' title='bbox 3113 1120 3344 1184; x_wconf 82' lang='lat' dir='ltr'><strong>negotio,</strong></span> <span class='ocrx_word' id='word_1_182' title='bbox 3380 1118 3479 1184; x_wconf 66' lang='lat' dir='ltr'><strong>ipsi</strong></span> <span class='ocrx_word' id='word_1_183' title='bbox 3512 1120 3674 1174; x_wconf 85' lang='lat' dir='ltr'><strong>etiam</strong></span> 
     </span>
    </p>
   </div>
   <div class='ocr_carea' id='block_1_26' title="bbox 2103 1202 3676 1275">
    <p class='ocr_par' dir='ltr' id='par_1_26' title="bbox 2103 1202 3676 1275">
     <span class='ocr_line' id='line_1_26' title="bbox 2103 1202 3676 1275; baseline 0.006 -24"><span class='ocrx_word' id='word_1_184' title='bbox 2103 1215 2254 1269; x_wconf 66' lang='lat' dir='ltr'><strong>atque</strong></span> <span class='ocrx_word' id='word_1_185' title='bbox 2278 1202 2433 1256; x_wconf 79' lang='lat' dir='ltr'><strong>fidem</strong></span> <span class='ocrx_word' id='word_1_186' title='bbox 2465 1203 2665 1257; x_wconf 87' lang='lat' dir='ltr'><strong>faciunt</strong></span> <span class='ocrx_word' id='word_1_187' title='bbox 2712 1207 3016 1270; x_wconf 64' lang='lat' dir='ltr'><strong>quaestioni,</strong></span> <span class='ocrx_word' id='word_1_188' title='bbox 3062 1207 3245 1261; x_wconf 87' lang='lat' dir='ltr'><strong>affecta</strong></span> <span class='ocrx_word' id='word_1_189' title='bbox 3282 1212 3676 1275; x_wconf 76' lang='lat' dir='ltr'><strong>quodammodo</strong></span> 
     </span>
    </p>
   </div>
   <div class='ocr_carea' id='block_1_27' title="bbox 2103 1293 3676 1369">
    <p class='ocr_par' dir='ltr' id='par_1_27' title="bbox 2103 1293 3676 1369">
     <span class='ocr_line' id='line_1_27' title="bbox 2103 1293 3676 1369; baseline 0.009 -27"><span class='ocrx_word' id='word_1_190' title='bbox 2103 1293 2166 1343; x_wconf 87' lang='lat' dir='ltr'><strong>:td</strong></span> <span class='ocrx_word' id='word_1_191' title='bbox 2197 1293 2249 1345; x_wconf 91' lang='lat' dir='ltr'><strong>id</strong></span> <span class='ocrx_word' id='word_1_192' title='bbox 2280 1295 2347 1347; x_wconf 90' lang='lat' dir='ltr'><strong>de</strong></span> <span class='ocrx_word' id='word_1_193' title='bbox 2376 1309 2480 1363; x_wconf 90' lang='lat' dir='ltr'><strong>quo</strong></span> <span class='ocrx_word' id='word_1_194' title='bbox 2506 1295 2785 1362; x_wconf 74' lang='lat' dir='ltr'><strong>qnteritttr,</strong></span> <span class='ocrx_word' id='word_1_195' title='bbox 2822 1307 2874 1349; x_wconf 91' lang='lat' dir='ltr'><strong>et</strong></span> <span class='ocrx_word' id='word_1_196' title='bbox 2907 1299 3245 1364; x_wconf 69' lang='lat' dir='ltr'><strong>restricientia</strong></span> <span class='ocrx_word' id='word_1_197' title='bbox 3288 1301 3558 1369; x_wconf 86' lang='lat' dir='ltr'><strong>negotium</strong></span> <span class='ocrx_word' id='word_1_198' title='bbox 3609 1304 3676 1356; x_wconf 89' lang='lat' dir='ltr'><strong>de</strong></span> 
     </span>
    </p>
   </div>
   <div class='ocr_carea' id='block_1_28' title="bbox 2103 1387 3675 1460">
    <p class='ocr_par' dir='ltr' id='par_1_28' title="bbox 2103 1387 3675 1460">
     <span class='ocr_line' id='line_1_28' title="bbox 2103 1387 3675 1460; baseline 0.01 -25"><span class='ocrx_word' id='word_1_199' title='bbox 2103 1400 2208 1453; x_wconf 88' lang='lat' dir='ltr'><strong>quo</strong></span> <span class='ocrx_word' id='word_1_200' title='bbox 2230 1387 2425 1451; x_wconf 84' lang='lat' dir='ltr'><strong>agitur.</strong></span> <span class='ocrx_word' id='word_1_201' title='bbox 2461 1387 2588 1441; x_wconf 84' lang='lat' dir='ltr'><strong>Nam</strong></span> <span class='ocrx_word' id='word_1_202' title='bbox 2620 1390 3040 1447; x_wconf 73' lang='lat' dir='ltr'><strong>citcumstautite</strong></span> <span class='ocrx_word' id='word_1_203' title='bbox 3088 1403 3289 1460; x_wconf 88' lang='lat' dir='ltr'><strong>septem</strong></span> <span class='ocrx_word' id='word_1_204' title='bbox 3322 1397 3371 1446; x_wconf 94' lang='lat' dir='ltr'><strong>in</strong></span> <span class='ocrx_word' id='word_1_205' title='bbox 3406 1397 3675 1450; x_wconf 86' lang='lat' dir='ltr'><strong>attributis</strong></span> 
     </span>
    </p>
   </div>
   <div class='ocr_carea' id='block_1_29' title="bbox 2104 1480 3675 1557">
    <p class='ocr_par' dir='ltr' id='par_1_29' title="bbox 2104 1480 3675 1557">
     <span class='ocr_line' id='line_1_29' title="bbox 2104 1480 3675 1557; baseline 0.007 -25"><span class='ocrx_word' id='word_1_206' title='bbox 2104 1494 2345 1547; x_wconf 77' lang='lat' dir='ltr'><strong>personze</strong></span> <span class='ocrx_word' id='word_1_207' title='bbox 2370 1480 2449 1533; x_wconf 89' lang='lat' dir='ltr'><strong>vel</strong></span> <span class='ocrx_word' id='word_1_208' title='bbox 2479 1483 2692 1547; x_wconf 78' lang='lat' dir='ltr'><strong>negotio</strong></span> <span class='ocrx_word' id='word_1_209' title='bbox 2722 1494 3014 1536; x_wconf 71' lang='lat' dir='ltr'><strong>nutneralre</strong></span> <span class='ocrx_word' id='word_1_210' title='bbox 3041 1493 3181 1538; x_wconf 90' lang='lat' dir='ltr'><strong>sunt.</strong></span> <span class='ocrx_word' id='word_1_211' title='bbox 3214 1486 3307 1539; x_wconf 64' lang='lat' dir='ltr'><strong>{lae</strong></span> <span class='ocrx_word' id='word_1_212' title='bbox 3332 1501 3451 1539; x_wconf 89' lang='lat' dir='ltr'><strong>cum</strong></span> <span class='ocrx_word' id='word_1_213' title='bbox 3491 1501 3675 1557; x_wconf 72' lang='lat' dir='ltr'><strong>caepe-</strong></span> 
     </span>
    </p>
   </div>
   <div class='ocr_carea' id='block_1_30' title="bbox 2105 1573 3676 1649">
    <p class='ocr_par' dir='ltr' id='par_1_30' title="bbox 2105 1573 3676 1649">
     <span class='ocr_line' id='line_1_30' title="bbox 2105 1573 3676 1649; baseline 0.006 -27"><span class='ocrx_word' id='word_1_214' title='bbox 2105 1573 2209 1623; x_wconf 91' lang='lat' dir='ltr'><strong>rint</strong></span> <span class='ocrx_word' id='word_1_215' title='bbox 2234 1573 2554 1639; x_wconf 89' lang='lat' dir='ltr'><strong>comparari,</strong></span> <span class='ocrx_word' id='word_1_216' title='bbox 2579 1584 2632 1627; x_wconf 90' lang='lat' dir='ltr'><strong>et</strong></span> <span class='ocrx_word' id='word_1_217' title='bbox 2658 1576 2807 1641; x_wconf 87' lang='lat' dir='ltr'><strong>quasi</strong></span> <span class='ocrx_word' id='word_1_218' title='bbox 2834 1576 2883 1626; x_wconf 92' lang='lat' dir='ltr'><strong>in</strong></span> <span class='ocrx_word' id='word_1_219' title='bbox 2918 1576 3231 1630; x_wconf 82' lang='lat' dir='ltr'><strong>relationem</strong></span> <span class='ocrx_word' id='word_1_220' title='bbox 3255 1581 3458 1639; x_wconf 86' lang='lat' dir='ltr'><strong>venire,</strong></span> <span class='ocrx_word' id='word_1_221' title='bbox 3507 1581 3676 1649; x_wconf 81' lang='lat' dir='ltr'><strong>siqui-</strong></span> 
     </span>
    </p>
   </div>
   <div class='ocr_carea' id='block_1_31' title="bbox 2104 1662 3674 1737">
    <p class='ocr_par' dir='ltr' id='par_1_31' title="bbox 2104 1662 3674 1737">
     <span class='ocr_line' id='line_1_31' title="bbox 2104 1662 3674 1737; baseline 0.008 -24"><span class='ocrx_word' id='word_1_222' title='bbox 2104 1662 2224 1715; x_wconf 89' lang='lat' dir='ltr'><strong>dem</strong></span> <span class='ocrx_word' id='word_1_223' title='bbox 2252 1663 2315 1715; x_wconf 89' lang='lat' dir='ltr'><strong>ad</strong></span> <span class='ocrx_word' id='word_1_224' title='bbox 2353 1677 2411 1717; x_wconf 89' lang='lat' dir='ltr'><strong>se</strong></span> <span class='ocrx_word' id='word_1_225' title='bbox 2442 1665 2721 1719; x_wconf 88' lang='lat' dir='ltr'><strong>continens</strong></span> <span class='ocrx_word' id='word_1_226' title='bbox 2748 1666 3026 1731; x_wconf 78' lang='lat' dir='ltr'><strong>referatur,</strong></span> <span class='ocrx_word' id='word_1_227' title='bbox 3055 1670 3134 1721; x_wconf 89' lang='lat' dir='ltr'><strong>vel</strong></span> <span class='ocrx_word' id='word_1_228' title='bbox 3167 1670 3231 1721; x_wconf 89' lang='lat' dir='ltr'><strong>atl</strong></span> <span class='ocrx_word' id='word_1_229' title='bbox 3264 1670 3316 1722; x_wconf 92' lang='lat' dir='ltr'><strong>id</strong></span> <span class='ocrx_word' id='word_1_230' title='bbox 3360 1671 3497 1737; x_wconf 71' lang='lat' dir='ltr'><strong>qnud</strong></span> <span class='ocrx_word' id='word_1_231' title='bbox 3544 1686 3674 1725; x_wconf 66' lang='lat' dir='ltr'><strong>con:</strong></span> 
     </span>
    </p>
   </div>
   <div class='ocr_carea' id='block_1_32' title="bbox 2106 1756 3674 1829">
    <p class='ocr_par' dir='ltr' id='par_1_32' title="bbox 2106 1756 3674 1829">
     <span class='ocr_line' id='line_1_32' title="bbox 2106 1756 3674 1829; baseline 0.008 -22"><span class='ocrx_word' id='word_1_232' title='bbox 2106 1756 2323 1821; x_wconf 91' lang='lat' dir='ltr'><strong>tinetur,</strong></span> <span class='ocrx_word' id='word_1_233' title='bbox 2360 1757 2417 1809; x_wconf 86' lang='lat' dir='ltr'><strong>fit</strong></span> <span class='ocrx_word' id='word_1_234' title='bbox 2445 1766 2535 1809; x_wconf 89' lang='lat' dir='ltr'><strong>aut</strong></span> <span class='ocrx_word' id='word_1_235' title='bbox 2565 1760 2792 1826; x_wconf 86' lang='lat' dir='ltr'><strong>species.</strong></span> <span class='ocrx_word' id='word_1_236' title='bbox 2828 1768 2917 1812; x_wconf 84' lang='lat' dir='ltr'><strong>aut</strong></span> <span class='ocrx_word' id='word_1_237' title='bbox 2946 1775 3130 1829; x_wconf 88' lang='lat' dir='ltr'><strong>genus.</strong></span> <span class='ocrx_word' id='word_1_238' title='bbox 3186 1765 3255 1816; x_wconf 85' lang='lat' dir='ltr'><strong>At</strong></span> <span class='ocrx_word' id='word_1_239' title='bbox 3278 1766 3321 1817; x_wconf 90' lang='lat' dir='ltr'><strong>si</strong></span> <span class='ocrx_word' id='word_1_240' title='bbox 3363 1765 3427 1816; x_wconf 89' lang='lat' dir='ltr'><strong>ad</strong></span> <span class='ocrx_word' id='word_1_241' title='bbox 3454 1765 3502 1817; x_wconf 91' lang='lat' dir='ltr'><strong>id</strong></span> <span class='ocrx_word' id='word_1_242' title='bbox 3538 1765 3674 1819; x_wconf 81' lang='lat' dir='ltr'><strong>refe’-</strong></span> 
     </span>
    </p>
   </div>
   <div class='ocr_carea' id='block_1_33' title="bbox 423 1836 3671 1927">
    <p class='ocr_par' dir='ltr' id='par_1_33' title="bbox 423 1836 3671 1927">
     <span class='ocr_line' id='line_1_33' title="bbox 423 1836 3671 1927; baseline -0.002 -11"><span class='ocrx_word' id='word_1_243' title='bbox 423 1860 658 1917; x_wconf 89' lang='lat' dir='ltr'><strong>secunda</strong></span> <span class='ocrx_word' id='word_1_244' title='bbox 690 1874 721 1927; x_wconf 92' lang='lat' dir='ltr'><strong>p</strong></span> <span class='ocrx_word' id='word_1_245' title='bbox 741 1873 814 1911; x_wconf 59' lang='lat' dir='ltr'><strong>trs</strong></span> <span class='ocrx_word' id='word_1_246' title='bbox 836 1856 1212 1909; x_wconf 85' lang='lat' dir='ltr'><strong>attributornm</strong></span> <span class='ocrx_word' id='word_1_247' title='bbox 1240 1852 1467 1923; x_wconf 88' lang='lat' dir='ltr'><strong>negotiis</strong></span> <span class='ocrx_word' id='word_1_248' title='bbox 1492 1868 1507 1915; x_wconf 92' lang='lat'><strong>;</strong></span> <span class='ocrx_word' id='word_1_249' title='bbox 1540 1859 1595 1905; x_wconf 91' lang='lat' dir='ltr'><strong>et</strong></span> <span class='ocrx_word' id='word_1_250' title='bbox 1635 1866 1751 1903; x_wconf 88' lang='lat' dir='ltr'><strong>eam</strong></span> <span class='ocrx_word' id='word_1_251' title='bbox 1779 1848 1993 1917; x_wconf 88' lang='lat' dir='ltr'><strong>quidem</strong></span> <span class='ocrx_word' id='word_1_252' title='bbox 2027 1836 2073 1893; x_wconf 88' lang='grc' dir='ltr'><strong>Β</strong></span> <span class='ocrx_word' id='word_1_253' title='bbox 2101 1859 2246 1900; x_wconf 79' lang='lat' dir='ltr'><strong>ratur</strong></span> <span class='ocrx_word' id='word_1_254' title='bbox 2298 1850 2436 1917; x_wconf 89' lang='lat' dir='ltr'><strong>quod</strong></span> <span class='ocrx_word' id='word_1_255' title='bbox 2459 1850 2526 1904; x_wconf 90' lang='lat' dir='ltr'><strong>ab</strong></span> <span class='ocrx_word' id='word_1_256' title='bbox 2558 1865 2623 1904; x_wconf 93' lang='lat' dir='ltr'><strong>eo</strong></span> <span class='ocrx_word' id='word_1_257' title='bbox 2651 1852 2956 1919; x_wconf 82' lang='lat' dir='ltr'><strong>longissime</strong></span> <span class='ocrx_word' id='word_1_258' title='bbox 2985 1854 3169 1919; x_wconf 88' lang='lat' dir='ltr'><strong>distet,</strong></span> <span class='ocrx_word' id='word_1_259' title='bbox 3216 1858 3542 1910; x_wconf 90' lang='lat' dir='ltr'><strong>contrarium</strong></span> <span class='ocrx_word' id='word_1_260' title='bbox 3567 1874 3581 1921; x_wconf 93' lang='lat'><strong>;</strong></span> <span class='ocrx_word' id='word_1_261' title='bbox 3608 1871 3671 1911; x_wconf 91' lang='lat' dir='ltr'><strong>ac</strong></span> 
     </span>
    </p>
   </div>
   <div class='ocr_carea' id='block_1_34' title="bbox 422 1942 1992 2013">
    <p class='ocr_par' dir='ltr' id='par_1_34' title="bbox 422 1942 1992 2013">
     <span class='ocr_line' id='line_1_34' title="bbox 422 1942 1992 2013; baseline -0.01 -8"><span class='ocrx_word' id='word_1_262' title='bbox 422 1950 897 2005; x_wconf 68' lang='lat' dir='ltr'><strong>circumstantiam.</strong></span> <span class='ocrx_word' id='word_1_263' title='bbox 930 1962 1046 2012; x_wconf 70' lang='lat' dir='ltr'><strong>qua:</strong></span> <span class='ocrx_word' id='word_1_264' title='bbox 1070 1955 1153 1999; x_wconf 90' lang='lat' dir='ltr'><strong>est</strong></span> <span class='ocrx_word' id='word_1_265' title='bbox 1180 1944 1413 2013; x_wconf 89' lang='lat' dir='ltr'><strong>quando,</strong></span> <span class='ocrx_word' id='word_1_266' title='bbox 1447 1942 1635 1996; x_wconf 85' lang='lat' dir='ltr'><strong>dividit</strong></span> <span class='ocrx_word' id='word_1_267' title='bbox 1678 1943 1729 1994; x_wconf 91' lang='lat' dir='ltr'><strong>in</strong></span> <span class='ocrx_word' id='word_1_268' title='bbox 1763 1949 1992 2007; x_wconf 93' lang='lat' dir='ltr'><strong>tempus,</strong></span> 
     </span>
    </p>
   </div>
   <div class='ocr_carea' id='block_1_35' title="bbox 423 2032 1996 2102">
    <p class='ocr_par' dir='ltr' id='par_1_35' title="bbox 423 2032 1996 2102">
     <span class='ocr_line' id='line_1_35' title="bbox 423 2032 1996 2102; baseline -0.007 -6"><span class='ocrx_word' id='word_1_269' title='bbox 423 2054 480 2096; x_wconf 92' lang='lat' dir='ltr'><strong>ut</strong></span> <span class='ocrx_word' id='word_1_270' title='bbox 504 2050 656 2095; x_wconf 89' lang='lat' dir='ltr'><strong>nocte</strong></span> <span class='ocrx_word' id='word_1_271' title='bbox 680 2040 819 2102; x_wconf 88' lang='lat' dir='ltr'><strong>fecit,</strong></span> <span class='ocrx_word' id='word_1_272' title='bbox 847 2049 900 2093; x_wconf 93' lang='lat' dir='ltr'><strong>et</strong></span> <span class='ocrx_word' id='word_1_273' title='bbox 926 2040 977 2092; x_wconf 88' lang='lat' dir='ltr'><strong>in</strong></span> <span class='ocrx_word' id='word_1_274' title='bbox 1003 2038 1360 2100; x_wconf 87' lang='lat' dir='ltr'><strong>occasionem,</strong></span> <span class='ocrx_word' id='word_1_275' title='bbox 1396 2046 1454 2089; x_wconf 90' lang='lat' dir='ltr'><strong>ut</strong></span> <span class='ocrx_word' id='word_1_276' title='bbox 1481 2037 1688 2089; x_wconf 84' lang='lat' dir='ltr'><strong>cunetis</strong></span> <span class='ocrx_word' id='word_1_277' title='bbox 1729 2032 1996 2087; x_wconf 76' lang='lat' dir='ltr'><strong>dormien-</strong></span> 
     </span>
    </p>
   </div>
   <div class='ocr_carea' id='block_1_36' title="bbox 422 2124 1991 2196">
    <p class='ocr_par' dir='ltr' id='par_1_36' title="bbox 422 2124 1991 2196">
     <span class='ocr_line' id='line_1_36' title="bbox 422 2124 1991 2196; baseline -0.008 -8"><span class='ocrx_word' id='word_1_278' title='bbox 422 2132 597 2196; x_wconf 86' lang='lat' dir='ltr'><strong>tibus;</strong></span> <span class='ocrx_word' id='word_1_279' title='bbox 652 2147 768 2187; x_wconf 86' lang='lat' dir='ltr'><strong>eam</strong></span> <span class='ocrx_word' id='word_1_280' title='bbox 802 2143 953 2183; x_wconf 83' lang='lat' dir='ltr'><strong>vero</strong></span> <span class='ocrx_word' id='word_1_281' title='bbox 1009 2127 1501 2190; x_wconf 82' lang='lat' dir='ltr'><strong>circumstantiam,</strong></span> <span class='ocrx_word' id='word_1_282' title='bbox 1563 2141 1682 2193; x_wconf 71' lang='lat' dir='ltr'><strong>qua:</strong></span> <span class='ocrx_word' id='word_1_283' title='bbox 1740 2134 1821 2178; x_wconf 86' lang='lat' dir='ltr'><strong>est</strong></span> <span class='ocrx_word' id='word_1_284' title='bbox 1876 2124 1991 2184; x_wconf 83' lang='lat' dir='ltr'><strong>tibi,</strong></span> 
     </span>
    </p>
   </div>
   <div class='ocr_carea' id='block_1_37' title="bbox 422 2215 1995 2284">
    <p class='ocr_par' dir='ltr' id='par_1_37' title="bbox 422 2215 1995 2284">
     <span class='ocr_line' id='line_1_37' title="bbox 422 2215 1995 2284; baseline -0.009 -6"><span class='ocrx_word' id='word_1_285' title='bbox 422 2225 598 2280; x_wconf 88' lang='lat' dir='ltr'><strong>locum</strong></span> <span class='ocrx_word' id='word_1_286' title='bbox 624 2223 770 2284; x_wconf 83' lang='lat' dir='ltr'><strong>dicit,</strong></span> <span class='ocrx_word' id='word_1_287' title='bbox 801 2229 857 2273; x_wconf 88' lang='lat' dir='ltr'><strong>ut</strong></span> <span class='ocrx_word' id='word_1_288' title='bbox 886 2222 935 2273; x_wconf 90' lang='lat' dir='ltr'><strong>in</strong></span> <span class='ocrx_word' id='word_1_289' title='bbox 982 2218 1229 2273; x_wconf 86' lang='lat' dir='ltr'><strong>cubiculo</strong></span> <span class='ocrx_word' id='word_1_290' title='bbox 1271 2217 1418 2278; x_wconf 87' lang='lat' dir='ltr'><strong>fecit,</strong></span> <span class='ocrx_word' id='word_1_291' title='bbox 1448 2215 1718 2283; x_wconf 89' lang='lat' dir='ltr'><strong>quomodo</strong></span> <span class='ocrx_word' id='word_1_292' title='bbox 1761 2228 1889 2266; x_wconf 87' lang='lat' dir='ltr'><strong>vero</strong></span> <span class='ocrx_word' id='word_1_293' title='bbox 1930 2227 1995 2265; x_wconf 81' lang='lat' dir='ltr'><strong>ex</strong></span> 
     </span>
    </p>
   </div>
   <div class='ocr_carea' id='block_1_38' title="bbox 422 2305 1996 2373">
    <p class='ocr_par' dir='ltr' id='par_1_38' title="bbox 422 2305 1996 2373">
     <span class='ocr_line' id='line_1_38' title="bbox 422 2305 1996 2373; baseline -0.009 -2"><span class='ocrx_word' id='word_1_294' title='bbox 422 2314 837 2371; x_wconf 72' lang='lat' dir='ltr'><strong>circumstantiis</strong></span> <span class='ocrx_word' id='word_1_295' title='bbox 864 2312 1102 2373; x_wconf 89' lang='lat' dir='ltr'><strong>modum,</strong></span> <span class='ocrx_word' id='word_1_296' title='bbox 1132 2318 1190 2363; x_wconf 87' lang='lat' dir='ltr'><strong>ut</strong></span> <span class='ocrx_word' id='word_1_297' title='bbox 1219 2310 1356 2363; x_wconf 89' lang='lat' dir='ltr'><strong>clam</strong></span> <span class='ocrx_word' id='word_1_298' title='bbox 1381 2307 1527 2361; x_wconf 91' lang='lat' dir='ltr'><strong>fecit.</strong></span> <span class='ocrx_word' id='word_1_299' title='bbox 1556 2305 1759 2372; x_wconf 84' lang='lat' dir='ltr'><strong>Quibus</strong></span> <span class='ocrx_word' id='word_1_300' title='bbox 1788 2305 1996 2357; x_wconf 78' lang='lat' dir='ltr'><strong>auxiliis</strong></span> 
     </span>
    </p>
   </div>
   <div class='ocr_carea' id='block_1_39' title="bbox 420 2394 1997 2469">
    <p class='ocr_par' dir='ltr' id='par_1_39' title="bbox 420 2394 1997 2469">
     <span class='ocr_line' id='line_1_39' title="bbox 420 2394 1997 2469; baseline -0.01 -8"><span class='ocrx_word' id='word_1_301' title='bbox 420 2406 901 2469; x_wconf 89' lang='lat' dir='ltr'><strong>circumstantiam,</strong></span> <span class='ocrx_word' id='word_1_302' title='bbox 941 2401 1245 2455; x_wconf 85' lang='lat' dir='ltr'><strong>facultatem</strong></span> <span class='ocrx_word' id='word_1_303' title='bbox 1290 2397 1543 2468; x_wconf 87' lang='lat' dir='ltr'><strong>appellat,</strong></span> <span class='ocrx_word' id='word_1_304' title='bbox 1578 2408 1630 2449; x_wconf 86' lang='lat' dir='ltr'><strong>ut</strong></span> <span class='ocrx_word' id='word_1_305' title='bbox 1664 2411 1781 2450; x_wconf 92' lang='lat' dir='ltr'><strong>cum</strong></span> <span class='ocrx_word' id='word_1_306' title='bbox 1832 2394 1997 2447; x_wconf 90' lang='lat' dir='ltr'><strong>multo</strong></span> 
     </span>
    </p>
   </div>
   <div class='ocr_carea' id='block_1_40' title="bbox 420 2487 1996 2563">
    <p class='ocr_par' dir='ltr' id='par_1_40' title="bbox 420 2487 1996 2563">
     <span class='ocr_line' id='line_1_40' title="bbox 420 2487 1996 2563; baseline -0.008 -10"><span class='ocrx_word' id='word_1_307' title='bbox 420 2488 679 2553; x_wconf 84' lang='lat' dir='ltr'><strong>exercitu.</strong></span> <span class='ocrx_word' id='word_1_308' title='bbox 710 2497 945 2561; x_wconf 87' lang='lat' dir='ltr'><strong>Quorum</strong></span> <span class='ocrx_word' id='word_1_309' title='bbox 973 2493 1184 2563; x_wconf 85' lang='lat' dir='ltr'><strong>quidem</strong></span> <span class='ocrx_word' id='word_1_310' title='bbox 1218 2492 1476 2554; x_wconf 91' lang='lat' dir='ltr'><strong>locorum,</strong></span> <span class='ocrx_word' id='word_1_311' title='bbox 1526 2490 1624 2543; x_wconf 88' lang='lat' dir='ltr'><strong>etsi</strong></span> <span class='ocrx_word' id='word_1_312' title='bbox 1676 2502 1740 2540; x_wconf 83' lang='lat' dir='ltr'><strong>ex</strong></span> <span class='ocrx_word' id='word_1_313' title='bbox 1771 2487 1996 2540; x_wconf 82' lang='lat' dir='ltr'><strong>circum-</strong></span> 
     </span>
    </p>
   </div>
   <div class='ocr_carea' id='block_1_41' title="bbox 425 2583 1998 2643">
    <p class='ocr_par' dir='ltr' id='par_1_41' title="bbox 425 2583 1998 2643">
     <span class='ocr_line' id='line_1_41' title="bbox 425 2583 1998 2643; baseline -0.006 -1"><span class='ocrx_word' id='word_1_314' title='bbox 425 2588 741 2642; x_wconf 87' lang='lat' dir='ltr'><strong>stantiarum</strong></span> <span class='ocrx_word' id='word_1_315' title='bbox 795 2596 984 2639; x_wconf 89' lang='lat' dir='ltr'><strong>natura</strong></span> <span class='ocrx_word' id='word_1_316' title='bbox 1034 2583 1292 2637; x_wconf 83' lang='lat' dir='ltr'><strong>discretio</strong></span> <span class='ocrx_word' id='word_1_317' title='bbox 1345 2583 1489 2635; x_wconf 87' lang='lat' dir='ltr'><strong>clara</strong></span> <span class='ocrx_word' id='word_1_318' title='bbox 1535 2590 1635 2643; x_wconf 89' lang='lat' dir='ltr'><strong>est,</strong></span> <span class='ocrx_word' id='word_1_319' title='bbox 1694 2594 1791 2632; x_wconf 92' lang='lat' dir='ltr'><strong>nos</strong></span> <span class='ocrx_word' id='word_1_320' title='bbox 1821 2589 1998 2633; x_wconf 87' lang='lat' dir='ltr'><strong>tamen</strong></span> 
     </span>
    </p>
   </div>
   <div class='ocr_carea' id='block_1_42' title="bbox 429 2671 1997 2736">
    <p class='ocr_par' dir='ltr' id='par_1_42' title="bbox 429 2671 1997 2736">
     <span class='ocr_line' id='line_1_42' title="bbox 429 2671 1997 2736; baseline -0.003 -6"><span class='ocrx_word' id='word_1_321' title='bbox 429 2679 829 2732; x_wconf 85' lang='lat' dir='ltr'><strong>benevolentins</strong></span> <span class='ocrx_word' id='word_1_322' title='bbox 856 2676 1133 2736; x_wconf 82' lang='lat' dir='ltr'><strong>faciemus,</strong></span> <span class='ocrx_word' id='word_1_323' title='bbox 1163 2674 1208 2728; x_wconf 89' lang='lat' dir='ltr'><strong>si</strong></span> <span class='ocrx_word' id='word_1_324' title='bbox 1231 2673 1446 2728; x_wconf 86' lang='lat' dir='ltr'><strong>uberius</strong></span> <span class='ocrx_word' id='word_1_325' title='bbox 1472 2687 1655 2727; x_wconf 90' lang='lat' dir='ltr'><strong>eorum</strong></span> <span class='ocrx_word' id='word_1_326' title='bbox 1689 2686 1717 2724; x_wconf 89' lang='lat' dir='ltr'><strong>a</strong></span> <span class='ocrx_word' id='word_1_327' title='bbox 1757 2686 1816 2726; x_wconf 89' lang='lat' dir='ltr'><strong>se</strong></span> <span class='ocrx_word' id='word_1_328' title='bbox 1842 2671 1997 2726; x_wconf 80' lang='lat' dir='ltr'><strong>diffe-</strong></span> 
     </span>
    </p>
   </div>
   <div class='ocr_carea' id='block_1_43' title="bbox 423 2764 1996 2826">
    <p class='ocr_par' dir='ltr' id='par_1_43' title="bbox 423 2764 1996 2826">
     <span class='ocr_line' id='line_1_43' title="bbox 423 2764 1996 2826; baseline -0.004 -3"><span class='ocrx_word' id='word_1_329' title='bbox 423 2770 623 2823; x_wconf 76' lang='lat' dir='ltr'><strong>rentias</strong></span> <span class='ocrx_word' id='word_1_330' title='bbox 670 2768 1034 2822; x_wconf 78' lang='lat' dir='ltr'><strong>ostendamus.</strong></span> <span class='ocrx_word' id='word_1_331' title='bbox 1096 2765 1227 2819; x_wconf 79' lang='lat' dir='ltr'><strong>Nam</strong></span> <span class='ocrx_word' id='word_1_332' title='bbox 1286 2779 1405 2819; x_wconf 87' lang='lat' dir='ltr'><strong>cum</strong></span> <span class='ocrx_word' id='word_1_333' title='bbox 1458 2778 1520 2818; x_wconf 80' lang='lat' dir='ltr'><strong>ex</strong></span> <span class='ocrx_word' id='word_1_334' title='bbox 1565 2764 1996 2826; x_wconf 63' lang='lat' dir='ltr'><strong>circumstantiis,</strong></span> 
     </span>
    </p>
   </div>
   <div class='ocr_carea' id='block_1_44' title="bbox 424 2857 2000 2927">
    <p class='ocr_par' dir='ltr' id='par_1_44' title="bbox 424 2857 2000 2927">
     <span class='ocr_line' id='line_1_44' title="bbox 424 2857 2000 2927; baseline -0.006 -12"><span class='ocrx_word' id='word_1_335' title='bbox 424 2861 559 2915; x_wconf 90' lang='lat' dir='ltr'><strong>alias</strong></span> <span class='ocrx_word' id='word_1_336' title='bbox 590 2861 656 2913; x_wconf 75' lang='grc' dir='ltr'><strong>Μ.</strong></span> <span class='ocrx_word' id='word_1_337' title='bbox 684 2859 889 2913; x_wconf 83' lang='lat' dir='ltr'><strong>&#39;I‘ullius</strong></span> <span class='ocrx_word' id='word_1_338' title='bbox 934 2860 1173 2927; x_wconf 88' lang='lat' dir='ltr'><strong>posuerit</strong></span> <span class='ocrx_word' id='word_1_339' title='bbox 1203 2872 1324 2912; x_wconf 78' lang='lat' dir='ltr'><strong>esse</strong></span> <span class='ocrx_word' id='word_1_340' title='bbox 1367 2857 1696 2910; x_wconf 88' lang='lat' dir='ltr'><strong>continentia</strong></span> <span class='ocrx_word' id='word_1_341' title='bbox 1730 2870 1850 2909; x_wconf 93' lang='lat' dir='ltr'><strong>cum</strong></span> <span class='ocrx_word' id='word_1_342' title='bbox 1884 2857 2000 2923; x_wconf 90' lang='lat' dir='ltr'><strong>ipso</strong></span> 
     </span>
    </p>
   </div>
   <div class='ocr_carea' id='block_1_45' title="bbox 424 2948 2002 3023">
    <p class='ocr_par' dir='ltr' id='par_1_45' title="bbox 424 2948 2002 3023">
     <span class='ocr_line' id='line_1_45' title="bbox 424 2948 2002 3023; baseline -0.004 -16"><span class='ocrx_word' id='word_1_343' title='bbox 424 2955 659 3023; x_wconf 86' lang='lat' dir='ltr'><strong>negotio,</strong></span> <span class='ocrx_word' id='word_1_344' title='bbox 703 2953 835 3007; x_wconf 87' lang='lat' dir='ltr'><strong>alias</strong></span> <span class='ocrx_word' id='word_1_345' title='bbox 887 2954 937 3005; x_wconf 92' lang='lat' dir='ltr'><strong>in</strong></span> <span class='ocrx_word' id='word_1_346' title='bbox 990 2951 1234 3021; x_wconf 89' lang='lat' dir='ltr'><strong>gestione</strong></span> <span class='ocrx_word' id='word_1_347' title='bbox 1289 2952 1506 3019; x_wconf 75' lang='lat' dir='ltr'><strong>negotii.</strong></span> <span class='ocrx_word' id='word_1_348' title='bbox 1538 2954 1714 3019; x_wconf 85' lang='lat' dir='ltr'><strong>Atque</strong></span> <span class='ocrx_word' id='word_1_349' title='bbox 1756 2949 1807 3002; x_wconf 92' lang='lat' dir='ltr'><strong>in</strong></span> <span class='ocrx_word' id='word_1_350' title='bbox 1829 2948 2002 3003; x_wconf 85' lang='lat' dir='ltr'><strong>conti-</strong></span> 
     </span>
    </p>
   </div>
   <div class='ocr_carea' id='block_1_46' title="bbox 423 3041 2000 3112">
    <p class='ocr_par' dir='ltr' id='par_1_46' title="bbox 423 3041 2000 3112">
     <span class='ocr_line' id='line_1_46' title="bbox 423 3041 2000 3112; baseline -0.004 -12"><span class='ocrx_word' id='word_1_351' title='bbox 423 3046 672 3100; x_wconf 89' lang='lat' dir='ltr'><strong>nentibus</strong></span> <span class='ocrx_word' id='word_1_352' title='bbox 710 3059 829 3098; x_wconf 91' lang='lat' dir='ltr'><strong>cum</strong></span> <span class='ocrx_word' id='word_1_353' title='bbox 876 3046 992 3112; x_wconf 89' lang='lat' dir='ltr'><strong>ipso</strong></span> <span class='ocrx_word' id='word_1_354' title='bbox 1033 3044 1246 3112; x_wconf 86' lang='lat' dir='ltr'><strong>negotio</strong></span> <span class='ocrx_word' id='word_1_355' title='bbox 1294 3043 1441 3096; x_wconf 90' lang='lat' dir='ltr'><strong>illum</strong></span> <span class='ocrx_word' id='word_1_356' title='bbox 1492 3041 1864 3095; x_wconf 86' lang='lat' dir='ltr'><strong>annumeravit</strong></span> <span class='ocrx_word' id='word_1_357' title='bbox 1919 3041 2000 3094; x_wconf 87' lang='lat' dir='ltr'><strong>lo-</strong></span> 
     </span>
    </p>
   </div>
   <div class='ocr_carea' id='block_1_47' title="bbox 424 3132 2000 3203">
    <p class='ocr_par' dir='ltr' id='par_1_47' title="bbox 424 3132 2000 3203">
     <span class='ocr_line' id='line_1_47' title="bbox 424 3132 2000 3203; baseline -0.004 -13"><span class='ocrx_word' id='word_1_358' title='bbox 424 3151 543 3190; x_wconf 91' lang='lat' dir='ltr'><strong>cum</strong></span> <span class='ocrx_word' id='word_1_359' title='bbox 574 3150 729 3203; x_wconf 91' lang='lat' dir='ltr'><strong>quem</strong></span> <span class='ocrx_word' id='word_1_360' title='bbox 789 3135 1076 3202; x_wconf 83' lang='lat' dir='ltr'><strong>appellavit</strong></span> <span class='ocrx_word' id='word_1_361' title='bbox 1125 3134 1247 3186; x_wconf 89' lang='lat' dir='ltr'><strong>dum</strong></span> <span class='ocrx_word' id='word_1_362' title='bbox 1289 3132 1363 3197; x_wconf 81' lang='lat' dir='ltr'><strong>fit,</strong></span> <span class='ocrx_word' id='word_1_363' title='bbox 1414 3147 1479 3186; x_wconf 83' lang='lat' dir='ltr'><strong>ex</strong></span> <span class='ocrx_word' id='word_1_364' title='bbox 1530 3133 1641 3201; x_wconf 90' lang='lat' dir='ltr'><strong>ipsa</strong></span> <span class='ocrx_word' id='word_1_365' title='bbox 1688 3132 2000 3201; x_wconf 81' lang='lat' dir='ltr'><strong>prolationis</strong></span> 
     </span>
    </p>
   </div>
   <div class='ocr_carea' id='block_1_48' title="bbox 424 3198 2071 3297">
    <p class='ocr_par' dir='ltr' id='par_1_48' title="bbox 424 3198 2071 3297">
     <span class='ocr_line' id='line_1_48' title="bbox 424 3198 2071 3297; baseline -0.005 -15"><span class='ocrx_word' id='word_1_366' title='bbox 424 3198 979 3297; x_wconf 36' lang='lat' dir='ltr'><strong>significatione-idem</strong></span> <span class='ocrx_word' id='word_1_367' title='bbox 1015 3225 1225 3279; x_wconf 87' lang='lat' dir='ltr'><strong>videtur</strong></span> <span class='ocrx_word' id='word_1_368' title='bbox 1252 3234 1371 3277; x_wconf 88' lang='lat' dir='ltr'><strong>esse</strong></span> <span class='ocrx_word' id='word_1_369' title='bbox 1404 3198 1561 3277; x_wconf 78' lang='lat' dir='ltr'><strong>locus</strong></span> <span class='ocrx_word' id='word_1_370' title='bbox 1598 3198 1705 3287; x_wconf 72' lang='lat' dir='ltr'><strong>hic,</strong></span> <span class='ocrx_word' id='word_1_371' title='bbox 1756 3223 1881 3275; x_wconf 91' lang='lat' dir='ltr'><strong>dum</strong></span> <span class='ocrx_word' id='word_1_372' title='bbox 1917 3220 1992 3287; x_wconf 81' lang='lat' dir='ltr'><strong>fit,</strong></span> <span class='ocrx_word' id='word_1_373' title='bbox 2026 3198 2071 3262; x_wconf 63' lang='grc' dir='ltr'><strong>(ἶ</strong></span> 
     </span>
    </p>
   </div>
   <div class='ocr_carea' id='block_1_49' title="bbox 424 3313 1996 3387">
    <p class='ocr_par' dir='ltr' id='par_1_49' title="bbox 424 3313 1996 3387">
     <span class='ocr_line' id='line_1_49' title="bbox 424 3313 1996 3387; baseline -0.004 -16"><span class='ocrx_word' id='word_1_374' title='bbox 424 3319 471 3372; x_wconf 92' lang='lat' dir='ltr'><strong>ei</strong></span> <span class='ocrx_word' id='word_1_375' title='bbox 490 3317 577 3387; x_wconf 89' lang='lat' dir='ltr'><strong>qtti</strong></span> <span class='ocrx_word' id='word_1_376' title='bbox 596 3329 676 3370; x_wconf 90' lang='lat' dir='ltr'><strong>est</strong></span> <span class='ocrx_word' id='word_1_377' title='bbox 692 3316 742 3369; x_wconf 92' lang='lat' dir='ltr'><strong>in</strong></span> <span class='ocrx_word' id='word_1_378' title='bbox 765 3317 1005 3386; x_wconf 88' lang='lat' dir='ltr'><strong>gestione</strong></span> <span class='ocrx_word' id='word_1_379' title='bbox 1028 3315 1244 3384; x_wconf 80' lang='lat' dir='ltr'><strong>negotii.</strong></span> <span class='ocrx_word' id='word_1_380' title='bbox 1268 3316 1370 3369; x_wconf 88' lang='lat' dir='ltr'><strong>Sed</strong></span> <span class='ocrx_word' id='word_1_381' title='bbox 1390 3330 1495 3369; x_wconf 90' lang='lat' dir='ltr'><strong>non</strong></span> <span class='ocrx_word' id='word_1_382' title='bbox 1516 3324 1599 3369; x_wconf 90' lang='lat' dir='ltr'><strong>est</strong></span> <span class='ocrx_word' id='word_1_383' title='bbox 1616 3315 1707 3378; x_wconf 89' lang='lat' dir='ltr'><strong>ita,</strong></span> <span class='ocrx_word' id='word_1_384' title='bbox 1726 3316 1847 3381; x_wconf 84' lang='lat' dir='ltr'><strong>quia</strong></span> <span class='ocrx_word' id='word_1_385' title='bbox 1872 3313 1996 3367; x_wconf 93' lang='lat' dir='ltr'><strong>dum</strong></span> 
     </span>
    </p>
   </div>
   <div class='ocr_carea' id='block_1_50' title="bbox 422 3405 1996 3475">
    <p class='ocr_par' dir='ltr' id='par_1_50' title="bbox 422 3405 1996 3475">
     <span class='ocr_line' id='line_1_50' title="bbox 422 3405 1996 3475; baseline -0.005 -12"><span class='ocrx_word' id='word_1_386' title='bbox 422 3412 482 3463; x_wconf 83' lang='lat' dir='ltr'><strong>lit</strong></span> <span class='ocrx_word' id='word_1_387' title='bbox 511 3408 642 3463; x_wconf 87' lang='lat' dir='ltr'><strong>illud</strong></span> <span class='ocrx_word' id='word_1_388' title='bbox 693 3418 774 3461; x_wconf 90' lang='lat' dir='ltr'><strong>est</strong></span> <span class='ocrx_word' id='word_1_389' title='bbox 818 3406 960 3475; x_wconf 86' lang='lat' dir='ltr'><strong>quod</strong></span> <span class='ocrx_word' id='word_1_390' title='bbox 995 3422 1059 3459; x_wconf 91' lang='lat' dir='ltr'><strong>eo</strong></span> <span class='ocrx_word' id='word_1_391' title='bbox 1117 3416 1358 3475; x_wconf 90' lang='lat' dir='ltr'><strong>tempore</strong></span> <span class='ocrx_word' id='word_1_392' title='bbox 1404 3405 1696 3459; x_wconf 87' lang='lat' dir='ltr'><strong>admissum</strong></span> <span class='ocrx_word' id='word_1_393' title='bbox 1743 3413 1825 3457; x_wconf 91' lang='lat' dir='ltr'><strong>est</strong></span> <span class='ocrx_word' id='word_1_394' title='bbox 1872 3405 1996 3456; x_wconf 89' lang='lat' dir='ltr'><strong>dum</strong></span> 
     </span>
    </p>
   </div>
   <div class='ocr_carea' id='block_1_51' title="bbox 424 3496 2000 3566">
    <p class='ocr_par' dir='ltr' id='par_1_51' title="bbox 424 3496 2000 3566">
     <span class='ocr_line' id='line_1_51' title="bbox 424 3496 2000 3566; baseline -0.004 -13"><span class='ocrx_word' id='word_1_395' title='bbox 424 3500 627 3553; x_wconf 77' lang='lat' dir='ltr'><strong>facinus</strong></span> <span class='ocrx_word' id='word_1_396' title='bbox 660 3507 1017 3566; x_wconf 85' lang='lat' dir='ltr'><strong>perpetratur,</strong></span> <span class='ocrx_word' id='word_1_397' title='bbox 1044 3507 1100 3550; x_wconf 89' lang='lat' dir='ltr'><strong>ut</strong></span> <span class='ocrx_word' id='word_1_398' title='bbox 1130 3498 1410 3566; x_wconf 85' lang='lat' dir='ltr'><strong>percussit.</strong></span> <span class='ocrx_word' id='word_1_399' title='bbox 1467 3496 1520 3550; x_wconf 92' lang='lat' dir='ltr'><strong>In</strong></span> <span class='ocrx_word' id='word_1_400' title='bbox 1576 3496 1817 3565; x_wconf 83' lang='lat' dir='ltr'><strong>gestione</strong></span> <span class='ocrx_word' id='word_1_401' title='bbox 1874 3509 2000 3549; x_wconf 86' lang='lat' dir='ltr'><strong>vero</strong></span> 
     </span>
    </p>
   </div>
   <div class='ocr_carea' id='block_1_52' title="bbox 427 3588 2000 3661">
    <p class='ocr_par' dir='ltr' id='par_1_52' title="bbox 427 3588 2000 3661">
     <span class='ocr_line' id='line_1_52' title="bbox 427 3588 2000 3661; baseline -0.004 -15"><span class='ocrx_word' id='word_1_402' title='bbox 427 3592 625 3661; x_wconf 81' lang='lat' dir='ltr'><strong>negotii</strong></span> <span class='ocrx_word' id='word_1_403' title='bbox 654 3607 714 3645; x_wconf 92' lang='lat' dir='ltr'><strong>ea</strong></span> <span class='ocrx_word' id='word_1_404' title='bbox 746 3599 869 3644; x_wconf 90' lang='lat' dir='ltr'><strong>sunt</strong></span> <span class='ocrx_word' id='word_1_405' title='bbox 894 3605 1011 3658; x_wconf 66' lang='lat' dir='ltr'><strong>qua:</strong></span> <span class='ocrx_word' id='word_1_406' title='bbox 1040 3599 1163 3643; x_wconf 87' lang='lat' dir='ltr'><strong>ante</strong></span> <span class='ocrx_word' id='word_1_407' title='bbox 1187 3588 1403 3653; x_wconf 87' lang='lat' dir='ltr'><strong>factum,</strong></span> <span class='ocrx_word' id='word_1_408' title='bbox 1437 3597 1490 3642; x_wconf 90' lang='lat' dir='ltr'><strong>et</strong></span> <span class='ocrx_word' id='word_1_409' title='bbox 1520 3590 1644 3641; x_wconf 87' lang='lat' dir='ltr'><strong>dunt</strong></span> <span class='ocrx_word' id='word_1_410' title='bbox 1676 3589 1753 3654; x_wconf 80' lang='lat' dir='ltr'><strong>fit,</strong></span> <span class='ocrx_word' id='word_1_411' title='bbox 1800 3598 1851 3640; x_wconf 91' lang='lat' dir='ltr'><strong>et</strong></span> <span class='ocrx_word' id='word_1_412' title='bbox 1884 3596 2000 3655; x_wconf 86' lang='lat' dir='ltr'><strong>post</strong></span> 
     </span>
    </p>
   </div>
   <div class='ocr_carea' id='block_1_53' title="bbox 424 3680 1998 3755">
    <p class='ocr_par' dir='ltr' id='par_1_53' title="bbox 424 3680 1998 3755">
     <span class='ocr_line' id='line_1_53' title="bbox 424 3680 1998 3755; baseline -0.004 -15"><span class='ocrx_word' id='word_1_413' title='bbox 424 3684 618 3740; x_wconf 86' lang='lat' dir='ltr'><strong>factum</strong></span> <span class='ocrx_word' id='word_1_414' title='bbox 648 3685 787 3755; x_wconf 90' lang='lat' dir='ltr'><strong>quod</strong></span> <span class='ocrx_word' id='word_1_415' title='bbox 817 3694 1025 3754; x_wconf 87' lang='lat' dir='ltr'><strong>gestum</strong></span> <span class='ocrx_word' id='word_1_416' title='bbox 1055 3692 1157 3745; x_wconf 84' lang='lat' dir='ltr'><strong>est,</strong></span> <span class='ocrx_word' id='word_1_417' title='bbox 1183 3683 1477 3735; x_wconf 89' lang='lat' dir='ltr'><strong>continent.</strong></span> <span class='ocrx_word' id='word_1_418' title='bbox 1506 3681 1559 3735; x_wconf 92' lang='lat' dir='ltr'><strong>In</strong></span> <span class='ocrx_word' id='word_1_419' title='bbox 1590 3680 1837 3734; x_wconf 88' lang='lat' dir='ltr'><strong>omnibus</strong></span> <span class='ocrx_word' id='word_1_420' title='bbox 1859 3682 1998 3733; x_wconf 91' lang='lat' dir='ltr'><strong>enim</strong></span> 
     </span>
    </p>
   </div>
   <div class='ocr_carea' id='block_1_54' title="bbox 425 3771 1997 3845">
    <p class='ocr_par' dir='ltr' id='par_1_54' title="bbox 425 3771 1997 3845">
     <span class='ocr_line' id='line_1_54' title="bbox 425 3771 1997 3845; baseline -0.003 -17"><span class='ocrx_word' id='word_1_421' title='bbox 425 3787 657 3845; x_wconf 88' lang='lat' dir='ltr'><strong>tempus,</strong></span> <span class='ocrx_word' id='word_1_422' title='bbox 688 3777 859 3837; x_wconf 89' lang='lat' dir='ltr'><strong>locus,</strong></span> <span class='ocrx_word' id='word_1_423' title='bbox 892 3775 1127 3836; x_wconf 86' lang='lat' dir='ltr'><strong>occasio,</strong></span> <span class='ocrx_word' id='word_1_424' title='bbox 1172 3773 1389 3837; x_wconf 87' lang='lat' dir='ltr'><strong>modus,</strong></span> <span class='ocrx_word' id='word_1_425' title='bbox 1428 3771 1651 3825; x_wconf 77' lang='lat' dir='ltr'><strong>facultas</strong></span> <span class='ocrx_word' id='word_1_426' title='bbox 1697 3772 1997 3840; x_wconf 89' lang='lat' dir='ltr'><strong>inquiritur.</strong></span> 
     </span>
    </p>
   </div>
   <div class='ocr_carea' id='block_1_55' title="bbox 424 3864 2003 3933">
    <p class='ocr_par' dir='ltr' id='par_1_55' title="bbox 424 3864 2003 3933">
     <span class='ocr_line' id='line_1_55' title="bbox 424 3864 2003 3933; baseline -0.004 -10"><span class='ocrx_word' id='word_1_427' title='bbox 424 3869 629 3923; x_wconf 82' lang='lat' dir='ltr'><strong>Rursus</strong></span> <span class='ocrx_word' id='word_1_428' title='bbox 667 3867 792 3921; x_wconf 91' lang='lat' dir='ltr'><strong>dum</strong></span> <span class='ocrx_word' id='word_1_429' title='bbox 842 3868 899 3919; x_wconf 83' lang='lat' dir='ltr'><strong>fit</strong></span> <span class='ocrx_word' id='word_1_430' title='bbox 929 3866 1125 3920; x_wconf 87' lang='lat' dir='ltr'><strong>factum</strong></span> <span class='ocrx_word' id='word_1_431' title='bbox 1180 3875 1263 3918; x_wconf 91' lang='lat' dir='ltr'><strong>est</strong></span> <span class='ocrx_word' id='word_1_432' title='bbox 1317 3880 1424 3933; x_wconf 94' lang='lat' dir='ltr'><strong>quo</strong></span> <span class='ocrx_word' id='word_1_433' title='bbox 1464 3864 1891 3917; x_wconf 89' lang='lat' dir='ltr'><strong>administratum</strong></span> <span class='ocrx_word' id='word_1_434' title='bbox 1920 3874 2003 3918; x_wconf 90' lang='lat' dir='ltr'><strong>est</strong></span> 
     </span>
    </p>
   </div>
   <div class='ocr_carea' id='block_1_56' title="bbox 427 3958 1999 4028">
    <p class='ocr_par' dir='ltr' id='par_1_56' title="bbox 427 3958 1999 4028">
     <span class='ocr_line' id='line_1_56' title="bbox 427 3958 1999 4028; baseline -0.003 -15"><span class='ocrx_word' id='word_1_435' title='bbox 427 3961 731 4028; x_wconf 83' lang='lat' dir='ltr'><strong>negotium;</strong></span> <span class='ocrx_word' id='word_1_436' title='bbox 763 3974 882 4026; x_wconf 87' lang='lat' dir='ltr'><strong>quae</strong></span> <span class='ocrx_word' id='word_1_437' title='bbox 912 3958 1073 4027; x_wconf 82' lang='lat' dir='ltr'><strong>igitur</strong></span> <span class='ocrx_word' id='word_1_438' title='bbox 1103 3968 1228 4011; x_wconf 90' lang='lat' dir='ltr'><strong>sunt</strong></span> <span class='ocrx_word' id='word_1_439' title='bbox 1273 3958 1326 4011; x_wconf 92' lang='lat' dir='ltr'><strong>in</strong></span> <span class='ocrx_word' id='word_1_440' title='bbox 1372 3958 1613 4026; x_wconf 88' lang='lat' dir='ltr'><strong>gestione</strong></span> <span class='ocrx_word' id='word_1_441' title='bbox 1644 3958 1860 4025; x_wconf 76' lang='lat' dir='ltr'><strong>negotii,</strong></span> <span class='ocrx_word' id='word_1_442' title='bbox 1897 3970 1999 4009; x_wconf 88' lang='lat' dir='ltr'><strong>non</strong></span> 
     </span>
    </p>
   </div>
   <div class='ocr_carea' id='block_1_57' title="bbox 426 4047 2003 4114">
    <p class='ocr_par' dir='ltr' id='par_1_57' title="bbox 426 4047 2003 4114">
     <span class='ocr_line' id='line_1_57' title="bbox 426 4047 2003 4114; baseline -0.003 -11"><span class='ocrx_word' id='word_1_443' title='bbox 426 4058 552 4105; x_wconf 90' lang='lat' dir='ltr'><strong>sunt</strong></span> <span class='ocrx_word' id='word_1_444' title='bbox 574 4049 725 4114; x_wconf 85' lang='lat' dir='ltr'><strong>facta,</strong></span> <span class='ocrx_word' id='word_1_445' title='bbox 762 4049 854 4102; x_wconf 92' lang='lat' dir='ltr'><strong>sed</strong></span> <span class='ocrx_word' id='word_1_446' title='bbox 885 4048 1026 4102; x_wconf 85' lang='lat' dir='ltr'><strong>facto</strong></span> <span class='ocrx_word' id='word_1_447' title='bbox 1071 4048 1418 4102; x_wconf 66' lang='lat' dir='ltr'><strong>adhaerentia.</strong></span> <span class='ocrx_word' id='word_1_448' title='bbox 1462 4048 1648 4101; x_wconf 87' lang='lat' dir='ltr'><strong>Nullus</strong></span> <span class='ocrx_word' id='word_1_449' title='bbox 1689 4047 1829 4101; x_wconf 91' lang='lat' dir='ltr'><strong>enim</strong></span> <span class='ocrx_word' id='word_1_450' title='bbox 1872 4055 2003 4099; x_wconf 88' lang='lat' dir='ltr'><strong>tem-</strong></span> 
     </span>
    </p>
   </div>
   <div class='ocr_carea' id='block_1_58' title="bbox 427 4137 2003 4211">
    <p class='ocr_par' dir='ltr' id='par_1_58' title="bbox 427 4137 2003 4211">
     <span class='ocr_line' id='line_1_58' title="bbox 427 4137 2003 4211; baseline -0.001 -18"><span class='ocrx_word' id='word_1_451' title='bbox 427 4155 549 4211; x_wconf 89' lang='lat' dir='ltr'><strong>pus,</strong></span> <span class='ocrx_word' id='word_1_452' title='bbox 581 4141 938 4205; x_wconf 90' lang='lat' dir='ltr'><strong>occasionem,</strong></span> <span class='ocrx_word' id='word_1_453' title='bbox 985 4140 1184 4203; x_wconf 90' lang='lat' dir='ltr'><strong>locum,</strong></span> <span class='ocrx_word' id='word_1_454' title='bbox 1214 4140 1453 4201; x_wconf 91' lang='lat' dir='ltr'><strong>modum,</strong></span> <span class='ocrx_word' id='word_1_455' title='bbox 1508 4137 1809 4193; x_wconf 86' lang='lat' dir='ltr'><strong>facultatem</strong></span> <span class='ocrx_word' id='word_1_456' title='bbox 1866 4137 2003 4192; x_wconf 87' lang='lat' dir='ltr'><strong>facta</strong></span> 
     </span>
    </p>
   </div>
   <div class='ocr_carea' id='block_1_59' title="bbox 425 4231 2003 4300">
    <p class='ocr_par' dir='ltr' id='par_1_59' title="bbox 425 4231 2003 4300">
     <span class='ocr_line' id='line_1_59' title="bbox 425 4231 2003 4300; baseline -0.003 -10"><span class='ocrx_word' id='word_1_457' title='bbox 425 4248 545 4290; x_wconf 89' lang='lat' dir='ltr'><strong>esse</strong></span> <span class='ocrx_word' id='word_1_458' title='bbox 575 4238 929 4294; x_wconf 83' lang='lat' dir='ltr'><strong>consenserit,</strong></span> <span class='ocrx_word' id='word_1_459' title='bbox 965 4233 1057 4286; x_wconf 90' lang='lat' dir='ltr'><strong>sed</strong></span> <span class='ocrx_word' id='word_1_460' title='bbox 1091 4236 1169 4299; x_wconf 88' lang='lat' dir='ltr'><strong>(ut</strong></span> <span class='ocrx_word' id='word_1_461' title='bbox 1200 4231 1399 4284; x_wconf 91' lang='lat' dir='ltr'><strong>dictum</strong></span> <span class='ocrx_word' id='word_1_462' title='bbox 1446 4234 1548 4300; x_wconf 87' lang='lat' dir='ltr'><strong>est)</strong></span> <span class='ocrx_word' id='word_1_463' title='bbox 1590 4244 1740 4298; x_wconf 67' lang='lat' dir='ltr'><strong>teque</strong></span> <span class='ocrx_word' id='word_1_464' title='bbox 1790 4232 2003 4285; x_wconf 86' lang='lat' dir='ltr'><strong>cuilibet</strong></span> 
     </span>
    </p>
   </div>
   <div class='ocr_carea' id='block_1_60' title="bbox 425 4322 2004 4391">
    <p class='ocr_par' dir='ltr' id='par_1_60' title="bbox 425 4322 2004 4391">
     <span class='ocr_line' id='line_1_60' title="bbox 425 4322 2004 4391; baseline -0.004 -10"><span class='ocrx_word' id='word_1_465' title='bbox 425 4328 568 4381; x_wconf 85' lang='lat' dir='ltr'><strong>facto</strong></span> <span class='ocrx_word' id='word_1_466' title='bbox 595 4328 925 4380; x_wconf 75' lang='lat' dir='ltr'><strong>adltzcrentia</strong></span> <span class='ocrx_word' id='word_1_467' title='bbox 951 4333 1096 4387; x_wconf 88' lang='lat' dir='ltr'><strong>sunt,</strong></span> <span class='ocrx_word' id='word_1_468' title='bbox 1130 4332 1287 4391; x_wconf 87' lang='lat' dir='ltr'><strong>atque</strong></span> <span class='ocrx_word' id='word_1_469' title='bbox 1318 4322 1367 4375; x_wconf 90' lang='lat' dir='ltr'><strong>id</strong></span> <span class='ocrx_word' id='word_1_470' title='bbox 1402 4322 1549 4376; x_wconf 93' lang='lat' dir='ltr'><strong>nullo</strong></span> <span class='ocrx_word' id='word_1_471' title='bbox 1590 4322 1748 4377; x_wconf 83' lang='lat' dir='ltr'><strong>modo</strong></span> <span class='ocrx_word' id='word_1_472' title='bbox 1776 4322 2004 4377; x_wconf 87' lang='lat' dir='ltr'><strong>derelin-</strong></span> 
     </span>
    </p>
   </div>
   <div class='ocr_carea' id='block_1_61' title="bbox 426 4415 2000 4488">
    <p class='ocr_par' dir='ltr' id='par_1_61' title="bbox 426 4415 2000 4488">
     <span class='ocr_line' id='line_1_61' title="bbox 426 4415 2000 4488; baseline -0.003 -16"><span class='ocrx_word' id='word_1_473' title='bbox 426 4429 613 4488; x_wconf 90' lang='lat' dir='ltr'><strong>quant,</strong></span> <span class='ocrx_word' id='word_1_474' title='bbox 638 4434 755 4487; x_wconf 85' lang='lat' dir='ltr'><strong>quta</strong></span> <span class='ocrx_word' id='word_1_475' title='bbox 780 4418 1006 4485; x_wconf 86' lang='lat' dir='ltr'><strong>quadam</strong></span> <span class='ocrx_word' id='word_1_476' title='bbox 1036 4419 1295 4471; x_wconf 88' lang='lat' dir='ltr'><strong>relatione</strong></span> <span class='ocrx_word' id='word_1_477' title='bbox 1318 4417 1553 4483; x_wconf 83' lang='lat' dir='ltr'><strong>sobjecta</strong></span> <span class='ocrx_word' id='word_1_478' title='bbox 1584 4426 1706 4470; x_wconf 89' lang='lat' dir='ltr'><strong>sunt</strong></span> <span class='ocrx_word' id='word_1_479' title='bbox 1735 4416 1833 4483; x_wconf 79' lang='lat' dir='ltr'><strong>ipsi</strong></span> <span class='ocrx_word' id='word_1_480' title='bbox 1861 4415 2000 4483; x_wconf 91' lang='lat' dir='ltr'><strong>quod</strong></span> 
     </span>
    </p>
   </div>
   <div class='ocr_carea' id='block_1_62' title="bbox 427 4508 2001 4578">
    <p class='ocr_par' dir='ltr' id='par_1_62' title="bbox 427 4508 2001 4578">
     <span class='ocr_line' id='line_1_62' title="bbox 427 4508 2001 4578; baseline -0.002 -16"><span class='ocrx_word' id='word_1_481' title='bbox 427 4518 634 4578; x_wconf 87' lang='lat' dir='ltr'><strong>gestum</strong></span> <span class='ocrx_word' id='word_1_482' title='bbox 678 4516 781 4572; x_wconf 87' lang='lat' dir='ltr'><strong>est,</strong></span> <span class='ocrx_word' id='word_1_483' title='bbox 815 4509 1046 4575; x_wconf 84' lang='lat' dir='ltr'><strong>negotio.</strong></span> <span class='ocrx_word' id='word_1_484' title='bbox 1081 4509 1211 4563; x_wconf 90' lang='lat' dir='ltr'><strong>Item</strong></span> <span class='ocrx_word' id='word_1_485' title='bbox 1251 4523 1312 4562; x_wconf 92' lang='lat' dir='ltr'><strong>ea</strong></span> <span class='ocrx_word' id='word_1_486' title='bbox 1343 4523 1461 4577; x_wconf 77' lang='lat' dir='ltr'><strong>quze</strong></span> <span class='ocrx_word' id='word_1_487' title='bbox 1490 4517 1615 4561; x_wconf 92' lang='lat' dir='ltr'><strong>sunt</strong></span> <span class='ocrx_word' id='word_1_488' title='bbox 1666 4508 1716 4560; x_wconf 92' lang='lat' dir='ltr'><strong>in</strong></span> <span class='ocrx_word' id='word_1_489' title='bbox 1763 4508 2001 4572; x_wconf 80' lang='lat' dir='ltr'><strong>gestione</strong></span> 
     </span>
    </p>
   </div>
   <div class='ocr_carea' id='block_1_63' title="bbox 430 4571 2085 4666">
    <p class='ocr_par' dir='ltr' id='par_1_63' title="bbox 430 4571 2085 4666">
     <span class='ocr_line' id='line_1_63' title="bbox 430 4571 2085 4666; baseline -0.001 -14"><span class='ocrx_word' id='word_1_490' title='bbox 430 4597 626 4666; x_wconf 77' lang='lat' dir='ltr'><strong>negotii</strong></span> <span class='ocrx_word' id='word_1_491' title='bbox 657 4598 771 4650; x_wconf 89' lang='lat' dir='ltr'><strong>sine</strong></span> <span class='ocrx_word' id='word_1_492' title='bbox 816 4596 899 4651; x_wconf 83' lang='lat' dir='ltr'><strong>liis</strong></span> <span class='ocrx_word' id='word_1_493' title='bbox 930 4612 1047 4666; x_wconf 83' lang='lat' dir='ltr'><strong>quae</strong></span> <span class='ocrx_word' id='word_1_494' title='bbox 1075 4608 1200 4651; x_wconf 87' lang='lat' dir='ltr'><strong>sunt</strong></span> <span class='ocrx_word' id='word_1_495' title='bbox 1229 4600 1556 4652; x_wconf 86' lang='lat' dir='ltr'><strong>continentia</strong></span> <span class='ocrx_word' id='word_1_496' title='bbox 1604 4614 1726 4651; x_wconf 89' lang='lat' dir='ltr'><strong>cum</strong></span> <span class='ocrx_word' id='word_1_497' title='bbox 1763 4597 1878 4662; x_wconf 91' lang='lat' dir='ltr'><strong>ipso</strong></span> <span class='ocrx_word' id='word_1_498' title='bbox 1909 4612 2003 4651; x_wconf 90' lang='lat' dir='ltr'><strong>ne-</strong></span> <span class='ocrx_word' id='word_1_499' title='bbox 2033 4571 2085 4630; x_wconf 77' lang='lat' dir='ltr'><strong>D</strong></span> 
     </span>
    </p>
   </div>
   <div class='ocr_carea' id='block_1_64' title="bbox 428 4686 2003 4759">
    <p class='ocr_par' dir='ltr' id='par_1_64' title="bbox 428 4686 2003 4759">
     <span class='ocr_line' id='line_1_64' title="bbox 428 4686 2003 4759; baseline -0.001 -17"><span class='ocrx_word' id='word_1_500' title='bbox 428 4691 573 4759; x_wconf 89' lang='lat' dir='ltr'><strong>gotio</strong></span> <span class='ocrx_word' id='word_1_501' title='bbox 599 4703 719 4743; x_wconf 90' lang='lat' dir='ltr'><strong>esse</strong></span> <span class='ocrx_word' id='word_1_502' title='bbox 749 4698 991 4756; x_wconf 87' lang='lat' dir='ltr'><strong>possunt.</strong></span> <span class='ocrx_word' id='word_1_503' title='bbox 1024 4686 1206 4741; x_wconf 83' lang='lat' dir='ltr'><strong>Potest</strong></span> <span class='ocrx_word' id='word_1_504' title='bbox 1234 4690 1373 4741; x_wconf 88' lang='lat' dir='ltr'><strong>enim</strong></span> <span class='ocrx_word' id='word_1_505' title='bbox 1407 4698 1461 4741; x_wconf 89' lang='lat' dir='ltr'><strong>et</strong></span> <span class='ocrx_word' id='word_1_506' title='bbox 1489 4689 1660 4751; x_wconf 92' lang='lat' dir='ltr'><strong>locus,</strong></span> <span class='ocrx_word' id='word_1_507' title='bbox 1684 4699 1739 4741; x_wconf 91' lang='grc' dir='ltr'><strong>ει</strong></span> <span class='ocrx_word' id='word_1_508' title='bbox 1768 4699 2003 4755; x_wconf 88' lang='lat' dir='ltr'><strong>tempus,</strong></span> 
     </span>
    </p>
   </div>
   <div class='ocr_carea' id='block_1_65' title="bbox 428 4777 2008 4847">
    <p class='ocr_par' dir='ltr' id='par_1_65' title="bbox 428 4777 2008 4847">
     <span class='ocr_line' id='line_1_65' title="bbox 428 4777 2008 4847; baseline -0.003 -11"><span class='ocrx_word' id='word_1_509' title='bbox 428 4794 483 4836; x_wconf 93' lang='lat' dir='ltr'><strong>ct</strong></span> <span class='ocrx_word' id='word_1_510' title='bbox 511 4784 743 4844; x_wconf 91' lang='lat' dir='ltr'><strong>occasio,</strong></span> <span class='ocrx_word' id='word_1_511' title='bbox 768 4789 822 4833; x_wconf 89' lang='lat' dir='ltr'><strong>et</strong></span> <span class='ocrx_word' id='word_1_512' title='bbox 853 4779 1063 4847; x_wconf 89' lang='lat' dir='ltr'><strong>modus,</strong></span> <span class='ocrx_word' id='word_1_513' title='bbox 1095 4788 1149 4833; x_wconf 89' lang='lat' dir='ltr'><strong>et</strong></span> <span class='ocrx_word' id='word_1_514' title='bbox 1176 4778 1401 4833; x_wconf 85' lang='lat' dir='ltr'><strong>facultas</strong></span> <span class='ocrx_word' id='word_1_515' title='bbox 1447 4777 1569 4831; x_wconf 84' lang='lat' dir='ltr'><strong>facti</strong></span> <span class='ocrx_word' id='word_1_516' title='bbox 1608 4778 1894 4847; x_wconf 83' lang='lat' dir='ltr'><strong>cujuslibet</strong></span> <span class='ocrx_word' id='word_1_517' title='bbox 1925 4779 2008 4832; x_wconf 89' lang='lat' dir='ltr'><strong>in-</strong></span> 
     </span>
    </p>
   </div>
   <div class='ocr_carea' id='block_1_66' title="bbox 430 4869 2006 4944">
    <p class='ocr_par' dir='ltr' id='par_1_66' title="bbox 430 4869 2006 4944">
     <span class='ocr_line' id='line_1_66' title="bbox 430 4869 2006 4944; baseline -0.004 -14"><span class='ocrx_word' id='word_1_518' title='bbox 430 4874 852 4944; x_wconf 87' lang='lat' dir='ltr'><strong>telligi,etiamsi</strong></span> <span class='ocrx_word' id='word_1_519' title='bbox 902 4888 1061 4927; x_wconf 90' lang='lat' dir='ltr'><strong>nemo</strong></span> <span class='ocrx_word' id='word_1_520' title='bbox 1091 4873 1267 4937; x_wconf 84' lang='lat' dir='ltr'><strong>faciat,</strong></span> <span class='ocrx_word' id='word_1_521' title='bbox 1314 4871 1455 4940; x_wconf 90' lang='lat' dir='ltr'><strong>quod</strong></span> <span class='ocrx_word' id='word_1_522' title='bbox 1508 4871 1601 4925; x_wconf 91' lang='lat' dir='ltr'><strong>illo</strong></span> <span class='ocrx_word' id='word_1_523' title='bbox 1631 4872 1682 4923; x_wconf 91' lang='lat' dir='ltr'><strong>in</strong></span> <span class='ocrx_word' id='word_1_524' title='bbox 1740 4869 1877 4935; x_wconf 88' lang='lat' dir='ltr'><strong>loco,</strong></span> <span class='ocrx_word' id='word_1_525' title='bbox 1920 4871 2006 4924; x_wconf 88' lang='lat' dir='ltr'><strong>vel</strong></span> 
     </span>
    </p>
   </div>
   <div class='ocr_carea' id='block_1_67' title="bbox 428 4960 2005 5035">
    <p class='ocr_par' dir='ltr' id='par_1_67' title="bbox 428 4960 2005 5035">
     <span class='ocr_line' id='line_1_67' title="bbox 428 4960 2005 5035; baseline -0.003 -15"><span class='ocrx_word' id='word_1_526' title='bbox 428 4977 692 5035; x_wconf 88' lang='lat' dir='ltr'><strong>tempore,</strong></span> <span class='ocrx_word' id='word_1_527' title='bbox 717 4966 801 5019; x_wconf 90' lang='lat' dir='ltr'><strong>vel</strong></span> <span class='ocrx_word' id='word_1_528' title='bbox 832 4967 1138 5029; x_wconf 90' lang='lat' dir='ltr'><strong>occasione,</strong></span> <span class='ocrx_word' id='word_1_529' title='bbox 1171 4965 1255 5018; x_wconf 88' lang='lat' dir='ltr'><strong>vel</strong></span> <span class='ocrx_word' id='word_1_530' title='bbox 1286 4964 1467 5024; x_wconf 89' lang='lat' dir='ltr'><strong>modo,</strong></span> <span class='ocrx_word' id='word_1_531' title='bbox 1496 4962 1582 5015; x_wconf 87' lang='lat' dir='ltr'><strong>vel</strong></span> <span class='ocrx_word' id='word_1_532' title='bbox 1610 4960 1863 5016; x_wconf 85' lang='lat' dir='ltr'><strong>facultate</strong></span> <span class='ocrx_word' id='word_1_533' title='bbox 1891 4961 2005 5015; x_wconf 79' lang='lat' dir='ltr'><strong>fieri</strong></span> 
     </span>
    </p>
   </div>
   <div class='ocr_carea' id='block_1_68' title="bbox 428 5053 2008 5127">
    <p class='ocr_par' dir='ltr' id='par_1_68' title="bbox 428 5053 2008 5127">
     <span class='ocr_line' id='line_1_68' title="bbox 428 5053 2008 5127; baseline -0.003 -15"><span class='ocrx_word' id='word_1_534' title='bbox 428 5066 632 5127; x_wconf 86' lang='lat' dir='ltr'><strong>posset.</strong></span> <span class='ocrx_word' id='word_1_535' title='bbox 664 5055 847 5125; x_wconf 84' lang='lat' dir='ltr'><strong>Itaque</strong></span> <span class='ocrx_word' id='word_1_536' title='bbox 875 5072 959 5119; x_wconf 90' lang='lat' dir='ltr'><strong>ea,</strong></span> <span class='ocrx_word' id='word_1_537' title='bbox 990 5073 1108 5125; x_wconf 70' lang='lat' dir='ltr'><strong>qua:</strong></span> <span class='ocrx_word' id='word_1_538' title='bbox 1138 5064 1260 5109; x_wconf 87' lang='lat' dir='ltr'><strong>sunt</strong></span> <span class='ocrx_word' id='word_1_539' title='bbox 1292 5056 1343 5107; x_wconf 92' lang='lat' dir='ltr'><strong>in</strong></span> <span class='ocrx_word' id='word_1_540' title='bbox 1374 5054 1614 5123; x_wconf 89' lang='lat' dir='ltr'><strong>gestione</strong></span> <span class='ocrx_word' id='word_1_541' title='bbox 1646 5053 1843 5122; x_wconf 79' lang='lat' dir='ltr'><strong>negotii</strong></span> <span class='ocrx_word' id='word_1_542' title='bbox 1889 5053 2008 5108; x_wconf 86' lang='lat' dir='ltr'><strong>sine</strong></span> 
     </span>
    </p>
   </div>
   <div class='ocr_carea' id='block_1_69' title="bbox 428 5148 2001 5221">
    <p class='ocr_par' dir='ltr' id='par_1_69' title="bbox 428 5148 2001 5221">
     <span class='ocr_line' id='line_1_69' title="bbox 428 5148 2001 5221; baseline -0.004 -15"><span class='ocrx_word' id='word_1_543' title='bbox 428 5151 515 5206; x_wconf 87' lang='lat' dir='ltr'><strong>his</strong></span> <span class='ocrx_word' id='word_1_544' title='bbox 550 5165 670 5221; x_wconf 67' lang='lat' dir='ltr'><strong>quae</strong></span> <span class='ocrx_word' id='word_1_545' title='bbox 700 5151 1029 5205; x_wconf 85' lang='lat' dir='ltr'><strong>continentia</strong></span> <span class='ocrx_word' id='word_1_546' title='bbox 1075 5162 1196 5203; x_wconf 91' lang='lat' dir='ltr'><strong>cum</strong></span> <span class='ocrx_word' id='word_1_547' title='bbox 1224 5150 1340 5217; x_wconf 90' lang='lat' dir='ltr'><strong>ipso</strong></span> <span class='ocrx_word' id='word_1_548' title='bbox 1372 5148 1582 5217; x_wconf 89' lang='lat' dir='ltr'><strong>negotio</strong></span> <span class='ocrx_word' id='word_1_549' title='bbox 1612 5160 1733 5201; x_wconf 86' lang='lat' dir='ltr'><strong>esse</strong></span> <span class='ocrx_word' id='word_1_550' title='bbox 1761 5157 2001 5215; x_wconf 90' lang='lat' dir='ltr'><strong>possunt,</strong></span> 
     </span>
    </p>
   </div>
   <div class='ocr_carea' id='block_1_70' title="bbox 429 5238 2004 5306">
    <p class='ocr_par' dir='ltr' id='par_1_70' title="bbox 429 5238 2004 5306">
     <span class='ocr_line' id='line_1_70' title="bbox 429 5238 2004 5306; baseline -0.003 -8"><span class='ocrx_word' id='word_1_551' title='bbox 429 5243 517 5298; x_wconf 86' lang='lat' dir='ltr'><strong>illa</strong></span> <span class='ocrx_word' id='word_1_552' title='bbox 547 5257 677 5296; x_wconf 89' lang='lat' dir='ltr'><strong>vero</strong></span> <span class='ocrx_word' id='word_1_553' title='bbox 704 5242 820 5295; x_wconf 91' lang='lat' dir='ltr'><strong>sine</strong></span> <span class='ocrx_word' id='word_1_554' title='bbox 854 5243 934 5295; x_wconf 87' lang='lat' dir='ltr'><strong>Itis</strong></span> <span class='ocrx_word' id='word_1_555' title='bbox 980 5256 1102 5295; x_wconf 88' lang='lat' dir='ltr'><strong>esse</strong></span> <span class='ocrx_word' id='word_1_556' title='bbox 1154 5256 1257 5293; x_wconf 88' lang='lat' dir='ltr'><strong>non</strong></span> <span class='ocrx_word' id='word_1_557' title='bbox 1304 5248 1544 5306; x_wconf 89' lang='lat' dir='ltr'><strong>possunt.</strong></span> <span class='ocrx_word' id='word_1_558' title='bbox 1600 5238 1822 5293; x_wconf 84' lang='lat' dir='ltr'><strong>Factum</strong></span> <span class='ocrx_word' id='word_1_559' title='bbox 1861 5240 2004 5293; x_wconf 87' lang='lat' dir='ltr'><strong>enim</strong></span> 
     </span>
    </p>
   </div>
   <div class='ocr_carea' id='block_1_71' title="bbox 430 5331 2008 5404">
    <p class='ocr_par' dir='ltr' id='par_1_71' title="bbox 430 5331 2008 5404">
     <span class='ocr_line' id='line_1_71' title="bbox 430 5331 2008 5404; baseline -0.003 -17"><span class='ocrx_word' id='word_1_560' title='bbox 430 5343 627 5404; x_wconf 69' lang='lat' dir='ltr'><strong>praeter</strong></span> <span class='ocrx_word' id='word_1_561' title='bbox 656 5334 858 5397; x_wconf 87' lang='lat' dir='ltr'><strong>locum,</strong></span> <span class='ocrx_word' id='word_1_562' title='bbox 893 5342 1130 5402; x_wconf 90' lang='lat' dir='ltr'><strong>tempus,</strong></span> <span class='ocrx_word' id='word_1_563' title='bbox 1156 5334 1518 5396; x_wconf 81' lang='lat' dir='ltr'><strong>occasionem,</strong></span> <span class='ocrx_word' id='word_1_564' title='bbox 1557 5334 1796 5395; x_wconf 87' lang='lat' dir='ltr'><strong>modum,</strong></span> <span class='ocrx_word' id='word_1_565' title='bbox 1845 5331 2008 5383; x_wconf 88' lang='lat' dir='ltr'><strong>facul-</strong></span> 
     </span>
    </p>
   </div>
   <div class='ocr_carea' id='block_1_72' title="bbox 430 5421 1998 5493">
    <p class='ocr_par' dir='ltr' id='par_1_72' title="bbox 430 5421 1998 5493">
     <span class='ocr_line' id='line_1_72' title="bbox 430 5421 1998 5493; baseline -0.003 -15"><span class='ocrx_word' id='word_1_566' title='bbox 430 5434 701 5493; x_wconf 87' lang='lat' dir='ltr'><strong>tatemque</strong></span> <span class='ocrx_word' id='word_1_567' title='bbox 729 5438 849 5478; x_wconf 90' lang='lat' dir='ltr'><strong>esse</strong></span> <span class='ocrx_word' id='word_1_568' title='bbox 880 5440 983 5477; x_wconf 91' lang='lat' dir='ltr'><strong>non</strong></span> <span class='ocrx_word' id='word_1_569' title='bbox 1010 5424 1237 5492; x_wconf 91' lang='lat' dir='ltr'><strong>poterit,</strong></span> <span class='ocrx_word' id='word_1_570' title='bbox 1267 5436 1425 5492; x_wconf 89' lang='lat' dir='ltr'><strong>atque</strong></span> <span class='ocrx_word' id='word_1_571' title='bbox 1461 5422 1576 5477; x_wconf 77' lang='lat' dir='ltr'><strong>haec</strong></span> <span class='ocrx_word' id='word_1_572' title='bbox 1605 5437 1725 5492; x_wconf 69' lang='lat' dir='ltr'><strong>qum</strong></span> <span class='ocrx_word' id='word_1_573' title='bbox 1763 5423 1817 5475; x_wconf 93' lang='lat' dir='ltr'><strong>in</strong></span> <span class='ocrx_word' id='word_1_574' title='bbox 1847 5421 1998 5475; x_wconf 85' lang='lat' dir='ltr'><strong>attri-</strong></span> 
     </span>
    </p>
   </div>
   <div class='ocr_carea' id='block_1_73' title="bbox 428 5512 2004 5586">
    <p class='ocr_par' dir='ltr' id='par_1_73' title="bbox 428 5512 2004 5586">
     <span class='ocr_line' id='line_1_73' title="bbox 428 5512 2004 5586; baseline -0.001 -15"><span class='ocrx_word' id='word_1_575' title='bbox 428 5515 573 5571; x_wconf 84' lang='lat' dir='ltr'><strong>butis</strong></span> <span class='ocrx_word' id='word_1_576' title='bbox 606 5532 844 5586; x_wconf 77' lang='lat' dir='ltr'><strong>persona:</strong></span> <span class='ocrx_word' id='word_1_577' title='bbox 872 5530 935 5570; x_wconf 89' lang='lat' dir='ltr'><strong>ac</strong></span> <span class='ocrx_word' id='word_1_578' title='bbox 969 5517 1179 5584; x_wconf 80' lang='lat' dir='ltr'><strong>negotio</strong></span> <span class='ocrx_word' id='word_1_579' title='bbox 1221 5526 1483 5582; x_wconf 88' lang='lat' dir='ltr'><strong>constant,</strong></span> <span class='ocrx_word' id='word_1_580' title='bbox 1537 5516 1699 5573; x_wconf 87' lang='lat' dir='ltr'><strong>veluti</strong></span> <span class='ocrx_word' id='word_1_581' title='bbox 1754 5516 1806 5569; x_wconf 91' lang='lat' dir='ltr'><strong>iu</strong></span> <span class='ocrx_word' id='word_1_582' title='bbox 1837 5512 2004 5569; x_wconf 85' lang='lat' dir='ltr'><strong>diale-</strong></span> 
     </span>
    </p>
   </div>
   <div class='ocr_carea' id='block_1_74' title="bbox 493 5669 2004 5727">
    <p class='ocr_par' dir='ltr' id='par_1_74' title="bbox 493 5669 2004 5727">
     <span class='ocr_line' id='line_1_74' title="bbox 493 5669 2004 5727; baseline -0.002 -5"><span class='ocrx_word' id='word_1_583' title='bbox 493 5675 513 5696; x_wconf 82' lang='lat'><strong>&#39;</strong></span> <span class='ocrx_word' id='word_1_584' title='bbox 538 5673 629 5722; x_wconf 80' lang='lat' dir='ltr'><strong>Hic</strong></span> <span class='ocrx_word' id='word_1_585' title='bbox 652 5672 786 5720; x_wconf 89' lang='lat' dir='ltr'><strong>locus</strong></span> <span class='ocrx_word' id='word_1_586' title='bbox 824 5670 962 5727; x_wconf 83' lang='lat' dir='ltr'><strong>infra,</strong></span> <span class='ocrx_word' id='word_1_587' title='bbox 989 5669 1080 5719; x_wconf 90' lang='lat' dir='ltr'><strong>col.</strong></span> <span class='ocrx_word' id='word_1_588' title='bbox 1109 5669 1249 5727; x_wconf 66' lang='lat' dir='ltr'><strong>122i,</strong></span> <span class='ocrx_word' id='word_1_589' title='bbox 1278 5680 1368 5715; x_wconf 91' lang='lat' dir='ltr'><strong>non</strong></span> <span class='ocrx_word' id='word_1_590' title='bbox 1398 5670 1565 5717; x_wconf 84' lang='lat' dir='ltr'><strong>iisdem</strong></span> <span class='ocrx_word' id='word_1_591' title='bbox 1592 5671 1754 5718; x_wconf 78' lang='lat' dir='ltr'><strong>verbis</strong></span> <span class='ocrx_word' id='word_1_592' title='bbox 1792 5672 2004 5719; x_wconf 84' lang='lat' dir='ltr'><strong>resumi-</strong></span> 
     </span>
    </p>
   </div>
   <div class='ocr_carea' id='block_1_75' title="bbox 429 5734 2001 5796">
    <p class='ocr_par' dir='ltr' id='par_1_75' title="bbox 429 5734 2001 5796">
     <span class='ocr_line' id='line_1_75' title="bbox 429 5734 2001 5796; baseline -0.003 -10"><span class='ocrx_word' id='word_1_593' title='bbox 429 5748 528 5796; x_wconf 83' lang='lat' dir='ltr'><strong>tur,</strong></span> <span class='ocrx_word' id='word_1_594' title='bbox 554 5739 647 5789; x_wconf 84' lang='lat' dir='ltr'><strong>sic:</strong></span> <span class='ocrx_word' id='word_1_595' title='bbox 665 5744 715 5783; x_wconf 76' lang='lat' dir='ltr'><strong>ut</strong></span> <span class='ocrx_word' id='word_1_596' title='bbox 737 5740 967 5796; x_wconf 66' lang='lat' dir='ltr'><strong>amarent</strong></span> <span class='ocrx_word' id='word_1_597' title='bbox 990 5746 1048 5781; x_wconf 75' lang='lat' dir='ltr'><strong>sx</strong></span> <span class='ocrx_word' id='word_1_598' title='bbox 1072 5747 1101 5779; x_wconf 83' lang='lat' dir='ltr'><strong>tt</strong></span> <span class='ocrx_word' id='word_1_599' title='bbox 1133 5744 1388 5781; x_wconf 65' lang='lat' dir='ltr'><strong>verutum;</strong></span> <span class='ocrx_word' id='word_1_600' title='bbox 1408 5734 1527 5780; x_wconf 79' lang='lat' dir='ltr'><strong>sumi</strong></span> <span class='ocrx_word' id='word_1_601' title='bbox 1551 5746 1737 5794; x_wconf 72' lang='lat' dir='ltr'><strong>argum.</strong></span> <span class='ocrx_word' id='word_1_602' title='bbox 1761 5746 1807 5780; x_wconf 70' lang='lat' dir='ltr'><strong>in</strong></span> <span class='ocrx_word' id='word_1_603' title='bbox 1834 5737 2001 5795; x_wconf 81' lang='lat' dir='ltr'><strong>adjun-</strong></span> 
     </span>
    </p>
   </div>
   <div class='ocr_carea' id='block_1_76' title="bbox 430 5800 758 5858">
    <p class='ocr_par' dir='ltr' id='par_1_76' title="bbox 430 5800 758 5858">
     <span class='ocr_line' id='line_1_76' title="bbox 430 5800 758 5858; baseline -0.015 -8"><span class='ocrx_word' id='word_1_604' title='bbox 430 5804 519 5852; x_wconf 66' lang='grc' dir='ltr'><strong>ειὲδ</strong></span> <span class='ocrx_word' id='word_1_605' title='bbox 544 5800 758 5858; x_wconf 77' lang='lat' dir='ltr'><strong>negotio.</strong></span> 
     </span>
    </p>
   </div>
   <div class='ocr_carea' id='block_1_77' title="bbox 2100 1939 3675 2015">
    <p class='ocr_par' dir='ltr' id='par_1_77' title="bbox 2100 1939 3675 2015">
     <span class='ocr_line' id='line_1_77' title="bbox 2100 1939 3675 2015; baseline 0.008 -24"><span class='ocrx_word' id='word_1_606' title='bbox 2100 1942 2142 1991; x_wconf 91' lang='lat' dir='ltr'><strong>si</strong></span> <span class='ocrx_word' id='word_1_607' title='bbox 2175 1939 2240 1993; x_wconf 91' lang='lat' dir='ltr'><strong>ad</strong></span> <span class='ocrx_word' id='word_1_608' title='bbox 2275 1941 2433 1995; x_wconf 86' lang='lat' dir='ltr'><strong>finem</strong></span> <span class='ocrx_word' id='word_1_609' title='bbox 2472 1958 2624 1996; x_wconf 90' lang='lat' dir='ltr'><strong>suum</strong></span> <span class='ocrx_word' id='word_1_610' title='bbox 2675 1958 2832 2010; x_wconf 85' lang='lat' dir='ltr'><strong>atque</strong></span> <span class='ocrx_word' id='word_1_611' title='bbox 2863 1946 3063 2000; x_wconf 85' lang='lat' dir='ltr'><strong>exitum</strong></span> <span class='ocrx_word' id='word_1_612' title='bbox 3112 1947 3402 2015; x_wconf 87' lang='lat' dir='ltr'><strong>referatur,</strong></span> <span class='ocrx_word' id='word_1_613' title='bbox 3447 1960 3675 2005; x_wconf 88' lang='lat' dir='ltr'><strong>eventus</strong></span> 
     </span>
    </p>
   </div>
   <div class='ocr_carea' id='block_1_78' title="bbox 2100 2031 3676 2108">
    <p class='ocr_par' dir='ltr' id='par_1_78' title="bbox 2100 2031 3676 2108">
     <span class='ocr_line' id='line_1_78' title="bbox 2100 2031 3676 2108; baseline 0.008 -25"><span class='ocrx_word' id='word_1_614' title='bbox 2100 2041 2200 2083; x_wconf 85' lang='grc' dir='ltr'>εει.</span> <span class='ocrx_word' id='word_1_615' title='bbox 2248 2031 2446 2085; x_wconf 87' lang='lat' dir='ltr'><strong>Eodem</strong></span> <span class='ocrx_word' id='word_1_616' title='bbox 2492 2049 2702 2101; x_wconf 84' lang='lat' dir='ltr'><strong>quoque</strong></span> <span class='ocrx_word' id='word_1_617' title='bbox 2755 2036 2914 2090; x_wconf 84' lang='lat' dir='ltr'><strong>modo</strong></span> <span class='ocrx_word' id='word_1_618' title='bbox 2958 2038 3023 2090; x_wconf 89' lang='lat' dir='ltr'><strong>ad</strong></span> <span class='ocrx_word' id='word_1_619' title='bbox 3077 2039 3299 2108; x_wconf 87' lang='lat' dir='ltr'><strong>majora,</strong></span> <span class='ocrx_word' id='word_1_620' title='bbox 3357 2042 3562 2095; x_wconf 84' lang='lat' dir='ltr'><strong>minOta</strong></span> <span class='ocrx_word' id='word_1_621' title='bbox 3620 2053 3676 2095; x_wconf 85' lang='lat' dir='ltr'><strong>et</strong></span> 
     </span>
    </p>
   </div>
   <div class='ocr_carea' id='block_1_79' title="bbox 2101 2125 3733 2196">
    <p class='ocr_par' dir='ltr' id='par_1_79' title="bbox 2101 2125 3733 2196">
     <span class='ocr_line' id='line_1_79' title="bbox 2101 2125 3733 2196; baseline 0.01 -24"><span class='ocrx_word' id='word_1_622' title='bbox 2101 2125 2244 2189; x_wconf 87' lang='lat' dir='ltr'><strong>paria</strong></span> <span class='ocrx_word' id='word_1_623' title='bbox 2267 2134 2661 2192; x_wconf 84' lang='lat' dir='ltr'><strong>comparantur.</strong></span> <span class='ocrx_word' id='word_1_624' title='bbox 2716 2130 2891 2196; x_wconf 84' lang='lat' dir='ltr'><strong>Atque</strong></span> <span class='ocrx_word' id='word_1_625' title='bbox 2933 2132 3152 2184; x_wconf 90' lang='lat' dir='ltr'><strong>omnino</strong></span> <span class='ocrx_word' id='word_1_626' title='bbox 3203 2132 3334 2187; x_wconf 89' lang='lat' dir='ltr'><strong>tales</strong></span> <span class='ocrx_word' id='word_1_627' title='bbox 3377 2134 3477 2188; x_wconf 92' lang='lat' dir='ltr'><strong>loci</strong></span> <span class='ocrx_word' id='word_1_628' title='bbox 3506 2133 3558 2187; x_wconf 92' lang='lat' dir='ltr'><strong>in</strong></span> <span class='ocrx_word' id='word_1_629' title='bbox 3591 2134 3673 2188; x_wconf 85' lang='lat' dir='ltr'><strong>bis</strong></span> <span class='ocrx_word' id='word_1_630' title='bbox 3725 2172 3733 2181; x_wconf 86' lang='grc'><strong>-</strong></span> 
     </span>
    </p>
   </div>
   <div class='ocr_carea' id='block_1_80' title="bbox 2101 2215 3671 2293">
    <p class='ocr_par' dir='ltr' id='par_1_80' title="bbox 2101 2215 3671 2293">
     <span class='ocr_line' id='line_1_80' title="bbox 2101 2215 3671 2293; baseline 0.01 -29"><span class='ocrx_word' id='word_1_631' title='bbox 2101 2229 2218 2281; x_wconf 70' lang='lat' dir='ltr'><strong>qua:</strong></span> <span class='ocrx_word' id='word_1_632' title='bbox 2248 2224 2370 2267; x_wconf 88' lang='lat' dir='ltr'><strong>sunt</strong></span> <span class='ocrx_word' id='word_1_633' title='bbox 2412 2215 2476 2269; x_wconf 86' lang='lat' dir='ltr'><strong>ad</strong></span> <span class='ocrx_word' id='word_1_634' title='bbox 2510 2217 2709 2285; x_wconf 85' lang='lat' dir='ltr'><strong>aliquid</strong></span> <span class='ocrx_word' id='word_1_635' title='bbox 2765 2220 3191 2284; x_wconf 87' lang='lat' dir='ltr'><strong>considerantur,</strong></span> <span class='ocrx_word' id='word_1_636' title='bbox 3240 2238 3359 2277; x_wconf 86' lang='lat' dir='ltr'><strong>nam</strong></span> <span class='ocrx_word' id='word_1_637' title='bbox 3400 2226 3570 2293; x_wconf 87' lang='lat' dir='ltr'><strong>majus</strong></span> <span class='ocrx_word' id='word_1_638' title='bbox 3610 2235 3671 2279; x_wconf 91' lang='lat' dir='ltr'><strong>et</strong></span> 
     </span>
    </p>
   </div>
   <div class='ocr_carea' id='block_1_81' title="bbox 2104 2308 3668 2387">
    <p class='ocr_par' dir='ltr' id='par_1_81' title="bbox 2104 2308 3668 2387">
     <span class='ocr_line' id='line_1_81' title="bbox 2104 2308 3668 2387; baseline 0.008 -29"><span class='ocrx_word' id='word_1_639' title='bbox 2104 2308 2297 2371; x_wconf 88' lang='lat' dir='ltr'><strong>minus,</strong></span> <span class='ocrx_word' id='word_1_640' title='bbox 2330 2316 2422 2361; x_wconf 91' lang='lat' dir='ltr'><strong>aut</strong></span> <span class='ocrx_word' id='word_1_641' title='bbox 2450 2309 2646 2373; x_wconf 90' lang='lat' dir='ltr'><strong>simile,</strong></span> <span class='ocrx_word' id='word_1_642' title='bbox 2696 2320 2785 2363; x_wconf 86' lang='lat' dir='ltr'><strong>aut</strong></span> <span class='ocrx_word' id='word_1_643' title='bbox 2828 2326 2976 2378; x_wconf 72' lang='lat' dir='ltr'><strong>teque</strong></span> <span class='ocrx_word' id='word_1_644' title='bbox 3027 2330 3294 2383; x_wconf 87' lang='lat' dir='ltr'><strong>magnum,</strong></span> <span class='ocrx_word' id='word_1_645' title='bbox 3348 2325 3435 2368; x_wconf 87' lang='lat' dir='ltr'><strong>aut</strong></span> <span class='ocrx_word' id='word_1_646' title='bbox 3489 2317 3668 2387; x_wconf 88' lang='lat' dir='ltr'><strong>dispe-</strong></span> 
     </span>
    </p>
   </div>
   <div class='ocr_carea' id='block_1_82' title="bbox 2101 2400 3671 2466">
    <p class='ocr_par' dir='ltr' id='par_1_82' title="bbox 2101 2400 3671 2466">
     <span class='ocr_line' id='line_1_82' title="bbox 2101 2400 3671 2466; baseline 0.007 -15"><span class='ocrx_word' id='word_1_647' title='bbox 2101 2408 2271 2451; x_wconf 89' lang='lat' dir='ltr'><strong>ratum</strong></span> <span class='ocrx_word' id='word_1_648' title='bbox 2318 2400 2509 2454; x_wconf 88' lang='lat' dir='ltr'><strong>accidit</strong></span> <span class='ocrx_word' id='word_1_649' title='bbox 2551 2403 2963 2458; x_wconf 82' lang='lat' dir='ltr'><strong>circumstantiis</strong></span> <span class='ocrx_word' id='word_1_650' title='bbox 2998 2422 3113 2466; x_wconf 73' lang='lat' dir='ltr'><strong>qua:</strong></span> <span class='ocrx_word' id='word_1_651' title='bbox 3153 2406 3207 2459; x_wconf 91' lang='lat' dir='ltr'><strong>in</strong></span> <span class='ocrx_word' id='word_1_652' title='bbox 3252 2407 3521 2461; x_wconf 88' lang='lat' dir='ltr'><strong>attributis</strong></span> <span class='ocrx_word' id='word_1_653' title='bbox 3574 2424 3671 2461; x_wconf 90' lang='lat' dir='ltr'><strong>ne-</strong></span> 
     </span>
    </p>
   </div>
   <div class='ocr_carea' id='block_1_83' title="bbox 2100 2490 3675 2565">
    <p class='ocr_par' dir='ltr' id='par_1_83' title="bbox 2100 2490 3675 2565">
     <span class='ocr_line' id='line_1_83' title="bbox 2100 2490 3675 2565; baseline 0.006 -24"><span class='ocrx_word' id='word_1_654' title='bbox 2100 2490 2244 2557; x_wconf 90' lang='lat' dir='ltr'><strong>gotio</strong></span> <span class='ocrx_word' id='word_1_655' title='bbox 2268 2500 2424 2559; x_wconf 88' lang='lat' dir='ltr'><strong>atque</strong></span> <span class='ocrx_word' id='word_1_656' title='bbox 2476 2506 2717 2559; x_wconf 64' lang='lat' dir='ltr'><strong>personae</strong></span> <span class='ocrx_word' id='word_1_657' title='bbox 2751 2504 3041 2547; x_wconf 77' lang='lat' dir='ltr'><strong>numerata:</strong></span> <span class='ocrx_word' id='word_1_658' title='bbox 3071 2503 3197 2548; x_wconf 91' lang='lat' dir='ltr'><strong>sunt</strong></span> <span class='ocrx_word' id='word_1_659' title='bbox 3232 2512 3244 2547; x_wconf 91' lang='lat'>:</span> <span class='ocrx_word' id='word_1_660' title='bbox 3277 2507 3333 2549; x_wconf 92' lang='lat' dir='ltr'><strong>ut</strong></span> <span class='ocrx_word' id='word_1_661' title='bbox 3371 2496 3495 2550; x_wconf 90' lang='lat' dir='ltr'><strong>dutn</strong></span> <span class='ocrx_word' id='word_1_662' title='bbox 3544 2497 3675 2565; x_wconf 70' lang='lat' dir='ltr'><strong>ipsa:</strong></span> 
     </span>
    </p>
   </div>
   <div class='ocr_carea' id='block_1_84' title="bbox 2102 2582 3674 2658">
    <p class='ocr_par' dir='ltr' id='par_1_84' title="bbox 2102 2582 3674 2658">
     <span class='ocr_line' id='line_1_84' title="bbox 2102 2582 3674 2658; baseline 0.005 -24"><span class='ocrx_word' id='word_1_663' title='bbox 2102 2582 2515 2636; x_wconf 74' lang='lat' dir='ltr'><strong>circumstantia:</strong></span> <span class='ocrx_word' id='word_1_664' title='bbox 2546 2583 2664 2635; x_wconf 88' lang='lat' dir='ltr'><strong>aliis</strong></span> <span class='ocrx_word' id='word_1_665' title='bbox 2717 2595 3117 2654; x_wconf 86' lang='lat' dir='ltr'><strong>comparantur,</strong></span> <span class='ocrx_word' id='word_1_666' title='bbox 3166 2587 3257 2641; x_wconf 86' lang='lat' dir='ltr'><strong>fiat</strong></span> <span class='ocrx_word' id='word_1_667' title='bbox 3294 2602 3361 2641; x_wconf 81' lang='lat' dir='ltr'><strong>ex</strong></span> <span class='ocrx_word' id='word_1_668' title='bbox 3410 2588 3492 2642; x_wconf 84' lang='lat' dir='ltr'><strong>liis</strong></span> <span class='ocrx_word' id='word_1_669' title='bbox 3517 2604 3674 2658; x_wconf 87' lang='lat' dir='ltr'><strong>argu-</strong></span> 
     </span>
    </p>
   </div>
   <div class='ocr_carea' id='block_1_85' title="bbox 2103 2673 3671 2744">
    <p class='ocr_par' dir='ltr' id='par_1_85' title="bbox 2103 2673 3671 2744">
     <span class='ocr_line' id='line_1_85' title="bbox 2103 2673 3671 2744; baseline 0.004 -19"><span class='ocrx_word' id='word_1_670' title='bbox 2103 2683 2338 2725; x_wconf 92' lang='lat' dir='ltr'><strong>mentum</strong></span> <span class='ocrx_word' id='word_1_671' title='bbox 2384 2673 2511 2727; x_wconf 92' lang='lat' dir='ltr'><strong>tlicti</strong></span> <span class='ocrx_word' id='word_1_672' title='bbox 2569 2674 2763 2728; x_wconf 82' lang='lat' dir='ltr'><strong>factive</strong></span> <span class='ocrx_word' id='word_1_673' title='bbox 2811 2677 2949 2743; x_wconf 90' lang='lat' dir='ltr'><strong>quod</strong></span> <span class='ocrx_word' id='word_1_674' title='bbox 3015 2677 3066 2730; x_wconf 90' lang='lat' dir='ltr'><strong>in</strong></span> <span class='ocrx_word' id='word_1_675' title='bbox 3120 2677 3373 2744; x_wconf 81' lang='lat' dir='ltr'><strong>judicium</strong></span> <span class='ocrx_word' id='word_1_676' title='bbox 3425 2680 3671 2733; x_wconf 87' lang='lat' dir='ltr'><strong>trahitur.</strong></span> 
     </span>
    </p>
   </div>
   <div class='ocr_carea' id='block_1_86' title="bbox 2106 2764 3671 2837">
    <p class='ocr_par' dir='ltr' id='par_1_86' title="bbox 2106 2764 3671 2837">
     <span class='ocr_line' id='line_1_86' title="bbox 2106 2764 3671 2837; baseline 0.005 -23"><span class='ocrx_word' id='word_1_677' title='bbox 2106 2764 2310 2817; x_wconf 85' lang='lat' dir='ltr'><strong>Distant</strong></span> <span class='ocrx_word' id='word_1_678' title='bbox 2339 2774 2515 2819; x_wconf 89' lang='lat' dir='ltr'><strong>autem</strong></span> <span class='ocrx_word' id='word_1_679' title='bbox 2545 2782 2573 2819; x_wconf 88' lang='lat' dir='ltr'><strong>a</strong></span> <span class='ocrx_word' id='word_1_680' title='bbox 2605 2767 2988 2834; x_wconf 89' lang='lat' dir='ltr'><strong>superioribus,</strong></span> <span class='ocrx_word' id='word_1_681' title='bbox 3021 2770 3161 2837; x_wconf 91' lang='lat' dir='ltr'><strong>quod</strong></span> <span class='ocrx_word' id='word_1_682' title='bbox 3203 2772 3510 2835; x_wconf 83' lang='lat' dir='ltr'><strong>superiores</strong></span> <span class='ocrx_word' id='word_1_683' title='bbox 3542 2771 3671 2833; x_wconf 91' lang='lat' dir='ltr'><strong>loci,</strong></span> 
     </span>
    </p>
   </div>
   <div class='ocr_carea' id='block_1_87' title="bbox 2106 2855 3676 2929">
    <p class='ocr_par' dir='ltr' id='par_1_87' title="bbox 2106 2855 3676 2929">
     <span class='ocr_line' id='line_1_87' title="bbox 2106 2855 3676 2929; baseline 0.007 -24"><span class='ocrx_word' id='word_1_684' title='bbox 2106 2857 2184 2908; x_wconf 81' lang='lat' dir='ltr'><strong>vel</strong></span> <span class='ocrx_word' id='word_1_685' title='bbox 2210 2855 2344 2909; x_wconf 86' lang='lat' dir='ltr'><strong>facta</strong></span> <span class='ocrx_word' id='word_1_686' title='bbox 2385 2858 2749 2924; x_wconf 83' lang='lat' dir='ltr'><strong>continebant,</strong></span> <span class='ocrx_word' id='word_1_687' title='bbox 2797 2859 2879 2913; x_wconf 91' lang='lat' dir='ltr'><strong>vel</strong></span> <span class='ocrx_word' id='word_1_688' title='bbox 2914 2860 3064 2917; x_wconf 81' lang='lat' dir='ltr'><strong>factis</strong></span> <span class='ocrx_word' id='word_1_689' title='bbox 3097 2862 3168 2915; x_wconf 87' lang='lat' dir='ltr'><strong>ita</strong></span> <span class='ocrx_word' id='word_1_690' title='bbox 3211 2862 3573 2929; x_wconf 63' lang='lat' dir='ltr'><strong>adhaerebant,</strong></span> <span class='ocrx_word' id='word_1_691' title='bbox 3618 2875 3676 2917; x_wconf 86' lang='grc' dir='ltr'><strong>ιιι</strong></span> 
     </span>
    </p>
   </div>
   <div class='ocr_carea' id='block_1_88' title="bbox 2104 2948 3675 3021">
    <p class='ocr_par' dir='ltr' id='par_1_88' title="bbox 2104 2948 3675 3021">
     <span class='ocr_line' id='line_1_88' title="bbox 2104 2948 3675 3021; baseline 0.004 -22"><span class='ocrx_word' id='word_1_692' title='bbox 2104 2948 2338 3014; x_wconf 84' lang='lat' dir='ltr'><strong>separari</strong></span> <span class='ocrx_word' id='word_1_693' title='bbox 2398 2963 2500 3001; x_wconf 90' lang='lat' dir='ltr'><strong>non</strong></span> <span class='ocrx_word' id='word_1_694' title='bbox 2548 2949 2797 3016; x_wconf 90' lang='lat' dir='ltr'><strong>possint,</strong></span> <span class='ocrx_word' id='word_1_695' title='bbox 2850 2960 2904 3002; x_wconf 85' lang='lat' dir='ltr'><strong>tit</strong></span> <span class='ocrx_word' id='word_1_696' title='bbox 2945 2950 3115 3014; x_wconf 92' lang='lat' dir='ltr'><strong>locus,</strong></span> <span class='ocrx_word' id='word_1_697' title='bbox 3170 2962 3419 3021; x_wconf 89' lang='lat' dir='ltr'><strong>tempus,</strong></span> <span class='ocrx_word' id='word_1_698' title='bbox 3470 2965 3525 3008; x_wconf 90' lang='lat' dir='ltr'><strong>et</strong></span> <span class='ocrx_word' id='word_1_699' title='bbox 3570 2970 3675 3007; x_wconf 72' lang='lat' dir='ltr'><strong>CIP-</strong></span> 
     </span>
    </p>
   </div>
   <div class='ocr_carea' id='block_1_89' title="bbox 2105 3042 3675 3113">
    <p class='ocr_par' dir='ltr' id='par_1_89' title="bbox 2105 3042 3675 3113">
     <span class='ocr_line' id='line_1_89' title="bbox 2105 3042 3675 3113; baseline 0.007 -24"><span class='ocrx_word' id='word_1_700' title='bbox 2105 3046 2214 3089; x_wconf 90' lang='lat' dir='ltr'><strong>tera</strong></span> <span class='ocrx_word' id='word_1_701' title='bbox 2265 3052 2385 3105; x_wconf 69' lang='lat' dir='ltr'><strong>quze</strong></span> <span class='ocrx_word' id='word_1_702' title='bbox 2433 3049 2639 3107; x_wconf 89' lang='lat' dir='ltr'><strong>gestum</strong></span> <span class='ocrx_word' id='word_1_703' title='bbox 2689 3042 2957 3108; x_wconf 88' lang='lat' dir='ltr'><strong>uegotiutu</strong></span> <span class='ocrx_word' id='word_1_704' title='bbox 3003 3057 3107 3096; x_wconf 90' lang='lat' dir='ltr'><strong>non</strong></span> <span class='ocrx_word' id='word_1_705' title='bbox 3155 3047 3499 3113; x_wconf 88' lang='lat' dir='ltr'><strong>relinquunt;</strong></span> <span class='ocrx_word' id='word_1_706' title='bbox 3560 3047 3675 3101; x_wconf 70' lang='lat' dir='ltr'><strong>ltaac</strong></span> 
     </span>
    </p>
   </div>
   <div class='ocr_carea' id='block_1_90' title="bbox 2104 3130 3673 3205">
    <p class='ocr_par' dir='ltr' id='par_1_90' title="bbox 2104 3130 3673 3205">
     <span class='ocr_line' id='line_1_90' title="bbox 2104 3130 3673 3205; baseline 0.006 -23"><span class='ocrx_word' id='word_1_707' title='bbox 2104 3144 2230 3182; x_wconf 89' lang='lat' dir='ltr'><strong>vero</strong></span> <span class='ocrx_word' id='word_1_708' title='bbox 2256 3145 2375 3197; x_wconf 72' lang='lat' dir='ltr'><strong>qute</strong></span> <span class='ocrx_word' id='word_1_709' title='bbox 2404 3138 2529 3183; x_wconf 91' lang='lat' dir='ltr'><strong>sunt</strong></span> <span class='ocrx_word' id='word_1_710' title='bbox 2573 3130 2822 3198; x_wconf 88' lang='lat' dir='ltr'><strong>adjuncta</strong></span> <span class='ocrx_word' id='word_1_711' title='bbox 2855 3135 3069 3203; x_wconf 84' lang='lat' dir='ltr'><strong>negotio</strong></span> <span class='ocrx_word' id='word_1_712' title='bbox 3102 3150 3206 3188; x_wconf 91' lang='lat' dir='ltr'><strong>non</strong></span> <span class='ocrx_word' id='word_1_713' title='bbox 3255 3138 3532 3192; x_wconf 68' lang='lat' dir='ltr'><strong>adhaerent</strong></span> <span class='ocrx_word' id='word_1_714' title='bbox 3574 3139 3673 3205; x_wconf 89' lang='lat' dir='ltr'><strong>ipsi</strong></span> 
     </span>
    </p>
   </div>
   <div class='ocr_carea' id='block_1_91' title="bbox 2105 3221 3679 3294">
    <p class='ocr_par' dir='ltr' id='par_1_91' title="bbox 2105 3221 3679 3294">
     <span class='ocr_line' id='line_1_91' title="bbox 2105 3221 3679 3294; baseline 0.007 -22"><span class='ocrx_word' id='word_1_715' title='bbox 2105 3222 2340 3287; x_wconf 83' lang='lat' dir='ltr'><strong>negotio,</strong></span> <span class='ocrx_word' id='word_1_716' title='bbox 2389 3221 2480 3274; x_wconf 91' lang='lat' dir='ltr'><strong>sed</strong></span> <span class='ocrx_word' id='word_1_717' title='bbox 2530 3221 2782 3275; x_wconf 88' lang='lat' dir='ltr'><strong>accidunt</strong></span> <span class='ocrx_word' id='word_1_718' title='bbox 2824 3224 3275 3294; x_wconf 83' lang='lat' dir='ltr'><strong>circumstantiis,</strong></span> <span class='ocrx_word' id='word_1_719' title='bbox 3323 3238 3375 3281; x_wconf 88' lang='lat' dir='ltr'><strong>et</strong></span> <span class='ocrx_word' id='word_1_720' title='bbox 3409 3239 3532 3282; x_wconf 91' lang='lat' dir='ltr'><strong>tunc</strong></span> <span class='ocrx_word' id='word_1_721' title='bbox 3579 3230 3679 3282; x_wconf 88' lang='lat' dir='ltr'><strong>de-</strong></span> 
     </span>
    </p>
   </div>
   <div class='ocr_carea' id='block_1_92' title="bbox 2106 3318 3671 3389">
    <p class='ocr_par' dir='ltr' id='par_1_92' title="bbox 2106 3318 3671 3389">
     <span class='ocr_line' id='line_1_92' title="bbox 2106 3318 3671 3389; baseline 0.008 -27"><span class='ocrx_word' id='word_1_722' title='bbox 2106 3326 2247 3363; x_wconf 88' lang='lat' dir='ltr'><strong>mum</strong></span> <span class='ocrx_word' id='word_1_723' title='bbox 2297 3322 2667 3377; x_wconf 89' lang='lat' dir='ltr'><strong>argumentum</strong></span> <span class='ocrx_word' id='word_1_724' title='bbox 2736 3324 3038 3382; x_wconf 71' lang='lat' dir='ltr'><strong>praestant,</strong></span> <span class='ocrx_word' id='word_1_725' title='bbox 3090 3332 3212 3370; x_wconf 90' lang='lat' dir='ltr'><strong>cum</strong></span> <span class='ocrx_word' id='word_1_726' title='bbox 3264 3318 3329 3372; x_wconf 90' lang='lat' dir='ltr'><strong>ad</strong></span> <span class='ocrx_word' id='word_1_727' title='bbox 3385 3334 3671 3389; x_wconf 89' lang='lat' dir='ltr'><strong>compara-</strong></span> 
     </span>
    </p>
   </div>
   <div class='ocr_carea' id='block_1_93' title="bbox 2106 3400 3679 3477">
    <p class='ocr_par' dir='ltr' id='par_1_93' title="bbox 2106 3400 3679 3477">
     <span class='ocr_line' id='line_1_93' title="bbox 2106 3400 3679 3477; baseline 0.008 -25"><span class='ocrx_word' id='word_1_728' title='bbox 2106 3401 2299 3454; x_wconf 89' lang='lat' dir='ltr'><strong>tionem</strong></span> <span class='ocrx_word' id='word_1_729' title='bbox 2355 3400 2591 3454; x_wconf 87' lang='lat' dir='ltr'><strong>veninnt.</strong></span> <span class='ocrx_word' id='word_1_730' title='bbox 2662 3405 2957 3459; x_wconf 81' lang='lat' dir='ltr'><strong>Sumuntur</strong></span> <span class='ocrx_word' id='word_1_731' title='bbox 3020 3420 3147 3460; x_wconf 89' lang='lat' dir='ltr'><strong>vero</strong></span> <span class='ocrx_word' id='word_1_732' title='bbox 3203 3420 3509 3477; x_wconf 83' lang='lat' dir='ltr'><strong>argumenta</strong></span> <span class='ocrx_word' id='word_1_733' title='bbox 3568 3425 3679 3464; x_wconf 87' lang='lat' dir='ltr'><strong>non</strong></span> 
     </span>
    </p>
   </div>
   <div class='ocr_carea' id='block_1_94' title="bbox 2104 3493 3674 3563">
    <p class='ocr_par' dir='ltr' id='par_1_94' title="bbox 2104 3493 3674 3563">
     <span class='ocr_line' id='line_1_94' title="bbox 2104 3493 3674 3563; baseline 0.007 -18"><span class='ocrx_word' id='word_1_734' title='bbox 2104 3508 2170 3545; x_wconf 85' lang='lat' dir='ltr'><strong>ex</strong></span> <span class='ocrx_word' id='word_1_735' title='bbox 2229 3493 2649 3557; x_wconf 81' lang='lat' dir='ltr'><strong>Contrarietate,</strong></span> <span class='ocrx_word' id='word_1_736' title='bbox 2714 3498 2807 3550; x_wconf 88' lang='lat' dir='ltr'><strong>sed</strong></span> <span class='ocrx_word' id='word_1_737' title='bbox 2862 3512 2926 3551; x_wconf 84' lang='lat' dir='ltr'><strong>ex</strong></span> <span class='ocrx_word' id='word_1_738' title='bbox 2975 3500 3285 3563; x_wconf 90' lang='lat' dir='ltr'><strong>contrario,</strong></span> <span class='ocrx_word' id='word_1_739' title='bbox 3337 3512 3390 3554; x_wconf 92' lang='lat' dir='ltr'><strong>et</strong></span> <span class='ocrx_word' id='word_1_740' title='bbox 3456 3515 3561 3554; x_wconf 90' lang='lat' dir='ltr'><strong>non</strong></span> <span class='ocrx_word' id='word_1_741' title='bbox 3606 3518 3674 3556; x_wconf 79' lang='lat' dir='ltr'><strong>ex</strong></span> 
     </span>
    </p>
   </div>
   <div class='ocr_carea' id='block_1_95' title="bbox 2103 3584 3675 3660">
    <p class='ocr_par' dir='ltr' id='par_1_95' title="bbox 2103 3584 3675 3660">
     <span class='ocr_line' id='line_1_95' title="bbox 2103 3584 3675 3660; baseline 0.008 -24"><span class='ocrx_word' id='word_1_742' title='bbox 2103 3584 2483 3650; x_wconf 89' lang='lat' dir='ltr'><strong>similitudine,</strong></span> <span class='ocrx_word' id='word_1_743' title='bbox 2535 3586 2627 3640; x_wconf 88' lang='lat' dir='ltr'><strong>sed</strong></span> <span class='ocrx_word' id='word_1_744' title='bbox 2676 3601 2744 3640; x_wconf 85' lang='lat' dir='ltr'><strong>ex</strong></span> <span class='ocrx_word' id='word_1_745' title='bbox 2794 3588 2995 3654; x_wconf 89' lang='lat' dir='ltr'><strong>simili,</strong></span> <span class='ocrx_word' id='word_1_746' title='bbox 3053 3600 3107 3641; x_wconf 88' lang='lat' dir='ltr'><strong>Ill</strong></span> <span class='ocrx_word' id='word_1_747' title='bbox 3155 3602 3408 3660; x_wconf 90' lang='lat' dir='ltr'><strong>appareat</strong></span> <span class='ocrx_word' id='word_1_748' title='bbox 3455 3609 3560 3646; x_wconf 91' lang='lat' dir='ltr'><strong>non</strong></span> <span class='ocrx_word' id='word_1_749' title='bbox 3606 3609 3675 3648; x_wconf 81' lang='lat' dir='ltr'><strong>ex</strong></span> 
     </span>
    </p>
   </div>
   <div class='ocr_carea' id='block_1_96' title="bbox 2105 3676 3675 3754">
    <p class='ocr_par' dir='ltr' id='par_1_96' title="bbox 2105 3676 3675 3754">
     <span class='ocr_line' id='line_1_96' title="bbox 2105 3676 3675 3754; baseline 0.009 -27"><span class='ocrx_word' id='word_1_750' title='bbox 2105 3676 2365 3731; x_wconf 89' lang='lat' dir='ltr'><strong>relatione</strong></span> <span class='ocrx_word' id='word_1_751' title='bbox 2427 3678 2565 3731; x_wconf 91' lang='lat' dir='ltr'><strong>sumi</strong></span> <span class='ocrx_word' id='word_1_752' title='bbox 2626 3691 3049 3746; x_wconf 84' lang='lat' dir='ltr'><strong>argumentum,</strong></span> <span class='ocrx_word' id='word_1_753' title='bbox 3121 3684 3214 3736; x_wconf 90' lang='lat' dir='ltr'><strong>sed</strong></span> <span class='ocrx_word' id='word_1_754' title='bbox 3280 3700 3345 3738; x_wconf 84' lang='lat' dir='ltr'><strong>ex</strong></span> <span class='ocrx_word' id='word_1_755' title='bbox 3411 3684 3675 3754; x_wconf 85' lang='lat' dir='ltr'><strong>adjunctis</strong></span> 
     </span>
    </p>
   </div>
   <div class='ocr_carea' id='block_1_97' title="bbox 2107 3769 3676 3845">
    <p class='ocr_par' dir='ltr' id='par_1_97' title="bbox 2107 3769 3676 3845">
     <span class='ocr_line' id='line_1_97' title="bbox 2107 3769 3676 3845; baseline 0.009 -27"><span class='ocrx_word' id='word_1_756' title='bbox 2107 3769 2316 3835; x_wconf 89' lang='lat' dir='ltr'><strong>negotio</strong></span> <span class='ocrx_word' id='word_1_757' title='bbox 2339 3773 2376 3833; x_wconf 85' lang='lat'><strong>&#39;,</strong></span> <span class='ocrx_word' id='word_1_758' title='bbox 2429 3778 2485 3822; x_wconf 89' lang='lat' dir='ltr'><strong>et</strong></span> <span class='ocrx_word' id='word_1_759' title='bbox 2532 3786 2593 3822; x_wconf 86' lang='lat' dir='ltr'><strong>ca</strong></span> <span class='ocrx_word' id='word_1_760' title='bbox 2642 3785 2763 3824; x_wconf 73' lang='lat' dir='ltr'><strong>esse</strong></span> <span class='ocrx_word' id='word_1_761' title='bbox 2806 3771 3051 3841; x_wconf 78' lang='lat' dir='ltr'><strong>adjuncut</strong></span> <span class='ocrx_word' id='word_1_762' title='bbox 3097 3777 3337 3843; x_wconf 83' lang='lat' dir='ltr'><strong>negotio,</strong></span> <span class='ocrx_word' id='word_1_763' title='bbox 3384 3792 3502 3845; x_wconf 71' lang='lat' dir='ltr'><strong>quae</strong></span> <span class='ocrx_word' id='word_1_764' title='bbox 3550 3786 3676 3832; x_wconf 88' lang='lat' dir='ltr'><strong>sunt</strong></span> 
     </span>
    </p>
   </div>
   <div class='ocr_carea' id='block_1_98' title="bbox 2104 3860 3676 3933">
    <p class='ocr_par' dir='ltr' id='par_1_98' title="bbox 2104 3860 3676 3933">
     <span class='ocr_line' id='line_1_98' title="bbox 2104 3860 3676 3933; baseline 0.008 -22"><span class='ocrx_word' id='word_1_765' title='bbox 2104 3860 2167 3912; x_wconf 90' lang='lat' dir='ltr'><strong>ad</strong></span> <span class='ocrx_word' id='word_1_766' title='bbox 2207 3860 2381 3928; x_wconf 87' lang='lat' dir='ltr'><strong>ipsum</strong></span> <span class='ocrx_word' id='word_1_767' title='bbox 2421 3861 2489 3915; x_wconf 92' lang='lat' dir='ltr'><strong>de</strong></span> <span class='ocrx_word' id='word_1_768' title='bbox 2524 3876 2630 3930; x_wconf 88' lang='lat' dir='ltr'><strong>quo</strong></span> <span class='ocrx_word' id='word_1_769' title='bbox 2680 3864 2857 3932; x_wconf 90' lang='lat' dir='ltr'><strong>agitur</strong></span> <span class='ocrx_word' id='word_1_770' title='bbox 2896 3867 3164 3933; x_wconf 82' lang='lat' dir='ltr'><strong>negotium</strong></span> <span class='ocrx_word' id='word_1_771' title='bbox 3213 3867 3423 3922; x_wconf 78' lang='lat' dir='ltr'><strong>affecta.</strong></span> <span class='ocrx_word' id='word_1_772' title='bbox 3478 3870 3676 3925; x_wconf 84' lang='lat' dir='ltr'><strong>Conse-</strong></span> 
     </span>
    </p>
   </div>
   <div class='ocr_carea' id='block_1_99' title="bbox 2104 3956 3675 4029">
    <p class='ocr_par' dir='ltr' id='par_1_99' title="bbox 2104 3956 3675 4029">
     <span class='ocr_line' id='line_1_99' title="bbox 2104 3956 3675 4029; baseline 0.008 -25"><span class='ocrx_word' id='word_1_773' title='bbox 2104 3956 2247 4004; x_wconf 75' lang='lat' dir='ltr'><strong>cutio</strong></span> <span class='ocrx_word' id='word_1_774' title='bbox 2276 3966 2427 4015; x_wconf 87' lang='lat' dir='ltr'><strong>vero.</strong></span> <span class='ocrx_word' id='word_1_775' title='bbox 2458 3969 2577 4021; x_wconf 77' lang='lat' dir='ltr'><strong>qua:</strong></span> <span class='ocrx_word' id='word_1_776' title='bbox 2611 3969 2736 4021; x_wconf 90' lang='lat' dir='ltr'><strong>pars</strong></span> <span class='ocrx_word' id='word_1_777' title='bbox 2782 3967 2967 4022; x_wconf 84' lang='lat' dir='ltr'><strong>quarta</strong></span> <span class='ocrx_word' id='word_1_778' title='bbox 2999 3967 3079 4010; x_wconf 85' lang='lat' dir='ltr'><strong>est</strong></span> <span class='ocrx_word' id='word_1_779' title='bbox 3116 3974 3301 4012; x_wconf 89' lang='lat' dir='ltr'><strong>eorum</strong></span> <span class='ocrx_word' id='word_1_780' title='bbox 3345 3976 3465 4029; x_wconf 72' lang='lat' dir='ltr'><strong>qua:</strong></span> <span class='ocrx_word' id='word_1_781' title='bbox 3515 3978 3675 4029; x_wconf 76' lang='lat' dir='ltr'><strong>nego-</strong></span> 
     </span>
    </p>
   </div>
   <div class='ocr_carea' id='block_1_100' title="bbox 2107 4031 3676 4121">
    <p class='ocr_par' dir='ltr' id='par_1_100' title="bbox 2107 4031 3676 4121">
     <span class='ocr_line' id='line_1_100' title="bbox 2107 4031 3676 4121; baseline 0.008 -28"><span class='ocrx_word' id='word_1_782' title='bbox 2107 4043 2191 4094; x_wconf 89' lang='lat' dir='ltr'><strong>tiis</strong></span> <span class='ocrx_word' id='word_1_783' title='bbox 2218 4046 2467 4096; x_wconf 87' lang='lat' dir='ltr'><strong>attributa</strong></span> <span class='ocrx_word' id='word_1_784' title='bbox 2515 4055 2659 4110; x_wconf 89' lang='lat' dir='ltr'><strong>sunt,</strong></span> <span class='ocrx_word' id='word_1_785' title='bbox 2703 4061 2878 4113; x_wconf 86' lang='lat' dir='ltr'><strong>neque</strong></span> <span class='ocrx_word' id='word_1_786' title='bbox 2910 4031 2960 4100; x_wconf 84' lang='lat' dir='ltr'><strong>in</strong></span> <span class='ocrx_word' id='word_1_787' title='bbox 3005 4049 3132 4115; x_wconf 88' lang='lat' dir='ltr'><strong>ipsis</strong></span> <span class='ocrx_word' id='word_1_788' title='bbox 3187 4051 3323 4103; x_wconf 90' lang='lat' dir='ltr'><strong>inest</strong></span> <span class='ocrx_word' id='word_1_789' title='bbox 3365 4054 3521 4105; x_wconf 91' lang='lat' dir='ltr'><strong>rebus</strong></span> <span class='ocrx_word' id='word_1_790' title='bbox 3557 4069 3676 4121; x_wconf 67' lang='lat' dir='ltr'><strong>quae</strong></span> 
     </span>
    </p>
   </div>
   <div class='ocr_carea' id='block_1_101' title="bbox 2106 4133 3677 4209">
    <p class='ocr_par' dir='ltr' id='par_1_101' title="bbox 2106 4133 3677 4209">
     <span class='ocr_line' id='line_1_101' title="bbox 2106 4133 3677 4209; baseline 0.006 -25"><span class='ocrx_word' id='word_1_791' title='bbox 2106 4148 2282 4185; x_wconf 88' lang='lat' dir='ltr'><strong>rerum</strong></span> <span class='ocrx_word' id='word_1_792' title='bbox 2309 4133 2663 4188; x_wconf 84' lang='lat' dir='ltr'><strong>substantiam</strong></span> <span class='ocrx_word' id='word_1_793' title='bbox 2693 4150 2796 4188; x_wconf 90' lang='lat' dir='ltr'><strong>non</strong></span> <span class='ocrx_word' id='word_1_794' title='bbox 2822 4138 3075 4205; x_wconf 87' lang='lat' dir='ltr'><strong>relinquit</strong></span> <span class='ocrx_word' id='word_1_795' title='bbox 3095 4139 3157 4204; x_wconf 84' lang='lat'><strong>&quot;,</strong></span> <span class='ocrx_word' id='word_1_796' title='bbox 3184 4155 3355 4207; x_wconf 87' lang='lat' dir='ltr'><strong>neque</strong></span> <span class='ocrx_word' id='word_1_797' title='bbox 3371 4155 3437 4193; x_wconf 89' lang='lat' dir='ltr'><strong>ex</strong></span> <span class='ocrx_word' id='word_1_798' title='bbox 3462 4156 3677 4209; x_wconf 90' lang='lat' dir='ltr'><strong>compa-</strong></span> 
     </span>
    </p>
   </div>
   <div class='ocr_carea' id='block_1_102' title="bbox 2106 4227 3675 4297">
    <p class='ocr_par' dir='ltr' id='par_1_102' title="bbox 2106 4227 3675 4297">
     <span class='ocr_line' id='line_1_102' title="bbox 2106 4227 3675 4297; baseline 0.004 -18"><span class='ocrx_word' id='word_1_799' title='bbox 2106 4227 2312 4280; x_wconf 89' lang='lat' dir='ltr'><strong>ratione</strong></span> <span class='ocrx_word' id='word_1_800' title='bbox 2345 4227 2628 4295; x_wconf 89' lang='lat' dir='ltr'><strong>repetitur,</strong></span> <span class='ocrx_word' id='word_1_801' title='bbox 2655 4227 2747 4281; x_wconf 85' lang='lat' dir='ltr'><strong>sed</strong></span> <span class='ocrx_word' id='word_1_802' title='bbox 2781 4242 2893 4281; x_wconf 88' lang='lat' dir='ltr'><strong>rem</strong></span> <span class='ocrx_word' id='word_1_803' title='bbox 2926 4240 3130 4296; x_wconf 84' lang='lat' dir='ltr'><strong>gestam</strong></span> <span class='ocrx_word' id='word_1_804' title='bbox 3163 4232 3247 4283; x_wconf 91' lang='lat' dir='ltr'><strong>vel</strong></span> <span class='ocrx_word' id='word_1_805' title='bbox 3283 4231 3566 4297; x_wconf 81' lang='lat' dir='ltr'><strong>antecedit,</strong></span> <span class='ocrx_word' id='word_1_806' title='bbox 3591 4232 3675 4285; x_wconf 87' lang='lat' dir='ltr'><strong>vel</strong></span> 
     </span>
    </p>
   </div>
   <div class='ocr_carea' id='block_1_103' title="bbox 2104 4317 3675 4387">
    <p class='ocr_par' dir='ltr' id='par_1_103' title="bbox 2104 4317 3675 4387">
     <span class='ocr_line' id='line_1_103' title="bbox 2104 4317 3675 4387; baseline 0.004 -18"><span class='ocrx_word' id='word_1_807' title='bbox 2104 4317 2263 4370; x_wconf 87' lang='lat' dir='ltr'><strong>etiam</strong></span> <span class='ocrx_word' id='word_1_808' title='bbox 2292 4317 2657 4384; x_wconf 86' lang='lat' dir='ltr'><strong>consequitur.</strong></span> <span class='ocrx_word' id='word_1_809' title='bbox 2690 4319 2862 4387; x_wconf 83' lang='lat' dir='ltr'><strong>Atque</strong></span> <span class='ocrx_word' id='word_1_810' title='bbox 2894 4318 2979 4374; x_wconf 85' lang='lat' dir='ltr'><strong>hic</strong></span> <span class='ocrx_word' id='word_1_811' title='bbox 3006 4330 3147 4373; x_wconf 91' lang='lat' dir='ltr'><strong>totus</strong></span> <span class='ocrx_word' id='word_1_812' title='bbox 3171 4321 3318 4375; x_wconf 88' lang='lat' dir='ltr'><strong>locus</strong></span> <span class='ocrx_word' id='word_1_813' title='bbox 3344 4322 3675 4377; x_wconf 76' lang='lat' dir='ltr'><strong>extrinsecus</strong></span> 
     </span>
    </p>
   </div>
   <div class='ocr_carea' id='block_1_104' title="bbox 2105 4411 3675 4484">
    <p class='ocr_par' dir='ltr' id='par_1_104' title="bbox 2105 4411 3675 4484">
     <span class='ocr_line' id='line_1_104' title="bbox 2105 4411 3675 4484; baseline 0.004 -23"><span class='ocrx_word' id='word_1_814' title='bbox 2105 4418 2190 4462; x_wconf 89' lang='lat' dir='ltr'><strong>est</strong></span> <span class='ocrx_word' id='word_1_815' title='bbox 2221 4425 2234 4462; x_wconf 93' lang='lat'>:</span> <span class='ocrx_word' id='word_1_816' title='bbox 2276 4411 2505 4479; x_wconf 81' lang='lat' dir='ltr'><strong>primum</strong></span> <span class='ocrx_word' id='word_1_817' title='bbox 2555 4426 2621 4465; x_wconf 91' lang='lat' dir='ltr'><strong>en</strong></span> <span class='ocrx_word' id='word_1_818' title='bbox 2648 4426 2699 4464; x_wconf 91' lang='lat' dir='ltr'><strong>m</strong></span> <span class='ocrx_word' id='word_1_819' title='bbox 2739 4412 2791 4465; x_wconf 92' lang='lat' dir='ltr'><strong>in</strong></span> <span class='ocrx_word' id='word_1_820' title='bbox 2842 4428 2907 4465; x_wconf 78' lang='lat' dir='ltr'><strong>eo</strong></span> <span class='ocrx_word' id='word_1_821' title='bbox 2935 4414 3192 4480; x_wconf 74' lang='lat' dir='ltr'><strong>quzeritur</strong></span> <span class='ocrx_word' id='word_1_822' title='bbox 3231 4415 3282 4468; x_wconf 90' lang='lat' dir='ltr'><strong>id</strong></span> <span class='ocrx_word' id='word_1_823' title='bbox 3312 4419 3449 4484; x_wconf 90' lang='lat' dir='ltr'><strong>quod</strong></span> <span class='ocrx_word' id='word_1_824' title='bbox 3484 4416 3675 4472; x_wconf 87' lang='lat' dir='ltr'><strong>factum</strong></span> 
     </span>
    </p>
   </div>
   <div class='ocr_carea' id='block_1_105' title="bbox 2107 4503 3676 4574">
    <p class='ocr_par' dir='ltr' id='par_1_105' title="bbox 2107 4503 3676 4574">
     <span class='ocr_line' id='line_1_105' title="bbox 2107 4503 3676 4574; baseline 0.004 -20"><span class='ocrx_word' id='word_1_825' title='bbox 2107 4510 2211 4565; x_wconf 88' lang='lat' dir='ltr'><strong>est,</strong></span> <span class='ocrx_word' id='word_1_826' title='bbox 2243 4516 2350 4571; x_wconf 88' lang='lat' dir='ltr'><strong>quo</strong></span> <span class='ocrx_word' id='word_1_827' title='bbox 2390 4504 2606 4557; x_wconf 90' lang='lat' dir='ltr'><strong>nomine</strong></span> <span class='ocrx_word' id='word_1_828' title='bbox 2632 4503 2888 4572; x_wconf 85' lang='lat' dir='ltr'><strong>appellari</strong></span> <span class='ocrx_word' id='word_1_829' title='bbox 2938 4507 3239 4569; x_wconf 86' lang='lat' dir='ltr'><strong>conveniat,</strong></span> <span class='ocrx_word' id='word_1_830' title='bbox 3264 4522 3314 4559; x_wconf 90' lang='lat' dir='ltr'><strong>tn</strong></span> <span class='ocrx_word' id='word_1_831' title='bbox 3345 4521 3451 4574; x_wconf 93' lang='lat' dir='ltr'><strong>quo</strong></span> <span class='ocrx_word' id='word_1_832' title='bbox 3481 4523 3584 4560; x_wconf 91' lang='lat' dir='ltr'><strong>non</strong></span> <span class='ocrx_word' id='word_1_833' title='bbox 3612 4508 3676 4561; x_wconf 87' lang='lat' dir='ltr'><strong>de</strong></span> 
     </span>
    </p>
   </div>
   <div class='ocr_carea' id='block_1_106' title="bbox 2111 4590 3679 4664">
    <p class='ocr_par' dir='ltr' id='par_1_106' title="bbox 2111 4590 3679 4664">
     <span class='ocr_line' id='line_1_106' title="bbox 2111 4590 3679 4664; baseline 0.004 -19"><span class='ocrx_word' id='word_1_834' title='bbox 2111 4605 2190 4655; x_wconf 85' lang='lat' dir='ltr'><strong>re,</strong></span> <span class='ocrx_word' id='word_1_835' title='bbox 2222 4594 2316 4646; x_wconf 88' lang='lat' dir='ltr'><strong>sed</strong></span> <span class='ocrx_word' id='word_1_836' title='bbox 2348 4592 2416 4647; x_wconf 90' lang='lat' dir='ltr'><strong>de</strong></span> <span class='ocrx_word' id='word_1_837' title='bbox 2439 4594 2697 4647; x_wconf 88' lang='lat' dir='ltr'><strong>vocabulo</strong></span> <span class='ocrx_word' id='word_1_838' title='bbox 2741 4595 3057 4661; x_wconf 86' lang='lat' dir='ltr'><strong>laboratur;</strong></span> <span class='ocrx_word' id='word_1_839' title='bbox 3088 4599 3177 4664; x_wconf 75' lang='lat' dir='ltr'><strong>qui</strong></span> <span class='ocrx_word' id='word_1_840' title='bbox 3202 4597 3396 4651; x_wconf 86' lang='lat' dir='ltr'><strong>deinde</strong></span> <span class='ocrx_word' id='word_1_841' title='bbox 3436 4600 3544 4651; x_wconf 89' lang='lat' dir='ltr'><strong>sint</strong></span> <span class='ocrx_word' id='word_1_842' title='bbox 3583 4590 3679 4651; x_wconf 67' lang='grc' dir='ltr'><strong>ου-</strong></span> 
     </span>
    </p>
   </div>
   <div class='ocr_carea' id='block_1_107' title="bbox 2111 4686 3686 4763">
    <p class='ocr_par' dir='ltr' id='par_1_107' title="bbox 2111 4686 3686 4763">
     <span class='ocr_line' id='line_1_107' title="bbox 2111 4686 3686 4763; baseline 0.006 -24"><span class='ocrx_word' id='word_1_843' title='bbox 2111 4694 2289 4739; x_wconf 84' lang='lat' dir='ltr'><strong>ctores</strong></span> <span class='ocrx_word' id='word_1_844' title='bbox 2316 4686 2430 4755; x_wconf 90' lang='lat' dir='ltr'><strong>ejus</strong></span> <span class='ocrx_word' id='word_1_845' title='bbox 2457 4686 2599 4751; x_wconf 90' lang='lat' dir='ltr'><strong>facti,</strong></span> <span class='ocrx_word' id='word_1_846' title='bbox 2619 4696 2674 4741; x_wconf 91' lang='lat' dir='ltr'><strong>et</strong></span> <span class='ocrx_word' id='word_1_847' title='bbox 2703 4690 3019 4743; x_wconf 88' lang='lat' dir='ltr'><strong>inventi0uis</strong></span> <span class='ocrx_word' id='word_1_848' title='bbox 3035 4693 3490 4759; x_wconf 89' lang='lat' dir='ltr'><strong>comprobatores,</strong></span> <span class='ocrx_word' id='word_1_849' title='bbox 3515 4702 3686 4763; x_wconf 36' lang='lat' dir='ltr'><strong>atque.</strong></span> 
     </span>
    </p>
   </div>
   <div class='ocr_carea' id='block_1_108' title="bbox 2112 4778 3678 4851">
    <p class='ocr_par' dir='ltr' id='par_1_108' title="bbox 2112 4778 3678 4851">
     <span class='ocr_line' id='line_1_108' title="bbox 2112 4778 3678 4851; baseline 0.006 -20"><span class='ocrx_word' id='word_1_850' title='bbox 2112 4778 2288 4831; x_wconf 70' lang='lat' dir='ltr'><strong>aemuli</strong></span> <span class='ocrx_word' id='word_1_851' title='bbox 2311 4796 2323 4830; x_wconf 88' lang='lat'><strong>:</strong></span> <span class='ocrx_word' id='word_1_852' title='bbox 2349 4778 2399 4830; x_wconf 91' lang='lat' dir='ltr'><strong>id</strong></span> <span class='ocrx_word' id='word_1_853' title='bbox 2427 4787 2591 4832; x_wconf 79' lang='lat' dir='ltr'><strong>talum</strong></span> <span class='ocrx_word' id='word_1_854' title='bbox 2622 4794 2685 4832; x_wconf 84' lang='lat' dir='ltr'><strong>ex</strong></span> <span class='ocrx_word' id='word_1_855' title='bbox 2710 4780 2933 4849; x_wconf 90' lang='lat' dir='ltr'><strong>judicio,</strong></span> <span class='ocrx_word' id='word_1_856' title='bbox 2954 4784 3419 4851; x_wconf 87' lang='lat' dir='ltr'><strong>etquodammodo</strong></span> <span class='ocrx_word' id='word_1_857' title='bbox 3440 4786 3678 4840; x_wconf 61' lang='lat' dir='ltr'><strong>testintoo</strong></span> 
     </span>
    </p>
   </div>
   <div class='ocr_carea' id='block_1_109' title="bbox 2114 4875 3679 4948">
    <p class='ocr_par' dir='ltr' id='par_1_109' title="bbox 2114 4875 3679 4948">
     <span class='ocr_line' id='line_1_109' title="bbox 2114 4875 3679 4948; baseline 0.003 -19"><span class='ocrx_word' id='word_1_858' title='bbox 2114 4875 2201 4929; x_wconf 85' lang='lat' dir='ltr'><strong>nio</strong></span> <span class='ocrx_word' id='word_1_859' title='bbox 2229 4875 2562 4928; x_wconf 79' lang='lat' dir='ltr'><strong>extrinsecus</strong></span> <span class='ocrx_word' id='word_1_860' title='bbox 2604 4878 2781 4944; x_wconf 84' lang='lat' dir='ltr'><strong>posito</strong></span> <span class='ocrx_word' id='word_1_861' title='bbox 2809 4877 2874 4929; x_wconf 87' lang='lat' dir='ltr'><strong>ad</strong></span> <span class='ocrx_word' id='word_1_862' title='bbox 2927 4878 3221 4931; x_wconf 89' lang='lat' dir='ltr'><strong>subsidium</strong></span> <span class='ocrx_word' id='word_1_863' title='bbox 3271 4880 3494 4933; x_wconf 81' lang='lat' dir='ltr'><strong>confluit</strong></span> <span class='ocrx_word' id='word_1_864' title='bbox 3523 4894 3679 4948; x_wconf 87' lang='lat' dir='ltr'><strong>argu-</strong></span> 
     </span>
    </p>
   </div>
   <div class='ocr_carea' id='block_1_110' title="bbox 2115 4965 3689 5039">
    <p class='ocr_par' dir='ltr' id='par_1_110' title="bbox 2115 4965 3689 5039">
     <span class='ocr_line' id='line_1_110' title="bbox 2115 4965 3689 5039; baseline 0 -18"><span class='ocrx_word' id='word_1_865' title='bbox 2115 4966 2277 5021; x_wconf 89' lang='lat' dir='ltr'><strong>menti</strong></span> <span class='ocrx_word' id='word_1_866' title='bbox 2303 4982 2316 5030; x_wconf 93' lang='lat'><strong>;</strong></span> <span class='ocrx_word' id='word_1_867' title='bbox 2357 4965 2548 5019; x_wconf 88' lang='lat' dir='ltr'><strong>deinde</strong></span> <span class='ocrx_word' id='word_1_868' title='bbox 2576 4977 2628 5020; x_wconf 92' lang='lat' dir='ltr'><strong>ct</strong></span> <span class='ocrx_word' id='word_1_869' title='bbox 2661 4982 2780 5035; x_wconf 77' lang='lat' dir='ltr'><strong>qua:</strong></span> <span class='ocrx_word' id='word_1_870' title='bbox 2810 4968 2926 5036; x_wconf 88' lang='lat' dir='ltr'><strong>ejus</strong></span> <span class='ocrx_word' id='word_1_871' title='bbox 2955 4970 3031 5022; x_wconf 93' lang='lat' dir='ltr'><strong>rei</strong></span> <span class='ocrx_word' id='word_1_872' title='bbox 3069 4970 3141 5022; x_wconf 90' lang='lat' dir='ltr'><strong>sit</strong></span> <span class='ocrx_word' id='word_1_873' title='bbox 3172 4970 3279 5034; x_wconf 86' lang='lat' dir='ltr'><strong>lex,</strong></span> <span class='ocrx_word' id='word_1_874' title='bbox 3323 4972 3689 5039; x_wconf 63' lang='lat' dir='ltr'><strong>Consuetudo,</strong></span> 
     </span>
    </p>
   </div>
   <div class='ocr_carea' id='block_1_111' title="bbox 2114 5057 3681 5130">
    <p class='ocr_par' dir='ltr' id='par_1_111' title="bbox 2114 5057 3681 5130">
     <span class='ocr_line' id='line_1_111' title="bbox 2114 5057 3681 5130; baseline 0.001 -19"><span class='ocrx_word' id='word_1_875' title='bbox 2114 5060 2305 5127; x_wconf 89' lang='lat' dir='ltr'><strong>pactio,</strong></span> <span class='ocrx_word' id='word_1_876' title='bbox 2332 5057 2612 5126; x_wconf 89' lang='lat' dir='ltr'><strong>judicium,</strong></span> <span class='ocrx_word' id='word_1_877' title='bbox 2642 5060 2926 5122; x_wconf 86' lang='lat' dir='ltr'><strong>sententia,</strong></span> <span class='ocrx_word' id='word_1_878' title='bbox 2952 5061 3257 5114; x_wconf 81' lang='lat' dir='ltr'><strong>artificium.</strong></span> <span class='ocrx_word' id='word_1_879' title='bbox 3302 5060 3506 5114; x_wconf 90' lang='lat' dir='ltr'><strong>Deinde</strong></span> <span class='ocrx_word' id='word_1_880' title='bbox 3535 5075 3681 5130; x_wconf 77' lang='lat' dir='ltr'><strong>qua:-</strong></span> 
     </span>
    </p>
   </div>
   <div class='ocr_carea' id='block_1_112' title="bbox 2110 5150 3680 5220">
    <p class='ocr_par' dir='ltr' id='par_1_112' title="bbox 2110 5150 3680 5220">
     <span class='ocr_line' id='line_1_112' title="bbox 2110 5150 3680 5220; baseline 0.001 -18"><span class='ocrx_word' id='word_1_881' title='bbox 2110 5152 2245 5203; x_wconf 89' lang='lat' dir='ltr'><strong>ritur</strong></span> <span class='ocrx_word' id='word_1_882' title='bbox 2282 5151 2327 5204; x_wconf 86' lang='lat' dir='ltr'><strong>si</strong></span> <span class='ocrx_word' id='word_1_883' title='bbox 2380 5159 2566 5203; x_wconf 87' lang='lat' dir='ltr'><strong>natura</strong></span> <span class='ocrx_word' id='word_1_884' title='bbox 2596 5150 2717 5219; x_wconf 82' lang='lat' dir='ltr'><strong>ejus</strong></span> <span class='ocrx_word' id='word_1_885' title='bbox 2746 5154 2962 5206; x_wconf 76' lang='lat' dir='ltr'><strong>evenire</strong></span> <span class='ocrx_word' id='word_1_886' title='bbox 2995 5154 3153 5220; x_wconf 78' lang='lat' dir='ltr'><strong>vulgo</strong></span> <span class='ocrx_word' id='word_1_887' title='bbox 3202 5152 3392 5215; x_wconf 86' lang='lat' dir='ltr'><strong>soleat,</strong></span> <span class='ocrx_word' id='word_1_888' title='bbox 3426 5167 3492 5205; x_wconf 89' lang='lat' dir='ltr'><strong>an</strong></span> <span class='ocrx_word' id='word_1_889' title='bbox 3535 5153 3680 5205; x_wconf 86' lang='lat' dir='ltr'><strong>inso-</strong></span> 
     </span>
    </p>
   </div>
   <div class='ocr_carea' id='block_1_113' title="bbox 2110 5242 3689 5307">
    <p class='ocr_par' dir='ltr' id='par_1_113' title="bbox 2110 5242 3689 5307">
     <span class='ocr_line' id='line_1_113' title="bbox 2110 5242 3689 5307; baseline -0.001 -10"><span class='ocrx_word' id='word_1_890' title='bbox 2110 5243 2279 5297; x_wconf 89' lang='lat' dir='ltr'><strong>lenter</strong></span> <span class='ocrx_word' id='word_1_891' title='bbox 2324 5251 2379 5297; x_wconf 88' lang='lat' dir='ltr'><strong>et</strong></span> <span class='ocrx_word' id='word_1_892' title='bbox 2428 5258 2579 5307; x_wconf 82' lang='lat' dir='ltr'><strong>raro;</strong></span> <span class='ocrx_word' id='word_1_893' title='bbox 2628 5253 2806 5298; x_wconf 83' lang='lat' dir='ltr'><strong>utrum</strong></span> <span class='ocrx_word' id='word_1_894' title='bbox 2856 5244 3101 5298; x_wconf 82' lang='lat' dir='ltr'><strong>homines</strong></span> <span class='ocrx_word' id='word_1_895' title='bbox 3146 5242 3201 5296; x_wconf 81' lang='lat' dir='ltr'><strong>id</strong></span> <span class='ocrx_word' id='word_1_896' title='bbox 3228 5259 3321 5296; x_wconf 81' lang='lat' dir='ltr'><strong>sua</strong></span> <span class='ocrx_word' id='word_1_897' title='bbox 3362 5243 3689 5297; x_wconf 81' lang='lat' dir='ltr'><strong>auctoritate</strong></span> 
     </span>
    </p>
   </div>
   <div class='ocr_carea' id='block_1_114' title="bbox 2110 5332 3681 5401">
    <p class='ocr_par' dir='ltr' id='par_1_114' title="bbox 2110 5332 3681 5401">
     <span class='ocr_line' id='line_1_114' title="bbox 2110 5332 3681 5401; baseline 0.001 -16"><span class='ocrx_word' id='word_1_898' title='bbox 2110 5335 2459 5401; x_wconf 91' lang='lat' dir='ltr'><strong>comprobare</strong></span> <span class='ocrx_word' id='word_1_899' title='bbox 2481 5348 2542 5386; x_wconf 90' lang='lat' dir='ltr'><strong>ac</strong></span> <span class='ocrx_word' id='word_1_900' title='bbox 2568 5332 2855 5386; x_wconf 89' lang='lat' dir='ltr'><strong>defendere</strong></span> <span class='ocrx_word' id='word_1_901' title='bbox 2880 5333 2932 5385; x_wconf 90' lang='lat' dir='ltr'><strong>in</strong></span> <span class='ocrx_word' id='word_1_902' title='bbox 2961 5334 3042 5385; x_wconf 89' lang='lat' dir='ltr'><strong>Itis</strong></span> <span class='ocrx_word' id='word_1_903' title='bbox 3066 5333 3465 5400; x_wconf 86' lang='lat' dir='ltr'><strong>consueverint,</strong></span> <span class='ocrx_word' id='word_1_904' title='bbox 3489 5344 3543 5387; x_wconf 89' lang='lat' dir='ltr'><strong>et</strong></span> <span class='ocrx_word' id='word_1_905' title='bbox 3570 5347 3681 5387; x_wconf 70' lang='lat' dir='ltr'><strong>cte-</strong></span> 
     </span>
    </p>
   </div>
   <div class='ocr_carea' id='block_1_115' title="bbox 2110 5422 3677 5492">
    <p class='ocr_par' dir='ltr' id='par_1_115' title="bbox 2110 5422 3677 5492">
     <span class='ocr_line' id='line_1_115' title="bbox 2110 5422 3677 5492; baseline -0.001 -15"><span class='ocrx_word' id='word_1_906' title='bbox 2110 5433 2221 5477; x_wconf 84' lang='lat' dir='ltr'><strong>tera</strong></span> <span class='ocrx_word' id='word_1_907' title='bbox 2274 5436 2390 5492; x_wconf 75' lang='lat' dir='ltr'><strong>quae</strong></span> <span class='ocrx_word' id='word_1_908' title='bbox 2418 5423 2609 5475; x_wconf 82' lang='lat' dir='ltr'><strong>factum</strong></span> <span class='ocrx_word' id='word_1_909' title='bbox 2652 5423 2845 5491; x_wconf 80' lang='lat' dir='ltr'><strong>aliquid</strong></span> <span class='ocrx_word' id='word_1_910' title='bbox 2900 5422 3141 5475; x_wconf 88' lang='lat' dir='ltr'><strong>similiter</strong></span> <span class='ocrx_word' id='word_1_911' title='bbox 3168 5422 3446 5476; x_wconf 85' lang='lat' dir='ltr'><strong>confestim</strong></span> <span class='ocrx_word' id='word_1_912' title='bbox 3474 5433 3563 5475; x_wconf 84' lang='lat' dir='ltr'><strong>aut</strong></span> <span class='ocrx_word' id='word_1_913' title='bbox 3595 5424 3677 5476; x_wconf 83' lang='lat' dir='ltr'><strong>in-</strong></span> 
     </span>
    </p>
   </div>
   <div class='ocr_carea' id='block_1_116' title="bbox 2111 5514 3679 5583">
    <p class='ocr_par' dir='ltr' id='par_1_116' title="bbox 2111 5514 3679 5583">
     <span class='ocr_line' id='line_1_116' title="bbox 2111 5514 3679 5583; baseline -0.001 -14"><span class='ocrx_word' id='word_1_914' title='bbox 2111 5515 2329 5571; x_wconf 80' lang='lat' dir='ltr'><strong>tervallo</strong></span> <span class='ocrx_word' id='word_1_915' title='bbox 2350 5514 2523 5569; x_wconf 89' lang='lat' dir='ltr'><strong>solent</strong></span> <span class='ocrx_word' id='word_1_916' title='bbox 2548 5514 2821 5582; x_wconf 92' lang='lat' dir='ltr'><strong>consequi,</strong></span> <span class='ocrx_word' id='word_1_917' title='bbox 2846 5528 2965 5583; x_wconf 79' lang='lat' dir='ltr'><strong>qua:</strong></span> <span class='ocrx_word' id='word_1_918' title='bbox 2993 5526 3210 5568; x_wconf 87' lang='lat' dir='ltr'><strong>necesse</strong></span> <span class='ocrx_word' id='word_1_919' title='bbox 3240 5525 3321 5568; x_wconf 90' lang='lat' dir='ltr'><strong>est</strong></span> <span class='ocrx_word' id='word_1_920' title='bbox 3342 5515 3679 5569; x_wconf 80' lang='lat' dir='ltr'><strong>extrinsecus</strong></span> 
     </span>
    </p>
   </div>
   <div class='ocr_carea' id='block_1_117' title="bbox 2169 5665 3671 5737">
    <p class='ocr_par' dir='ltr' id='par_1_117' title="bbox 2169 5665 3671 5737">
     <span class='ocr_line' id='line_1_117' title="bbox 2169 5665 3671 5737; baseline 0.001 -22"><span class='ocrx_word' id='word_1_921' title='bbox 2169 5668 2213 5737; x_wconf 82' lang='lat'><strong>‘_&#39;</strong></span> <span class='ocrx_word' id='word_1_922' title='bbox 2238 5668 2421 5737; x_wconf 67' lang='lat' dir='ltr'><strong>Sensus</strong></span> <span class='ocrx_word' id='word_1_923' title='bbox 2444 5681 2552 5736; x_wconf 78' lang='lat' dir='ltr'><strong>esse</strong></span> <span class='ocrx_word' id='word_1_924' title='bbox 2575 5667 2769 5716; x_wconf 80' lang='lat' dir='ltr'><strong>videtur</strong></span> <span class='ocrx_word' id='word_1_925' title='bbox 2792 5679 2804 5714; x_wconf 93' lang='lat'>:</span> <span class='ocrx_word' id='word_1_926' title='bbox 2829 5679 2973 5737; x_wconf 67' lang='lat' dir='ltr'><strong>ttrqtte</strong></span> <span class='ocrx_word' id='word_1_927' title='bbox 3000 5665 3032 5717; x_wconf 75' lang='grc' dir='ltr'><strong>ἱ.</strong></span> <span class='ocrx_word' id='word_1_928' title='bbox 3060 5668 3125 5733; x_wconf 80' lang='lat' dir='ltr'><strong>ip.</strong></span> <span class='ocrx_word' id='word_1_929' title='bbox 3153 5667 3216 5720; x_wconf 86' lang='lat' dir='ltr'><strong>in.</strong></span> <span class='ocrx_word' id='word_1_930' title='bbox 3242 5666 3366 5730; x_wconf 60' lang='lat' dir='ltr'><strong>reb,</strong></span> <span class='ocrx_word' id='word_1_931' title='bbox 3398 5668 3524 5732; x_wconf 81' lang='lat' dir='ltr'><strong>quod</strong></span> <span class='ocrx_word' id='word_1_932' title='bbox 3547 5666 3671 5718; x_wconf 66' lang='lat' dir='ltr'><strong>enim</strong></span> 
     </span>
    </p>
   </div>
   <div class='ocr_carea' id='block_1_118' title="bbox 2109 5730 3044 5795">
    <p class='ocr_par' dir='ltr' id='par_1_118' title="bbox 2109 5730 3044 5795">
     <span class='ocr_line' id='line_1_118' title="bbox 2109 5730 3044 5795; baseline 0.001 -14"><span class='ocrx_word' id='word_1_933' title='bbox 2109 5730 2223 5795; x_wconf 66' lang='lat' dir='ltr'><strong>ipsis</strong></span> <span class='ocrx_word' id='word_1_934' title='bbox 2240 5730 2303 5781; x_wconf 83' lang='lat' dir='ltr'><strong>t&#39;tt.</strong></span> <span class='ocrx_word' id='word_1_935' title='bbox 2330 5731 2427 5779; x_wconf 79' lang='lat' dir='ltr'><strong>reb.</strong></span> <span class='ocrx_word' id='word_1_936' title='bbox 2454 5730 2569 5779; x_wconf 54' lang='lat' dir='ltr'><strong>in.»</strong></span> <span class='ocrx_word' id='word_1_937' title='bbox 2593 5741 2755 5791; x_wconf 72' lang='lat' dir='ltr'><strong>ret-imi</strong></span> <span class='ocrx_word' id='word_1_938' title='bbox 2778 5731 2924 5789; x_wconf 52' lang='lat' dir='ltr'><strong>suum,</strong></span> <span class='ocrx_word' id='word_1_939' title='bbox 2953 5741 3044 5782; x_wconf 63' lang='lat' dir='ltr'><strong>etc.</strong></span> 
     </span>
    </p>
   </div>
  </div>
