4274 6272
595 333 730 387 1215

1815 328 1918 383 AN.
1964 328 2166 381 MANL.
2207 326 2355 382 Sl‘LV.
2403 326 2619 381 BOETII
2690 376 2691 381 η

3706 334 3841 388 Ηιῦ

595 449 765 516 posita
811 446 874 499 ad
922 446 1226 514 opinionem
1259 443 1426 511 magis
1454 442 1672 496 tendere
1703 457 1859 511 quam
1891 442 1957 495 ad
1990 443 2154 510 ipsam
2190 448 2234 502 Α
2264 440 2627 494 contractione
2657 439 2870 494 discreti
2893 449 3036 494 sunt.
3070 442 3197 495 Nam
3231 444 3641 502 dialecticorum
3667 452 3837 518 major

599 554 779 592 rerum
821 547 1085 590 naturam.
1117 536 1295 601 Itaque
1326 536 1376 586 in
1423 533 1502 587 his
1524 541 1748 602 quatuor
1786 534 1909 586 licet
1938 533 2161 601 negotiis

597 632 851 683 attributa
909 627 1167 691 dividere,
1201 640 1256 679 ut
1306 627 1414 679 sint
1446 628 1634 692 partim
1684 625 2012 679 continentia
2038 638 2157 676 cum

598 722 711 787 ipso
734 719 968 787 negmio,
998 733 1116 786 qua:
1134 719 1267 769 facta
1290 732 1409 770 esse
1427 716 1669 782 superius
1687 713 1884 767 dictum
1908 722 2018 774 est;
2045 727 2162 777 par-

596 811 689 863 tim
714 810 764 862 in
794 810 1033 877 gestione
1062 808 1411 875 negotii,quze
1436 822 1539 859 non
1560 820 1679 859 csse
1700 804 1855 866 facta,
1889 803 1979 856 sed
2010 802 2179 854 factis

594 905 919 958 adhaerentia
968 904 1166 956 dudmn
1219 901 1660 963 monstravimus;
1692 898 1881 967 partim
1916 897 2157 963 adjuncta

594 997 830 1064 negotio.
870 995 993 1048 llmc
1026 996 1110 1062 (ut
1140 994 1335 1044 dictum
1368 996 1469 1057 est)
1491 991 1680 1060 partim
1706 989 1756 1042 in
1789 988 2043 1042 relatione
2070 1001 2163 1054 po-

595 1096 811 1149 nuntur,
840 1087 1029 1153 partim
1076 1094 1279 1152 gestum
1313 1081 1579 1151 negotium
1611 1090 2031 1146 consequuntur,
2061 1078 2157 1129 ho-

595 1192 713 1229 rum
745 1177 875 1228 ﬁdes
898 1178 1233 1229 extrinsecus
1265 1176 1509 1225 sumitur.
1555 1176 1627 1225 Ac
1652 1174 1716 1224 de
1740 1172 2020 1223 rhetorims
2047 1185 2163 1237 qut-

594 1270 718 1322 dem
753 1267 884 1321 locis
917 1267 1047 1321 satis
1073 1266 1270 1319 dictum
1302 1275 1382 1319 est
1411 1282 1423 1317 :
1452 1280 1592 1318 nunc
1633 1265 1761 1317 illud
1787 1274 1867 1317 est
1894 1263 2163 1330 explican-

594 1363 743 1427 dum,
777 1376 893 1430 quas
932 1361 998 1414 sit
1030 1360 1113 1412 his
1142 1358 1439 1411 similitudo
1470 1374 1588 1410 cum
1620 1357 1936 1423 dialecticis,
1976 1368 2161 1423 qumve

593 1452 897 1515 diversitas,
928 1449 1068 1518 quod
1107 1465 1225 1503 cum
1277 1450 1467 1501 idonee
1496 1447 1981 1513 convenienterque
2013 1459 2164 1497 mon-

595 1553 858 1608 stravero,
890 1541 1149 1609 propositi
1181 1541 1361 1607 operis
1383 1539 1680 1604 explebitur
1708 1538 1953 1590 intentio.
1982 1537 2162 1589 Primo

594 1634 729 1688 adeo
758 1643 816 1687 ut
858 1634 909 1687 in
959 1631 1252 1685 dialecticis
1281 1631 1409 1683 locis
1458 1631 1619 1697 (sicut
1646 1629 1939 1683 'l‘hemistio
1968 1629 2160 1695 placet)

594 1726 679 1780 alii
710 1736 830 1780 sunt
858 1725 946 1793 qui
977 1726 1027 1778 in
1057 1725 1185 1791 ipsis
1218 1723 1422 1775 lia-rent
1458 1723 1524 1775 de
1549 1723 1737 1789 quibus
1764 1723 2040 1789 quaeritur,
2071 1720 2158 1772 alii

2264 539 2345 583 est
2371 530 2618 595 ambitus,
2652 532 2973 600 etquoniam
3008 544 3201 601 praeter
3230 535 3658 593 circumstantias
3687 551 3833 605 sunt,

2264 636 2381 689 qua:
2409 623 2705 691 singulares
2730 623 3162 690 faciuntcausas,
3199 642 3302 679 non
3338 629 3495 681 modo
3536 629 3602 683 ad
3653 632 3838 686 theses

2267 714 2429 768 utiles
2460 725 2606 779 sunt,
2642 730 2822 769 verum
2846 717 3006 771 etiam
3037 719 3100 771 ad
3124 732 3433 787 argumenta
3462 739 3579 790 qua:
3602 725 3654 776 in
3679 726 3841 794 hypo-

2267 807 2504 859 thesibus
2540 808 2709 875 posita
2743 817 2885 871 sunt,
2915 824 3207 878 eorumque
3237 814 3380 867 locos
3402 816 3490 881 qui
3514 830 3581 868 ex
3601 818 3836 871 circum~

2266 900 2476 952 stantiis
2504 909 2753 953 constant
2783 902 3039 955 claudunt
3082 914 3243 970 atque
3266 906 3527 959 ambiunt.
3562 907 3745 976 Itaque
3776 910 3840 964 Iit

2268 1000 2324 1042 ut
2347 1006 2558 1058 semper
2582 1001 2738 1045 exeat
2764 992 2948 1046 rhetor
2996 994 3291 1049 dialecticis
3342 997 3493 1063 locis,
3525 999 3838 1054 dialecticus

2265 1081 2373 1133 suis
2423 1082 2589 1148 possit
2632 1096 2754 1135 esse
2792 1092 3095 1136 contentus.
3142 1084 3344 1139 Rhetor
3389 1088 3529 1140 enim
3584 1094 3833 1158 quoniam

2265 1186 2453 1223 causas
2483 1187 2551 1225 ex
2575 1174 2988 1226 circumstantiis
3017 1183 3228 1239 tractat,
3259 1192 3320 1230 ex
3357 1178 3559 1231 eisdem
3601 1183 3833 1234 circum-

2265 1263 2472 1315 stantiis
2518 1275 2827 1332 argumenta
2881 1278 3168 1332 persumct,
3226 1283 3343 1334 qum
3393 1285 3613 1325 necesse
3653 1284 3733 1327 est
3761 1277 3831 1327 ab

2266 1351 2650 1405 ttuiversalibus
2716 1364 2769 1407 et
2815 1353 3150 1422 simplicibus
3194 1358 3525 1423 conlirmari,
3576 1363 3662 1429 qui
3706 1374 3831 1415 sunt

2266 1442 2548 1496 dialectici.
2580 1443 2901 1498 Dialecticus
2934 1462 3060 1498 vero
3085 1448 3172 1513 qui
3203 1451 3351 1516 prior
3378 1458 3483 1513 est,
3533 1454 3832 1519 posteriore

2266 1550 2371 1587 non
2407 1545 2545 1603 eget,
2579 1536 2677 1587 nisi
2706 1536 2991 1604 aliquando
3023 1539 3271 1593 inviderit
3300 1543 3526 1609 quaestio
3569 1558 3834 1610 personas.

2266 1636 2322 1679 ut
2347 1642 2465 1678 cum
2497 1628 2566 1679 sit
2610 1628 2848 1680 incidens
2891 1629 3169 1683 dialccuco
3212 1631 3276 1683 ad
3308 1633 3638 1699 probandam
3679 1649 3831 1690 suam

2266 1717 2455 1771 thesim
2498 1734 2654 1771 causa
2709 1720 3120 1774 circumstantiis
3170 1722 3397 1786 inclusa,
3460 1734 3568 1777 tum
3620 1726 3834 1780 demum

594 1824 934 1870 assumuntur
962 1816 1314 1875 extrinsecus,
1342 1813 1429 1865 alii
1472 1829 1597 1865 vero
1630 1813 1789 1865 medii
1822 1812 1959 1864 inter
1983 1821 2158 1863 utros-
2190 1816 2236 1874 Β
2264 1810 2547 1863 rhetoricis
2577 1820 2753 1862 utatur
2784 1810 2937 1863 locis.
2976 1813 3163 1880 Itaque
3191 1814 3244 1865 in
3275 1814 3569 1868 dialecticis
3601 1816 3751 1881 locis,
3788 1821 3835 1873 si

594 1920 695 1975 que
724 1905 878 1958 locati
900 1914 1021 1958 sunt
1046 1921 1061 1959 :
1099 1905 1178 1957 sic
1200 1904 1252 1957 in
1276 1905 1560 1957 rhetoricis
1582 1919 1793 1971 quoque
1816 1903 1965 1966 locis,
1991 1902 2077 1954 alii
2107 1901 2157 1954 in

593 1996 833 2065 persenis
863 2005 1022 2064 atque
1056 1995 1266 2064 negotio
1292 1993 1611 2056 consistunt,
1641 1993 1709 2047 de
1740 1993 1931 2061 quibus
1975 2007 2039 2043 ex
2066 1992 2160 2043 ad-

564 2100 743 2151 .versa
773 2097 919 2154 parte
955 2093 1209 2148 certatur,
1233 2083 1319 2136 alii
1350 2099 1475 2138 vero
1503 2085 1855 2143 extrinsecus,
1891 2093 1945 2134 ut
1985 2082 2036 2135 hi
2068 2083 2156 2149 qui

592 2185 797 2245 gestum
818 2178 1082 2245 negotium
1110 2183 1525 2248 consequuntur,
1557 2174 1644 2226 alii
1673 2189 1798 2227 vero
1820 2172 2162 2238 tnedii.Quo-

591 2283 710 2321 rum
743 2268 966 2336 proximi
993 2266 1206 2335 quidem
1237 2268 1449 2335 negotio
1476 2279 1602 2317 sunt
1638 2264 1689 2317 lii
1722 2266 1808 2332 qui
1837 2280 1900 2317 ex
1928 2265 2163 2318 circum-

592 2361 800 2415 stantiis
821 2360 1006 2430 reliqui
1035 2360 1085 2413 in
1119 2360 1359 2427 gestione
1390 2358 1587 2426 negetii
1614 2358 2039 2411 considerantur.
2082 2358 2158 2411 illi

567 2448 724 2505 'vero
745 2453 831 2519 qui
849 2451 899 2503 in
926 2450 1192 2519 adjunctis
1215 2451 1427 2519 negotio
1451 2451 1798 2513 collocantur,
1827 2451 1924 2516 ipsi
1950 2465 2163 2518 quoque

592 2540 733 2594 inter
786 2541 989 2595 medios
1020 2542 1165 2594 locos
1213 2540 1364 2607 positi
1398 2551 1542 2604 sunt,
1599 2539 1849 2607 quoniam
1895 2542 2161 2609 negotium

592 2633 663 2688 de
688 2648 792 2702 quo
834 2633 1009 2702 agitur
1043 2634 1270 2701 quadam
1304 2631 1582 2686 allectione
1617 2632 1939 2701 respiciunt;
1974 2634 2061 2687 vel
2117 2635 2163 2689 si

595 2724 714 2793 quis
742 2739 802 2789 ea
824 2724 1032 2791 quidem
1066 2738 1183 2792 quae
1217 2724 1460 2791 personis
1485 2724 1736 2776 attributa
1757 2732 1902 2789 sunt,
1938 2724 2021 2777 vel
2048 2738 2165 2792 qua:

595 2819 919 2873 continentia
947 2828 1073 2871 sunt
1103 2833 1223 2871 cum
1255 2818 1372 2885 ipso
1420 2819 1653 2887 negotio,
1689 2819 1771 2872 vel
1810 2835 1929 2886 qua:
1988 2822 2036 2873 in
2074 2836 2165 2890 ge-

595 2910 768 2962 stione
806 2908 999 2978 negotii
1041 2909 1467 2975 considerantur,
1512 2910 1595 2962 his
1627 2908 1819 2963 similia
1856 2911 1989 2963 locis
2023 2911 2166 2964 dicat

597 3003 685 3071 qui
720 3001 788 3054 ab
836 3001 961 3067 ipsis
1004 3002 1053 3055 in
1104 3000 1381 3056 dialectica
1431 3002 1712 3055 trahuntur
1763 3002 1828 3055 de
1875 3004 2068 3072 quibus
2110 3005 2160 3055 in

597 3092 890 3161 quaestione
936 3093 1230 3160 dubitatur,
1278 3095 1659 3167 consequentia
1711 3110 1840 3147 vero
1896 3096 2163 3163 negotium

2264 1901 2337 1952 ita
2368 1900 2657 1968 contingat,
2704 1918 2732 1953 a
2764 1919 2958 1970 genere
3010 1914 3319 1971 argumenta
3345 1916 3651 1972 sumuntur,
3679 1910 3729 1962 id
3755 1920 3837 1964 est

2263 1992 2373 2054 ipsa
2402 1994 2614 2060 generis
2642 2001 2851 2045 natura.
2884 1994 2987 2047 Sed
3021 1995 3070 2046 in
3104 1994 3391 2050 rhetoricis
3416 1998 3482 2050 ab
3511 2014 3576 2052 eo
3605 2014 3827 2067 genere,

2264 2080 2405 2148 quod
2432 2081 2538 2134 illic
2570 2097 2735 2150 genus
2763 2090 2842 2135 est
2891 2083 2959 2136 de
2985 2098 3089 2149 quo
3117 2085 3309 2150 agitur,
3347 2101 3446 2139 nec
3474 2102 3499 2137 a
3526 2098 3716 2141 natura
3742 2106 3837 2157 ge-

2265 2174 2433 2234 neris,
2464 2173 2557 2225 sed
2580 2189 2608 2225 a
2642 2188 2699 2226 re
2728 2175 2961 2241 generis,
2984 2177 3183 2229 scilicet
3213 2176 3326 2244 ipsa
3359 2194 3478 2245 quae
3518 2196 3687 2249 genus
3726 2194 3830 2236 est.

2265 2262 2371 2316 Sed
2400 2273 2455 2316 ut
2478 2266 2869 2334 progrediatur,
2896 2267 3029 2319 ratio
3052 2282 3115 2320 ex
3141 2284 3201 2318 ea
3233 2268 3446 2336 pendet,
3477 2272 3615 2340 quod
3644 2283 3833 2327 natura

2265 2358 2471 2422 generis
2503 2368 2627 2411 ante
2644 2360 2963 2427 praecognita
2990 2370 3071 2414 est
3097 2377 3109 2411 :
3143 2372 3198 2412 ut
3224 2362 3267 2431 si
3292 2363 3559 2418 dubitetur
3585 2381 3648 2417 an
3667 2366 3829 2420 fuerit

2265 2445 2457 2512 aliquis
2495 2448 2703 2511 ebrius,
2756 2449 2984 2515 dicetur,
3031 2452 3075 2504 si
3123 2453 3367 2509 refellere
3426 2457 3675 2521 velimus,
3715 2475 3821 2511 non

2265 2532 2447 2599 fuisse,
2478 2538 2728 2603 quoniam
2780 2525 2918 2591 nulla
2980 2540 3033 2593 in
3068 2558 3147 2593 eo
3175 2543 3417 2599 luxuries
3456 2550 3827 2603 antecesserit.

2265 2626 2466 2680 Idcirco
2500 2630 2771 2696 nimirum,
2809 2633 2929 2701 quia
2968 2649 3088 2688 cum
3115 2635 3355 2692 luxuries
3384 2641 3654 2697 ebrietatis
3674 2648 3828 2712 quasi

2266 2719 2530 2788 quoddam
2560 2737 2728 2791 genus
2756 2725 2848 2787 sit,
2894 2740 3015 2779 cum
3038 2726 3280 2782 luxuries
3320 2732 3467 2784 nulla
3507 2732 3681 2800 fuerit,
3734 2752 3832 2791 nec

2266 2810 2496 2864 ebrietas
2519 2812 2731 2880 quidem
2763 2814 2880 2867 fuit.
2912 2816 3017 2869 Sed
3048 2819 3149 2872 hoc
3178 2822 3371 2887 pendet
3396 2837 3461 2876 ex
3488 2824 3677 2878 altero.
3700 2825 3832 2881 Cum

2264 2903 2655 2958 enimluxurics
2686 2906 2933 2971 nonfuit,
2980 2908 3212 2964 ebrietas
3239 2927 3361 2966 esse
3386 2931 3488 2967 non
3524 2918 3717 2984 potuit.
3756 2919 3833 2975 Ex

2267 3003 2448 3047 natura
2481 2996 2693 3064 generis
2731 2996 3150 3064 demonstratur,
3186 3003 3327 3070 quod
3369 3004 3651 3060 dialectica
3700 3012 3833 3063 ratio

2266 3086 2650 3140 subministrat.
2705 3087 2852 3143 Unde
2883 3090 3023 3143 enim
3072 3108 3239 3160 genus
3287 3094 3456 3159 abest,
3506 3097 3630 3152 inde
3675 3104 3831 3154 etiam

598 3196 759 3253 ponat
803 3188 1155 3249 extrinsecus,
1206 3187 1457 3257 adjuncta
1514 3204 1641 3241 vero
1698 3189 1838 3241 inter
1882 3199 2164 3256 utrumque
2192 3175 2237 3237 C
2267 3190 2286 3227 ε

2146 3204 2164 3243 3
2192 3175 2237 3237 C
2267 3177 2473 3243 species
2500 3178 2689 3231 abesse
2720 3195 2940 3234 neceSse
2992 3193 3095 3244 est,
3127 3187 3375 3252 quoniam
3426 3203 3594 3267 genus
3630 3194 3834 3259 species

597 3278 906 3331 consdtuat.
954 3279 1233 3334 Ciceronis
1281 3295 1407 3333 vero
1473 3281 1718 3334 divisioni
1771 3280 1871 3334 hoc
1919 3281 2076 3335 modo
2107 3282 2165 3334 lit

598 3369 807 3422 similis.
837 3368 967 3421 Nam
995 3384 1056 3423 ea
1087 3385 1205 3437 quae
1231 3373 1556 3425 continentia
1588 3382 1713 3426 sunt
1755 3387 1875 3425 cum
1918 3373 2036 3440 ipso
2076 3389 2169 3427 ne-

600 3461 764 3529 gotio,
788 3460 871 3512 vel
895 3475 958 3512 ea
988 3476 1104 3530 qua:
1135 3462 1189 3513 in
1224 3464 1465 3530 gestione
1493 3464 1688 3532 negotii
1728 3464 2160 3529 considerantur,

598 3550 652 3604 in
675 3550 807 3618 ipsis
848 3551 1049 3605 haerent
1102 3552 1169 3605 de
1213 3554 1403 3620 quibus
1452 3556 1732 3620 quaaritur;
1780 3568 1839 3606 ea
1881 3569 2007 3621 vero
2050 3569 2167 3621 qua:

600 3643 849 3711 adjuncta
894 3653 1037 3707 sunt,
1068 3646 1207 3697 inter
1236 3645 1423 3698 aﬂec’ta
1454 3657 1760 3713 ponuntur;
1809 3647 1901 3700 sed
1938 3660 2001 3700 ea
2049 3662 2166 3715 quin

600 3747 806 3807 gestum
839 3736 1106 3805 negotium
1163 3751 1580 3806 consequuntur,
1621 3738 1955 3793 extrinsecus
2003 3738 2171 3792 collo-

601 3837 716 3882 cata
745 3836 888 3882 sunt.
937 3826 1034 3882 Vel
1086 3827 1131 3881 si
1175 3829 1291 3895 quis
1339 3845 1399 3882 ea
1434 3829 1646 3896 quidem
1674 3845 1795 3899 quae
1837 3830 2166 3884 continentia

599 3924 727 3971 "unt
750 3932 870 3972 cum
916 3917 1031 3986 ipso
1073 3920 1285 3989 negotio
1335 3919 1389 3973 in
1420 3919 1547 3987 ipsis
1596 3921 1803 3974 haerere
1843 3920 2164 3983 arbitretur,

600 4009 788 4065 aﬂecta
814 4026 940 4065 vero
967 4026 1093 4071 esse
1112 3995 1170 4065 ea
1198 4028 1315 4081 quas
1343 4020 1467 4066 sunt
1489 4012 1541 4066 in
1572 4013 1811 4083 gestione
1845 4015 2040 4082 negotii
2080 4015 2166 4069 vel

598 4101 847 4175 adjuncta
870 4104 1103 4173 negotio,
1130 4105 1462 4159 extrinsecus
1493 4116 1674 4159 autem
1706 4120 1766 4159 ea
1799 4121 1918 4174 quas
1946 4115 2155 4172 gestum

601 4199 871 4264 negotium
917 4206 1333 4265 consequuntur.
1391 4196 1509 4250 .Iatn
1556 4196 1659 4250 illa:
1706 4199 2004 4265 perspicua:
2046 4206 2170 4251 sunt

599 4288 1029 4352 communitates,
1066 4287 1225 4354 quod
1258 4288 1471 4356 quidem
1500 4289 1600 4357 ipsi
1632 4304 1768 4356 pene
1815 4290 1868 4343 in
1928 4290 2163 4359 utrisque

600 4379 941 4433 facultatibus
968 4390 1244 4434 versantur
1265 4381 1388 4445 loci,
1418 4392 1669 4449 utgenus,
1694 4391 1751 4433 ut
1776 4396 1916 4449 pars,
1942 4392 1998 4434 ut
2017 4384 2168 4435 simi-

600 4470 791 4536 litudo,
824 4480 881 4523 ut
906 4474 1253 4535 contrarium,
1280 4481 1337 4525 ut
1364 4472 1536 4541 majus
1556 4488 1618 4527 ac
1656 4473 1848 4526 minus.
1912 4473 1988 4526 De
2016 4489 2167 4527 com-

2269 3282 2376 3321 non
2404 3269 2683 3337 relinquit;
2714 3280 2769 3325 et
2796 3272 2862 3325 de
2883 3273 3145 3328 similibus
3179 3278 3412 3344 quidem,
3436 3290 3489 3333 et
3510 3282 3579 3335 de
3619 3296 3833 3337 contra-

2269 3362 2556 3416 riiseodem
2582 3365 2756 3419 modo.
2789 3366 2839 3418 in
2871 3366 3065 3432 quibus
3098 3371 3328 3423 maxima
3352 3383 3432 3425 est
3456 3375 3833 3432 dissimilitudo

2269 3455 2407 3507 inter
2434 3455 2731 3509 rhetoricos
2755 3472 2818 3510 ac
2843 3457 3153 3514 dialecticos
3180 3461 3348 3516 locos.
3379 3464 3666 3521 Dialectica
3693 3470 3835 3523 enim

2267 3557 2334 3596 ex
2362 3545 2490 3610 ipsis
2539 3546 2901 3612 qualitatibus,
2943 3547 3205 3603 rhetorica
3258 3567 3322 3605 ex
3370 3556 3625 3622 qualitate
3668 3561 3835 3613 susci-

2269 3635 2534 3702 pientibus
2563 3637 2723 3691 rebus
2761 3651 3072 3708 argumenta
3130 3645 3372 3713 vestigat.
3426 3646 3493 3702 Ut
3527 3651 3855 3715 dialecticus.

2269 3740 2333 3777 cx
2358 3740 2573 3794 genere,
2615 3727 2665 3780 id
2697 3739 2778 3782 est
2821 3745 2883 3782 ex
2928 3732 3038 3799 ipsa
3067 3736 3276 3801 generis
3306 3747 3518 3805 natura,
3561 3742 3744 3798 rhetor
3766 3762 3828 3800 ex

2268 3830 2330 3870 ea
2379 3833 2437 3869 re
2469 3833 2587 3887 qua:
2642 3833 2809 3886 genus
2852 3831 2962 3887 est;
2996 3823 3304 3881 dialecticus
3349 3843 3414 3881 ex
3461 3830 3847 3901 similitudine,

2269 3908 2453 3963 rhetor
2482 3924 2549 3963 ex
2579 3909 2758 3975 simili,
2811 3913 2860 3965 id
2906 3924 3070 3968 estex
3111 3930 3172 3971 ea
3199 3933 3257 3971 re
3287 3933 3403 3986 quae
3432 3922 3831 3980 similitudmem

2268 4001 2431 4069 cepit.
2459 3999 2663 4054 Eodem
2692 4007 2851 4056 modo
2882 4004 2971 4058 ille
2996 4019 3061 4058 ex
3082 4010 3483 4074 contrarietate,
3513 4012 3599 4068 hic
3624 4026 3835 4068 contra-

2269 4093 2369 4147 rio.
2394 4094 2649 4147 Omnibus
2675 4096 2833 4164 igitur
2858 4111 2973 4163 quae
3002 4100 3246 4164 superius
3276 4104 3644 4169 proposuimus
3670 4120 3834 4167 expe-

2270 4182 2413 4247 ditis,
2452 4183 2581 4237 illud
2634 4185 2866 4239 arbitror
2913 4190 3287 4254 apponendum
3334 4193 3474 4259 quod
3510 4195 3577 4247 M.
3629 4195 3832 4251 Tullius

2271 4274 2464 4344 Topica
2486 4292 2605 4344 quae
2634 4277 2701 4329 ad
2728 4275 2790 4330 C.
2824 4278 3133 4333 Trebatiqu
3191 4283 3418 4350 peritum
3461 4288 3593 4354 juris
3639 4290 3849 4354 edidit”

2270 4383 2375 4422 non
2404 4384 2469 4423 eo
2520 4370 2678 4423 modo
2707 4386 2810 4439 quo
2839 4371 2907 4425 de
2928 4373 3056 4439 ipsis
3084 4375 3341 4443 diSputari
3370 4381 3535 4446 possit
3563 4382 3835 4441 disseruit.

2268 4460 2360 4513 sed
2388 4461 2839 4528 quemadmodum
2887 4462 3169 4518 rhetoricic
3217 4468 3481 4523 facultatis
3526 4487 3843 4540 argumenta

600 4564 947 4618 munitatibns
986 4564 1117 4617 satis
1147 4565 1347 4618 dictum
1390 4575 1489 4618 est.
1539 4564 1860 4619 Dillerentize
1892 4564 1998 4619 illa:
2038 4574 2161 4619 sunt
2193 4554 2245 4614 D
2270 4551 2615 4612 ducerem”:
2645 4553 2783 4621 (ἰυοά
2804 4552 2951 4608 i'lhls
2983 4558 3378 4611 Commenmrils
3412 4550 3718 4630 άίιῖεειιιίυε
3738 4582 3834 4621 ei-

600 4656 741 4723 quod
771 4655 1031 4709 dialectici
1060 4654 1297 4709 thesibus
1345 4657 1506 4709 etiam
1536 4656 1643 4722 apti
1689 4664 1853 4719 sunt;
1904 4655 2157 4709 rhetorici

600 4753 809 4798 tantum
837 4746 900 4798 ad
925 4744 1266 4815 hypotheses,
1314 4746 1362 4800 id
1404 4757 1508 4809 est,
1541 4746 1606 4800 ad
1636 4747 1960 4816 quiestiones
1989 4744 2159 4799 infor-

600 4846 774 4889 matas
812 4836 1223 4916 circumstantiis
1269 4847 1641 4901 assumuntur;
1692 4853 1812 4891 nam
1844 4837 1984 4892 sicut
2034 4838 2162 4904 ipsa:

604 4928 883 4981 facultates
928 4943 957 4980 a
1003 4928 1304 4995 semetipsis
1344 4929 1747 4982 uuiversalitate
1775 4937 1829 4982 et
1884 4927 2167 4994 particula-

604 5019 760 5071 ritate
788 5018 1048 5071 distincta:
1072 5028 1214 5083 sunt,
1242 5018 1315 5071 ita
1335 5020 1492 5071 etiam
1526 5036 1711 5073 eorum
1741 5018 1841 5072 loci
1868 5017 2068 5070 ambitu
2109 5026 2163 5069 et

2275 4642 2569 4711 pedivimus
2594 4644 2685 4711 qui
2738 4659 2768 4695 a
2798 4645 2953 4697 nobis
2978 4646 3029 4698 in
3068 4647 3306 4716 ejusdem
3338 4648 3611 4706 Ciceronis
3638 4655 3841 4725 Topica

2270 4736 2559 4807 conscripti
2579 4747 2721 4792 sunt.
2765 4739 2878 4804 Quo
2918 4748 3096 4793 autem
3138 4742 3298 4796 modo
3325 4745 3391 4797 de
3432 4744 3513 4798 his
3541 4746 3835 4803 dialecticis

2272 4828 2567 4905 rationibus
2609 4830 2928 4898 disputetur,
2976 4832 3029 4883 in
3061 4830 3141 4884 his
3186 4837 3583 4888 commentariis
3623 4853 3755 4905 quos
3785 4840 3834 4891 in

2273 4922 2575 4979 Aristotelis
2599 4921 2796 4989 Topica
2823 4938 2851 4973 a
2887 4922 3044 4975 nobis
3099 4923 3354 4976 translata
3416 4927 3833 4996 conscripsimus

2268 5014 2572 5084 expeditum
2594 5022 2694 5067 est.

3833 5167 3836 5171 ι

1174 5243 1303 5318 DE
1354 5241 1690 5318 BOETII
1744 5237 2296 5317 OPUSCULIS
2356 5236 2759 5313 DUOBUS
2816 5235 3261 5313 INEDITIS

1003 5381 1100 5441 ET
1162 5380 1266 5439 DE
1324 5379 1408 5459 (a)
1471 5376 2057 5441 COMMENTARIO
2115 5376 2219 5434 AD
2270 5374 2695 5435 NONNULLA
2750 5372 3016 5433 BOETII
3055 5374 3436 5436 CARMINA.

675 5526 850 5580 Manlii
882 5525 1119 5580 Severini
1158 5524 1358 5589 Boetii,
1396 5524 1548 5593 cujus
1580 5538 1700 5593 erga
1733 5522 1938 5577 litteras
1966 5518 2153 5574 merita

607 5616 717 5671 sole
772 5616 1067 5672 meridiano
1126 5614 1414 5671 illustriora
1457 5624 1613 5680 sunt,
1646 5616 1921 5683 complura
1961 5611 2162 5680 scripta

2273 5513 2508 5569 nondum
2551 5530 2669 5569 cum
2702 5516 2907 5570 ert-teris
2958 5515 3219 5583 impressa
3245 5519 3382 5588 typis
3432 5519 3677 5581 fuerunt,
3711 5521 3832 5587 quia

2276 5608 2357 5662 vel
2388 5610 2641 5678 temporis
2669 5607 2929 5665 edacitate
2982 5609 3228 5666 videntur
3252 5621 3583 5681 consumpta,
3619 5611 3703 5666 vel
3754 5612 3833 5685 in-

681 5752 755 5818 (n)
797 5752 945 5807 Hunc
967 5751 1404 5808 commentarium
1429 5751 1560 5809 intra
1584 5752 1635 5808 in
1676 5751 1966 5823 appendice
1991 5750 2252 5808 dabimus.
2306 5748 2453 5805 Eutr.
