  <div class='ocr_page' id='page_1' title='image "/cluster/home/n/w/nwhite01/storage/ocr_20150623/64/hvd.32044073505265/614.png"; bbox 0 0 4274 6272; ppageno 0'>
   <div class='ocr_carea' id='block_1_1' title="bbox 463 350 595 405">
    <p class='ocr_par' dir='ltr' id='par_1_1' title="bbox 463 350 595 405">
     <span class='ocr_line' id='line_1_1' title="bbox 463 350 595 405; baseline -0.015 0"><span class='ocrx_word' id='word_1_1' title='bbox 463 350 595 405; x_wconf 68' lang='grc'><strong>1217</strong></span> 
     </span>
    </p>
   </div>
   <div class='ocr_carea' id='block_1_2' title="bbox 1604 347 2620 405">
    <p class='ocr_par' dir='ltr' id='par_1_2' title="bbox 1604 347 2620 405">
     <span class='ocr_line' id='line_1_2' title="bbox 1604 347 2620 405; baseline -0.001 -1"><span class='ocrx_word' id='word_1_2' title='bbox 1604 349 1678 404; x_wconf 71' lang='grc' dir='ltr'><strong>ΟΕ</strong></span> <span class='ocrx_word' id='word_1_3' title='bbox 1723 348 2130 405; x_wconf 72' lang='lat' dir='ltr'><strong>RllETORlC/E</strong></span> <span class='ocrx_word' id='word_1_4' title='bbox 2169 347 2620 403; x_wconf 56' lang='lat' dir='ltr'><strong>COGNATIONE.</strong></span> 
     </span>
    </p>
   </div>
   <div class='ocr_carea' id='block_1_3' title="bbox 3572 348 3703 406">
    <p class='ocr_par' dir='ltr' id='par_1_3' title="bbox 3572 348 3703 406">
     <span class='ocr_line' id='line_1_3' title="bbox 3572 348 3703 406; baseline -0.038 0"><span class='ocrx_word' id='word_1_5' title='bbox 3572 348 3703 406; x_wconf 68' lang='grc'><strong>1212</strong></span> 
     </span>
    </p>
   </div>
   <div class='ocr_carea' id='block_1_4' title="bbox 456 446 3708 534">
    <p class='ocr_par' dir='ltr' id='par_1_4' title="bbox 456 446 3708 534">
     <span class='ocr_line' id='line_1_4' title="bbox 456 446 3708 534; baseline -0.002 -17"><span class='ocrx_word' id='word_1_6' title='bbox 456 464 641 532; x_wconf 77' lang='lat' dir='ltr'><strong>gratiis</strong></span> <span class='ocrx_word' id='word_1_7' title='bbox 670 465 722 517; x_wconf 91' lang='lat' dir='ltr'><strong>in</strong></span> <span class='ocrx_word' id='word_1_8' title='bbox 768 464 1212 519; x_wconf 89' lang='lat' dir='ltr'><strong>bibliothccarum</strong></span> <span class='ocrx_word' id='word_1_9' title='bbox 1253 462 1433 515; x_wconf 70' lang='lat' dir='ltr'><strong>forulis</strong></span> <span class='ocrx_word' id='word_1_10' title='bbox 1462 478 1617 514; x_wconf 88' lang='lat' dir='ltr'><strong>manu</strong></span> <span class='ocrx_word' id='word_1_11' title='bbox 1662 462 1857 529; x_wconf 86' lang='lat' dir='ltr'><strong>scripta</strong></span> <span class='ocrx_word' id='word_1_12' title='bbox 1890 462 2028 515; x_wconf 84' lang='lat' dir='ltr'><strong>deli-</strong></span> <span class='ocrx_word' id='word_1_13' title='bbox 2058 462 2108 521; x_wconf 80' lang='grc' dir='ltr'><strong>Α</strong></span> <span class='ocrx_word' id='word_1_14' title='bbox 2137 476 2253 529; x_wconf 77' lang='lat' dir='ltr'><strong>anc</strong></span> <span class='ocrx_word' id='word_1_15' title='bbox 2279 470 2357 513; x_wconf 83' lang='lat' dir='ltr'><strong>est</strong></span> <span class='ocrx_word' id='word_1_16' title='bbox 2385 471 2600 529; x_wconf 81' lang='lat' dir='ltr'><strong>propter</strong></span> <span class='ocrx_word' id='word_1_17' title='bbox 2624 464 2827 519; x_wconf 84' lang='lat' dir='ltr'><strong>codic&#39;s</strong></span> <span class='ocrx_word' id='word_1_18' title='bbox 2862 466 3128 521; x_wconf 81' lang='lat' dir='ltr'><strong>defectum</strong></span> <span class='ocrx_word' id='word_1_19' title='bbox 3161 467 3447 534; x_wconf 75' lang='lat' dir='ltr'><strong>ttt‘ephaia:</strong></span> <span class='ocrx_word' id='word_1_20' title='bbox 3486 446 3708 522; x_wconf 50' lang='lat' dir='ltr'><strong>ibidem.</strong></span> 
     </span>
    </p>
   </div>
   <div class='ocr_carea' id='block_1_5' title="bbox 458 555 2025 610">
    <p class='ocr_par' dir='ltr' id='par_1_5' title="bbox 458 555 2025 610">
     <span class='ocr_line' id='line_1_5' title="bbox 458 555 2025 610; baseline -0.001 -1"><span class='ocrx_word' id='word_1_21' title='bbox 458 566 686 610; x_wconf 86' lang='lat' dir='ltr'><strong>tescunt.</strong></span> <span class='ocrx_word' id='word_1_22' title='bbox 723 556 799 610; x_wconf 82' lang='lat' dir='ltr'><strong>De</strong></span> <span class='ocrx_word' id='word_1_23' title='bbox 846 556 928 610; x_wconf 89' lang='lat' dir='ltr'><strong>his</strong></span> <span class='ocrx_word' id='word_1_24' title='bbox 961 566 1137 610; x_wconf 87' lang='lat' dir='ltr'><strong>tamen</strong></span> <span class='ocrx_word' id='word_1_25' title='bbox 1191 557 1356 609; x_wconf 85' lang='lat' dir='ltr'><strong>menti</strong></span> <span class='ocrx_word' id='word_1_26' title='bbox 1380 570 1515 607; x_wconf 85' lang='lat' dir='ltr'><strong>mem</strong></span> <span class='ocrx_word' id='word_1_27' title='bbox 1558 556 1798 608; x_wconf 88' lang='lat' dir='ltr'><strong>fecerunt</strong></span> <span class='ocrx_word' id='word_1_28' title='bbox 1828 555 2025 608; x_wconf 89' lang='lat' dir='ltr'><strong>biblio-</strong></span> 
     </span>
    </p>
   </div>
   <div class='ocr_carea' id='block_1_6' title="bbox 457 648 2029 717">
    <p class='ocr_par' dir='ltr' id='par_1_6' title="bbox 457 648 2029 717">
     <span class='ocr_line' id='line_1_6' title="bbox 457 648 2029 717; baseline 0 -16"><span class='ocrx_word' id='word_1_29' title='bbox 457 649 647 717; x_wconf 83' lang='lat' dir='ltr'><strong>graphi</strong></span> <span class='ocrx_word' id='word_1_30' title='bbox 671 688 686 714; x_wconf 86' lang='lat'><strong>,</strong></span> <span class='ocrx_word' id='word_1_31' title='bbox 718 664 943 716; x_wconf 88' lang='lat' dir='ltr'><strong>quorum</strong></span> <span class='ocrx_word' id='word_1_32' title='bbox 988 649 1314 717; x_wconf 77' lang='lat' dir='ltr'><strong>diligentiam</strong></span> <span class='ocrx_word' id='word_1_33' title='bbox 1368 648 1553 701; x_wconf 89' lang='lat' dir='ltr'><strong>Petrus</strong></span> <span class='ocrx_word' id='word_1_34' title='bbox 1584 649 1790 701; x_wconf 86' lang='lat' dir='ltr'><strong>Bertius</strong></span> <span class='ocrx_word' id='word_1_35' title='bbox 1820 649 1870 700; x_wconf 90' lang='lat' dir='ltr'><strong>in</strong></span> <span class='ocrx_word' id='word_1_36' title='bbox 1901 662 2029 717; x_wconf 89' lang='lat' dir='ltr'><strong>pro-</strong></span> 
     </span>
    </p>
   </div>
   <div class='ocr_carea' id='block_1_7' title="bbox 459 737 2034 810">
    <p class='ocr_par' dir='ltr' id='par_1_7' title="bbox 459 737 2034 810">
     <span class='ocr_line' id='line_1_7' title="bbox 459 737 2034 810; baseline -0.001 -17"><span class='ocrx_word' id='word_1_37' title='bbox 459 740 750 810; x_wconf 84' lang='lat' dir='ltr'><strong>legomenis</strong></span> <span class='ocrx_word' id='word_1_38' title='bbox 767 741 831 793; x_wconf 89' lang='lat' dir='ltr'><strong>ad</strong></span> <span class='ocrx_word' id='word_1_39' title='bbox 861 741 1169 793; x_wconf 86' lang='lat' dir='ltr'><strong>Boetiannm</strong></span> <span class='ocrx_word' id='word_1_40' title='bbox 1190 740 1257 792; x_wconf 92' lang='lat' dir='ltr'><strong>de</strong></span> <span class='ocrx_word' id='word_1_41' title='bbox 1284 737 1636 807; x_wconf 67' lang='lat' dir='ltr'><strong>Philosophiae</strong></span> <span class='ocrx_word' id='word_1_42' title='bbox 1667 739 2034 791; x_wconf 77' lang='lat' dir='ltr'><strong>consolatione</strong></span> 
     </span>
    </p>
   </div>
   <div class='ocr_carea' id='block_1_8' title="bbox 457 830 2031 900">
    <p class='ocr_par' dir='ltr' id='par_1_8' title="bbox 457 830 2031 900">
     <span class='ocr_line' id='line_1_8' title="bbox 457 830 2031 900; baseline -0.002 -15"><span class='ocrx_word' id='word_1_43' title='bbox 457 847 591 900; x_wconf 89' lang='lat' dir='ltr'><strong>opus</strong></span> <span class='ocrx_word' id='word_1_44' title='bbox 623 833 758 886; x_wconf 87' lang='lat' dir='ltr'><strong>haud</strong></span> <span class='ocrx_word' id='word_1_45' title='bbox 807 832 917 884; x_wconf 87' lang='lat' dir='ltr'><strong>scio</strong></span> <span class='ocrx_word' id='word_1_46' title='bbox 962 847 1027 883; x_wconf 90' lang='lat' dir='ltr'><strong>an</strong></span> <span class='ocrx_word' id='word_1_47' title='bbox 1064 830 1435 898; x_wconf 78' lang='lat' dir='ltr'><strong>superaverit,</strong></span> <span class='ocrx_word' id='word_1_48' title='bbox 1479 831 1578 883; x_wconf 93' lang='lat' dir='ltr'><strong>etsi</strong></span> <span class='ocrx_word' id='word_1_49' title='bbox 1625 844 1692 885; x_wconf 91' lang='lat' dir='ltr'><strong>ne</strong></span> <span class='ocrx_word' id='word_1_50' title='bbox 1731 830 1775 884; x_wconf 88' lang='lat' dir='ltr'><strong>is</strong></span> <span class='ocrx_word' id='word_1_51' title='bbox 1819 830 2031 899; x_wconf 91' lang='lat' dir='ltr'><strong>quidem</strong></span> 
     </span>
    </p>
   </div>
   <div class='ocr_carea' id='block_1_9' title="bbox 455 921 2033 991">
    <p class='ocr_par' dir='ltr' id='par_1_9' title="bbox 455 921 2033 991">
     <span class='ocr_line' id='line_1_9' title="bbox 455 921 2033 991; baseline -0.003 -13"><span class='ocrx_word' id='word_1_52' title='bbox 455 933 651 979; x_wconf 86' lang='lat' dir='ltr'><strong>cuncta</strong></span> <span class='ocrx_word' id='word_1_53' title='bbox 680 925 969 976; x_wconf 91' lang='lat' dir='ltr'><strong>annotavit.</strong></span> <span class='ocrx_word' id='word_1_54' title='bbox 1006 921 1117 989; x_wconf 78' lang='lat' dir='ltr'><strong>Ego</strong></span> <span class='ocrx_word' id='word_1_55' title='bbox 1143 937 1266 973; x_wconf 74' lang='lat' dir='ltr'><strong>vero</strong></span> <span class='ocrx_word' id='word_1_56' title='bbox 1292 923 1542 991; x_wconf 85' lang='lat' dir='ltr'><strong>antiquos</strong></span> <span class='ocrx_word' id='word_1_57' title='bbox 1564 922 1776 974; x_wconf 81' lang='lat' dir='ltr'><strong>codices</strong></span> <span class='ocrx_word' id='word_1_58' title='bbox 1800 921 2033 974; x_wconf 89' lang='lat' dir='ltr'><strong>lustrans</strong></span> 
     </span>
    </p>
   </div>
   <div class='ocr_carea' id='block_1_10' title="bbox 459 1014 2031 1077">
    <p class='ocr_par' dir='ltr' id='par_1_10' title="bbox 459 1014 2031 1077">
     <span class='ocr_line' id='line_1_10' title="bbox 459 1014 2031 1077; baseline -0.002 -9"><span class='ocrx_word' id='word_1_59' title='bbox 459 1017 587 1068; x_wconf 85' lang='lat' dir='ltr'><strong>nihil</strong></span> <span class='ocrx_word' id='word_1_60' title='bbox 618 1015 706 1068; x_wconf 89' lang='lat' dir='ltr'><strong>diu</strong></span> <span class='ocrx_word' id='word_1_61' title='bbox 732 1015 1037 1067; x_wconf 84' lang='lat' dir='ltr'><strong>Boetiannm</strong></span> <span class='ocrx_word' id='word_1_62' title='bbox 1071 1014 1328 1067; x_wconf 91' lang='lat' dir='ltr'><strong>ineditum</strong></span> <span class='ocrx_word' id='word_1_63' title='bbox 1364 1014 1874 1077; x_wconf 77' lang='lat' dir='ltr'><strong>deprehendebam:</strong></span> <span class='ocrx_word' id='word_1_64' title='bbox 1908 1028 2031 1066; x_wconf 90' lang='lat' dir='ltr'><strong>nam</strong></span> 
     </span>
    </p>
   </div>
   <div class='ocr_carea' id='block_1_11' title="bbox 461 1106 2033 1174">
    <p class='ocr_par' dir='ltr' id='par_1_11' title="bbox 461 1106 2033 1174">
     <span class='ocr_line' id='line_1_11' title="bbox 461 1106 2033 1174; baseline -0.002 -14"><span class='ocrx_word' id='word_1_65' title='bbox 461 1106 699 1160; x_wconf 81' lang='lat' dir='ltr'><strong>Vaticani</strong></span> <span class='ocrx_word' id='word_1_66' title='bbox 728 1106 971 1167; x_wconf 84' lang='lat' dir='ltr'><strong>codices.</strong></span> <span class='ocrx_word' id='word_1_67' title='bbox 1023 1106 1109 1174; x_wconf 86' lang='lat' dir='ltr'><strong>qui</strong></span> <span class='ocrx_word' id='word_1_68' title='bbox 1144 1107 1392 1174; x_wconf 84' lang='lat' dir='ltr'><strong>permulti</strong></span> <span class='ocrx_word' id='word_1_69' title='bbox 1432 1106 1675 1159; x_wconf 86' lang='lat' dir='ltr'><strong>Boetium</strong></span> <span class='ocrx_word' id='word_1_70' title='bbox 1720 1106 2033 1170; x_wconf 89' lang='lat' dir='ltr'><strong>continent,</strong></span> 
     </span>
    </p>
   </div>
   <div class='ocr_carea' id='block_1_12' title="bbox 460 1196 2034 1267">
    <p class='ocr_par' dir='ltr' id='par_1_12' title="bbox 460 1196 2034 1267">
     <span class='ocr_line' id='line_1_12' title="bbox 460 1196 2034 1267; baseline -0.003 -15"><span class='ocrx_word' id='word_1_71' title='bbox 460 1215 526 1252; x_wconf 86' lang='lat' dir='ltr'><strong>ne</strong></span> <span class='ocrx_word' id='word_1_72' title='bbox 558 1199 699 1251; x_wconf 89' lang='lat' dir='ltr'><strong>illam</strong></span> <span class='ocrx_word' id='word_1_73' title='bbox 729 1197 945 1267; x_wconf 88' lang='lat' dir='ltr'><strong>quidem</strong></span> <span class='ocrx_word' id='word_1_74' title='bbox 994 1198 1235 1251; x_wconf 90' lang='lat' dir='ltr'><strong>lacunam</strong></span> <span class='ocrx_word' id='word_1_75' title='bbox 1270 1196 1516 1265; x_wconf 81' lang='lat' dir='ltr'><strong>explent,</strong></span> <span class='ocrx_word' id='word_1_76' title='bbox 1550 1212 1650 1265; x_wconf 91' lang='lat' dir='ltr'><strong>qua</strong></span> <span class='ocrx_word' id='word_1_77' title='bbox 1687 1197 1893 1249; x_wconf 80' lang='lat' dir='ltr'><strong>laborat</strong></span> <span class='ocrx_word' id='word_1_78' title='bbox 1917 1196 2034 1250; x_wconf 83' lang='lat' dir='ltr'><strong>edi-</strong></span> 
     </span>
    </p>
   </div>
   <div class='ocr_carea' id='block_1_13' title="bbox 460 1288 2037 1359">
    <p class='ocr_par' dir='ltr' id='par_1_13' title="bbox 460 1288 2037 1359">
     <span class='ocr_line' id='line_1_13' title="bbox 460 1288 2037 1359; baseline -0.004 -12"><span class='ocrx_word' id='word_1_79' title='bbox 460 1305 543 1347; x_wconf 91' lang='lat' dir='ltr'><strong>tus</strong></span> <span class='ocrx_word' id='word_1_80' title='bbox 566 1293 730 1345; x_wconf 86' lang='lat' dir='ltr'><strong>Bnetii</strong></span> <span class='ocrx_word' id='word_1_81' title='bbox 751 1292 815 1345; x_wconf 91' lang='lat' dir='ltr'><strong>ad</strong></span> <span class='ocrx_word' id='word_1_82' title='bbox 838 1292 1108 1345; x_wconf 76' lang='lat' dir='ltr'><strong>Ciceronis</strong></span> <span class='ocrx_word' id='word_1_83' title='bbox 1134 1290 1329 1359; x_wconf 89' lang='lat' dir='ltr'><strong>Topica</strong></span> <span class='ocrx_word' id='word_1_84' title='bbox 1349 1290 1781 1343; x_wconf 76' lang='lat' dir='ltr'><strong>commentarius.</strong></span> <span class='ocrx_word' id='word_1_85' title='bbox 1802 1288 2037 1342; x_wconf 86' lang='lat' dir='ltr'><strong>Tandem</strong></span> 
     </span>
    </p>
   </div>
   <div class='ocr_carea' id='block_1_14' title="bbox 462 1384 2037 1454">
    <p class='ocr_par' dir='ltr' id='par_1_14' title="bbox 462 1384 2037 1454">
     <span class='ocr_line' id='line_1_14' title="bbox 462 1384 2037 1454; baseline 0.001 -19"><span class='ocrx_word' id='word_1_86' title='bbox 462 1400 591 1438; x_wconf 88' lang='lat' dir='ltr'><strong>vero</strong></span> <span class='ocrx_word' id='word_1_87' title='bbox 611 1385 894 1454; x_wconf 85' lang='lat' dir='ltr'><strong>aliquando</strong></span> <span class='ocrx_word' id='word_1_88' title='bbox 926 1392 1258 1453; x_wconf 90' lang='lat' dir='ltr'><strong>perveterem</strong></span> <span class='ocrx_word' id='word_1_89' title='bbox 1289 1384 1527 1438; x_wconf 88' lang='lat' dir='ltr'><strong>codicem</strong></span> <span class='ocrx_word' id='word_1_90' title='bbox 1560 1394 1744 1437; x_wconf 87' lang='lat' dir='ltr'><strong>nactus</strong></span> <span class='ocrx_word' id='word_1_91' title='bbox 1778 1398 1917 1449; x_wconf 91' lang='lat' dir='ltr'><strong>sum,</strong></span> <span class='ocrx_word' id='word_1_92' title='bbox 1949 1386 2037 1451; x_wconf 90' lang='lat' dir='ltr'><strong>qui</strong></span> 
     </span>
    </p>
   </div>
   <div class='ocr_carea' id='block_1_15' title="bbox 460 1474 2038 1545">
    <p class='ocr_par' dir='ltr' id='par_1_15' title="bbox 460 1474 2038 1545">
     <span class='ocr_line' id='line_1_15' title="bbox 460 1474 2038 1545; baseline 0.002 -20"><span class='ocrx_word' id='word_1_93' title='bbox 460 1474 567 1527; x_wconf 86' lang='lat' dir='ltr'><strong>duo</strong></span> <span class='ocrx_word' id='word_1_94' title='bbox 618 1476 815 1529; x_wconf 89' lang='lat' dir='ltr'><strong>inedita</strong></span> <span class='ocrx_word' id='word_1_95' title='bbox 869 1482 976 1528; x_wconf 88' lang='lat' dir='ltr'><strong>tam</strong></span> <span class='ocrx_word' id='word_1_96' title='bbox 1021 1476 1263 1543; x_wconf 71' lang='lat' dir='ltr'><strong>prarclari</strong></span> <span class='ocrx_word' id='word_1_97' title='bbox 1292 1475 1570 1542; x_wconf 85' lang='lat' dir='ltr'><strong>scriptoris</strong></span> <span class='ocrx_word' id='word_1_98' title='bbox 1601 1475 1857 1545; x_wconf 89' lang='lat' dir='ltr'><strong>opuscula</strong></span> <span class='ocrx_word' id='word_1_99' title='bbox 1911 1475 2038 1528; x_wconf 91' lang='lat' dir='ltr'><strong>mihi</strong></span> 
     </span>
    </p>
   </div>
   <div class='ocr_carea' id='block_1_16' title="bbox 464 1566 892 1633">
    <p class='ocr_par' dir='ltr' id='par_1_16' title="bbox 464 1566 892 1633">
     <span class='ocr_line' id='line_1_16' title="bbox 464 1566 892 1633; baseline 0.005 -16"><span class='ocrx_word' id='word_1_100' title='bbox 464 1566 689 1633; x_wconf 83' lang='lat' dir='ltr'><strong>largitus</strong></span> <span class='ocrx_word' id='word_1_101' title='bbox 730 1575 831 1620; x_wconf 91' lang='lat' dir='ltr'><strong>est.</strong></span> <span class='ocrx_word' id='word_1_102' title='bbox 874 1567 892 1582; x_wconf 82' lang='lat'><strong>&#39;</strong></span> 
     </span>
    </p>
   </div>
   <div class='ocr_carea' id='block_1_17' title="bbox 534 1658 2041 1723">
    <p class='ocr_par' dir='ltr' id='par_1_17' title="bbox 534 1658 2041 1723">
     <span class='ocr_line' id='line_1_17' title="bbox 534 1658 2041 1723; baseline 0.001 -12"><span class='ocrx_word' id='word_1_103' title='bbox 534 1659 702 1712; x_wconf 89' lang='lat' dir='ltr'><strong>Porro</strong></span> <span class='ocrx_word' id='word_1_104' title='bbox 734 1659 801 1712; x_wconf 89' lang='lat' dir='ltr'><strong>de</strong></span> <span class='ocrx_word' id='word_1_105' title='bbox 822 1658 1015 1713; x_wconf 89' lang='lat' dir='ltr'><strong>horum</strong></span> <span class='ocrx_word' id='word_1_106' title='bbox 1046 1659 1356 1714; x_wconf 87' lang='lat' dir='ltr'><strong>sinceritate</strong></span> <span class='ocrx_word' id='word_1_107' title='bbox 1392 1675 1455 1713; x_wconf 90' lang='lat' dir='ltr'><strong>ne</strong></span> <span class='ocrx_word' id='word_1_108' title='bbox 1495 1659 1800 1715; x_wconf 81' lang='lat' dir='ltr'><strong>dubitarem</strong></span> <span class='ocrx_word' id='word_1_109' title='bbox 1826 1700 1841 1723; x_wconf 93' lang='lat'><strong>,</strong></span> <span class='ocrx_word' id='word_1_110' title='bbox 1893 1660 2041 1713; x_wconf 89' lang='lat' dir='ltr'><strong>testis</strong></span> 
     </span>
    </p>
   </div>
   <div class='ocr_carea' id='block_1_18' title="bbox 465 1749 2043 1821">
    <p class='ocr_par' dir='ltr' id='par_1_18' title="bbox 465 1749 2043 1821">
     <span class='ocr_line' id='line_1_18' title="bbox 465 1749 2043 1821; baseline 0.001 -19"><span class='ocrx_word' id='word_1_111' title='bbox 465 1749 631 1803; x_wconf 77' lang='lat' dir='ltr'><strong>adfuit</strong></span> <span class='ocrx_word' id='word_1_112' title='bbox 661 1751 873 1818; x_wconf 86' lang='lat' dir='ltr'><strong>utrique</strong></span> <span class='ocrx_word' id='word_1_113' title='bbox 920 1750 1273 1806; x_wconf 86' lang='lat' dir='ltr'><strong>lucubrationi</strong></span> <span class='ocrx_word' id='word_1_114' title='bbox 1326 1751 1639 1821; x_wconf 79' lang='lat' dir='ltr'><strong>Sigebertns</strong></span> <span class='ocrx_word' id='word_1_115' title='bbox 1687 1751 2043 1805; x_wconf 85' lang='lat' dir='ltr'><strong>Gcmblacen-</strong></span> 
     </span>
    </p>
   </div>
   <div class='ocr_carea' id='block_1_19' title="bbox 465 1842 2041 1913">
    <p class='ocr_par' dir='ltr' id='par_1_19' title="bbox 465 1842 2041 1913">
     <span class='ocr_line' id='line_1_19' title="bbox 465 1842 2041 1913; baseline -0.001 -17"><span class='ocrx_word' id='word_1_116' title='bbox 465 1845 569 1909; x_wconf 86' lang='lat' dir='ltr'><strong>sis,</strong></span> <span class='ocrx_word' id='word_1_117' title='bbox 595 1842 746 1913; x_wconf 87' lang='lat' dir='ltr'><strong>cujus</strong></span> <span class='ocrx_word' id='word_1_118' title='bbox 766 1860 881 1913; x_wconf 80' lang='lat' dir='ltr'><strong>cap.</strong></span> <span class='ocrx_word' id='word_1_119' title='bbox 906 1845 993 1909; x_wconf 82' lang='grc'><strong>57,</strong></span> <span class='ocrx_word' id='word_1_120' title='bbox 1025 1845 1135 1899; x_wconf 64' lang='lat' dir='ltr'><strong>hinc</strong></span> <span class='ocrx_word' id='word_1_121' title='bbox 1160 1846 1318 1898; x_wconf 89' lang='lat' dir='ltr'><strong>verba</strong></span> <span class='ocrx_word' id='word_1_122' title='bbox 1344 1846 1578 1912; x_wconf 80' lang='lat' dir='ltr'><strong>legebam</strong></span> <span class='ocrx_word' id='word_1_123' title='bbox 1601 1861 1613 1896; x_wconf 92' lang='lat'><strong>:</strong></span> <span class='ocrx_word' id='word_1_124' title='bbox 1649 1842 1856 1897; x_wconf 79' lang='lat' dir='ltr'><strong>Boetius</strong></span> <span class='ocrx_word' id='word_1_125' title='bbox 1883 1848 2041 1911; x_wconf 73' lang='lat' dir='ltr'><strong>(przr-</strong></span> 
     </span>
    </p>
   </div>
   <div class='ocr_carea' id='block_1_20' title="bbox 464 1932 2039 2007">
    <p class='ocr_par' dir='ltr' id='par_1_20' title="bbox 464 1932 2039 2007">
     <span class='ocr_line' id='line_1_20' title="bbox 464 1932 2039 2007; baseline -0.001 -18"><span class='ocrx_word' id='word_1_126' title='bbox 464 1946 547 1990; x_wconf 87' lang='lat' dir='ltr'><strong>ter</strong></span> <span class='ocrx_word' id='word_1_127' title='bbox 588 1936 799 2007; x_wconf 69' lang='lat' dir='ltr'><strong>caetera)</strong></span> <span class='ocrx_word' id='word_1_128' title='bbox 839 1938 900 1991; x_wconf 85' lang='lat' dir='ltr'><strong>de</strong></span> <span class='ocrx_word' id='word_1_129' title='bbox 924 1932 1227 2005; x_wconf 77' lang='lat' dir='ltr'><strong>cognatione</strong></span> <span class='ocrx_word' id='word_1_130' title='bbox 1267 1938 1548 1989; x_wconf 69' lang='lat' dir='ltr'><strong>dialectica:</strong></span> <span class='ocrx_word' id='word_1_131' title='bbox 1578 1946 1622 1990; x_wconf 87' lang='lat' dir='ltr'><strong>ct</strong></span> <span class='ocrx_word' id='word_1_132' title='bbox 1654 1938 1946 1997; x_wconf 67' lang='lat' dir='ltr'><strong>rhetoricen.</strong></span> <span class='ocrx_word' id='word_1_133' title='bbox 1992 1946 2039 1989; x_wconf 85' lang='lat' dir='ltr'><strong>et</strong></span> 
     </span>
    </p>
   </div>
   <div class='ocr_carea' id='block_1_21' title="bbox 467 2024 2040 2093">
    <p class='ocr_par' dir='ltr' id='par_1_21' title="bbox 467 2024 2040 2093">
     <span class='ocr_line' id='line_1_21' title="bbox 467 2024 2040 2093; baseline 0.001 -18"><span class='ocrx_word' id='word_1_134' title='bbox 467 2024 789 2079; x_wconf 81' lang='lat' dir='ltr'><strong>distinctione</strong></span> <span class='ocrx_word' id='word_1_135' title='bbox 809 2026 1177 2079; x_wconf 86' lang='lat' dir='ltr'><strong>rhetoricorum</strong></span> <span class='ocrx_word' id='word_1_136' title='bbox 1206 2027 1433 2079; x_wconf 85' lang='lat' dir='ltr'><strong>locorum</strong></span> <span class='ocrx_word' id='word_1_137' title='bbox 1465 2024 1691 2093; x_wconf 82' lang='lat' dir='ltr'><strong>scripsit.</strong></span> <span class='ocrx_word' id='word_1_138' title='bbox 1721 2026 1785 2079; x_wconf 86' lang='lat' dir='ltr'><strong>Et</strong></span> <span class='ocrx_word' id='word_1_139' title='bbox 1809 2026 2040 2079; x_wconf 83' lang='lat' dir='ltr'><strong>vocabu-</strong></span> 
     </span>
    </p>
   </div>
   <div class='ocr_carea' id='block_1_22' title="bbox 468 2117 2044 2187">
    <p class='ocr_par' dir='ltr' id='par_1_22' title="bbox 468 2117 2044 2187">
     <span class='ocr_line' id='line_1_22' title="bbox 468 2117 2044 2187; baseline 0.001 -18"><span class='ocrx_word' id='word_1_140' title='bbox 468 2117 575 2170; x_wconf 92' lang='lat' dir='ltr'><strong>lum</strong></span> <span class='ocrx_word' id='word_1_141' title='bbox 623 2117 837 2187; x_wconf 90' lang='lat' dir='ltr'><strong>quidem</strong></span> <span class='ocrx_word' id='word_1_142' title='bbox 881 2118 1164 2170; x_wconf 76' lang='lat' dir='ltr'><strong>dialectica:</strong></span> <span class='ocrx_word' id='word_1_143' title='bbox 1205 2134 1231 2170; x_wconf 89' lang='lat' dir='ltr'><strong>a</strong></span> <span class='ocrx_word' id='word_1_144' title='bbox 1275 2118 1555 2186; x_wconf 81' lang='lat' dir='ltr'><strong>Sigeberto</strong></span> <span class='ocrx_word' id='word_1_145' title='bbox 1597 2118 1680 2172; x_wconf 89' lang='lat' dir='ltr'><strong>vel</strong></span> <span class='ocrx_word' id='word_1_146' title='bbox 1718 2119 1904 2186; x_wconf 86' lang='lat' dir='ltr'><strong>quovis</strong></span> <span class='ocrx_word' id='word_1_147' title='bbox 1939 2119 2044 2171; x_wconf 87' lang='lat' dir='ltr'><strong>alio</strong></span> 
     </span>
    </p>
   </div>
   <div class='ocr_carea' id='block_1_23' title="bbox 466 2207 2038 2279">
    <p class='ocr_par' dir='ltr' id='par_1_23' title="bbox 466 2207 2038 2279">
     <span class='ocr_line' id='line_1_23' title="bbox 466 2207 2038 2279; baseline 0.001 -18"><span class='ocrx_word' id='word_1_148' title='bbox 466 2207 745 2262; x_wconf 89' lang='lat' dir='ltr'><strong>obtrusum</strong></span> <span class='ocrx_word' id='word_1_149' title='bbox 773 2217 855 2263; x_wconf 87' lang='lat' dir='ltr'><strong>est</strong></span> <span class='ocrx_word' id='word_1_150' title='bbox 890 2226 902 2261; x_wconf 88' lang='lat'><strong>:</strong></span> <span class='ocrx_word' id='word_1_151' title='bbox 935 2209 1129 2263; x_wconf 89' lang='lat' dir='ltr'><strong>etenim</strong></span> <span class='ocrx_word' id='word_1_152' title='bbox 1163 2209 1347 2262; x_wconf 91' lang='lat' dir='ltr'><strong>titulus</strong></span> <span class='ocrx_word' id='word_1_153' title='bbox 1373 2211 1473 2262; x_wconf 88' lang='lat' dir='ltr'><strong>mei</strong></span> <span class='ocrx_word' id='word_1_154' title='bbox 1503 2210 1702 2264; x_wconf 88' lang='lat' dir='ltr'><strong>codicis</strong></span> <span class='ocrx_word' id='word_1_155' title='bbox 1730 2222 1782 2264; x_wconf 87' lang='lat' dir='ltr'><strong>et</strong></span> <span class='ocrx_word' id='word_1_156' title='bbox 1811 2225 1896 2263; x_wconf 88' lang='lat' dir='ltr'><strong>res</strong></span> <span class='ocrx_word' id='word_1_157' title='bbox 1925 2210 2038 2279; x_wconf 83' lang='lat' dir='ltr'><strong>ipsa</strong></span> 
     </span>
    </p>
   </div>
   <div class='ocr_carea' id='block_1_24' title="bbox 467 2300 2041 2370">
    <p class='ocr_par' dir='ltr' id='par_1_24' title="bbox 467 2300 2041 2370">
     <span class='ocr_line' id='line_1_24' title="bbox 467 2300 2041 2370; baseline 0.002 -18"><span class='ocrx_word' id='word_1_158' title='bbox 467 2300 518 2354; x_wconf 90' lang='lat' dir='ltr'><strong>id</strong></span> <span class='ocrx_word' id='word_1_159' title='bbox 547 2309 835 2370; x_wconf 88' lang='lat' dir='ltr'><strong>respuunt;</strong></span> <span class='ocrx_word' id='word_1_160' title='bbox 887 2300 953 2356; x_wconf 85' lang='lat' dir='ltr'><strong>de</strong></span> <span class='ocrx_word' id='word_1_161' title='bbox 1000 2314 1196 2355; x_wconf 71' lang='lat' dir='ltr'><strong>cancro</strong></span> <span class='ocrx_word' id='word_1_162' title='bbox 1244 2301 1509 2368; x_wconf 83' lang='lat' dir='ltr'><strong>Sigeberti</strong></span> <span class='ocrx_word' id='word_1_163' title='bbox 1557 2302 1842 2356; x_wconf 81' lang='lat' dir='ltr'><strong>afﬁrmatio</strong></span> <span class='ocrx_word' id='word_1_164' title='bbox 1875 2303 2041 2355; x_wconf 87' lang='lat' dir='ltr'><strong>veris-</strong></span> 
     </span>
    </p>
   </div>
   <div class='ocr_carea' id='block_1_25' title="bbox 467 2392 2044 2462">
    <p class='ocr_par' dir='ltr' id='par_1_25' title="bbox 467 2392 2044 2462">
     <span class='ocr_line' id='line_1_25' title="bbox 467 2392 2044 2462; baseline 0.001 -16"><span class='ocrx_word' id='word_1_165' title='bbox 467 2392 601 2446; x_wconf 89' lang='lat' dir='ltr'><strong>sima</strong></span> <span class='ocrx_word' id='word_1_166' title='bbox 646 2399 747 2446; x_wconf 87' lang='lat' dir='ltr'><strong>est.</strong></span> <span class='ocrx_word' id='word_1_167' title='bbox 782 2392 898 2447; x_wconf 84' lang='lat' dir='ltr'><strong>Jam</strong></span> <span class='ocrx_word' id='word_1_168' title='bbox 943 2408 1061 2446; x_wconf 90' lang='lat' dir='ltr'><strong>cum</strong></span> <span class='ocrx_word' id='word_1_169' title='bbox 1114 2393 1371 2462; x_wconf 84' lang='lat' dir='ltr'><strong>Sigeberti</strong></span> <span class='ocrx_word' id='word_1_170' title='bbox 1406 2394 1768 2447; x_wconf 63' lang='lat' dir='ltr'><strong>testimonium</strong></span> <span class='ocrx_word' id='word_1_171' title='bbox 1808 2394 1942 2447; x_wconf 91' lang='lat' dir='ltr'><strong>adeo</strong></span> <span class='ocrx_word' id='word_1_172' title='bbox 1973 2394 2044 2447; x_wconf 88' lang='lat' dir='ltr'><strong>sit</strong></span> 
     </span>
    </p>
   </div>
   <div class='ocr_carea' id='block_1_26' title="bbox 466 2484 2040 2555">
    <p class='ocr_par' dir='ltr' id='par_1_26' title="bbox 466 2484 2040 2555">
     <span class='ocr_line' id='line_1_26' title="bbox 466 2484 2040 2555; baseline 0.003 -18"><span class='ocrx_word' id='word_1_173' title='bbox 466 2484 686 2538; x_wconf 85' lang='lat' dir='ltr'><strong>evidens</strong></span> <span class='ocrx_word' id='word_1_174' title='bbox 709 2527 723 2549; x_wconf 91' lang='lat'><strong>,</strong></span> <span class='ocrx_word' id='word_1_175' title='bbox 773 2484 939 2538; x_wconf 87' lang='lat' dir='ltr'><strong>miror</strong></span> <span class='ocrx_word' id='word_1_176' title='bbox 966 2500 1096 2538; x_wconf 88' lang='lat' dir='ltr'><strong>sane</strong></span> <span class='ocrx_word' id='word_1_177' title='bbox 1122 2485 1475 2538; x_wconf 82' lang='lat' dir='ltr'><strong>&#39;l&#39;ritltemium</strong></span> <span class='ocrx_word' id='word_1_178' title='bbox 1509 2500 1627 2552; x_wconf 90' lang='lat' dir='ltr'><strong>cap.</strong></span> <span class='ocrx_word' id='word_1_179' title='bbox 1659 2485 1786 2549; x_wconf 73' lang='lat'><strong>201,</strong></span> <span class='ocrx_word' id='word_1_180' title='bbox 1819 2486 2040 2555; x_wconf 87' lang='lat' dir='ltr'><strong>ejusque</strong></span> 
     </span>
    </p>
   </div>
   <div class='ocr_carea' id='block_1_27' title="bbox 470 2574 2051 2644">
    <p class='ocr_par' dir='ltr' id='par_1_27' title="bbox 470 2574 2051 2644">
     <span class='ocr_line' id='line_1_27' title="bbox 470 2574 2051 2644; baseline 0.003 -18"><span class='ocrx_word' id='word_1_181' title='bbox 470 2575 727 2627; x_wconf 84' lang='lat' dir='ltr'><strong>asseclam</strong></span> <span class='ocrx_word' id='word_1_182' title='bbox 759 2574 993 2629; x_wconf 89' lang='lat' dir='ltr'><strong>Bertium</strong></span> <span class='ocrx_word' id='word_1_183' title='bbox 1043 2575 1194 2644; x_wconf 81' lang='lat' dir='ltr'><strong>pr:cf.</strong></span> <span class='ocrx_word' id='word_1_184' title='bbox 1223 2576 1340 2639; x_wconf 77' lang='lat' dir='ltr'><strong>cit.,</strong></span> <span class='ocrx_word' id='word_1_185' title='bbox 1369 2592 1394 2628; x_wconf 89' lang='lat' dir='ltr'><strong>a</strong></span> <span class='ocrx_word' id='word_1_186' title='bbox 1424 2576 1614 2643; x_wconf 86' lang='lat' dir='ltr'><strong>quibus</strong></span> <span class='ocrx_word' id='word_1_187' title='bbox 1656 2575 1790 2629; x_wconf 88' lang='lat' dir='ltr'><strong>liber</strong></span> <span class='ocrx_word' id='word_1_188' title='bbox 1816 2587 2051 2630; x_wconf 87' lang='lat' dir='ltr'><strong>tantum-</strong></span> 
     </span>
    </p>
   </div>
   <div class='ocr_carea' id='block_1_28' title="bbox 473 2666 2047 2737">
    <p class='ocr_par' dir='ltr' id='par_1_28' title="bbox 473 2666 2047 2737">
     <span class='ocr_line' id='line_1_28' title="bbox 473 2666 2047 2737; baseline 0.002 -18"><span class='ocrx_word' id='word_1_189' title='bbox 473 2666 632 2720; x_wconf 88' lang='lat' dir='ltr'><strong>modo</strong></span> <span class='ocrx_word' id='word_1_190' title='bbox 650 2668 714 2720; x_wconf 88' lang='lat' dir='ltr'><strong>de</strong></span> <span class='ocrx_word' id='word_1_191' title='bbox 735 2666 886 2720; x_wconf 82' lang='lat' dir='ltr'><strong>Locis</strong></span> <span class='ocrx_word' id='word_1_192' title='bbox 917 2669 1182 2721; x_wconf 78' lang='lat' dir='ltr'><strong>rhetoricis</strong></span> <span class='ocrx_word' id='word_1_193' title='bbox 1205 2677 1673 2722; x_wconf 87' lang='lat' dir='ltr'><strong>commemoratur.</strong></span> <span class='ocrx_word' id='word_1_194' title='bbox 1709 2669 1773 2721; x_wconf 84' lang='lat' dir='ltr'><strong>Et</strong></span> <span class='ocrx_word' id='word_1_195' title='bbox 1798 2670 2047 2737; x_wconf 89' lang='lat' dir='ltr'><strong>quoniam</strong></span> 
     </span>
    </p>
   </div>
   <div class='ocr_carea' id='block_1_29' title="bbox 476 2758 2051 2829">
    <p class='ocr_par' dir='ltr' id='par_1_29' title="bbox 476 2758 2051 2829">
     <span class='ocr_line' id='line_1_29' title="bbox 476 2758 2051 2829; baseline 0.004 -18"><span class='ocrx_word' id='word_1_196' title='bbox 476 2758 709 2813; x_wconf 90' lang='lat' dir='ltr'><strong>Bertium</strong></span> <span class='ocrx_word' id='word_1_197' title='bbox 743 2774 1032 2829; x_wconf 82' lang='lat' dir='ltr'><strong>coarguere</strong></span> <span class='ocrx_word' id='word_1_198' title='bbox 1059 2763 1215 2827; x_wconf 69' lang='lat' dir='ltr'><strong>ccepi,</strong></span> <span class='ocrx_word' id='word_1_199' title='bbox 1245 2762 1415 2815; x_wconf 89' lang='lat' dir='ltr'><strong>dicam</strong></span> <span class='ocrx_word' id='word_1_200' title='bbox 1449 2763 1689 2829; x_wconf 89' lang='lat' dir='ltr'><strong>insuper,</strong></span> <span class='ocrx_word' id='word_1_201' title='bbox 1724 2763 1856 2817; x_wconf 89' lang='lat' dir='ltr'><strong>falso</strong></span> <span class='ocrx_word' id='word_1_202' title='bbox 1883 2765 1949 2818; x_wconf 88' lang='lat' dir='ltr'><strong>ab</strong></span> <span class='ocrx_word' id='word_1_203' title='bbox 1987 2780 2051 2818; x_wconf 75' lang='lat' dir='ltr'><strong>ro</strong></span> 
     </span>
    </p>
   </div>
   <div class='ocr_carea' id='block_1_30' title="bbox 480 2848 2053 2921">
    <p class='ocr_par' dir='ltr' id='par_1_30' title="bbox 480 2848 2053 2921">
     <span class='ocr_line' id='line_1_30' title="bbox 480 2848 2053 2921; baseline 0.003 -20"><span class='ocrx_word' id='word_1_204' title='bbox 480 2848 531 2901; x_wconf 88' lang='lat' dir='ltr'><strong>in</strong></span> <span class='ocrx_word' id='word_1_205' title='bbox 560 2848 853 2917; x_wconf 84' lang='lat' dir='ltr'><strong>dcperditis</strong></span> <span class='ocrx_word' id='word_1_206' title='bbox 898 2852 1065 2905; x_wconf 87' lang='lat' dir='ltr'><strong>Boetii</strong></span> <span class='ocrx_word' id='word_1_207' title='bbox 1108 2853 1319 2921; x_wconf 91' lang='lat' dir='ltr'><strong>scriptis</strong></span> <span class='ocrx_word' id='word_1_208' title='bbox 1344 2853 1590 2907; x_wconf 89' lang='lat' dir='ltr'><strong>collocari</strong></span> <span class='ocrx_word' id='word_1_209' title='bbox 1631 2855 1819 2908; x_wconf 88' lang='lat' dir='ltr'><strong>librum</strong></span> <span class='ocrx_word' id='word_1_210' title='bbox 1848 2857 1909 2907; x_wconf 88' lang='lat' dir='ltr'><strong>de</strong></span> <span class='ocrx_word' id='word_1_211' title='bbox 1939 2853 2053 2909; x_wconf 83' lang='lat' dir='ltr'><strong>Cir-</strong></span> 
     </span>
    </p>
   </div>
   <div class='ocr_carea' id='block_1_31' title="bbox 475 2940 2090 3015">
    <p class='ocr_par' dir='ltr' id='par_1_31' title="bbox 475 2940 2090 3015">
     <span class='ocr_line' id='line_1_31' title="bbox 475 2940 2090 3015; baseline 0.006 -24"><span class='ocrx_word' id='word_1_212' title='bbox 475 2940 580 2993; x_wconf 67' lang='grc' dir='ltr'><strong>ιιιιὶ</strong></span> <span class='ocrx_word' id='word_1_213' title='bbox 604 2941 931 3005; x_wconf 79' lang='lat' dir='ltr'><strong>Quadratum</strong></span> <span class='ocrx_word' id='word_1_214' title='bbox 959 2959 977 2997; x_wconf 90' lang='lat'><strong><em>:</em></strong></span> <span class='ocrx_word' id='word_1_215' title='bbox 1007 2955 1087 2997; x_wconf 92' lang='lat' dir='ltr'><strong>est</strong></span> <span class='ocrx_word' id='word_1_216' title='bbox 1114 2945 1255 2998; x_wconf 90' lang='lat' dir='ltr'><strong>enim</strong></span> <span class='ocrx_word' id='word_1_217' title='bbox 1281 2946 1363 2999; x_wconf 91' lang='lat' dir='ltr'><strong>hic</strong></span> <span class='ocrx_word' id='word_1_218' title='bbox 1391 2946 1701 3009; x_wconf 86' lang='lat' dir='ltr'><strong>Franconis,</strong></span> <span class='ocrx_word' id='word_1_219' title='bbox 1734 2948 1823 3015; x_wconf 87' lang='lat' dir='ltr'><strong>qui</strong></span> <span class='ocrx_word' id='word_1_220' title='bbox 1856 2948 2052 3001; x_wconf 65' lang='lat' dir='ltr'><strong>sazculo</strong></span> <span class='ocrx_word' id='word_1_221' title='bbox 2084 2959 2090 2966; x_wconf 87' lang='lat'>&#39;</span> 
     </span>
    </p>
   </div>
   <div class='ocr_carea' id='block_1_32' title="bbox 479 3035 2050 3108">
    <p class='ocr_par' dir='ltr' id='par_1_32' title="bbox 479 3035 2050 3108">
     <span class='ocr_line' id='line_1_32' title="bbox 479 3035 2050 3108; baseline 0.006 -22"><span class='ocrx_word' id='word_1_222' title='bbox 479 3049 531 3087; x_wconf 71' lang='grc' dir='ltr'><strong>χι</strong></span> <span class='ocrx_word' id='word_1_223' title='bbox 562 3035 711 3102; x_wconf 83' lang='lat' dir='ltr'><strong>vixit,</strong></span> <span class='ocrx_word' id='word_1_224' title='bbox 750 3036 921 3099; x_wconf 87' lang='lat' dir='ltr'><strong>fetus,</strong></span> <span class='ocrx_word' id='word_1_225' title='bbox 951 3039 1039 3106; x_wconf 91' lang='lat' dir='ltr'><strong>qui</strong></span> <span class='ocrx_word' id='word_1_226' title='bbox 1069 3041 1319 3106; x_wconf 88' lang='lat' dir='ltr'><strong>quoniam</strong></span> <span class='ocrx_word' id='word_1_227' title='bbox 1354 3040 1405 3093; x_wconf 93' lang='lat' dir='ltr'><strong>in</strong></span> <span class='ocrx_word' id='word_1_228' title='bbox 1429 3041 1706 3094; x_wconf 91' lang='lat' dir='ltr'><strong>codicibus</strong></span> <span class='ocrx_word' id='word_1_229' title='bbox 1732 3051 1849 3108; x_wconf 90' lang='lat' dir='ltr'><strong>post</strong></span> <span class='ocrx_word' id='word_1_230' title='bbox 1883 3041 2050 3095; x_wconf 83' lang='lat' dir='ltr'><strong>Boetii</strong></span> 
     </span>
    </p>
   </div>
   <div class='ocr_carea' id='block_1_33' title="bbox 476 3114 2045 3201">
    <p class='ocr_par' dir='ltr' id='par_1_33' title="bbox 476 3114 2045 3201">
     <span class='ocr_line' id='line_1_33' title="bbox 476 3114 2045 3201; baseline 0.006 -25"><span class='ocrx_word' id='word_1_231' title='bbox 476 3121 835 3179; x_wconf 83' lang='lat' dir='ltr'><strong>Geometriam</strong></span> <span class='ocrx_word' id='word_1_232' title='bbox 890 3130 1013 3195; x_wconf 92' lang='lat' dir='ltr'><strong>poni</strong></span> <span class='ocrx_word' id='word_1_233' title='bbox 1066 3130 1238 3194; x_wconf 90' lang='lat' dir='ltr'><strong>solet,</strong></span> <span class='ocrx_word' id='word_1_234' title='bbox 1290 3139 1344 3183; x_wconf 93' lang='lat' dir='ltr'><strong>ut</strong></span> <span class='ocrx_word' id='word_1_235' title='bbox 1392 3146 1454 3184; x_wconf 76' lang='lat' dir='ltr'><strong>ex</strong></span> <span class='ocrx_word' id='word_1_236' title='bbox 1506 3129 1763 3185; x_wconf 77' lang='lat' dir='ltr'><strong>Vaticano</strong></span> <span class='ocrx_word' id='word_1_237' title='bbox 1816 3114 2045 3201; x_wconf 83' lang='lat' dir='ltr'><strong>quodam</strong></span> 
     </span>
    </p>
   </div>
   <div class='ocr_carea' id='block_1_34' title="bbox 480 3219 2044 3293">
    <p class='ocr_par' dir='ltr' id='par_1_34' title="bbox 480 3219 2044 3293">
     <span class='ocr_line' id='line_1_34' title="bbox 480 3219 2044 3293; baseline 0.007 -23"><span class='ocrx_word' id='word_1_238' title='bbox 480 3219 769 3285; x_wconf 82' lang='lat' dir='ltr'><strong>exemplari</strong></span> <span class='ocrx_word' id='word_1_239' title='bbox 795 3235 1091 3290; x_wconf 83' lang='lat' dir='ltr'><strong>cognosco,</strong></span> <span class='ocrx_word' id='word_1_240' title='bbox 1128 3222 1327 3277; x_wconf 90' lang='lat' dir='ltr'><strong>idcirco</strong></span> <span class='ocrx_word' id='word_1_241' title='bbox 1358 3238 1636 3291; x_wconf 88' lang='lat' dir='ltr'><strong>perperam</strong></span> <span class='ocrx_word' id='word_1_242' title='bbox 1665 3240 1692 3276; x_wconf 92' lang='lat' dir='ltr'><strong>a</strong></span> <span class='ocrx_word' id='word_1_243' title='bbox 1726 3226 1906 3280; x_wconf 87' lang='lat' dir='ltr'><strong>nescio</strong></span> <span class='ocrx_word' id='word_1_244' title='bbox 1937 3241 2044 3293; x_wconf 74' lang='lat' dir='ltr'><strong>quo</strong></span> 
     </span>
    </p>
   </div>
   <div class='ocr_carea' id='block_1_35' title="bbox 479 3315 2024 3381">
    <p class='ocr_par' dir='ltr' id='par_1_35' title="bbox 479 3315 2024 3381">
     <span class='ocr_line' id='line_1_35' title="bbox 479 3315 2024 3381; baseline 0.006 -17"><span class='ocrx_word' id='word_1_245' title='bbox 479 3315 813 3381; x_wconf 84' lang='lat' dir='ltr'><strong>properantis</strong></span> <span class='ocrx_word' id='word_1_246' title='bbox 843 3316 978 3368; x_wconf 88' lang='lat' dir='ltr'><strong>oculi</strong></span> <span class='ocrx_word' id='word_1_247' title='bbox 1015 3316 1212 3369; x_wconf 84' lang='lat' dir='ltr'><strong>lectore</strong></span> <span class='ocrx_word' id='word_1_248' title='bbox 1239 3317 1304 3369; x_wconf 91' lang='lat' dir='ltr'><strong>ad</strong></span> <span class='ocrx_word' id='word_1_249' title='bbox 1338 3317 1573 3370; x_wconf 87' lang='lat' dir='ltr'><strong>Boetium</strong></span> <span class='ocrx_word' id='word_1_250' title='bbox 1598 3328 1677 3370; x_wconf 90' lang='lat' dir='ltr'><strong>est</strong></span> <span class='ocrx_word' id='word_1_251' title='bbox 1707 3319 2024 3373; x_wconf 80' lang='lat' dir='ltr'><strong>translatuS&#39;</strong></span> 
     </span>
    </p>
   </div>
   <div class='ocr_carea' id='block_1_36' title="bbox 479 3406 2043 3479">
    <p class='ocr_par' dir='ltr' id='par_1_36' title="bbox 479 3406 2043 3479">
     <span class='ocr_line' id='line_1_36' title="bbox 479 3406 2043 3479; baseline 0.005 -21"><span class='ocrx_word' id='word_1_252' title='bbox 479 3406 632 3473; x_wconf 85' lang='lat' dir='ltr'><strong>isque</strong></span> <span class='ocrx_word' id='word_1_253' title='bbox 657 3420 810 3459; x_wconf 89' lang='lat' dir='ltr'><strong>error</strong></span> <span class='ocrx_word' id='word_1_254' title='bbox 832 3407 883 3459; x_wconf 90' lang='lat' dir='ltr'><strong>in</strong></span> <span class='ocrx_word' id='word_1_255' title='bbox 910 3407 1138 3460; x_wconf 88' lang='lat' dir='ltr'><strong>aliorum</strong></span> <span class='ocrx_word' id='word_1_256' title='bbox 1171 3409 1503 3462; x_wconf 88' lang='lat' dir='ltr'><strong>narrationes</strong></span> <span class='ocrx_word' id='word_1_257' title='bbox 1529 3451 1543 3473; x_wconf 92' lang='lat'><strong>,</strong></span> <span class='ocrx_word' id='word_1_258' title='bbox 1578 3419 1633 3462; x_wconf 90' lang='lat' dir='ltr'><strong>ut</strong></span> <span class='ocrx_word' id='word_1_259' title='bbox 1664 3409 1740 3467; x_wconf 89' lang='lat' dir='ltr'><strong>fit.</strong></span> <span class='ocrx_word' id='word_1_260' title='bbox 1775 3409 2043 3479; x_wconf 82' lang='lat' dir='ltr'><strong>migravit.</strong></span> 
     </span>
    </p>
   </div>
   <div class='ocr_carea' id='block_1_37' title="bbox 548 3497 2050 3568">
    <p class='ocr_par' dir='ltr' id='par_1_37' title="bbox 548 3497 2050 3568">
     <span class='ocr_line' id='line_1_37' title="bbox 548 3497 2050 3568; baseline 0.005 -18"><span class='ocrx_word' id='word_1_261' title='bbox 548 3497 660 3567; x_wconf 89' lang='lat' dir='ltr'><strong>Age</strong></span> <span class='ocrx_word' id='word_1_262' title='bbox 684 3513 810 3552; x_wconf 87' lang='lat' dir='ltr'><strong>vero</strong></span> <span class='ocrx_word' id='word_1_263' title='bbox 839 3500 1047 3566; x_wconf 90' lang='lat' dir='ltr'><strong>nobilis,</strong></span> <span class='ocrx_word' id='word_1_264' title='bbox 1080 3511 1133 3554; x_wconf 94' lang='lat' dir='ltr'><strong>et</strong></span> <span class='ocrx_word' id='word_1_265' title='bbox 1163 3499 1395 3555; x_wconf 77' lang='lat' dir='ltr'><strong>fortasse</strong></span> <span class='ocrx_word' id='word_1_266' title='bbox 1428 3502 1636 3565; x_wconf 88' lang='lat' dir='ltr'><strong>unicus,</strong></span> <span class='ocrx_word' id='word_1_267' title='bbox 1671 3504 1761 3568; x_wconf 82' lang='lat' dir='ltr'><strong>qui</strong></span> <span class='ocrx_word' id='word_1_268' title='bbox 1792 3505 1904 3557; x_wconf 64' lang='lat' dir='ltr'><strong>haec</strong></span> <span class='ocrx_word' id='word_1_269' title='bbox 1945 3505 2050 3558; x_wconf 92' lang='lat' dir='ltr'><strong>duo</strong></span> 
     </span>
    </p>
   </div>
   <div class='ocr_carea' id='block_1_38' title="bbox 479 3590 2052 3659">
    <p class='ocr_par' dir='ltr' id='par_1_38' title="bbox 479 3590 2052 3659">
     <span class='ocr_line' id='line_1_38' title="bbox 479 3590 2052 3659; baseline 0.006 -19"><span class='ocrx_word' id='word_1_270' title='bbox 479 3590 736 3655; x_wconf 90' lang='lat' dir='ltr'><strong>opuscula</strong></span> <span class='ocrx_word' id='word_1_271' title='bbox 758 3600 1040 3643; x_wconf 86' lang='lat' dir='ltr'><strong>conservat</strong></span> <span class='ocrx_word' id='word_1_272' title='bbox 1064 3592 1256 3657; x_wconf 84' lang='lat' dir='ltr'><strong>codex,</strong></span> <span class='ocrx_word' id='word_1_273' title='bbox 1288 3593 1594 3659; x_wconf 81' lang='lat' dir='ltr'><strong>paginarum</strong></span> <span class='ocrx_word' id='word_1_274' title='bbox 1628 3593 1733 3648; x_wconf 72' lang='lat'><strong>562</strong></span> <span class='ocrx_word' id='word_1_275' title='bbox 1759 3603 1860 3655; x_wconf 88' lang='lat' dir='ltr'><strong>est,</strong></span> <span class='ocrx_word' id='word_1_276' title='bbox 1888 3611 2052 3649; x_wconf 87' lang='lat' dir='ltr'><strong>mem-</strong></span> 
     </span>
    </p>
   </div>
   <div class='ocr_carea' id='block_1_39' title="bbox 483 3681 2054 3755">
    <p class='ocr_par' dir='ltr' id='par_1_39' title="bbox 483 3681 2054 3755">
     <span class='ocr_line' id='line_1_39' title="bbox 483 3681 2054 3755; baseline 0.006 -23"><span class='ocrx_word' id='word_1_277' title='bbox 483 3681 731 3744; x_wconf 88' lang='lat' dir='ltr'><strong>braneus,</strong></span> <span class='ocrx_word' id='word_1_278' title='bbox 759 3683 960 3735; x_wconf 72' lang='lat' dir='ltr'><strong>stnculo</strong></span> <span class='ocrx_word' id='word_1_279' title='bbox 988 3684 1205 3738; x_wconf 90' lang='lat' dir='ltr'><strong>circiter</strong></span> <span class='ocrx_word' id='word_1_280' title='bbox 1235 3700 1287 3738; x_wconf 79' lang='lat' dir='ltr'><strong>x1</strong></span> <span class='ocrx_word' id='word_1_281' title='bbox 1318 3686 1569 3752; x_wconf 68' lang='lat' dir='ltr'><strong>scriptus,</strong></span> <span class='ocrx_word' id='word_1_282' title='bbox 1601 3689 1754 3755; x_wconf 81' lang='lat' dir='ltr'><strong>cujus</strong></span> <span class='ocrx_word' id='word_1_283' title='bbox 1788 3690 1900 3741; x_wconf 70' lang='lat' dir='ltr'><strong>haec</strong></span> <span class='ocrx_word' id='word_1_284' title='bbox 1925 3706 2054 3742; x_wconf 87' lang='lat' dir='ltr'><strong>con-</strong></span> 
     </span>
    </p>
   </div>
   <div class='ocr_carea' id='block_1_40' title="bbox 480 3772 2052 3851">
    <p class='ocr_par' dir='ltr' id='par_1_40' title="bbox 480 3772 2052 3851">
     <span class='ocr_line' id='line_1_40' title="bbox 480 3772 2052 3851; baseline 0.007 -27"><span class='ocrx_word' id='word_1_285' title='bbox 480 3772 703 3827; x_wconf 88' lang='lat' dir='ltr'><strong>tinentia</strong></span> <span class='ocrx_word' id='word_1_286' title='bbox 731 3784 829 3829; x_wconf 90' lang='lat' dir='ltr'><strong>est.</strong></span> <span class='ocrx_word' id='word_1_287' title='bbox 862 3776 986 3844; x_wconf 81' lang='lat' dir='ltr'><strong>Pag.</strong></span> <span class='ocrx_word' id='word_1_288' title='bbox 1009 3774 1063 3842; x_wconf 91' lang='lat'><strong>8,</strong></span> <span class='ocrx_word' id='word_1_289' title='bbox 1088 3778 1316 3846; x_wconf 82' lang='lat' dir='ltr'><strong>explicit</strong></span> <span class='ocrx_word' id='word_1_290' title='bbox 1345 3780 1395 3831; x_wconf 92' lang='lat' dir='ltr'><strong>in</strong></span> <span class='ocrx_word' id='word_1_291' title='bbox 1432 3778 1788 3850; x_wconf 83' lang='lat' dir='ltr'><strong>Porphyrium</strong></span> <span class='ocrx_word' id='word_1_292' title='bbox 1820 3783 2052 3851; x_wconf 84' lang='lat' dir='ltr'><strong>isagoge,</strong></span> 
     </span>
    </p>
   </div>
   <div class='ocr_carea' id='block_1_41' title="bbox 487 3912 2649 3935">
    <p class='ocr_par' dir='ltr' id='par_1_41' title="bbox 487 3912 2649 3935">
     <span class='ocr_line' id='line_1_41' title="bbox 487 3912 2649 3935; baseline 0.001 -10"><span class='ocrx_word' id='word_1_293' title='bbox 487 3912 2649 3935; x_wconf 40' lang='lat' dir='ltr'><strong>Wﬁ-</strong></span> 
     </span>
    </p>
   </div>
   <div class='ocr_carea' id='block_1_42' title="bbox 2137 553 3696 629">
    <p class='ocr_par' dir='ltr' id='par_1_42' title="bbox 2137 553 3696 629">
     <span class='ocr_line' id='line_1_42' title="bbox 2137 553 3696 629; baseline 0.008 -28"><span class='ocrx_word' id='word_1_294' title='bbox 2137 568 2238 619; x_wconf 83' lang='lat' dir='ltr'><strong>que</strong></span> <span class='ocrx_word' id='word_1_295' title='bbox 2262 553 2521 619; x_wconf 81' lang='lat' dir='ltr'><strong>incipiunt</strong></span> <span class='ocrx_word' id='word_1_296' title='bbox 2545 557 2847 611; x_wconf 80' lang='lat' dir='ltr'><strong>Aristotelis</strong></span> <span class='ocrx_word' id='word_1_297' title='bbox 2872 561 3155 627; x_wconf 60' lang='lat' dir='ltr'><strong>categorias</strong></span> <span class='ocrx_word' id='word_1_298' title='bbox 3177 558 3360 613; x_wconf 71' lang='lat' dir='ltr'><strong>ltoetio</strong></span> <span class='ocrx_word' id='word_1_299' title='bbox 3384 562 3696 629; x_wconf 80' lang='lat' dir='ltr'><strong>interprete.</strong></span> 
     </span>
    </p>
   </div>
   <div class='ocr_carea' id='block_1_43' title="bbox 2139 643 3702 725">
    <p class='ocr_par' dir='ltr' id='par_1_43' title="bbox 2139 643 3702 725">
     <span class='ocr_line' id='line_1_43' title="bbox 2139 643 3702 725; baseline 0.003 -26"><span class='ocrx_word' id='word_1_300' title='bbox 2139 643 2197 696; x_wconf 78' lang='grc' dir='ltr'><strong>Ρ.</strong></span> <span class='ocrx_word' id='word_1_301' title='bbox 2232 645 2318 707; x_wconf 57' lang='grc' dir='ltr'><strong>5η,</strong></span> <span class='ocrx_word' id='word_1_302' title='bbox 2354 648 2669 700; x_wconf 84' lang='lat' dir='ltr'><strong>Aristoteles</strong></span> <span class='ocrx_word' id='word_1_303' title='bbox 2715 654 2833 725; x_wconf 72' lang='grc' dir='ltr'><strong>περὶ</strong></span> <span class='ocrx_word' id='word_1_304' title='bbox 2879 652 3141 723; x_wconf 71' lang='grc' dir='ltr'><strong>ἑρμηνείας</strong></span> <span class='ocrx_word' id='word_1_305' title='bbox 3175 651 3358 704; x_wconf 70' lang='grc'><strong>[100110</strong></span> <span class='ocrx_word' id='word_1_306' title='bbox 3387 652 3507 703; x_wconf 86' lang='lat' dir='ltr'><strong>item</strong></span> <span class='ocrx_word' id='word_1_307' title='bbox 3540 653 3702 703; x_wconf 87' lang='lat' dir='ltr'><strong>inter-</strong></span> 
     </span>
    </p>
   </div>
   <div class='ocr_carea' id='block_1_44' title="bbox 2138 730 3709 811">
    <p class='ocr_par' dir='ltr' id='par_1_44' title="bbox 2138 730 3709 811">
     <span class='ocr_line' id='line_1_44' title="bbox 2138 730 3709 811; baseline 0.004 -21"><span class='ocrx_word' id='word_1_308' title='bbox 2138 747 2306 807; x_wconf 77' lang='lat' dir='ltr'><strong>prete.</strong></span> <span class='ocrx_word' id='word_1_309' title='bbox 2335 739 2390 791; x_wconf 78' lang='lat' dir='ltr'><strong>l’.</strong></span> <span class='ocrx_word' id='word_1_310' title='bbox 2421 740 2512 803; x_wconf 83' lang='lat'><strong>88,</strong></span> <span class='ocrx_word' id='word_1_311' title='bbox 2534 739 2809 795; x_wconf 84' lang='lat' dir='ltr'><strong>Ciceronis</strong></span> <span class='ocrx_word' id='word_1_312' title='bbox 2839 742 3056 811; x_wconf 86' lang='lat' dir='ltr'><strong>Topica.</strong></span> <span class='ocrx_word' id='word_1_313' title='bbox 3089 743 3148 795; x_wconf 91' lang='lat' dir='ltr'><strong>P.</strong></span> <span class='ocrx_word' id='word_1_314' title='bbox 3186 743 3309 806; x_wconf 76' lang='grc'><strong>181,</strong></span> <span class='ocrx_word' id='word_1_315' title='bbox 3348 730 3516 796; x_wconf 85' lang='lat' dir='ltr'><strong>Boetii</strong></span> <span class='ocrx_word' id='word_1_316' title='bbox 3546 742 3709 811; x_wconf 86' lang='lat' dir='ltr'><strong>Topi-</strong></span> 
     </span>
    </p>
   </div>
   <div class='ocr_carea' id='block_1_45' title="bbox 2138 827 3711 901">
    <p class='ocr_par' dir='ltr' id='par_1_45' title="bbox 2138 827 3711 901">
     <span class='ocr_line' id='line_1_45' title="bbox 2138 827 3711 901; baseline 0.003 -21"><span class='ocrx_word' id='word_1_317' title='bbox 2138 844 2321 881; x_wconf 90' lang='lat' dir='ltr'><strong>carum</strong></span> <span class='ocrx_word' id='word_1_318' title='bbox 2376 827 2805 883; x_wconf 75' lang='lat' dir='ltr'><strong>Dill‘erentiarnm</strong></span> <span class='ocrx_word' id='word_1_319' title='bbox 2855 833 2972 885; x_wconf 88' lang='lat' dir='ltr'><strong>libri</strong></span> <span class='ocrx_word' id='word_1_320' title='bbox 2997 842 3245 901; x_wconf 89' lang='lat' dir='ltr'><strong>quatuor.</strong></span> <span class='ocrx_word' id='word_1_321' title='bbox 3282 835 3339 886; x_wconf 78' lang='lat' dir='ltr'><strong>l&#39;.</strong></span> <span class='ocrx_word' id='word_1_322' title='bbox 3376 836 3502 892; x_wconf 71' lang='lat'><strong>9.23.</strong></span> <span class='ocrx_word' id='word_1_323' title='bbox 3538 835 3711 887; x_wconf 87' lang='lat' dir='ltr'><strong>intro-</strong></span> 
     </span>
    </p>
   </div>
   <div class='ocr_carea' id='block_1_46' title="bbox 2138 921 3707 993">
    <p class='ocr_par' dir='ltr' id='par_1_46' title="bbox 2138 921 3707 993">
     <span class='ocr_line' id='line_1_46' title="bbox 2138 921 3707 993; baseline 0.003 -20"><span class='ocrx_word' id='word_1_324' title='bbox 2138 921 2404 973; x_wconf 90' lang='lat' dir='ltr'><strong>ductionis</strong></span> <span class='ocrx_word' id='word_1_325' title='bbox 2454 922 2503 972; x_wconf 90' lang='lat' dir='ltr'><strong>in</strong></span> <span class='ocrx_word' id='word_1_326' title='bbox 2534 921 2871 989; x_wconf 87' lang='lat' dir='ltr'><strong>Catcgoricos</strong></span> <span class='ocrx_word' id='word_1_327' title='bbox 2921 922 3273 993; x_wconf 78' lang='lat' dir='ltr'><strong>Syllogismos</strong></span> <span class='ocrx_word' id='word_1_328' title='bbox 3308 926 3427 979; x_wconf 90' lang='lat' dir='ltr'><strong>libri</strong></span> <span class='ocrx_word' id='word_1_329' title='bbox 3470 926 3593 979; x_wconf 90' lang='lat' dir='ltr'><strong>dno.</strong></span> <span class='ocrx_word' id='word_1_330' title='bbox 3650 926 3707 978; x_wconf 91' lang='lat' dir='ltr'><strong>P.</strong></span> 
     </span>
    </p>
   </div>
   <div class='ocr_carea' id='block_1_47' title="bbox 2138 1011 3709 1084">
    <p class='ocr_par' dir='ltr' id='par_1_47' title="bbox 2138 1011 3709 1084">
     <span class='ocr_line' id='line_1_47' title="bbox 2138 1011 3709 1084; baseline 0.003 -18"><span class='ocrx_word' id='word_1_331' title='bbox 2138 1012 2271 1079; x_wconf 77' lang='lat' dir='ltr'><strong>30f),</strong></span> <span class='ocrx_word' id='word_1_332' title='bbox 2308 1011 2382 1066; x_wconf 91' lang='lat' dir='ltr'><strong>De</strong></span> <span class='ocrx_word' id='word_1_333' title='bbox 2414 1012 2780 1083; x_wconf 87' lang='lat' dir='ltr'><strong>llypotheticis</strong></span> <span class='ocrx_word' id='word_1_334' title='bbox 2812 1014 3149 1084; x_wconf 76' lang='lat' dir='ltr'><strong>Syllogismis</strong></span> <span class='ocrx_word' id='word_1_335' title='bbox 3180 1017 3297 1067; x_wconf 90' lang='lat' dir='ltr'><strong>libri</strong></span> <span class='ocrx_word' id='word_1_336' title='bbox 3334 1030 3461 1070; x_wconf 87' lang='lat' dir='ltr'><strong>tres.</strong></span> <span class='ocrx_word' id='word_1_337' title='bbox 3492 1018 3550 1070; x_wconf 92' lang='lat' dir='ltr'><strong>P.</strong></span> <span class='ocrx_word' id='word_1_338' title='bbox 3590 1018 3709 1082; x_wconf 75' lang='grc'><strong>101,</strong></span> 
     </span>
    </p>
   </div>
   <div class='ocr_carea' id='block_1_48' title="bbox 2144 1094 3716 1171">
    <p class='ocr_par' dir='ltr' id='par_1_48' title="bbox 2144 1094 3716 1171">
     <span class='ocr_line' id='line_1_48' title="bbox 2144 1094 3716 1171; baseline 0.004 -13"><span class='ocrx_word' id='word_1_339' title='bbox 2144 1106 2302 1159; x_wconf 88' lang='lat' dir='ltr'><strong>Liber</strong></span> <span class='ocrx_word' id='word_1_340' title='bbox 2334 1107 2684 1160; x_wconf 88' lang='lat' dir='ltr'><strong>Divisionum.</strong></span> <span class='ocrx_word' id='word_1_341' title='bbox 2719 1106 2780 1160; x_wconf 83' lang='lat' dir='ltr'><strong>P.</strong></span> <span class='ocrx_word' id='word_1_342' title='bbox 2805 1094 2913 1163; x_wconf 52' lang='grc'><strong>’451</strong></span> <span class='ocrx_word' id='word_1_343' title='bbox 2941 1149 2953 1171; x_wconf 88' lang='grc'>,</span> <span class='ocrx_word' id='word_1_344' title='bbox 2989 1108 3148 1161; x_wconf 68' lang='lat' dir='ltr'><strong>[.‘her</strong></span> <span class='ocrx_word' id='word_1_345' title='bbox 3180 1108 3558 1161; x_wconf 84' lang='lat' dir='ltr'><strong>Definitionum</strong></span> <span class='ocrx_word' id='word_1_346' title='bbox 3592 1109 3716 1165; x_wconf 83' lang='lat' dir='ltr'><strong>Vic-</strong></span> 
     </span>
    </p>
   </div>
   <div class='ocr_carea' id='block_1_49' title="bbox 2143 1196 3779 1262">
    <p class='ocr_par' dir='ltr' id='par_1_49' title="bbox 2143 1196 3779 1262">
     <span class='ocr_line' id='line_1_49' title="bbox 2143 1196 3779 1262; baseline 0.001 -11"><span class='ocrx_word' id='word_1_347' title='bbox 2143 1199 2321 1251; x_wconf 91' lang='lat' dir='ltr'><strong>torini.</strong></span> <span class='ocrx_word' id='word_1_348' title='bbox 2348 1198 2406 1250; x_wconf 89' lang='lat' dir='ltr'><strong>P.</strong></span> <span class='ocrx_word' id='word_1_349' title='bbox 2430 1196 2553 1262; x_wconf 82' lang='grc'><strong>501,</strong></span> <span class='ocrx_word' id='word_1_350' title='bbox 2575 1215 2638 1251; x_wconf 80' lang='lat' dir='ltr'><strong>DE</strong></span> <span class='ocrx_word' id='word_1_351' title='bbox 2663 1213 2980 1253; x_wconf 60' lang='lat' dir='ltr'><strong>nnc&#39;romcaz</strong></span> <span class='ocrx_word' id='word_1_352' title='bbox 3010 1214 3359 1254; x_wconf 66' lang='lat' dir='ltr'><strong>consumsit.</strong></span> <span class='ocrx_word' id='word_1_353' title='bbox 3388 1199 3445 1252; x_wconf 80' lang='grc' dir='ltr'><strong>Ρ.</strong></span> <span class='ocrx_word' id='word_1_354' title='bbox 3471 1199 3596 1261; x_wconf 72' lang='grc'><strong>5119,</strong></span> <span class='ocrx_word' id='word_1_355' title='bbox 3631 1215 3719 1252; x_wconf 78' lang='grc' dir='ltr'><strong>ιο-</strong></span> <span class='ocrx_word' id='word_1_356' title='bbox 3774 1210 3779 1215; x_wconf 83' lang='lat'><strong><em>&#39;</em></strong></span> 
     </span>
    </p>
   </div>
   <div class='ocr_carea' id='block_1_50' title="bbox 2132 1286 3719 1355">
    <p class='ocr_par' dir='ltr' id='par_1_50' title="bbox 2132 1286 3719 1355">
     <span class='ocr_line' id='line_1_50' title="bbox 2132 1286 3719 1355; baseline 0.001 -10"><span class='ocrx_word' id='word_1_357' title='bbox 2132 1286 2314 1345; x_wconf 78' lang='lat' dir='ltr'><strong>Conon</strong></span> <span class='ocrx_word' id='word_1_358' title='bbox 2347 1305 2758 1344; x_wconf 74' lang='lat' dir='ltr'><strong>nncromconcn</strong></span> <span class='ocrx_word' id='word_1_359' title='bbox 2792 1306 3101 1344; x_wconf 80' lang='lat' dir='ltr'><strong>DISTINCTIO.</strong></span> <span class='ocrx_word' id='word_1_360' title='bbox 3141 1290 3199 1343; x_wconf 89' lang='lat' dir='ltr'><strong>P.</strong></span> <span class='ocrx_word' id='word_1_361' title='bbox 3244 1289 3375 1355; x_wconf 68' lang='lat'><strong>512,</strong></span> <span class='ocrx_word' id='word_1_362' title='bbox 3410 1291 3568 1344; x_wconf 82' lang='lat' dir='ltr'><strong>Liber</strong></span> <span class='ocrx_word' id='word_1_363' title='bbox 3594 1300 3719 1346; x_wconf 86' lang='lat' dir='ltr'><strong>anto</strong></span> 
     </span>
    </p>
   </div>
   <div class='ocr_carea' id='block_1_51' title="bbox 2143 1382 2577 1451">
    <p class='ocr_par' dir='ltr' id='par_1_51' title="bbox 2143 1382 2577 1451">
     <span class='ocr_line' id='line_1_51' title="bbox 2143 1382 2577 1451; baseline -0.002 -16"><span class='ocrx_word' id='word_1_364' title='bbox 2143 1382 2577 1451; x_wconf 80' lang='lat' dir='ltr'><strong>praedicamenta.</strong></span> 
     </span>
    </p>
   </div>
   <div class='ocr_carea' id='block_1_52' title="bbox 2214 1472 3716 1541">
    <p class='ocr_par' dir='ltr' id='par_1_52' title="bbox 2214 1472 3716 1541">
     <span class='ocr_line' id='line_1_52' title="bbox 2214 1472 3716 1541; baseline 0.001 -15"><span class='ocrx_word' id='word_1_365' title='bbox 2214 1472 2435 1541; x_wconf 89' lang='lat' dir='ltr'><strong>Insuper</strong></span> <span class='ocrx_word' id='word_1_366' title='bbox 2463 1475 2723 1527; x_wconf 82' lang='lat' dir='ltr'><strong>scrutanti</strong></span> <span class='ocrx_word' id='word_1_367' title='bbox 2752 1475 2878 1526; x_wconf 90' lang='lat' dir='ltr'><strong>mihi</strong></span> <span class='ocrx_word' id='word_1_368' title='bbox 2913 1474 3219 1538; x_wconf 83' lang='lat' dir='ltr'><strong>Boetianos,</strong></span> <span class='ocrx_word' id='word_1_369' title='bbox 3248 1483 3302 1525; x_wconf 91' lang='lat' dir='ltr'><strong>ut</strong></span> <span class='ocrx_word' id='word_1_370' title='bbox 3334 1474 3467 1539; x_wconf 82' lang='lat' dir='ltr'><strong>dixi,</strong></span> <span class='ocrx_word' id='word_1_371' title='bbox 3500 1473 3716 1528; x_wconf 88' lang='lat' dir='ltr'><strong>codices</strong></span> 
     </span>
    </p>
   </div>
   <div class='ocr_carea' id='block_1_53' title="bbox 2143 1564 3716 1633">
    <p class='ocr_par' dir='ltr' id='par_1_53' title="bbox 2143 1564 3716 1633">
     <span class='ocr_line' id='line_1_53' title="bbox 2143 1564 3716 1633; baseline 0.001 -16"><span class='ocrx_word' id='word_1_372' title='bbox 2143 1574 2374 1617; x_wconf 89' lang='lat' dir='ltr'><strong>mentem</strong></span> <span class='ocrx_word' id='word_1_373' title='bbox 2425 1579 2532 1633; x_wconf 70' lang='lat' dir='ltr'><strong>pra:</strong></span> <span class='ocrx_word' id='word_1_374' title='bbox 2581 1564 2794 1618; x_wconf 64' lang='lat' dir='ltr'><strong>cazteris</strong></span> <span class='ocrx_word' id='word_1_375' title='bbox 2846 1574 3189 1633; x_wconf 81' lang='lat' dir='ltr'><strong>pervetustus</strong></span> <span class='ocrx_word' id='word_1_376' title='bbox 3236 1565 3450 1633; x_wconf 87' lang='lat' dir='ltr'><strong>quidam</strong></span> <span class='ocrx_word' id='word_1_377' title='bbox 3491 1565 3716 1627; x_wconf 79' lang='lat' dir='ltr'><strong>defixit,</strong></span> 
     </span>
    </p>
   </div>
   <div class='ocr_carea' id='block_1_54' title="bbox 2144 1654 3714 1723">
    <p class='ocr_par' dir='ltr' id='par_1_54' title="bbox 2144 1654 3714 1723">
     <span class='ocr_line' id='line_1_54' title="bbox 2144 1654 3714 1723; baseline 0.002 -17"><span class='ocrx_word' id='word_1_378' title='bbox 2144 1654 2340 1707; x_wconf 62' lang='lat' dir='ltr'><strong>sarculo</strong></span> <span class='ocrx_word' id='word_1_379' title='bbox 2367 1654 2532 1708; x_wconf 81' lang='lat' dir='ltr'><strong>ferme</strong></span> <span class='ocrx_word' id='word_1_380' title='bbox 2556 1672 2585 1708; x_wconf 72' lang='grc' dir='ltr'><strong>χ</strong></span> <span class='ocrx_word' id='word_1_381' title='bbox 2621 1656 2872 1722; x_wconf 89' lang='lat' dir='ltr'><strong>scriptus,</strong></span> <span class='ocrx_word' id='word_1_382' title='bbox 2903 1657 3066 1709; x_wconf 65' lang='lat' dir='ltr'><strong>codex</strong></span> <span class='ocrx_word' id='word_1_383' title='bbox 3094 1656 3160 1709; x_wconf 92' lang='lat' dir='ltr'><strong>de</strong></span> <span class='ocrx_word' id='word_1_384' title='bbox 3192 1656 3550 1723; x_wconf 67' lang='lat' dir='ltr'><strong>Philosophiae</strong></span> <span class='ocrx_word' id='word_1_385' title='bbox 3576 1658 3714 1709; x_wconf 88' lang='lat' dir='ltr'><strong>Con-</strong></span> 
     </span>
    </p>
   </div>
   <div class='ocr_carea' id='block_1_55' title="bbox 2144 1747 3717 1815">
    <p class='ocr_par' dir='ltr' id='par_1_55' title="bbox 2144 1747 3717 1815">
     <span class='ocr_line' id='line_1_55' title="bbox 2144 1747 3717 1815; baseline 0.002 -17"><span class='ocrx_word' id='word_1_386' title='bbox 2144 1747 2426 1809; x_wconf 85' lang='lat' dir='ltr'><strong>solatione,</strong></span> <span class='ocrx_word' id='word_1_387' title='bbox 2466 1764 2568 1800; x_wconf 91' lang='lat' dir='ltr'><strong>non</strong></span> <span class='ocrx_word' id='word_1_388' title='bbox 2602 1758 2707 1801; x_wconf 90' lang='lat' dir='ltr'><strong>tam</strong></span> <span class='ocrx_word' id='word_1_389' title='bbox 2752 1748 2821 1801; x_wconf 92' lang='lat' dir='ltr'><strong>ob</strong></span> <span class='ocrx_word' id='word_1_390' title='bbox 2849 1750 3060 1815; x_wconf 56' lang='lat' dir='ltr'><strong>egregia</strong></span> <span class='ocrx_word' id='word_1_391' title='bbox 3090 1757 3143 1801; x_wconf 84' lang='lat' dir='ltr'><strong>ct</strong></span> <span class='ocrx_word' id='word_1_392' title='bbox 3172 1756 3348 1801; x_wconf 87' lang='lat' dir='ltr'><strong>vetera</strong></span> <span class='ocrx_word' id='word_1_393' title='bbox 3394 1748 3457 1800; x_wconf 87' lang='lat' dir='ltr'><strong>ad</strong></span> <span class='ocrx_word' id='word_1_394' title='bbox 3502 1747 3554 1801; x_wconf 89' lang='lat' dir='ltr'><strong>id</strong></span> <span class='ocrx_word' id='word_1_395' title='bbox 3582 1762 3717 1815; x_wconf 82' lang='lat' dir='ltr'><strong>opus</strong></span> 
     </span>
    </p>
   </div>
   <div class='ocr_carea' id='block_1_56' title="bbox 2137 1831 3715 1908">
    <p class='ocr_par' dir='ltr' id='par_1_56' title="bbox 2137 1831 3715 1908">
     <span class='ocr_line' id='line_1_56' title="bbox 2137 1831 3715 1908; baseline -0.001 -15"><span class='ocrx_word' id='word_1_396' title='bbox 2137 1831 2346 1893; x_wconf 83' lang='lat' dir='ltr'><strong>scholia</strong></span> <span class='ocrx_word' id='word_1_397' title='bbox 2377 1840 2627 1892; x_wconf 86' lang='lat' dir='ltr'><strong>notabilis</strong></span> <span class='ocrx_word' id='word_1_398' title='bbox 2658 1840 2801 1908; x_wconf 88' lang='lat' dir='ltr'><strong>(nam</strong></span> <span class='ocrx_word' id='word_1_399' title='bbox 2833 1840 2947 1892; x_wconf 74' lang='lat' dir='ltr'><strong>hmc</strong></span> <span class='ocrx_word' id='word_1_400' title='bbox 2978 1854 3348 1907; x_wconf 63' lang='lat' dir='ltr'><strong>saepenumero</strong></span> <span class='ocrx_word' id='word_1_401' title='bbox 3386 1839 3435 1891; x_wconf 91' lang='lat' dir='ltr'><strong>in</strong></span> <span class='ocrx_word' id='word_1_402' title='bbox 3468 1846 3597 1891; x_wconf 81' lang='lat' dir='ltr'><strong>mss.</strong></span> <span class='ocrx_word' id='word_1_403' title='bbox 3624 1840 3715 1891; x_wconf 47' lang='lat' dir='ltr'><strong>oc;</strong></span> 
     </span>
    </p>
   </div>
   <div class='ocr_carea' id='block_1_57' title="bbox 2146 1928 3716 1999">
    <p class='ocr_par' dir='ltr' id='par_1_57' title="bbox 2146 1928 3716 1999">
     <span class='ocr_line' id='line_1_57' title="bbox 2146 1928 3716 1999; baseline -0.001 -15"><span class='ocrx_word' id='word_1_404' title='bbox 2146 1939 2385 1998; x_wconf 81' lang='lat' dir='ltr'><strong>currunt)</strong></span> <span class='ocrx_word' id='word_1_405' title='bbox 2409 1949 2565 1997; x_wconf 88' lang='lat' dir='ltr'><strong>quam</strong></span> <span class='ocrx_word' id='word_1_406' title='bbox 2597 1932 2667 1985; x_wconf 92' lang='lat' dir='ltr'><strong>ob</strong></span> <span class='ocrx_word' id='word_1_407' title='bbox 2700 1932 2967 1999; x_wconf 81' lang='lat' dir='ltr'><strong>prolixum</strong></span> <span class='ocrx_word' id='word_1_408' title='bbox 3009 1930 3292 1999; x_wconf 79' lang='lat' dir='ltr'><strong>quemdam</strong></span> <span class='ocrx_word' id='word_1_409' title='bbox 3329 1943 3382 1983; x_wconf 86' lang='lat' dir='ltr'><strong>et</strong></span> <span class='ocrx_word' id='word_1_410' title='bbox 3404 1930 3617 1983; x_wconf 82' lang='lat' dir='ltr'><strong>doctum</strong></span> <span class='ocrx_word' id='word_1_411' title='bbox 3650 1928 3716 1983; x_wconf 84' lang='lat' dir='ltr'><strong>ad</strong></span> 
     </span>
    </p>
   </div>
   <div class='ocr_carea' id='block_1_58' title="bbox 2146 2022 3716 2091">
    <p class='ocr_par' dir='ltr' id='par_1_58' title="bbox 2146 2022 3716 2091">
     <span class='ocr_line' id='line_1_58' title="bbox 2146 2022 3716 2091; baseline -0.001 -18"><span class='ocrx_word' id='word_1_412' title='bbox 2146 2022 2345 2090; x_wconf 86' lang='lat' dir='ltr'><strong>aliquot</strong></span> <span class='ocrx_word' id='word_1_413' title='bbox 2378 2022 2614 2075; x_wconf 85' lang='lat' dir='ltr'><strong>Boetiani</strong></span> <span class='ocrx_word' id='word_1_414' title='bbox 2643 2022 2821 2091; x_wconf 89' lang='lat' dir='ltr'><strong>operis</strong></span> <span class='ocrx_word' id='word_1_415' title='bbox 2848 2024 3083 2076; x_wconf 87' lang='lat' dir='ltr'><strong>carmina</strong></span> <span class='ocrx_word' id='word_1_416' title='bbox 3109 2024 3583 2084; x_wconf 90' lang='lat' dir='ltr'><strong>commentarium,</strong></span> <span class='ocrx_word' id='word_1_417' title='bbox 3614 2023 3716 2073; x_wconf 85' lang='lat' dir='ltr'><strong>Bo-</strong></span> 
     </span>
    </p>
   </div>
   <div class='ocr_carea' id='block_1_59' title="bbox 2146 2114 3719 2185">
    <p class='ocr_par' dir='ltr' id='par_1_59' title="bbox 2146 2114 3719 2185">
     <span class='ocr_line' id='line_1_59' title="bbox 2146 2114 3719 2185; baseline 0 -18"><span class='ocrx_word' id='word_1_418' title='bbox 2146 2114 2270 2167; x_wconf 89' lang='lat' dir='ltr'><strong>voni</strong></span> <span class='ocrx_word' id='word_1_419' title='bbox 2298 2114 2517 2168; x_wconf 88' lang='lat' dir='ltr'><strong>antistiti</strong></span> <span class='ocrx_word' id='word_1_420' title='bbox 2548 2116 2797 2181; x_wconf 87' lang='lat' dir='ltr'><strong>missum,</strong></span> <span class='ocrx_word' id='word_1_421' title='bbox 2830 2126 3180 2185; x_wconf 84' lang='lat' dir='ltr'><strong>typorumque</strong></span> <span class='ocrx_word' id='word_1_422' title='bbox 3208 2116 3346 2181; x_wconf 90' lang='lat' dir='ltr'><strong>luce,</strong></span> <span class='ocrx_word' id='word_1_423' title='bbox 3385 2124 3440 2167; x_wconf 92' lang='lat' dir='ltr'><strong>ut</strong></span> <span class='ocrx_word' id='word_1_424' title='bbox 3466 2129 3581 2167; x_wconf 91' lang='lat' dir='ltr'><strong>mea</strong></span> <span class='ocrx_word' id='word_1_425' title='bbox 3617 2114 3719 2167; x_wconf 88' lang='lat' dir='ltr'><strong>fert</strong></span> 
     </span>
    </p>
   </div>
   <div class='ocr_carea' id='block_1_60' title="bbox 2148 2205 3720 2276">
    <p class='ocr_par' dir='ltr' id='par_1_60' title="bbox 2148 2205 3720 2276">
     <span class='ocr_line' id='line_1_60' title="bbox 2148 2205 3720 2276; baseline -0.002 -16"><span class='ocrx_word' id='word_1_426' title='bbox 2148 2206 2349 2276; x_wconf 88' lang='lat' dir='ltr'><strong>opinio,</strong></span> <span class='ocrx_word' id='word_1_427' title='bbox 2400 2205 2556 2272; x_wconf 84' lang='lat' dir='ltr'><strong>plane</strong></span> <span class='ocrx_word' id='word_1_428' title='bbox 2583 2206 2823 2275; x_wconf 78' lang='lat' dir='ltr'><strong>dignum.</strong></span> <span class='ocrx_word' id='word_1_429' title='bbox 2870 2206 3005 2261; x_wconf 87' lang='lat' dir='ltr'><strong>Tres</strong></span> <span class='ocrx_word' id='word_1_430' title='bbox 3050 2215 3225 2261; x_wconf 90' lang='lat' dir='ltr'><strong>autem</strong></span> <span class='ocrx_word' id='word_1_431' title='bbox 3258 2205 3473 2260; x_wconf 89' lang='lat' dir='ltr'><strong>fuerunt</strong></span> <span class='ocrx_word' id='word_1_432' title='bbox 3521 2206 3720 2257; x_wconf 61' lang='lat' dir='ltr'><strong>sarculo</strong></span> 
     </span>
    </p>
   </div>
   <div class='ocr_carea' id='block_1_61' title="bbox 2147 2298 3721 2354">
    <p class='ocr_par' dir='ltr' id='par_1_61' title="bbox 2147 2298 3721 2354">
     <span class='ocr_line' id='line_1_61' title="bbox 2147 2298 3721 2354; baseline -0.001 -1"><span class='ocrx_word' id='word_1_433' title='bbox 2147 2299 2356 2354; x_wconf 90' lang='lat' dir='ltr'><strong>decimo</strong></span> <span class='ocrx_word' id='word_1_434' title='bbox 2386 2299 2629 2354; x_wconf 82' lang='lat' dir='ltr'><strong>Bovones</strong></span> <span class='ocrx_word' id='word_1_435' title='bbox 2653 2300 2873 2354; x_wconf 88' lang='lat' dir='ltr'><strong>abbates</strong></span> <span class='ocrx_word' id='word_1_436' title='bbox 2923 2300 3236 2354; x_wconf 89' lang='lat' dir='ltr'><strong>monasterii</strong></span> <span class='ocrx_word' id='word_1_437' title='bbox 3284 2314 3436 2353; x_wconf 78' lang='lat' dir='ltr'><strong>nova:</strong></span> <span class='ocrx_word' id='word_1_438' title='bbox 3482 2298 3721 2352; x_wconf 71' lang='lat' dir='ltr'><strong>Corbeia:</strong></span> 
     </span>
    </p>
   </div>
   <div class='ocr_carea' id='block_1_62' title="bbox 2148 2391 3722 2463">
    <p class='ocr_par' dir='ltr' id='par_1_62' title="bbox 2148 2391 3722 2463">
     <span class='ocr_line' id='line_1_62' title="bbox 2148 2391 3722 2463; baseline 0.003 -18"><span class='ocrx_word' id='word_1_439' title='bbox 2148 2394 2214 2446; x_wconf 92' lang='lat' dir='ltr'><strong>ad</strong></span> <span class='ocrx_word' id='word_1_440' title='bbox 2262 2391 2534 2463; x_wconf 83' lang='lat' dir='ltr'><strong>Visurgim</strong></span> <span class='ocrx_word' id='word_1_441' title='bbox 2568 2393 2763 2448; x_wconf 88' lang='lat' dir='ltr'><strong>flumen</strong></span> <span class='ocrx_word' id='word_1_442' title='bbox 2812 2394 2867 2448; x_wconf 92' lang='lat' dir='ltr'><strong>in</strong></span> <span class='ocrx_word' id='word_1_443' title='bbox 2920 2395 3177 2458; x_wconf 83' lang='lat' dir='ltr'><strong>Saxiona,</strong></span> <span class='ocrx_word' id='word_1_444' title='bbox 3216 2404 3272 2446; x_wconf 93' lang='lat' dir='ltr'><strong>nt</strong></span> <span class='ocrx_word' id='word_1_445' title='bbox 3305 2393 3642 2447; x_wconf 79' lang='lat' dir='ltr'><strong>Mabillonius</strong></span> <span class='ocrx_word' id='word_1_446' title='bbox 3669 2394 3722 2449; x_wconf 89' lang='lat' dir='ltr'><strong>in</strong></span> 
     </span>
    </p>
   </div>
   <div class='ocr_carea' id='block_1_63' title="bbox 2150 2470 3723 2554">
    <p class='ocr_par' dir='ltr' id='par_1_63' title="bbox 2150 2470 3723 2554">
     <span class='ocr_line' id='line_1_63' title="bbox 2150 2470 3723 2554; baseline -0.001 -13"><span class='ocrx_word' id='word_1_447' title='bbox 2150 2489 2295 2542; x_wconf 89' lang='lat' dir='ltr'><strong>Actis</strong></span> <span class='ocrx_word' id='word_1_448' title='bbox 2324 2499 2629 2541; x_wconf 89' lang='lat' dir='ltr'><strong>sanctorum</strong></span> <span class='ocrx_word' id='word_1_449' title='bbox 2656 2487 3121 2542; x_wconf 85' lang='lat' dir='ltr'><strong>Benedictinornm</strong></span> <span class='ocrx_word' id='word_1_450' title='bbox 3147 2494 3188 2541; x_wconf 92' lang='lat' dir='ltr'><strong>t.</strong></span> <span class='ocrx_word' id='word_1_451' title='bbox 3214 2486 3321 2551; x_wconf 84' lang='lat' dir='ltr'><strong>Vll,</strong></span> <span class='ocrx_word' id='word_1_452' title='bbox 3354 2501 3408 2554; x_wconf 92' lang='lat' dir='ltr'><strong>p.</strong></span> <span class='ocrx_word' id='word_1_453' title='bbox 3438 2486 3569 2551; x_wconf 78' lang='lat'><strong>706,</strong></span> <span class='ocrx_word' id='word_1_454' title='bbox 3596 2470 3723 2539; x_wconf 79' lang='lat' dir='ltr'><strong>dili-</strong></span> 
     </span>
    </p>
   </div>
   <div class='ocr_carea' id='block_1_64' title="bbox 2149 2577 3723 2649">
    <p class='ocr_par' dir='ltr' id='par_1_64' title="bbox 2149 2577 3723 2649">
     <span class='ocr_line' id='line_1_64' title="bbox 2149 2577 3723 2649; baseline -0.001 -16"><span class='ocrx_word' id='word_1_455' title='bbox 2149 2589 2335 2649; x_wconf 79' lang='lat' dir='ltr'><strong>genter</strong></span> <span class='ocrx_word' id='word_1_456' title='bbox 2365 2588 2567 2632; x_wconf 86' lang='lat' dir='ltr'><strong>narrat.</strong></span> <span class='ocrx_word' id='word_1_457' title='bbox 2600 2579 2716 2632; x_wconf 69' lang='lat' dir='ltr'><strong>iam</strong></span> <span class='ocrx_word' id='word_1_458' title='bbox 2747 2578 2969 2632; x_wconf 91' lang='lat' dir='ltr'><strong>secundi</strong></span> <span class='ocrx_word' id='word_1_459' title='bbox 3001 2578 3232 2631; x_wconf 84' lang='lat' dir='ltr'><strong>Bovonis</strong></span> <span class='ocrx_word' id='word_1_460' title='bbox 3268 2586 3506 2647; x_wconf 89' lang='lat' dir='ltr'><strong>tempore</strong></span> <span class='ocrx_word' id='word_1_461' title='bbox 3545 2577 3723 2631; x_wconf 85' lang='lat' dir='ltr'><strong>ﬂoruit</strong></span> 
     </span>
    </p>
   </div>
   <div class='ocr_carea' id='block_1_65' title="bbox 2156 2668 3723 2736">
    <p class='ocr_par' dir='ltr' id='par_1_65' title="bbox 2156 2668 3723 2736">
     <span class='ocr_line' id='line_1_65' title="bbox 2156 2668 3723 2736; baseline -0.001 -13"><span class='ocrx_word' id='word_1_462' title='bbox 2156 2670 2365 2723; x_wconf 86' lang='lat' dir='ltr'><strong>Brunus</strong></span> <span class='ocrx_word' id='word_1_463' title='bbox 2393 2670 2445 2722; x_wconf 91' lang='lat' dir='ltr'><strong>in</strong></span> <span class='ocrx_word' id='word_1_464' title='bbox 2477 2683 2614 2722; x_wconf 91' lang='lat' dir='ltr'><strong>nova</strong></span> <span class='ocrx_word' id='word_1_465' title='bbox 2653 2668 2878 2723; x_wconf 89' lang='lat' dir='ltr'><strong>Corbeia</strong></span> <span class='ocrx_word' id='word_1_466' title='bbox 2908 2670 3221 2724; x_wconf 89' lang='lat' dir='ltr'><strong>monachus.</strong></span> <span class='ocrx_word' id='word_1_467' title='bbox 3253 2670 3383 2736; x_wconf 81' lang='lat' dir='ltr'><strong>Quia</strong></span> <span class='ocrx_word' id='word_1_468' title='bbox 3421 2686 3549 2725; x_wconf 91' lang='lat' dir='ltr'><strong>vero</strong></span> <span class='ocrx_word' id='word_1_469' title='bbox 3578 2686 3723 2725; x_wconf 85' lang='lat' dir='ltr'><strong>com-</strong></span> 
     </span>
    </p>
   </div>
   <div class='ocr_carea' id='block_1_66' title="bbox 2153 2760 3720 2830">
    <p class='ocr_par' dir='ltr' id='par_1_66' title="bbox 2153 2760 3720 2830">
     <span class='ocr_line' id='line_1_66' title="bbox 2153 2760 3720 2830; baseline -0.001 -15"><span class='ocrx_word' id='word_1_470' title='bbox 2153 2762 2469 2827; x_wconf 88' lang='lat' dir='ltr'><strong>mentarius,</strong></span> <span class='ocrx_word' id='word_1_471' title='bbox 2504 2760 2572 2815; x_wconf 92' lang='lat' dir='ltr'><strong>de</strong></span> <span class='ocrx_word' id='word_1_472' title='bbox 2596 2775 2702 2830; x_wconf 92' lang='lat' dir='ltr'><strong>quo</strong></span> <span class='ocrx_word' id='word_1_473' title='bbox 2728 2761 2995 2830; x_wconf 90' lang='lat' dir='ltr'><strong>loquimur</strong></span> <span class='ocrx_word' id='word_1_474' title='bbox 3021 2801 3036 2825; x_wconf 92' lang='lat'><strong>,</strong></span> <span class='ocrx_word' id='word_1_475' title='bbox 3089 2760 3287 2813; x_wconf 86' lang='lat' dir='ltr'><strong>Bovoni</strong></span> <span class='ocrx_word' id='word_1_476' title='bbox 3319 2761 3387 2814; x_wconf 88' lang='lat' dir='ltr'><strong>ab</strong></span> <span class='ocrx_word' id='word_1_477' title='bbox 3416 2769 3635 2815; x_wconf 84' lang='lat' dir='ltr'><strong>auctore</strong></span> <span class='ocrx_word' id='word_1_478' title='bbox 3661 2761 3720 2814; x_wconf 84' lang='grc' dir='ltr'><strong>Β.</strong></span> 
     </span>
    </p>
   </div>
   <div class='ocr_carea' id='block_1_67' title="bbox 2154 2853 3724 2920">
    <p class='ocr_par' dir='ltr' id='par_1_67' title="bbox 2154 2853 3724 2920">
     <span class='ocr_line' id='line_1_67' title="bbox 2154 2853 3724 2920; baseline -0.001 -13"><span class='ocrx_word' id='word_1_479' title='bbox 2154 2853 2495 2919; x_wconf 84' lang='lat' dir='ltr'><strong>inscribitur,</strong></span> <span class='ocrx_word' id='word_1_480' title='bbox 2523 2854 2678 2907; x_wconf 85' lang='lat' dir='ltr'><strong>valde</strong></span> <span class='ocrx_word' id='word_1_481' title='bbox 2710 2854 2952 2920; x_wconf 86' lang='lat' dir='ltr'><strong>suspicor</strong></span> <span class='ocrx_word' id='word_1_482' title='bbox 2986 2854 3219 2907; x_wconf 88' lang='lat' dir='ltr'><strong>Brunum</strong></span> <span class='ocrx_word' id='word_1_483' title='bbox 3249 2868 3370 2907; x_wconf 90' lang='lat' dir='ltr'><strong>esse</strong></span> <span class='ocrx_word' id='word_1_484' title='bbox 3397 2863 3724 2907; x_wconf 86' lang='lat' dir='ltr'><strong>commenta-</strong></span> 
     </span>
    </p>
   </div>
   <div class='ocr_carea' id='block_1_68' title="bbox 2154 2943 3726 3015">
    <p class='ocr_par' dir='ltr' id='par_1_68' title="bbox 2154 2943 3726 3015">
     <span class='ocr_line' id='line_1_68' title="bbox 2154 2943 3726 3015; baseline -0.001 -16"><span class='ocrx_word' id='word_1_485' title='bbox 2154 2946 2218 3000; x_wconf 87' lang='lat' dir='ltr'><strong>rii</strong></span> <span class='ocrx_word' id='word_1_486' title='bbox 2246 2954 2521 3015; x_wconf 91' lang='lat' dir='ltr'><strong>parentem</strong></span> <span class='ocrx_word' id='word_1_487' title='bbox 2544 2984 2558 3007; x_wconf 91' lang='lat'><strong>,</strong></span> <span class='ocrx_word' id='word_1_488' title='bbox 2592 2944 2861 2998; x_wconf 88' lang='lat' dir='ltr'><strong>Bovonem</strong></span> <span class='ocrx_word' id='word_1_489' title='bbox 2895 2952 3073 2998; x_wconf 91' lang='lat' dir='ltr'><strong>autem</strong></span> <span class='ocrx_word' id='word_1_490' title='bbox 3120 2943 3358 2998; x_wconf 88' lang='lat' dir='ltr'><strong>evasisse</strong></span> <span class='ocrx_word' id='word_1_491' title='bbox 3388 2944 3585 2999; x_wconf 89' lang='lat' dir='ltr'><strong>deinde</strong></span> <span class='ocrx_word' id='word_1_492' title='bbox 3614 2945 3726 3012; x_wconf 85' lang='lat' dir='ltr'><strong>epi-</strong></span> 
     </span>
    </p>
   </div>
   <div class='ocr_carea' id='block_1_69' title="bbox 2154 3037 3727 3105">
    <p class='ocr_par' dir='ltr' id='par_1_69' title="bbox 2154 3037 3727 3105">
     <span class='ocr_line' id='line_1_69' title="bbox 2154 3037 3727 3105; baseline 0.001 -14"><span class='ocrx_word' id='word_1_493' title='bbox 2154 3052 2398 3105; x_wconf 86' lang='lat' dir='ltr'><strong>scopum.</strong></span> <span class='ocrx_word' id='word_1_494' title='bbox 2436 3037 2724 3100; x_wconf 66' lang='lat' dir='ltr'><strong>Prreterea,</strong></span> <span class='ocrx_word' id='word_1_495' title='bbox 2755 3037 2894 3105; x_wconf 92' lang='lat' dir='ltr'><strong>quod</strong></span> <span class='ocrx_word' id='word_1_496' title='bbox 2938 3038 2988 3090; x_wconf 92' lang='lat' dir='ltr'><strong>in</strong></span> <span class='ocrx_word' id='word_1_497' title='bbox 3025 3038 3409 3091; x_wconf 88' lang='lat' dir='ltr'><strong>commentario</strong></span> <span class='ocrx_word' id='word_1_498' title='bbox 3441 3039 3641 3091; x_wconf 82' lang='lat' dir='ltr'><strong>mentio</strong></span> <span class='ocrx_word' id='word_1_499' title='bbox 3669 3038 3727 3092; x_wconf 86' lang='lat' dir='ltr'><strong>fit</strong></span> 
     </span>
    </p>
   </div>
   <div class='ocr_carea' id='block_1_70' title="bbox 2155 3128 3717 3197">
    <p class='ocr_par' dir='ltr' id='par_1_70' title="bbox 2155 3128 3717 3197">
     <span class='ocr_line' id='line_1_70' title="bbox 2155 3128 3717 3197; baseline 0.001 -16"><span class='ocrx_word' id='word_1_500' title='bbox 2155 3129 2995 3191; x_wconf 68' lang='lat' dir='ltr'><strong>barbaricarum&#39;incursionum,</strong></span> <span class='ocrx_word' id='word_1_501' title='bbox 3048 3128 3097 3181; x_wconf 94' lang='lat' dir='ltr'><strong>id</strong></span> <span class='ocrx_word' id='word_1_502' title='bbox 3149 3131 3393 3197; x_wconf 89' lang='lat' dir='ltr'><strong>apprime</strong></span> <span class='ocrx_word' id='word_1_503' title='bbox 3448 3132 3589 3181; x_wconf 59' lang='lat' dir='ltr'><strong>aetati</strong></span> <span class='ocrx_word' id='word_1_504' title='bbox 3642 3130 3717 3183; x_wconf 83' lang='lat' dir='ltr'><strong>illi</strong></span> 
     </span>
    </p>
   </div>
   <div class='ocr_carea' id='block_1_71' title="bbox 2155 3223 3724 3293">
    <p class='ocr_par' dir='ltr' id='par_1_71' title="bbox 2155 3223 3724 3293">
     <span class='ocr_line' id='line_1_71' title="bbox 2155 3223 3724 3293; baseline 0.001 -15"><span class='ocrx_word' id='word_1_505' title='bbox 2155 3226 2419 3278; x_wconf 71' lang='lat' dir='ltr'><strong>Ct‘nvenil.</strong></span> <span class='ocrx_word' id='word_1_506' title='bbox 2483 3224 2718 3293; x_wconf 85' lang='lat' dir='ltr'><strong>Namque</strong></span> <span class='ocrx_word' id='word_1_507' title='bbox 2774 3223 2911 3292; x_wconf 90' lang='lat' dir='ltr'><strong>apud</strong></span> <span class='ocrx_word' id='word_1_508' title='bbox 2991 3223 3297 3288; x_wconf 78' lang='lat' dir='ltr'><strong>|=r.cdictum</strong></span> <span class='ocrx_word' id='word_1_509' title='bbox 3362 3223 3724 3279; x_wconf 80' lang='lat' dir='ltr'><strong>Mabillonium</strong></span> 
     </span>
    </p>
   </div>
   <div class='ocr_carea' id='block_1_72' title="bbox 2175 3315 3728 3388">
    <p class='ocr_par' dir='ltr' id='par_1_72' title="bbox 2175 3315 3728 3388">
     <span class='ocr_line' id='line_1_72' title="bbox 2175 3315 3728 3388; baseline 0.001 -17"><span class='ocrx_word' id='word_1_510' title='bbox 2175 3327 2214 3374; x_wconf 90' lang='lat' dir='ltr'><strong>t.</strong></span> <span class='ocrx_word' id='word_1_511' title='bbox 2249 3322 2331 3384; x_wconf 71' lang='lat' dir='ltr'><strong>Vl,</strong></span> <span class='ocrx_word' id='word_1_512' title='bbox 2362 3335 2413 3388; x_wconf 93' lang='lat' dir='ltr'><strong>p.</strong></span> <span class='ocrx_word' id='word_1_513' title='bbox 2445 3319 2567 3381; x_wconf 63' lang='lat'><strong>489,</strong></span> <span class='ocrx_word' id='word_1_514' title='bbox 2602 3316 2835 3371; x_wconf 82' lang='lat' dir='ltr'><strong>Adamus</strong></span> <span class='ocrx_word' id='word_1_515' title='bbox 2871 3315 3168 3369; x_wconf 86' lang='lat' dir='ltr'><strong>Bremensis</strong></span> <span class='ocrx_word' id='word_1_516' title='bbox 3195 3326 3416 3370; x_wconf 89' lang='lat' dir='ltr'><strong>tractum</strong></span> <span class='ocrx_word' id='word_1_517' title='bbox 3444 3318 3728 3387; x_wconf 88' lang='lat' dir='ltr'><strong>quemdam</strong></span> 
     </span>
    </p>
   </div>
   <div class='ocr_carea' id='block_1_73' title="bbox 2164 3408 3728 3481">
    <p class='ocr_par' dir='ltr' id='par_1_73' title="bbox 2164 3408 3728 3481">
     <span class='ocr_line' id='line_1_73' title="bbox 2164 3408 3728 3481; baseline -0.002 -13"><span class='ocrx_word' id='word_1_518' title='bbox 2164 3415 2400 3469; x_wconf 59' lang='lat' dir='ltr'><strong>historiae</strong></span> <span class='ocrx_word' id='word_1_519' title='bbox 2429 3413 2569 3481; x_wconf 71' lang='lat' dir='ltr'><strong>(quzc</strong></span> <span class='ocrx_word' id='word_1_520' title='bbox 2596 3411 2703 3480; x_wconf 87' lang='lat' dir='ltr'><strong>jam</strong></span> <span class='ocrx_word' id='word_1_521' title='bbox 2736 3409 3025 3474; x_wconf 88' lang='lat' dir='ltr'><strong>intercidit)</strong></span> <span class='ocrx_word' id='word_1_522' title='bbox 3056 3408 3245 3462; x_wconf 89' lang='lat' dir='ltr'><strong>recitat</strong></span> <span class='ocrx_word' id='word_1_523' title='bbox 3271 3422 3488 3463; x_wconf 89' lang='lat' dir='ltr'><strong>auctore</strong></span> <span class='ocrx_word' id='word_1_524' title='bbox 3513 3410 3728 3465; x_wconf 84' lang='lat' dir='ltr'><strong>Bovonc</strong></span> 
     </span>
    </p>
   </div>
   <div class='ocr_carea' id='block_1_74' title="bbox 2158 3501 3729 3571">
    <p class='ocr_par' dir='ltr' id='par_1_74' title="bbox 2158 3501 3729 3571">
     <span class='ocr_line' id='line_1_74' title="bbox 2158 3501 3729 3571; baseline -0.003 -10"><span class='ocrx_word' id='word_1_525' title='bbox 2158 3506 2464 3563; x_wconf 90' lang='lat' dir='ltr'><strong>Corbeiensi</strong></span> <span class='ocrx_word' id='word_1_526' title='bbox 2509 3505 2731 3567; x_wconf 88' lang='lat' dir='ltr'><strong>abbate,</strong></span> <span class='ocrx_word' id='word_1_527' title='bbox 2770 3501 2859 3569; x_wconf 92' lang='lat' dir='ltr'><strong>qui</strong></span> <span class='ocrx_word' id='word_1_528' title='bbox 2887 3502 2950 3556; x_wconf 87' lang='lat' dir='ltr'><strong>de</strong></span> <span class='ocrx_word' id='word_1_529' title='bbox 2982 3501 3143 3555; x_wconf 88' lang='lat' dir='ltr'><strong>rebus</strong></span> <span class='ocrx_word' id='word_1_530' title='bbox 3187 3502 3267 3555; x_wconf 90' lang='lat' dir='ltr'><strong>sui</strong></span> <span class='ocrx_word' id='word_1_531' title='bbox 3323 3503 3576 3571; x_wconf 87' lang='lat' dir='ltr'><strong>temporis</strong></span> <span class='ocrx_word' id='word_1_532' title='bbox 3601 3504 3729 3556; x_wconf 87' lang='lat' dir='ltr'><strong>scri-</strong></span> 
     </span>
    </p>
   </div>
   <div class='ocr_carea' id='block_1_75' title="bbox 2161 3591 3729 3664">
    <p class='ocr_par' dir='ltr' id='par_1_75' title="bbox 2161 3591 3729 3664">
     <span class='ocr_line' id='line_1_75' title="bbox 2161 3591 3729 3664; baseline -0.005 -13"><span class='ocrx_word' id='word_1_533' title='bbox 2161 3598 2314 3659; x_wconf 75' lang='lat' dir='ltr'><strong>bens,</strong></span> <span class='ocrx_word' id='word_1_534' title='bbox 2355 3597 2433 3649; x_wconf 91' lang='lat' dir='ltr'><strong>sic</strong></span> <span class='ocrx_word' id='word_1_535' title='bbox 2481 3595 2686 3647; x_wconf 87' lang='lat' dir='ltr'><strong>aiebat:</strong></span> <span class='ocrx_word' id='word_1_536' title='bbox 2739 3591 2865 3646; x_wconf 87' lang='lat' dir='ltr'><strong>Cum</strong></span> <span class='ocrx_word' id='word_1_537' title='bbox 2905 3591 3160 3646; x_wconf 87' lang='lat' dir='ltr'><strong>modernis</strong></span> <span class='ocrx_word' id='word_1_538' title='bbox 3213 3594 3516 3664; x_wconf 82' lang='lat' dir='ltr'><strong>temporibus</strong></span> <span class='ocrx_word' id='word_1_539' title='bbox 3561 3596 3729 3663; x_wconf 81' lang='lat' dir='ltr'><strong>gravis</strong></span> 
     </span>
    </p>
   </div>
   <div class='ocr_carea' id='block_1_76' title="bbox 2163 3685 3728 3759">
    <p class='ocr_par' dir='ltr' id='par_1_76' title="bbox 2163 3685 3728 3759">
     <span class='ocr_line' id='line_1_76' title="bbox 2163 3685 3728 3759; baseline 0 -17"><span class='ocrx_word' id='word_1_540' title='bbox 2163 3691 2491 3743; x_wconf 81' lang='lat' dir='ltr'><strong>barbarorum</strong></span> <span class='ocrx_word' id='word_1_541' title='bbox 2517 3688 2733 3755; x_wconf 84' lang='lat' dir='ltr'><strong>irruptio</strong></span> <span class='ocrx_word' id='word_1_542' title='bbox 2776 3689 2828 3739; x_wconf 85' lang='lat' dir='ltr'><strong>in</strong></span> <span class='ocrx_word' id='word_1_543' title='bbox 2856 3687 2992 3740; x_wconf 86' lang='lat' dir='ltr'><strong>omni</strong></span> <span class='ocrx_word' id='word_1_544' title='bbox 3035 3703 3160 3755; x_wconf 82' lang='lat' dir='ltr'><strong>pene</strong></span> <span class='ocrx_word' id='word_1_545' title='bbox 3207 3685 3527 3741; x_wconf 81' lang='lat' dir='ltr'><strong>Francorum</strong></span> <span class='ocrx_word' id='word_1_546' title='bbox 3574 3705 3728 3759; x_wconf 81' lang='lat' dir='ltr'><strong>regno</strong></span> 
     </span>
    </p>
   </div>
   <div class='ocr_carea' id='block_1_77' title="bbox 2165 3780 2573 3832">
    <p class='ocr_par' dir='ltr' id='par_1_77' title="bbox 2165 3780 2573 3832">
     <span class='ocr_line' id='line_1_77' title="bbox 2165 3780 2573 3832; baseline -0.005 -1"><span class='ocrx_word' id='word_1_547' title='bbox 2165 3780 2573 3832; x_wconf 82' lang='lat' dir='ltr'><strong>debacclmretur.</strong></span> 
     </span>
    </p>
   </div>
   <div class='ocr_carea' id='block_1_78' title="bbox 1195 4026 3037 4134">
    <p class='ocr_par' dir='ltr' id='par_1_78' title="bbox 1195 4026 3037 4134">
     <span class='ocr_line' id='line_1_78' title="bbox 1195 4026 3037 4134; baseline -0.002 -5"><span class='ocrx_word' id='word_1_548' title='bbox 1195 4027 1449 4130; x_wconf 82' lang='grc' dir='ltr'><strong>ΑΝ.</strong></span> <span class='ocrx_word' id='word_1_549' title='bbox 1514 4029 1993 4134; x_wconf 84' lang='lat' dir='ltr'><strong>MANL.</strong></span> <span class='ocrx_word' id='word_1_550' title='bbox 2078 4028 2430 4132; x_wconf 85' lang='lat' dir='ltr'><strong>SEV.</strong></span> <span class='ocrx_word' id='word_1_551' title='bbox 2513 4026 3037 4127; x_wconf 83' lang='lat' dir='ltr'><strong>BOETII</strong></span> 
     </span>
    </p>
   </div>
   <div class='ocr_carea' id='block_1_79' title="bbox 767 4229 3465 4362">
    <p class='ocr_par' dir='ltr' id='par_1_79' title="bbox 767 4229 3465 4362">
     <span class='ocr_line' id='line_1_79' title="bbox 767 4229 3465 4362; baseline -0.004 -46"><span class='ocrx_word' id='word_1_552' title='bbox 767 4230 1489 4317; x_wconf 89' lang='lat' dir='ltr'><strong>SPECULATIO</strong></span> <span class='ocrx_word' id='word_1_553' title='bbox 1562 4235 1722 4318; x_wconf 90' lang='lat' dir='ltr'><strong>DE</strong></span> <span class='ocrx_word' id='word_1_554' title='bbox 1795 4230 2597 4362; x_wconf 68' lang='lat' dir='ltr'><strong>BHETHORICE</strong></span> <span class='ocrx_word' id='word_1_555' title='bbox 2674 4229 3465 4317; x_wconf 82' lang='lat' dir='ltr'><strong>COGNATIONE.</strong></span> 
     </span>
    </p>
   </div>
   <div class='ocr_carea' id='block_1_80' title="bbox 554 4394 2048 4465">
    <p class='ocr_par' dir='ltr' id='par_1_80' title="bbox 554 4394 2048 4465">
     <span class='ocr_line' id='line_1_80' title="bbox 554 4394 2048 4465; baseline 0.001 -19"><span class='ocrx_word' id='word_1_556' title='bbox 554 4395 602 4446; x_wconf 85' lang='grc'><strong>1.</strong></span> <span class='ocrx_word' id='word_1_557' title='bbox 643 4394 845 4461; x_wconf 86' lang='lat' dir='ltr'><strong>Quanta</strong></span> <span class='ocrx_word' id='word_1_558' title='bbox 875 4396 1089 4449; x_wconf 89' lang='lat' dir='ltr'><strong>sibimet</strong></span> <span class='ocrx_word' id='word_1_559' title='bbox 1117 4411 1202 4449; x_wconf 87' lang='lat' dir='ltr'><strong>ars</strong></span> <span class='ocrx_word' id='word_1_560' title='bbox 1232 4397 1494 4450; x_wconf 87' lang='lat' dir='ltr'><strong>rhetorica</strong></span> <span class='ocrx_word' id='word_1_561' title='bbox 1522 4396 1837 4465; x_wconf 84' lang='lat' dir='ltr'><strong>cognatione</strong></span> <span class='ocrx_word' id='word_1_562' title='bbox 1861 4395 2048 4465; x_wconf 83' lang='lat' dir='ltr'><strong>junga-</strong></span> 
     </span>
    </p>
   </div>
   <div class='ocr_carea' id='block_1_81' title="bbox 2150 4390 3725 4462">
    <p class='ocr_par' dir='ltr' id='par_1_81' title="bbox 2150 4390 3725 4462">
     <span class='ocr_line' id='line_1_81' title="bbox 2150 4390 3725 4462; baseline 0.003 -16"><span class='ocrx_word' id='word_1_563' title='bbox 2150 4394 2363 4462; x_wconf 74' lang='lat' dir='ltr'><strong>Species</strong></span> <span class='ocrx_word' id='word_1_564' title='bbox 2389 4401 2560 4445; x_wconf 92' lang='lat' dir='ltr'><strong>autem</strong></span> <span class='ocrx_word' id='word_1_565' title='bbox 2610 4390 2804 4445; x_wconf 89' lang='lat' dir='ltr'><strong>idcirco</strong></span> <span class='ocrx_word' id='word_1_566' title='bbox 2835 4402 2960 4446; x_wconf 89' lang='lat' dir='ltr'><strong>sunt</strong></span> <span class='ocrx_word' id='word_1_567' title='bbox 2984 4408 3116 4461; x_wconf 88' lang='lat' dir='ltr'><strong>quas</strong></span> <span class='ocrx_word' id='word_1_568' title='bbox 3161 4395 3410 4461; x_wconf 86' lang='lat' dir='ltr'><strong>superius</strong></span> <span class='ocrx_word' id='word_1_569' title='bbox 3442 4410 3725 4453; x_wconf 85' lang='lat' dir='ltr'><strong>enumera-</strong></span> 
     </span>
    </p>
   </div>
   <div class='ocr_carea' id='block_1_82' title="bbox 480 4484 3722 4560">
    <p class='ocr_par' dir='ltr' id='par_1_82' title="bbox 480 4484 3722 4560">
     <span class='ocr_line' id='line_1_82' title="bbox 480 4484 3722 4560; baseline 0.002 -24"><span class='ocrx_word' id='word_1_570' title='bbox 480 4494 587 4545; x_wconf 85' lang='lat' dir='ltr'><strong>tur,</strong></span> <span class='ocrx_word' id='word_1_571' title='bbox 632 4499 735 4536; x_wconf 89' lang='lat' dir='ltr'><strong>non</strong></span> <span class='ocrx_word' id='word_1_572' title='bbox 781 4484 930 4539; x_wconf 84' lang='lat' dir='ltr'><strong>facile</strong></span> <span class='ocrx_word' id='word_1_573' title='bbox 959 4488 1279 4542; x_wconf 88' lang='lat' dir='ltr'><strong>considerari</strong></span> <span class='ocrx_word' id='word_1_574' title='bbox 1312 4498 1518 4555; x_wconf 86' lang='lat' dir='ltr'><strong>potest;</strong></span> <span class='ocrx_word' id='word_1_575' title='bbox 1560 4488 1754 4555; x_wconf 84' lang='lat' dir='ltr'><strong>vixque</strong></span> <span class='ocrx_word' id='word_1_576' title='bbox 1784 4498 1867 4541; x_wconf 83' lang='lat' dir='ltr'><strong>est</strong></span> <span class='ocrx_word' id='word_1_577' title='bbox 1888 4489 2047 4540; x_wconf 89' lang='lat' dir='ltr'><strong>etiam</strong></span> <span class='ocrx_word' id='word_1_578' title='bbox 2086 4488 2364 4560; x_wconf 82' lang='lat' dir='ltr'><strong>Dvimus,</strong></span> <span class='ocrx_word' id='word_1_579' title='bbox 2409 4484 2655 4552; x_wconf 89' lang='lat' dir='ltr'><strong>quoniam</strong></span> <span class='ocrx_word' id='word_1_580' title='bbox 2687 4484 2738 4535; x_wconf 93' lang='lat' dir='ltr'><strong>in</strong></span> <span class='ocrx_word' id='word_1_581' title='bbox 2790 4485 2871 4536; x_wconf 90' lang='lat' dir='ltr'><strong>his</strong></span> <span class='ocrx_word' id='word_1_582' title='bbox 2921 4493 3028 4536; x_wconf 89' lang='lat' dir='ltr'><strong>tota</strong></span> <span class='ocrx_word' id='word_1_583' title='bbox 3063 4486 3327 4539; x_wconf 90' lang='lat' dir='ltr'><strong>rhetorica</strong></span> <span class='ocrx_word' id='word_1_584' title='bbox 3373 4497 3472 4542; x_wconf 87' lang='lat' dir='ltr'><strong>est.</strong></span> <span class='ocrx_word' id='word_1_585' title='bbox 3516 4489 3722 4559; x_wconf 83' lang='lat' dir='ltr'><strong>Integra</strong></span> 
     </span>
    </p>
   </div>
   <div class='ocr_carea' id='block_1_83' title="bbox 482 4562 2050 4645">
    <p class='ocr_par' dir='ltr' id='par_1_83' title="bbox 482 4562 2050 4645">
     <span class='ocr_line' id='line_1_83' title="bbox 482 4562 2050 4645; baseline 0.004 -21"><span class='ocrx_word' id='word_1_586' title='bbox 482 4584 540 4625; x_wconf 90' lang='lat' dir='ltr'><strong>ut</strong></span> <span class='ocrx_word' id='word_1_587' title='bbox 571 4574 753 4626; x_wconf 89' lang='lat' dir='ltr'><strong>auditu</strong></span> <span class='ocrx_word' id='word_1_588' title='bbox 803 4575 1150 4630; x_wconf 89' lang='lat' dir='ltr'><strong>animadverti</strong></span> <span class='ocrx_word' id='word_1_589' title='bbox 1178 4586 1366 4645; x_wconf 83' lang='lat' dir='ltr'><strong>queat,</strong></span> <span class='ocrx_word' id='word_1_590' title='bbox 1418 4562 1610 4631; x_wconf 88' lang='lat' dir='ltr'><strong>nedum</strong></span> <span class='ocrx_word' id='word_1_591' title='bbox 1651 4580 1719 4632; x_wconf 90' lang='lat' dir='ltr'><strong>sit</strong></span> <span class='ocrx_word' id='word_1_592' title='bbox 1760 4578 1915 4632; x_wconf 87' lang='lat' dir='ltr'><strong>facile</strong></span> <span class='ocrx_word' id='word_1_593' title='bbox 1960 4593 2050 4631; x_wconf 89' lang='lat' dir='ltr'><strong>re-</strong></span> 
     </span>
    </p>
   </div>
   <div class='ocr_carea' id='block_1_84' title="bbox 481 4663 2053 4740">
    <p class='ocr_par' dir='ltr' id='par_1_84' title="bbox 481 4663 2053 4740">
     <span class='ocr_line' id='line_1_84' title="bbox 481 4663 2053 4740; baseline 0.006 -26"><span class='ocrx_word' id='word_1_594' title='bbox 481 4675 654 4730; x_wconf 80' lang='lat' dir='ltr'><strong>pertu.</strong></span> <span class='ocrx_word' id='word_1_595' title='bbox 700 4663 864 4733; x_wconf 84' lang='lat' dir='ltr'><strong>Cujus</strong></span> <span class='ocrx_word' id='word_1_596' title='bbox 894 4667 1109 4735; x_wconf 87' lang='lat' dir='ltr'><strong>quidem</strong></span> <span class='ocrx_word' id='word_1_597' title='bbox 1139 4669 1215 4721; x_wconf 88' lang='lat' dir='ltr'><strong>rei</strong></span> <span class='ocrx_word' id='word_1_598' title='bbox 1245 4684 1479 4722; x_wconf 89' lang='lat' dir='ltr'><strong>errorem</strong></span> <span class='ocrx_word' id='word_1_599' title='bbox 1512 4669 1677 4723; x_wconf 87' lang='lat' dir='ltr'><strong>divisa</strong></span> <span class='ocrx_word' id='word_1_600' title='bbox 1719 4671 1785 4723; x_wconf 91' lang='lat' dir='ltr'><strong>de</strong></span> <span class='ocrx_word' id='word_1_601' title='bbox 1830 4670 2053 4740; x_wconf 87' lang='lat' dir='ltr'><strong>singulis</strong></span> 
     </span>
    </p>
   </div>
   <div class='ocr_carea' id='block_1_85' title="bbox 483 4754 2049 4828">
    <p class='ocr_par' dir='ltr' id='par_1_85' title="bbox 483 4754 2049 4828">
     <span class='ocr_line' id='line_1_85' title="bbox 483 4754 2049 4828; baseline 0.006 -24"><span class='ocrx_word' id='word_1_602' title='bbox 483 4754 771 4822; x_wconf 71' lang='lat' dir='ltr'><strong>disputatio</strong></span> <span class='ocrx_word' id='word_1_603' title='bbox 802 4770 1184 4826; x_wconf 71' lang='lat' dir='ltr'><strong>prazceptornm</strong></span> <span class='ocrx_word' id='word_1_604' title='bbox 1208 4768 1352 4812; x_wconf 89' lang='lat' dir='ltr'><strong>creat</strong></span> <span class='ocrx_word' id='word_1_605' title='bbox 1389 4776 1401 4810; x_wconf 92' lang='lat'><strong>:</strong></span> <span class='ocrx_word' id='word_1_606' title='bbox 1452 4761 1518 4812; x_wconf 84' lang='lat' dir='ltr'><strong>de</strong></span> <span class='ocrx_word' id='word_1_607' title='bbox 1549 4775 1865 4828; x_wconf 81' lang='lat' dir='ltr'><strong>uanuoque</strong></span> <span class='ocrx_word' id='word_1_608' title='bbox 1906 4761 2049 4814; x_wconf 87' lang='lat' dir='ltr'><strong>enim</strong></span> 
     </span>
    </p>
   </div>
   <div class='ocr_carea' id='block_1_86' title="bbox 483 4846 2049 4916">
    <p class='ocr_par' dir='ltr' id='par_1_86' title="bbox 483 4846 2049 4916">
     <span class='ocr_line' id='line_1_86' title="bbox 483 4846 2049 4916; baseline 0.005 -20"><span class='ocrx_word' id='word_1_609' title='bbox 483 4846 793 4913; x_wconf 73' lang='lat' dir='ltr'><strong>prmcipiunt</strong></span> <span class='ocrx_word' id='word_1_610' title='bbox 824 4888 837 4912; x_wconf 91' lang='lat'><strong>,</strong></span> <span class='ocrx_word' id='word_1_611' title='bbox 888 4850 1017 4902; x_wconf 85' lang='lat' dir='ltr'><strong>nihil</strong></span> <span class='ocrx_word' id='word_1_612' title='bbox 1073 4849 1138 4902; x_wconf 91' lang='lat' dir='ltr'><strong>de</strong></span> <span class='ocrx_word' id='word_1_613' title='bbox 1184 4850 1454 4904; x_wconf 89' lang='lat' dir='ltr'><strong>communi</strong></span> <span class='ocrx_word' id='word_1_614' title='bbox 1507 4850 1833 4905; x_wconf 89' lang='lat' dir='ltr'><strong>laborantes.</strong></span> <span class='ocrx_word' id='word_1_615' title='bbox 1882 4854 2049 4916; x_wconf 81' lang='lat' dir='ltr'><strong>Quam</strong></span> 
     </span>
    </p>
   </div>
   <div class='ocr_carea' id='block_1_87' title="bbox 483 4939 2051 5011">
    <p class='ocr_par' dir='ltr' id='par_1_87' title="bbox 483 4939 2051 5011">
     <span class='ocr_line' id='line_1_87' title="bbox 483 4939 2051 5011; baseline 0.004 -23"><span class='ocrx_word' id='word_1_616' title='bbox 483 4946 683 5003; x_wconf 86' lang='lat' dir='ltr'><strong>partem</strong></span> <span class='ocrx_word' id='word_1_617' title='bbox 715 4939 972 4994; x_wconf 71' lang='lat' dir='ltr'><strong>doctrina:</strong></span> <span class='ocrx_word' id='word_1_618' title='bbox 1012 4956 1263 5007; x_wconf 84' lang='lat' dir='ltr'><strong>vacuam,</strong></span> <span class='ocrx_word' id='word_1_619' title='bbox 1304 4953 1359 4995; x_wconf 92' lang='lat' dir='ltr'><strong>ut</strong></span> <span class='ocrx_word' id='word_1_620' title='bbox 1407 4956 1714 5010; x_wconf 85' lang='lat' dir='ltr'><strong>possumus,</strong></span> <span class='ocrx_word' id='word_1_621' title='bbox 1776 4942 2051 5011; x_wconf 82' lang='lat' dir='ltr'><strong>aggredia-</strong></span> 
     </span>
    </p>
   </div>
   <div class='ocr_carea' id='block_1_88' title="bbox 482 5033 2052 5104">
    <p class='ocr_par' dir='ltr' id='par_1_88' title="bbox 482 5033 2052 5104">
     <span class='ocr_line' id='line_1_88' title="bbox 482 5033 2052 5104; baseline 0.004 -21"><span class='ocrx_word' id='word_1_622' title='bbox 482 5047 618 5085; x_wconf 88' lang='lat' dir='ltr'><strong>mur.</strong></span> <span class='ocrx_word' id='word_1_623' title='bbox 656 5033 898 5088; x_wconf 86' lang='lat' dir='ltr'><strong>Dicemus</strong></span> <span class='ocrx_word' id='word_1_624' title='bbox 944 5035 1103 5104; x_wconf 85' lang='lat' dir='ltr'><strong>igitur</strong></span> <span class='ocrx_word' id='word_1_625' title='bbox 1132 5036 1198 5089; x_wconf 90' lang='lat' dir='ltr'><strong>de</strong></span> <span class='ocrx_word' id='word_1_626' title='bbox 1224 5050 1417 5104; x_wconf 81' lang='lat' dir='ltr'><strong>genere</strong></span> <span class='ocrx_word' id='word_1_627' title='bbox 1445 5037 1602 5097; x_wconf 88' lang='lat' dir='ltr'><strong>artis,</strong></span> <span class='ocrx_word' id='word_1_628' title='bbox 1661 5045 1715 5087; x_wconf 89' lang='lat' dir='ltr'><strong>et</strong></span> <span class='ocrx_word' id='word_1_629' title='bbox 1753 5034 1819 5089; x_wconf 91' lang='lat' dir='ltr'><strong>de</strong></span> <span class='ocrx_word' id='word_1_630' title='bbox 1847 5034 2052 5103; x_wconf 89' lang='lat' dir='ltr'><strong>specie-</strong></span> 
     </span>
    </p>
   </div>
   <div class='ocr_carea' id='block_1_89' title="bbox 482 5119 2047 5193">
    <p class='ocr_par' dir='ltr' id='par_1_89' title="bbox 482 5119 2047 5193">
     <span class='ocr_line' id='line_1_89' title="bbox 482 5119 2047 5193; baseline 0.003 -19"><span class='ocrx_word' id='word_1_631' title='bbox 482 5119 602 5185; x_wconf 82' lang='lat' dir='ltr'><strong>bus,</strong></span> <span class='ocrx_word' id='word_1_632' title='bbox 637 5124 891 5192; x_wconf 85' lang='lat' dir='ltr'><strong>partibus,</strong></span> <span class='ocrx_word' id='word_1_633' title='bbox 923 5129 1293 5187; x_wconf 86' lang='lat' dir='ltr'><strong>instrumento,</strong></span> <span class='ocrx_word' id='word_1_634' title='bbox 1320 5126 1758 5191; x_wconf 85' lang='lat' dir='ltr'><strong>instrnmentique</strong></span> <span class='ocrx_word' id='word_1_635' title='bbox 1787 5125 2047 5193; x_wconf 85' lang='lat' dir='ltr'><strong>partibus,</strong></span> 
     </span>
    </p>
   </div>
   <div class='ocr_carea' id='block_1_90' title="bbox 481 5215 2045 5284">
    <p class='ocr_par' dir='ltr' id='par_1_90' title="bbox 481 5215 2045 5284">
     <span class='ocr_line' id='line_1_90' title="bbox 481 5215 2045 5284; baseline 0.005 -20"><span class='ocrx_word' id='word_1_636' title='bbox 481 5228 642 5281; x_wconf 81' lang='lat' dir='ltr'><strong>apere</strong></span> <span class='ocrx_word' id='word_1_637' title='bbox 668 5217 848 5281; x_wconf 89' lang='lat' dir='ltr'><strong>etiam,</strong></span> <span class='ocrx_word' id='word_1_638' title='bbox 897 5215 1179 5284; x_wconf 77' lang='lat' dir='ltr'><strong>officioque</strong></span> <span class='ocrx_word' id='word_1_639' title='bbox 1217 5217 1469 5283; x_wconf 88' lang='lat' dir='ltr'><strong>auctoris,</strong></span> <span class='ocrx_word' id='word_1_640' title='bbox 1523 5228 1575 5270; x_wconf 88' lang='lat' dir='ltr'><strong>et</strong></span> <span class='ocrx_word' id='word_1_641' title='bbox 1608 5217 1733 5271; x_wconf 81' lang='lat' dir='ltr'><strong>fine.</strong></span> <span class='ocrx_word' id='word_1_642' title='bbox 1786 5218 2045 5283; x_wconf 78' lang='lat' dir='ltr'><strong>Quocirca</strong></span> 
     </span>
    </p>
   </div>
   <div class='ocr_carea' id='block_1_91' title="bbox 481 5307 2045 5378">
    <p class='ocr_par' dir='ltr' id='par_1_91' title="bbox 481 5307 2045 5378">
     <span class='ocr_line' id='line_1_91' title="bbox 481 5307 2045 5378; baseline 0.004 -18"><span class='ocrx_word' id='word_1_643' title='bbox 481 5307 607 5375; x_wconf 92' lang='lat' dir='ltr'><strong>quid</strong></span> <span class='ocrx_word' id='word_1_644' title='bbox 639 5310 687 5361; x_wconf 90' lang='lat' dir='ltr'><strong>in</strong></span> <span class='ocrx_word' id='word_1_645' title='bbox 731 5324 1014 5363; x_wconf 88' lang='lat' dir='ltr'><strong>commune</strong></span> <span class='ocrx_word' id='word_1_646' title='bbox 1044 5309 1421 5378; x_wconf 78' lang='lat' dir='ltr'><strong>speculandum</strong></span> <span class='ocrx_word' id='word_1_647' title='bbox 1454 5319 1557 5375; x_wconf 90' lang='lat' dir='ltr'><strong>est,</strong></span> <span class='ocrx_word' id='word_1_648' title='bbox 1593 5310 1717 5364; x_wconf 90' lang='lat' dir='ltr'><strong>hinc</strong></span> <span class='ocrx_word' id='word_1_649' title='bbox 1748 5310 2045 5366; x_wconf 89' lang='lat' dir='ltr'><strong>disserendi</strong></span> 
     </span>
    </p>
   </div>
   <div class='ocr_carea' id='block_1_92' title="bbox 480 5400 1073 5454">
    <p class='ocr_par' dir='ltr' id='par_1_92' title="bbox 480 5400 1073 5454">
     <span class='ocr_line' id='line_1_92' title="bbox 480 5400 1073 5454; baseline 0.005 -4"><span class='ocrx_word' id='word_1_650' title='bbox 480 5410 745 5453; x_wconf 84' lang='lat' dir='ltr'><strong>sumamus</strong></span> <span class='ocrx_word' id='word_1_651' title='bbox 775 5400 1073 5454; x_wconf 78' lang='lat' dir='ltr'><strong>exordium.</strong></span> 
     </span>
    </p>
   </div>
   <div class='ocr_carea' id='block_1_93' title="bbox 548 5490 2049 5564">
    <p class='ocr_par' dir='ltr' id='par_1_93' title="bbox 548 5490 2049 5564">
     <span class='ocr_line' id='line_1_93' title="bbox 548 5490 2049 5564; baseline 0.005 -21"><span class='ocrx_word' id='word_1_652' title='bbox 548 5490 602 5545; x_wconf 75' lang='lat'><strong>2.</strong></span> <span class='ocrx_word' id='word_1_653' title='bbox 656 5490 954 5547; x_wconf 76' lang='lat' dir='ltr'><strong>Rhetorica:</strong></span> <span class='ocrx_word' id='word_1_654' title='bbox 986 5496 1140 5561; x_wconf 82' lang='lat' dir='ltr'><strong>igitur</strong></span> <span class='ocrx_word' id='word_1_655' title='bbox 1184 5509 1349 5563; x_wconf 75' lang='lat' dir='ltr'><strong>genus</strong></span> <span class='ocrx_word' id='word_1_656' title='bbox 1396 5504 1477 5548; x_wconf 90' lang='lat' dir='ltr'><strong>est</strong></span> <span class='ocrx_word' id='word_1_657' title='bbox 1526 5494 1785 5560; x_wconf 87' lang='lat' dir='ltr'><strong>facultas;</strong></span> <span class='ocrx_word' id='word_1_658' title='bbox 1842 5497 2049 5564; x_wconf 83' lang='lat' dir='ltr'><strong>species</strong></span> 
     </span>
    </p>
   </div>
   <div class='ocr_carea' id='block_1_94' title="bbox 479 5584 2047 5653">
    <p class='ocr_par' dir='ltr' id='par_1_94' title="bbox 479 5584 2047 5653">
     <span class='ocr_line' id='line_1_94' title="bbox 479 5584 2047 5653; baseline 0.004 -20"><span class='ocrx_word' id='word_1_659' title='bbox 479 5593 606 5636; x_wconf 86' lang='lat' dir='ltr'><strong>vero</strong></span> <span class='ocrx_word' id='word_1_660' title='bbox 652 5584 1064 5653; x_wconf 83' lang='lat' dir='ltr'><strong>tres,judiciale</strong></span> <span class='ocrx_word' id='word_1_661' title='bbox 1096 5594 1152 5648; x_wconf 70' lang='grc'><strong>⁸,</strong></span> <span class='ocrx_word' id='word_1_662' title='bbox 1202 5586 1700 5648; x_wconf 83' lang='lat' dir='ltr'><strong>demonstrativum,</strong></span> <span class='ocrx_word' id='word_1_663' title='bbox 1744 5586 2047 5640; x_wconf 84' lang='lat' dir='ltr'><strong>deliberati-</strong></span> 
     </span>
    </p>
   </div>
   <div class='ocr_carea' id='block_1_95' title="bbox 479 5673 2047 5747">
    <p class='ocr_par' dir='ltr' id='par_1_95' title="bbox 479 5673 2047 5747">
     <span class='ocr_line' id='line_1_95' title="bbox 479 5673 2047 5747; baseline 0.005 -22"><span class='ocrx_word' id='word_1_664' title='bbox 479 5684 621 5727; x_wconf 84' lang='lat' dir='ltr'><strong>vum.</strong></span> <span class='ocrx_word' id='word_1_665' title='bbox 656 5674 906 5742; x_wconf 80' lang='lat' dir='ltr'><strong>Etgenus</strong></span> <span class='ocrx_word' id='word_1_666' title='bbox 933 5673 1143 5743; x_wconf 89' lang='lat' dir='ltr'><strong>quidem</strong></span> <span class='ocrx_word' id='word_1_667' title='bbox 1173 5674 1223 5726; x_wconf 90' lang='lat' dir='ltr'><strong>id</strong></span> <span class='ocrx_word' id='word_1_668' title='bbox 1251 5688 1369 5727; x_wconf 89' lang='lat' dir='ltr'><strong>esse</strong></span> <span class='ocrx_word' id='word_1_669' title='bbox 1411 5676 1550 5743; x_wconf 85' lang='lat' dir='ltr'><strong>quod</strong></span> <span class='ocrx_word' id='word_1_670' title='bbox 1579 5677 1829 5743; x_wconf 79' lang='lat' dir='ltr'><strong>diximus,</strong></span> <span class='ocrx_word' id='word_1_671' title='bbox 1881 5685 2047 5747; x_wconf 88' lang='lat' dir='ltr'><strong>patet.</strong></span> 
     </span>
    </p>
   </div>
   <div class='ocr_carea' id='block_1_96' title="bbox 551 5780 1559 5852">
    <p class='ocr_par' dir='ltr' id='par_1_96' title="bbox 551 5780 1559 5852">
     <span class='ocr_line' id='line_1_96' title="bbox 551 5780 1559 5852; baseline -0.001 -15"><span class='ocrx_word' id='word_1_672' title='bbox 551 5791 576 5819; x_wconf 77' lang='grc' dir='ltr'>ι</span> <span class='ocrx_word' id='word_1_673' title='bbox 613 5782 688 5839; x_wconf 83' lang='lat' dir='ltr'><strong>ita</strong></span> <span class='ocrx_word' id='word_1_674' title='bbox 722 5783 952 5852; x_wconf 89' lang='lat' dir='ltr'><strong>loquitur</strong></span> <span class='ocrx_word' id='word_1_675' title='bbox 978 5791 1163 5836; x_wconf 84' lang='lat' dir='ltr'><strong>auctor</strong></span> <span class='ocrx_word' id='word_1_676' title='bbox 1192 5783 1350 5836; x_wconf 89' lang='lat' dir='ltr'><strong>etiam</strong></span> <span class='ocrx_word' id='word_1_677' title='bbox 1378 5780 1435 5836; x_wconf 77' lang='grc' dir='ltr'><strong>α.</strong></span> <span class='ocrx_word' id='word_1_678' title='bbox 1470 5784 1559 5838; x_wconf 87' lang='grc'><strong>11.</strong></span> 
     </span>
    </p>
   </div>
   <div class='ocr_carea' id='block_1_97' title="bbox 1992 5902 2026 5909">
    <p class='ocr_par' dir='ltr' id='par_1_97' title="bbox 1992 5902 2026 5909">
     <span class='ocr_line' id='line_1_97' title="bbox 1992 5902 2026 5909; baseline 0 0"><span class='ocrx_word' id='word_1_679' title='bbox 1992 5902 2026 5909; x_wconf 68' lang='grc' dir='ltr'><strong>σ-..σ</strong></span> 
     </span>
    </p>
   </div>
   <div class='ocr_carea' id='block_1_98' title="bbox 2158 4573 3730 4644">
    <p class='ocr_par' dir='ltr' id='par_1_98' title="bbox 2158 4573 3730 4644">
     <span class='ocr_line' id='line_1_98' title="bbox 2158 4573 3730 4644; baseline 0.002 -13"><span class='ocrx_word' id='word_1_680' title='bbox 2158 4577 2298 4632; x_wconf 88' lang='lat' dir='ltr'><strong>enim</strong></span> <span class='ocrx_word' id='word_1_681' title='bbox 2330 4576 2410 4628; x_wconf 89' lang='lat' dir='ltr'><strong>vis</strong></span> <span class='ocrx_word' id='word_1_682' title='bbox 2440 4583 2521 4628; x_wconf 90' lang='lat' dir='ltr'><strong>est</strong></span> <span class='ocrx_word' id='word_1_683' title='bbox 2551 4573 2829 4627; x_wconf 66' lang='lat' dir='ltr'><strong>rhetorica:</strong></span> <span class='ocrx_word' id='word_1_684' title='bbox 2854 4574 3158 4642; x_wconf 82' lang='lat' dir='ltr'><strong>injudiciali</strong></span> <span class='ocrx_word' id='word_1_685' title='bbox 3189 4591 3384 4644; x_wconf 83' lang='lat' dir='ltr'><strong>genere</strong></span> <span class='ocrx_word' id='word_1_686' title='bbox 3412 4592 3690 4634; x_wconf 85' lang='lat' dir='ltr'><strong>causarum</strong></span> <span class='ocrx_word' id='word_1_687' title='bbox 3716 4598 3730 4643; x_wconf 89' lang='lat'><strong>;</strong></span> 
     </span>
    </p>
   </div>
   <div class='ocr_carea' id='block_1_99' title="bbox 2158 4666 3723 4736">
    <p class='ocr_par' dir='ltr' id='par_1_99' title="bbox 2158 4666 3723 4736">
     <span class='ocr_line' id='line_1_99' title="bbox 2158 4666 3723 4736; baseline 0.003 -14"><span class='ocrx_word' id='word_1_688' title='bbox 2158 4670 2360 4736; x_wconf 80' lang='lat' dir='ltr'><strong>integra</strong></span> <span class='ocrx_word' id='word_1_689' title='bbox 2390 4668 2443 4720; x_wconf 88' lang='lat' dir='ltr'><strong>in</strong></span> <span class='ocrx_word' id='word_1_690' title='bbox 2481 4667 2900 4719; x_wconf 89' lang='lat' dir='ltr'><strong>demonstrativo</strong></span> <span class='ocrx_word' id='word_1_691' title='bbox 2932 4666 3014 4719; x_wconf 87' lang='lat' dir='ltr'><strong>vel</strong></span> <span class='ocrx_word' id='word_1_692' title='bbox 3060 4667 3427 4722; x_wconf 85' lang='lat' dir='ltr'><strong>deliberativo.</strong></span> <span class='ocrx_word' id='word_1_693' title='bbox 3470 4671 3573 4724; x_wconf 90' lang='lat' dir='ltr'><strong>Sed</strong></span> <span class='ocrx_word' id='word_1_694' title='bbox 3612 4673 3723 4728; x_wconf 83' lang='lat' dir='ltr'><strong>ha-c</strong></span> 
     </span>
    </p>
   </div>
   <div class='ocr_carea' id='block_1_100' title="bbox 2152 4760 3724 4832">
    <p class='ocr_par' dir='ltr' id='par_1_100' title="bbox 2152 4760 3724 4832">
     <span class='ocr_line' id='line_1_100' title="bbox 2152 4760 3724 4832; baseline 0.001 -17"><span class='ocrx_word' id='word_1_695' title='bbox 2152 4762 2347 4830; x_wconf 64' lang='lat' dir='ltr'><strong>genera</strong></span> <span class='ocrx_word' id='word_1_696' title='bbox 2388 4768 2511 4812; x_wconf 90' lang='lat' dir='ltr'><strong>sunt</strong></span> <span class='ocrx_word' id='word_1_697' title='bbox 2537 4772 2817 4810; x_wconf 89' lang='lat' dir='ltr'><strong>causarum</strong></span> <span class='ocrx_word' id='word_1_698' title='bbox 2845 4773 2860 4820; x_wconf 93' lang='lat'><strong>;</strong></span> <span class='ocrx_word' id='word_1_699' title='bbox 2896 4772 3081 4811; x_wconf 88' lang='lat' dir='ltr'><strong>omnes</strong></span> <span class='ocrx_word' id='word_1_700' title='bbox 3106 4760 3246 4813; x_wconf 93' lang='lat' dir='ltr'><strong>enim</strong></span> <span class='ocrx_word' id='word_1_701' title='bbox 3294 4775 3467 4815; x_wconf 62' lang='lat' dir='ltr'><strong>causa:</strong></span> <span class='ocrx_word' id='word_1_702' title='bbox 3497 4765 3575 4816; x_wconf 86' lang='lat' dir='ltr'><strong>vel</strong></span> <span class='ocrx_word' id='word_1_703' title='bbox 3603 4778 3724 4832; x_wconf 81' lang='lat' dir='ltr'><strong>Spe-</strong></span> 
     </span>
    </p>
   </div>
   <div class='ocr_carea' id='block_1_101' title="bbox 2155 4848 3731 4922">
    <p class='ocr_par' dir='ltr' id='par_1_101' title="bbox 2155 4848 3731 4922">
     <span class='ocr_line' id='line_1_101' title="bbox 2155 4848 3731 4922; baseline 0.003 -18"><span class='ocrx_word' id='word_1_704' title='bbox 2155 4852 2319 4905; x_wconf 89' lang='lat' dir='ltr'><strong>cialcs</strong></span> <span class='ocrx_word' id='word_1_705' title='bbox 2346 4851 2427 4903; x_wconf 89' lang='lat' dir='ltr'><strong>vel</strong></span> <span class='ocrx_word' id='word_1_706' title='bbox 2476 4848 2760 4903; x_wconf 62' lang='lat' dir='ltr'><strong>individua:</strong></span> <span class='ocrx_word' id='word_1_707' title='bbox 2808 4851 2905 4901; x_wconf 88' lang='lat' dir='ltr'><strong>sub</strong></span> <span class='ocrx_word' id='word_1_708' title='bbox 2952 4850 3138 4901; x_wconf 88' lang='lat' dir='ltr'><strong>horum</strong></span> <span class='ocrx_word' id='word_1_709' title='bbox 3192 4866 3352 4903; x_wconf 91' lang='lat' dir='ltr'><strong>unum</strong></span> <span class='ocrx_word' id='word_1_710' title='bbox 3388 4853 3541 4906; x_wconf 91' lang='lat' dir='ltr'><strong>trium</strong></span> <span class='ocrx_word' id='word_1_711' title='bbox 3570 4870 3731 4922; x_wconf 78' lang='lat' dir='ltr'><strong>gene-</strong></span> 
     </span>
    </p>
   </div>
   <div class='ocr_carea' id='block_1_102' title="bbox 2154 4938 3731 5008">
    <p class='ocr_par' dir='ltr' id='par_1_102' title="bbox 2154 4938 3731 5008">
     <span class='ocr_line' id='line_1_102' title="bbox 2154 4938 3731 5008; baseline 0.003 -14"><span class='ocrx_word' id='word_1_712' title='bbox 2154 4956 2273 4994; x_wconf 86' lang='lat' dir='ltr'><strong>rum</strong></span> <span class='ocrx_word' id='word_1_713' title='bbox 2304 4941 2539 4994; x_wconf 85' lang='lat' dir='ltr'><strong>cadunt:</strong></span> <span class='ocrx_word' id='word_1_714' title='bbox 2587 4950 2639 4992; x_wconf 92' lang='lat' dir='ltr'><strong>ut</strong></span> <span class='ocrx_word' id='word_1_715' title='bbox 2668 4940 2765 4993; x_wconf 91' lang='lat' dir='ltr'><strong>sub</strong></span> <span class='ocrx_word' id='word_1_716' title='bbox 2792 4938 3041 5005; x_wconf 69' lang='lat' dir='ltr'><strong>iudiciale</strong></span> <span class='ocrx_word' id='word_1_717' title='bbox 3080 4940 3297 5008; x_wconf 88' lang='lat' dir='ltr'><strong>quidem</strong></span> <span class='ocrx_word' id='word_1_718' title='bbox 3343 4944 3622 5008; x_wconf 87' lang='lat' dir='ltr'><strong>speciales,</strong></span> <span class='ocrx_word' id='word_1_719' title='bbox 3675 4956 3731 4998; x_wconf 89' lang='lat' dir='ltr'><strong>ut</strong></span> 
     </span>
    </p>
   </div>
   <div class='ocr_carea' id='block_1_103' title="bbox 2157 5032 3734 5102">
    <p class='ocr_par' dir='ltr' id='par_1_103' title="bbox 2157 5032 3734 5102">
     <span class='ocr_line' id='line_1_103' title="bbox 2157 5032 3734 5102; baseline 0.001 -15"><span class='ocrx_word' id='word_1_720' title='bbox 2157 5033 2450 5102; x_wconf 86' lang='lat' dir='ltr'><strong>majestatis</strong></span> <span class='ocrx_word' id='word_1_721' title='bbox 2506 5033 2592 5087; x_wconf 84' lang='lat' dir='ltr'><strong>vel</strong></span> <span class='ocrx_word' id='word_1_722' title='bbox 2640 5032 3083 5101; x_wconf 89' lang='lat' dir='ltr'><strong>repetundarum,</strong></span> <span class='ocrx_word' id='word_1_723' title='bbox 3143 5032 3427 5086; x_wconf 64' lang='lat' dir='ltr'><strong>individua:</strong></span> <span class='ocrx_word' id='word_1_724' title='bbox 3476 5050 3624 5100; x_wconf 88' lang='lat' dir='ltr'><strong>vero,</strong></span> <span class='ocrx_word' id='word_1_725' title='bbox 3678 5051 3734 5089; x_wconf 92' lang='lat' dir='ltr'><strong>ut</strong></span> 
     </span>
    </p>
   </div>
   <div class='ocr_carea' id='block_1_104' title="bbox 2155 5122 3733 5193">
    <p class='ocr_par' dir='ltr' id='par_1_104' title="bbox 2155 5122 3733 5193">
     <span class='ocr_line' id='line_1_104' title="bbox 2155 5122 3733 5193; baseline 0.001 -14"><span class='ocrx_word' id='word_1_726' title='bbox 2155 5124 2389 5179; x_wconf 88' lang='lat' dir='ltr'><strong>Cornelii</strong></span> <span class='ocrx_word' id='word_1_727' title='bbox 2438 5125 2747 5193; x_wconf 86' lang='lat' dir='ltr'><strong>majestatis,</strong></span> <span class='ocrx_word' id='word_1_728' title='bbox 2788 5122 2874 5176; x_wconf 88' lang='lat' dir='ltr'><strong>vel</strong></span> <span class='ocrx_word' id='word_1_729' title='bbox 2926 5123 3106 5177; x_wconf 88' lang='lat' dir='ltr'><strong>Verris</strong></span> <span class='ocrx_word' id='word_1_730' title='bbox 3154 5127 3585 5191; x_wconf 87' lang='lat' dir='ltr'><strong>repetundarum.</strong></span> <span class='ocrx_word' id='word_1_731' title='bbox 3632 5126 3733 5181; x_wconf 86' lang='lat' dir='ltr'><strong>Ca-</strong></span> 
     </span>
    </p>
   </div>
   <div class='ocr_carea' id='block_1_105' title="bbox 2156 5214 3732 5284">
    <p class='ocr_par' dir='ltr' id='par_1_105' title="bbox 2156 5214 3732 5284">
     <span class='ocr_line' id='line_1_105' title="bbox 2156 5214 3732 5284; baseline 0.003 -16"><span class='ocrx_word' id='word_1_732' title='bbox 2156 5216 2289 5268; x_wconf 87' lang='lat' dir='ltr'><strong>dunt</strong></span> <span class='ocrx_word' id='word_1_733' title='bbox 2319 5216 2416 5269; x_wconf 91' lang='lat' dir='ltr'><strong>sub</strong></span> <span class='ocrx_word' id='word_1_734' title='bbox 2443 5214 2841 5269; x_wconf 86' lang='lat' dir='ltr'><strong>deliberativum</strong></span> <span class='ocrx_word' id='word_1_735' title='bbox 2873 5229 2999 5268; x_wconf 90' lang='lat' dir='ltr'><strong>vero</strong></span> <span class='ocrx_word' id='word_1_736' title='bbox 3043 5230 3371 5284; x_wconf 71' lang='lat' dir='ltr'><strong>quaecunque</strong></span> <span class='ocrx_word' id='word_1_737' title='bbox 3399 5231 3571 5270; x_wconf 67' lang='lat' dir='ltr'><strong>cansm</strong></span> <span class='ocrx_word' id='word_1_738' title='bbox 3601 5236 3732 5272; x_wconf 78' lang='lat' dir='ltr'><strong>con-</strong></span> 
     </span>
    </p>
   </div>
   <div class='ocr_carea' id='block_1_106' title="bbox 2157 5306 3734 5378">
    <p class='ocr_par' dir='ltr' id='par_1_106' title="bbox 2157 5306 3734 5378">
     <span class='ocr_line' id='line_1_106' title="bbox 2157 5306 3734 5378; baseline 0.004 -19"><span class='ocrx_word' id='word_1_739' title='bbox 2157 5308 2494 5360; x_wconf 87' lang='lat' dir='ltr'><strong>snltationem</strong></span> <span class='ocrx_word' id='word_1_740' title='bbox 2556 5306 2789 5369; x_wconf 90' lang='lat' dir='ltr'><strong>habent,</strong></span> <span class='ocrx_word' id='word_1_741' title='bbox 2837 5315 2895 5358; x_wconf 89' lang='lat' dir='ltr'><strong>ut</strong></span> <span class='ocrx_word' id='word_1_742' title='bbox 2937 5307 2979 5358; x_wconf 89' lang='lat' dir='ltr'><strong>si</strong></span> <span class='ocrx_word' id='word_1_743' title='bbox 3035 5307 3337 5374; x_wconf 87' lang='lat' dir='ltr'><strong>specialiter</strong></span> <span class='ocrx_word' id='word_1_744' title='bbox 3387 5311 3615 5378; x_wconf 77' lang='lat' dir='ltr'><strong>accipias</strong></span> <span class='ocrx_word' id='word_1_745' title='bbox 3666 5313 3734 5365; x_wconf 84' lang='lat' dir='ltr'><strong>de</strong></span> 
     </span>
    </p>
   </div>
   <div class='ocr_carea' id='block_1_107' title="bbox 2157 5398 3732 5467">
    <p class='ocr_par' dir='ltr' id='par_1_107' title="bbox 2157 5398 3732 5467">
     <span class='ocr_line' id='line_1_107' title="bbox 2157 5398 3732 5467; baseline 0.006 -17"><span class='ocrx_word' id='word_1_746' title='bbox 2157 5398 2298 5451; x_wconf 93' lang='lat' dir='ltr'><strong>bello</strong></span> <span class='ocrx_word' id='word_1_747' title='bbox 2354 5398 2432 5450; x_wconf 82' lang='lat' dir='ltr'><strong>vel</strong></span> <span class='ocrx_word' id='word_1_748' title='bbox 2491 5412 2664 5464; x_wconf 90' lang='lat' dir='ltr'><strong>pace;</strong></span> <span class='ocrx_word' id='word_1_749' title='bbox 2725 5398 2771 5450; x_wconf 88' lang='lat' dir='ltr'><strong>si</strong></span> <span class='ocrx_word' id='word_1_750' title='bbox 2823 5412 2948 5450; x_wconf 85' lang='lat' dir='ltr'><strong>vero</strong></span> <span class='ocrx_word' id='word_1_751' title='bbox 3007 5398 3309 5467; x_wconf 65' lang='lat' dir='ltr'><strong>individuaa,</strong></span> <span class='ocrx_word' id='word_1_752' title='bbox 3362 5411 3417 5454; x_wconf 90' lang='lat' dir='ltr'><strong>ut</strong></span> <span class='ocrx_word' id='word_1_753' title='bbox 3468 5403 3535 5457; x_wconf 92' lang='lat' dir='ltr'><strong>de</strong></span> <span class='ocrx_word' id='word_1_754' title='bbox 3588 5405 3732 5459; x_wconf 89' lang='lat' dir='ltr'><strong>bello</strong></span> 
     </span>
    </p>
   </div>
   <div class='ocr_carea' id='block_1_108' title="bbox 2160 5486 3736 5556">
    <p class='ocr_par' dir='ltr' id='par_1_108' title="bbox 2160 5486 3736 5556">
     <span class='ocr_line' id='line_1_108' title="bbox 2160 5486 3736 5556; baseline 0.006 -15"><span class='ocrx_word' id='word_1_755' title='bbox 2160 5486 2345 5556; x_wconf 86' lang='lat' dir='ltr'><strong>Pyrrhi</strong></span> <span class='ocrx_word' id='word_1_756' title='bbox 2378 5487 2457 5540; x_wconf 83' lang='lat' dir='ltr'><strong>vel</strong></span> <span class='ocrx_word' id='word_1_757' title='bbox 2484 5503 2629 5555; x_wconf 83' lang='lat' dir='ltr'><strong>pace.</strong></span> <span class='ocrx_word' id='word_1_758' title='bbox 2665 5487 2863 5541; x_wconf 84' lang='lat' dir='ltr'><strong>Eodem</strong></span> <span class='ocrx_word' id='word_1_759' title='bbox 2890 5488 3048 5541; x_wconf 92' lang='lat' dir='ltr'><strong>modo</strong></span> <span class='ocrx_word' id='word_1_760' title='bbox 3077 5491 3234 5545; x_wconf 82' lang='lat' dir='ltr'><strong>etiam</strong></span> <span class='ocrx_word' id='word_1_761' title='bbox 3266 5493 3315 5544; x_wconf 92' lang='lat' dir='ltr'><strong>in</strong></span> <span class='ocrx_word' id='word_1_762' title='bbox 3355 5492 3736 5550; x_wconf 88' lang='lat' dir='ltr'><strong>demonstrati-</strong></span> 
     </span>
    </p>
   </div>
   <div class='ocr_carea' id='block_1_109' title="bbox 2158 5579 3731 5653">
    <p class='ocr_par' dir='ltr' id='par_1_109' title="bbox 2158 5579 3731 5653">
     <span class='ocr_line' id='line_1_109' title="bbox 2158 5579 3731 5653; baseline 0.006 -21"><span class='ocrx_word' id='word_1_763' title='bbox 2158 5579 2235 5633; x_wconf 88' lang='lat' dir='ltr'><strong>vis</strong></span> <span class='ocrx_word' id='word_1_764' title='bbox 2255 5594 2583 5648; x_wconf 69' lang='lat' dir='ltr'><strong>quarcnnque</strong></span> <span class='ocrx_word' id='word_1_765' title='bbox 2602 5579 2820 5632; x_wconf 91' lang='lat' dir='ltr'><strong>veniunt</strong></span> <span class='ocrx_word' id='word_1_766' title='bbox 2843 5580 2897 5632; x_wconf 89' lang='lat' dir='ltr'><strong>in</strong></span> <span class='ocrx_word' id='word_1_767' title='bbox 2922 5580 3132 5635; x_wconf 89' lang='lat' dir='ltr'><strong>laudem</strong></span> <span class='ocrx_word' id='word_1_768' title='bbox 3158 5590 3213 5636; x_wconf 89' lang='lat' dir='ltr'><strong>et</strong></span> <span class='ocrx_word' id='word_1_769' title='bbox 3236 5582 3681 5653; x_wconf 84' lang='lat' dir='ltr'><strong>vituperationem</strong></span> <span class='ocrx_word' id='word_1_770' title='bbox 3716 5604 3731 5643; x_wconf 89' lang='lat'><strong>:</strong></span> 
     </span>
    </p>
   </div>
   <div class='ocr_carea' id='block_1_110' title="bbox 2160 5670 3727 5741">
    <p class='ocr_par' dir='ltr' id='par_1_110' title="bbox 2160 5670 3727 5741">
     <span class='ocr_line' id='line_1_110' title="bbox 2160 5670 3727 5741; baseline 0.005 -15"><span class='ocrx_word' id='word_1_771' title='bbox 2160 5680 2219 5727; x_wconf 85' lang='lat' dir='ltr'><strong>ut</strong></span> <span class='ocrx_word' id='word_1_772' title='bbox 2268 5671 2312 5726; x_wconf 88' lang='lat' dir='ltr'><strong>si</strong></span> <span class='ocrx_word' id='word_1_773' title='bbox 2372 5670 2690 5741; x_wconf 89' lang='lat' dir='ltr'><strong>specialiter,</strong></span> <span class='ocrx_word' id='word_1_774' title='bbox 2749 5680 2807 5724; x_wconf 91' lang='lat' dir='ltr'><strong>ut</strong></span> <span class='ocrx_word' id='word_1_775' title='bbox 2858 5670 2972 5726; x_wconf 86' lang='lat' dir='ltr'><strong>laus</strong></span> <span class='ocrx_word' id='word_1_776' title='bbox 3030 5673 3125 5727; x_wconf 89' lang='lat' dir='ltr'><strong>viri</strong></span> <span class='ocrx_word' id='word_1_777' title='bbox 3183 5674 3373 5741; x_wconf 90' lang='lat' dir='ltr'><strong>fortis;</strong></span> <span class='ocrx_word' id='word_1_778' title='bbox 3440 5678 3727 5734; x_wconf 76' lang='lat' dir='ltr'><strong>individua:</strong></span> 
     </span>
    </p>
   </div>
  </div>
