4274 6272
598 304 732 356 1219

1826 301 1932 354 ΑΝ.
1977 299 2179 353 λιΑΝι.
2221 298 2368 352 SEV.
2412 300 2627 354 BOETII

3714 306 3852 360 129.0

596 434 761 485 vero,
812 420 926 473 laus
970 417 1252 485 Scipionis,
1313 417 1411 471 sub
1447 417 1924 471 demonstrativum
1955 414 2169 468 cadunt.
2204 416 2251 475 Α
2282 414 2445 481 prior,
2494 414 2786 479 rhetorica;
2839 418 3091 480 secunda,
3143 418 3419 473 dialectica
3468 432 3847 487 nuncupatur:
3915 486 3923 493 _

665 511 718 563 5.
764 509 979 563 Materia
1011 524 1135 561 vero
1190 508 1344 575 hujus
1396 508 1661 562 facultatis
1708 516 1790 563 est
1836 508 2009 561 omnis
2054 506 2173 577 qui-

594 602 712 654 dem
742 613 827 653 res
867 599 1133 668 proposita
1166 598 1229 651 ad
1261 598 1585 664 dictionem;
1621 600 1731 653 fere
1773 608 1950 653 autem
1994 599 2170 652 civilis

593 692 832 760 qtuestio.
862 690 919 743 In
947 689 1084 745 hanc
1126 692 1331 759 species
1361 706 1387 741 a
1416 690 1685 745 rhetorica
1714 691 1987 744 venientes
2016 691 2169 757 quasi

591 783 832 852 quaedam
861 782 1046 834 formm
1075 783 1292 851 capiunt
1320 783 1419 835 sibi
1470 783 1765 844 materiam,
1812 791 1867 835 et
1893 780 2171 850 tripliciter

591 872 930 925 informatam
965 882 1145 927 tenent
1177 874 1364 941 figura,
1416 873 1554 941 quod
1600 872 1861 940 posterius
1908 873 2167 943 liquebit:

590 973 646 1015 ut
687 963 865 1016 civilis
919 963 1141 1029 quaestio
1189 978 1309 1031 qua:
1368 965 1539 1016 adhuc
1586 964 1826 1019 informis
1873 966 2167 1020 secundum

589 1057 796 1122 species
826 1064 961 1117 erat,
1004 1056 1096 1107 fiat
1138 1064 1358 1121 accepto
1388 1054 1492 1107 fine
1539 1056 1821 1125 unicuique
1867 1058 2166 1124 specierum

589 1147 870 1202 rhetoricae
908 1146 1168 1215 subjecta.
1205 1146 1272 1200 Ut
1325 1148 1564 1199 in’ormis
1606 1148 1778 1201 adhuc
1815 1149 1992 1203 civilis
2022 1166 2169 1217 (μιξε-

589 1238 711 1300 stio,
740 1253 861 1291 cum
900 1240 1166 1306 acceperit
1190 1253 1250 1291 ex
1281 1236 1520 1306 jndiciaii
1551 1238 1708 1292 finem
1753 1240 1901 1309 justi,
1934 1240 2023 1293 fiat
2054 1242 2170 1308 ipsa

590 1330 760 1383 civilis
797 1330 1021 1398 quaestio
1070 1330 1119 1382 in
1162 1330 1400 1398 judiciali
1442 1346 1637 1398 genere
1675 1333 1981 1386 constituta.
2034 1332 2165 1387 Cum

590 1437 716 1477 vero
745 1438 810 1475 ex
836 1423 1181 1477 deliberativo
1218 1426 1506 1491 sumpserit
1556 1426 1683 1478 utile
1733 1425 1819 1479 vel
1863 1428 2166 1490 honestum,

590 1526 715 1569 tunc
746 1516 834 1567 fiat
880 1516 992 1583 ipsa
1040 1516 1212 1581 civilis
1257 1518 1483 1581 qu:ustio
1516 1517 1565 1569 in
1607 1515 1958 1571 deliberativo
1983 1532 2171 1571 causa-

594 1622 710 1659 rum
740 1622 937 1677 genere
988 1610 1295 1661 constituta.
1336 1609 1389 1662 Si
1438 1624 1564 1661 vero
1606 1624 1673 1664 cx
1712 1609 2168 1665 demonstratione

591 1702 876 1768 sumpserit
898 1701 1115 1764 bonum,
1150 1713 1271 1755 tunc
1302 1703 1711 1757 demonstrativa
1750 1702 1807 1756 (it
1829 1704 2000 1757 civilis
2019 1719 2166 1772 qua:-

2273 519 2389 573 qutn
2421 505 2519 559 hoc
2572 506 2845 571 superiore
2872 507 3066 573 differt,
3102 509 3328 577 primum
3359 511 3501 579 quod
3546 512 3633 565 illa
3664 514 3854 569 civiles

2272 596 2554 659 ὑποθέσεις,
2595 598 2706 649 lucc
2738 606 2762 632 ⁸
2793 600 2951 659 Θέσεις
2982 599 3323 664 considerat;
3367 600 3561 655 dehinc
3589 604 3729 671 quod
3760 604 3851 658 illa

2271 686 2521 739 continua
2546 686 2807 751 oratione,
2835 687 2948 741 hwc
2970 686 2994 724 δ
3027 688 3272 741 intercisa
3298 692 3602 757 peragitur;
3627 701 3681 745 et
3705 695 3851 760 quod

2273 777 2539 830 rhetorica
2568 779 2737 831 oratiu
2764 778 2921 833 habet
2954 791 3147 847 prtetcr
3191 782 3554 834 adversarium
3584 782 3849 850 judicem,

2270 867 2545 923 dialectica
2567 885 2695 924 vero
2719 871 2905 924 eodem
2924 870 3101 937 judice
3125 888 3229 940 quo
3249 873 3561 928 adversario
3581 877 3772 931 nititur
3801 889 3846 932 ε.

2344 960 2395 1012 7.
2429 960 2550 1013 llaec
2582 962 2737 1030 igitur
2765 963 3236 1017 rhetorica-oratio
3283 966 3444 1019 habet
3487 977 3667 1035 partes
3711 984 3806 1022 sex
3837 990 3848 1022 :

2270 1058 2588 1126 prommiunt
2615 1098 2629 1123 ,
2661 1057 2800 1127 quod
2829 1059 3108 1112 exordium
3140 1070 3263 1124 est;
3297 1064 3655 1117 narrationem
3677 1102 3694 1126 ,
3726 1079 3851 1132 par-

2272 1148 2548 1210 titionem,
2594 1149 3089 1214 confirtnationem,
3133 1151 3643 1218 reprehensionem,
3686 1169 3849 1221 pero-

2274 1239 2533 1291 rationem
2564 1257 2576 1291 :
2609 1254 2728 1308 qua:
2760 1247 2937 1308 partes
2971 1240 3311 1294 instrumenti
3355 1243 3639 1296 rhetorica:
3679 1242 3847 1297 facul-

2272 1330 2423 1395 tatis,
2457 1330 2710 1400 quoniam
2747 1330 3012 1385 rhetorica
3045 1331 3097 1385 in
3128 1332 3377 1386 omnibus
3417 1334 3530 1385 suis
3569 1334 3847 1401 speciebus

2272 1424 2444 1488 inest,
2477 1424 2679 1479 eisdem
2710 1421 2735 1460 ἀ
2768 1424 3011 1489 inerunt;
3044 1440 3142 1478 nec
3184 1426 3362 1491 p0tius
3401 1426 3641 1490 inerunt,
3684 1442 3846 1495 quam

2274 1519 2479 1571 hisdem
2511 1534 2628 1586 qua!
2659 1528 2913 1586 peragunt
2955 1518 3427 1573 administrabunt.
3475 1519 3659 1588 Itaque
3700 1530 3755 1574 et
3793 1520 3849 1573 in

2268 1608 2506 1680 judiciali
2529 1624 2729 1680 genere
2758 1625 3040 1665 causarum
3060 1611 3396 1665 necessarius
3411 1622 3493 1665 cst
3515 1611 3649 1665 ordo
3670 1626 3849 1680 prom-

2272 1701 2363 1755 niii
2391 1712 2447 1755 et
2495 1703 2816 1757 narrationis
2858 1710 3019 1770 atque
3061 1712 3416 1768 creterorum,
3458 1718 3577 1771 qua:
3609 1712 3632 1739 θ
3663 1704 3714 1756 in
3755 1705 3849 1758 de-

586 1792 710 1845 stio.
735 1791 961 1845 Veniunt
983 1803 1155 1845 autem
1178 1793 1231 1846 in
1255 1794 1528 1847 materiam
1543 1795 1746 1862 species
1774 1810 1840 1849 ex
1873 1795 2165 1851 rhetorca:
2198 1776 2243 1835 Β
2272 1792 2622 1845 nionstrativo
2662 1792 3116 1862 deliberativoque
3160 1794 3466 1848 necessaria
3516 1807 3662 1847 sunt.
3701 1798 3847 1865 Opus

588 1883 730 1950 quod
761 1884 914 1938 aliter
957 1888 1007 1936 in
1041 1886 1258 1939 materia
1290 1900 1382 1939 sua
1411 1884 1661 1955 quaelibet
1692 1888 1915 1941 facultas
1940 1903 2044 1941 non
2076 1905 2168 1957 po—

590 1986 695 2029 test
719 1978 947 2046 operari.
982 1993 1138 2048 quam
1170 1978 1213 2030 si
1243 1994 1366 2037 suas
1401 1980 1651 2035 adhibeat
1681 1990 1859 2049 partes
1890 2000 1902 2035 :
1935 1984 2170 2039 absenti-

592 2068 692 2121 bus
719 2068 860 2122 enim
883 2072 1088 2123 cunctis
1105 2072 1214 2124 suis
1244 2072 1503 2141 partibus,
1532 2074 1797 2129 rhetorica
1825 2075 1936 2146 ipsa
1958 2092 2168 2146 quoque

588 2171 674 2213 est
698 2162 910 2216 absens.

663 2256 715 2307 ι.
758 2253 861 2309 Sed
892 2257 1140 2323 quoniam
1172 2256 1239 2313 de
1268 2260 1545 2324 sncciehus
1588 2260 1785 2315 dictum
1815 2270 1898 2318 est
1941 2261 2168 2317 rhetori-

590 2358 703 2409 (ξω,
737 2347 1003 2414 quomodo
1044 2357 1169 2401 sunt
1215 2365 1407 2419 genera
1462 2366 1764 2412 causarum.
1821 2354 1892 2407 ita
1942 2364 2066 2410 sunt
2112 2366 2169 2409 ut

588 2436 825 2489 omnium
853 2438 1184 2502 negotiorum
1232 2455 1351 2505 qua:
1402 2442 1456 2495 in
1506 2443 1648 2495 civili
1697 2443 1911 2512 negotio
1964 2445 2165 2499 consri-

592 2534 704 2578 tuta
734 2535 860 2579 sunt
886 2525 1191 2580 informata.
1234 2530 1278 2583 A
1312 2530 1415 2583 fine
1439 2531 1859 2600 justojudiciale
1883 2535 1948 2588 sit
1976 2550 2165 2604 genus.

592 2616 837 2670 Omnium
860 2634 989 2671 vero
1012 2636 1129 2688 qure
1156 2624 1442 2676 constituta
1482 2624 1533 2675 in
1578 2624 1719 2680 civili
1750 2627 2043 2694 quaestione
2072 2626 2168 2684 bo-

594 2718 806 2761 nestum
832 2710 916 2764 vel
944 2711 1125 2765 utilem
1160 2712 1316 2766 finem
1348 2725 1621 2782 ceperunt,
1656 2717 2062 2774 deliberativum
2098 2718 2168 2772 sit

590 2813 759 2867 genus
790 2817 803 2853 :
836 2802 1180 2873 omniumque
1224 2820 1341 2873 quae
1390 2808 1443 2861 in
1488 2807 1629 2863 civili
1676 2812 1843 2878 posita
1872 2812 2167 2880 quastione

594 2890 751 2942 tinent
782 2889 1007 2955 honesti,
1036 2894 1185 2963 justi,
1212 2897 1402 2953 honive
1448 2911 1809 2969 sumpserunt,
1842 2904 1911 2959 sit
1944 2904 2168 2959 demon-

591 2979 867 3033 strativum
899 2998 1082 3050 genus.
1121 2985 1221 3039 Sed
1245 2987 1311 3040 de
1343 2987 1423 3040 his
1455 2990 1729 3045 hactenus.

667 3072 720 3126 5.
760 3071 910 3126 Nunc
943 3073 1010 3127 de
1060 3077 1294 3143 partibus
1338 3078 1615 3132 rhetoricrc
1642 3081 2025 3149 providendum
2062 3091 2162 3137 est.

593 3162 776 3217 Partes
803 3166 942 3218 enim
976 3164 1254 3220 rhetorica:
1284 3180 1407 3221 sunt
1446 3170 1712 3238 quinque;
1766 3173 2019 3236 inventio,
2051 3172 2160 3225 dis-

594 3255 808 3320 positio,
840 3256 1095 3317 elocutio,
1130 3259 1408 3327 memoria,
1452 3262 1828 3327 pronuntiatio.
1861 3264 2046 3318 Partes
2069 3279 2162 3317 au-

592 3353 697 3396 tem
730 3355 983 3398 vocantur
1027 3347 1244 3413 idcirco,
1297 3352 1417 3414 quia
1448 3350 1490 3401 si
1538 3352 1664 3421 quid
1708 3351 1892 3404 harum
1934 3352 2165 3406 defuerit

589 3435 813 3497 oratori,
844 3436 1149 3502 imperfecta
1182 3438 1401 3493 facultas
1430 3451 1529 3493 est.
1560 3443 1732 3511 Atque
1759 3443 1882 3497 ideo
1908 3460 2027 3512 qua:
2053 3446 2163 3512 uni-

592 3539 744 3577 versa
767 3524 998 3578 formant
1024 3528 1310 3580 oratoriam
1340 3528 1665 3592 facultatem,
1697 3548 1755 3584 ea
1788 3511 1966 3600 partes
2002 3511 2167 3583 facul-

593 3617 718 3668 tatis
759 3616 873 3684 ejus
898 3615 1097 3679 dicere,
1128 3616 1257 3668 nihil
1288 3617 1573 3672 absurdum
1605 3630 1707 3673 est.
1743 3622 1843 3673 Sed
1875 3622 1956 3673 hze
1989 3630 2165 3687 partes

590 3706 841 3773 quoniam
882 3705 1160 3759 rhetoricae
1193 3706 1459 3762 facultatis
1489 3719 1632 3774 sunt,
1666 3721 1936 3779 totamque
1982 3713 2165 3766 rheto-

590 3796 756 3849 ricam
788 3795 1088 3850 facultatem
1119 3810 1463 3865 componunt,
1502 3816 1720 3856 necesse
1755 3814 1838 3857 est
1877 3807 1963 3859 ubi
2008 3808 2165 3862 fuerit

593 3887 876 3950 rhetorica,
912 3887 1041 3956 ipsa:
1078 3905 1286 3959 quoque
1315 3893 1729 3961 subsequantur.
1752 3898 1819 3951 At
1859 3908 1941 3953 est
1972 3901 2163 3956 rheto-

594 3979 701 4031 rica
736 3978 786 4031 in
834 3981 1059 4047 propriis
1133 3983 1412 4050 speciebus
1472 3985 1714 4055 integra:
1760 4004 1948 4046 omnes
2002 3995 2167 4063 igitur

591 4069 872 4125 rhetorica:
901 4082 1073 4138 partes
1105 4071 1316 4127 inerunt
1355 4076 1637 4132 rhetorica:
1680 4082 1985 4147 speciebus.
2015 4086 2163 4151 Quo-

586 4165 729 4218 circa
761 4166 916 4218 etiam
969 4165 1048 4219 his
1075 4168 1317 4221 civilibus
1361 4171 1584 4238 negotiis
1625 4176 1911 4229 tractandis
1939 4178 2161 4234 adbibe-

589 4256 808 4321 buntur,
834 4273 951 4324 quae
972 4274 1002 4310 a
1032 4260 1349 4325 supradictis
1375 4261 1653 4319 rhetorica:
1689 4269 1968 4334 speciebus
1998 4271 2169 4325 infor-

590 4356 824 4399 mantur.
851 4345 1024 4414 Eque
1051 4348 1207 4415 igitur
1232 4350 1285 4403 in
1303 4350 1541 4419 judiciali
1560 4357 1775 4423 negotio
1804 4367 1856 4411 et
1883 4359 1933 4411 in
1958 4359 2164 4414 delibe-

588 4438 763 4491 rativo
782 4448 837 4491 et
866 4439 916 4490 in
948 4439 1386 4503 demonstrativo,
1432 4444 1686 4514 inventio,
1717 4447 2021 4515 dispositio,
2055 4454 2168 4507 elo-

584 4530 752 4589 cutio.
784 4529 1059 4594 memoria,
1094 4532 1576 4603 pronuntiatioque,
1608 4538 1951 4593 conveniunt.

665 4621 716 4674 6.
760 4620 1017 4686 Quoniam
1048 4636 1173 4676 vero
1197 4625 1369 4676 omnis
1401 4622 1510 4679 fere
1542 4624 1763 4681 facultas
1802 4628 2160 4687 instrumento

587 4711 755 4765 utitur
778 4712 844 4765 ad
876 4711 1176 4767 faciendum
1210 4714 1349 4783 quod
1392 4726 1587 4784 potest,
1616 4720 1719 4773 erit
1758 4720 1917 4789 igitur
1964 4723 2163 4792 aliquid

592 4805 1020 4858 instrumentum.
1069 4804 1179 4860 Hoc
1214 4822 1342 4860 vero
1385 4818 1466 4862 est
1494 4808 1686 4875 oratio,
1727 4828 1846 4877 qua:
1879 4815 2067 4881 partim
2104 4815 2163 4870 in

584 4898 727 4951 civili
752 4913 948 4967 genere
975 4909 1235 4967 versatur,
1270 4902 1461 4968 partim
1488 4902 1729 4957 minime.
1774 4905 1847 4959 De
1881 4921 1940 4960 ea
1984 4920 2162 4965 autem

588 4989 830 5043 oratione
867 4990 1150 5057 loquimur,
1181 5005 1298 5059 quae
1337 4992 1491 5047 habet
1520 4995 1751 5063 aliquam
1781 4998 2156 5064 quaestionem,

588 5080 675 5132 vel
719 5094 839 5147 qua:
882 5081 945 5132 ad
976 5082 1130 5134 tinem
1182 5081 1523 5148 expedienda:
1569 5086 1879 5153 quaestionis
1943 5103 2160 5142 accom-

590 5170 855 5224 modatur.
888 5172 957 5224 Ea
989 5188 1116 5243 ergo
1142 5172 1333 5237 oratio,
1360 5190 1477 5243 qua:
1501 5176 1552 5228 in
1582 5175 1724 5230 civili
1754 5193 1954 5245 genere
1985 5196 2162 5235 versa-

590 5272 693 5326 tur,
717 5263 965 5316 ctintinue
994 5263 1267 5329 decurrit;
1316 5278 1377 5318 ea
1408 5280 1525 5334 quae
1556 5282 1659 5321 non
1689 5270 1789 5322 'est
1838 5270 1888 5323 in
1913 5272 2163 5327 civilibus

584 5354 784 5418 causis,
814 5355 1227 5425 interrogatione
1249 5366 1302 5411 et
1322 5359 1669 5427 responsione
1698 5362 2013 5426 explicatur.
2050 5368 2154 5423 Sed

662 5478 686 5503 "
727 5467 893 5533 Cod.,
924 5468 1039 5521 illa.

659 5536 685 5574 b
725 5539 883 5600 Cod.,
914 5540 1024 5591 illa.

661 5618 685 5644 ε
726 5606 860 5659 Nunt
895 5624 989 5673 pro
1020 5612 1217 5664 utitur?

660 5676 686 5711 ιι
731 5679 799 5745 [ιθ
822 5679 949 5745 cod.
987 5684 1053 5731 At
1082 5680 1247 5745 inira,
1280 5684 1496 5737 hisdem.

661 5751 690 5780 ⁸
726 5744 881 5807 Cod.,
913 5755 958 5797 et
987 5762 1081 5813 pro
1108 5764 1239 5814 quis.

2269 1893 2446 1938 autem
2479 1884 2760 1939 rhetoricae
2790 1884 3058 1937 facultatis
3093 1889 3282 1939 docere
3323 1894 3380 1939 et
3416 1901 3670 1941 movere:
3704 1889 3846 1956 quod

2272 1976 2616 2031 nihilominus
2664 1976 2873 2031 hisdem
2924 1976 3034 2030 fere
3078 1991 3174 2030 sex
3219 1977 3629 2042 instrumentis,
3672 1979 3725 2032 id
3763 1990 3847 2033 est

2270 2070 2529 2125 orationis
2560 2070 2820 2138 partibus,
2850 2068 3273 2123 administratur.
3301 2070 3487 2124 Partes
3512 2082 3691 2125 autem
3720 2073 3847 2128 rhe-

2272 2162 2491 2227 lorica},
2521 2162 2772 2230 quoniam
2806 2169 2986 2229 partes
3026 2170 3150 2213 sunt
3191 2161 3493 2227 facultatis,
3540 2164 3669 2231 ipsae
3709 2180 3845 2233 quo.

2268 2270 2371 2323 que
2401 2265 2523 2307 sunt
2554 2253 2852 2309 facultates.
2897 2252 3155 2319 Quocirca
3186 2252 3317 2321 ipsa:
3343 2268 3557 2325 quoque
3584 2255 3845 2309 orationis

2270 2347 2513 2414 partibus
2568 2346 2718 2413 quasi
2775 2346 3150 2399 instrumentis
3206 2355 3422 2400 utentur
3478 2346 3531 2403 in
3588 2361 3834 2415 partem,

2269 2448 2431 2505 atque
2461 2447 2518 2491 ut
2548 2438 2631 2493 his
2662 2448 2975 2503 Operentur,
3020 2438 3222 2492 eisdem
3270 2438 3502 2492 ineunt.
3551 2438 3680 2491 Nam
3727 2439 3833 2492 nisi

2268 2532 2446 2584 adsint
2495 2528 2513 2567 τ
2564 2530 2831 2600 praedicta}
2879 2530 3161 2583 rhetorica:
3206 2544 3415 2597 partes,
3465 2540 3519 2583 ut
3559 2530 3830 2594 inveniat,

2267 2624 2576 2691 eloquetur,
2627 2622 2908 2689 disponat,
2962 2622 3305 2683 meminerit,
3360 2623 3701 2689 pronuntiet,
3758 2623 3837 2674 nil

2269 2726 2391 2784 agat
2418 2726 2619 2770 orator.
2657 2716 2966 2783 Eodemque
2997 2715 3155 2767 modo
3186 2729 3266 2768 ea:
3295 2724 3320 2761 ες
3351 2730 3471 2783 quae
3516 2715 3627 2769 fere
3664 2729 3841 2783 partes

2275 2808 2663 2869 instrumenti,
2698 2808 2798 2860 nisi
2841 2807 3070 2861 habeant
3107 2821 3294 2863 omnes
3334 2807 3595 2860 orationis
3624 2815 3838 2869 partes,

2271 2900 2465 2955 frustra
2484 2910 2623 2953 sunt.
2643 2898 2808 2967 Hujus
2828 2910 3002 2954 autem
3024 2898 3288 2954 facultatis
3302 2898 3523 2952 effector
3543 2908 3839 2962 oratorest,

2269 2995 2421 3063 cujus
2462 3006 2545 3047 est
2586 2994 2814 3047 officium
2856 2993 3036 3047 dicere
3053 2993 3291 3061 apposite
3310 2992 3375 3045 ad
3418 2994 3839 3059 persuasionem.

2348 3089 2399 3141 8.
2427 3087 2576 3141 Finis
2600 3098 2707 3139 tum
2729 3086 2781 3141 in
2811 3088 2941 3152 ipso,
2972 3097 3080 3139 tum
3104 3086 3154 3138 in
3176 3084 3364 3138 altero.
3386 3084 3442 3137 In
3466 3086 3580 3152 ipso
3603 3084 3840 3152 quidem,

2272 3190 2331 3233 ιιι
2362 3179 2497 3233 bene
2528 3178 2726 3231 dixisse
2746 3218 2761 3241 ,
2795 3175 2846 3230 id
2876 3188 2957 3229 εει
2985 3176 3185 3231 dixisse
3229 3174 3470 3243 apposite
3516 3173 3580 3226 ad
3624 3188 3842 3240 persua-

2266 3271 2474 3324 sionem
2500 3285 2514 3333 ;
2548 3268 2599 3321 in
2631 3269 2804 3321 altero
2835 3281 2962 3320 vero
2982 3306 2997 3329 ,
3032 3265 3381 3334 persuasisse.
3409 3265 3593 3334 Neque
3623 3267 3765 3319 enim
3797 3268 3841 3318 si

2265 3376 2366 3431 qua
2399 3361 2685 3431 impediant
2708 3370 2977 3414 oratorem
3008 3358 3290 3427 quominus
3320 3358 3673 3425 persuadeat,
3704 3358 3841 3411 facto

2266 3453 2475 3517 oflicio,
2504 3452 2628 3505 finis
2670 3466 2776 3505 non
2815 3460 2898 3505 est
2937 3458 3275 3504 consecutus.
3321 3449 3426 3503 Sed
3451 3450 3496 3501 is
3534 3449 3623 3516 qui
3664 3449 3841 3503 officio

2267 3547 2480 3614 quidem
2504 3544 2602 3598 fuit
2625 3546 2905 3612 contiguus
2930 3551 2985 3596 et
3011 3552 3287 3610 cognatus,
3314 3541 3677 3610 consequitur,
3705 3540 3842 3594 iacto

2269 3636 2452 3690 officio
2480 3652 2493 3698 ;
2526 3636 2570 3688 is
2600 3650 2729 3689 vero
2757 3636 2845 3703 qui
2875 3644 3024 3691 extra
3066 3644 3185 3701 cst,
3227 3649 3367 3701 saepe
3411 3649 3517 3686 non
3560 3635 3842 3699 consequi-

2269 3736 2374 3779 tur.
2418 3727 2600 3795 Neque
2648 3735 2825 3779 tameu
2884 3724 3207 3779 rhetoricam
3247 3738 3344 3777 suo
3385 3724 3489 3777 fine
3534 3733 3837 3777 contentam

2270 3817 2475 3871 honore
2517 3816 2785 3870 vacuabit.
2836 3815 2959 3869 Hmc
3003 3815 3216 3884 quidem
3262 3815 3330 3868 ita
3377 3826 3499 3868 sunt
3540 3816 3734 3878 mixta,
3778 3825 3836 3867 ut

2269 3906 2535 3963 rhetorica
2568 3906 2695 3961 insit
2734 3906 3048 3974 speciebus,
3095 3904 3300 3972 species
3341 3919 3467 3957 vero
3508 3905 3674 3958 insint
3717 3904 3839 3958 rhe-

2270 4003 2451 4055 torica:
2481 3997 2531 4054 δ.
2565 3997 2857 4055 Causarum
2886 4008 3060 4053 autem
3096 4008 3270 4064 partes
3299 4006 3465 4049 status
3505 4011 3625 4050 esse
3653 3998 3841 4050 dicun-

2271 4103 2380 4157 tur,
2428 4092 2495 4146 de
2543 4092 2732 4159 quibus
2774 4090 2881 4143 hoc
2927 4090 3084 4142 modo
3123 4087 3507 4154 diSpiciendum
3549 4099 3648 4141 est.
3693 4090 3842 4152 Quo-

2270 4182 2430 4237 modo
2472 4180 2621 4237 enim
2672 4188 2847 4248 partes
2893 4193 3013 4232 esse
3054 4180 3382 4247 putabuntur
3425 4193 3627 4237 causae.
3672 4179 3718 4231 si
3764 4180 3836 4232 ita

2270 4285 2446 4343 partes
2478 4284 2533 4326 ut
2562 4273 2806 4341 species?
2838 4272 3107 4339 quomodo
3140 4270 3252 4323 fieri
3285 4280 3485 4337 potest,
3528 4278 3584 4321 ut
3630 4269 3679 4321 in
3725 4286 3829 4321 una

2267 4380 2428 4420 causa
2460 4365 2642 4432 plures
2671 4364 3081 4416 constitutiones
3108 4362 3255 4414 sint?
3298 4378 3418 4415 nam
3458 4362 3662 4430 species
3706 4362 3840 4414 sibi-

2272 4467 2383 4510 met
2413 4453 2769 4523 impermixtae
2798 4462 2942 4506 sunt.
2975 4456 3044 4506 At
3070 4452 3288 4506 veniunt
3329 4454 3380 4505 in
3419 4467 3633 4506 causam
3674 4453 3841 4521 pluri-

2272 4564 2375 4603 ma:
2418 4547 2867 4603 constitutiones:
2919 4562 3022 4600 non
3066 4557 3187 4601 sunt
3230 4548 3388 4616 igitur
3436 4557 3613 4616 partes
3656 4562 3841 4601 causa-

2270 4656 2387 4695 rum
2414 4681 2429 4705 ,
2463 4639 2608 4693 velut
2633 4638 2840 4708 species
2870 4648 3058 4692 status.
3092 4638 3226 4692 illud
3265 4653 3475 4707 quoque
3514 4639 3657 4707 quod
3698 4639 3840 4691 nulla

2268 4735 2472 4802 species
2514 4733 2678 4793 aliam
2715 4733 2817 4788 sibi
2855 4733 3155 4801 oppositam
3199 4734 3432 4800 speciem
3478 4731 3545 4785 ad
3587 4731 3839 4785 substan-

2269 4828 2396 4882 tiam
2432 4827 2600 4896 juvat.
2638 4826 2960 4880 Constitutio
3000 4839 3130 4879 vero
3168 4824 3601 4878 constitutionem
3646 4825 3840 4877 contir-

2270 4930 2381 4974 mat
2407 4920 2471 4973 ad
2505 4919 2684 4972 (idem.
2718 4917 2827 4971 Nec
2856 4932 2983 4971 vero
3011 4916 3126 4971 fieri
3158 4926 3331 4983 potest
3360 4926 3417 4969 ut
3458 4915 3529 4968 ita
3573 4915 3679 4968 sint
3717 4929 3839 4968 cau-

2269 5024 2445 5063 sarum
2472 5010 2620 5078 quasi
2652 5007 2812 5062 totius
2841 5017 3037 5075 partes.
3065 5007 3275 5061 Nullum
3306 5007 3446 5061 enim
3480 5006 3835 5074 compositum

2263 5116 2331 5155 ex
2364 5114 2469 5155 una
2511 5109 2657 5168 parte
2697 5110 2863 5153 totum
2901 5110 3059 5169 atque
3090 5100 3352 5167 integrum
3380 5113 3502 5153 esse
3530 5107 3727 5167 potest.
3766 5096 3838 5149 At

2268 5193 2322 5247 in
2364 5206 2524 5245 causa
2576 5190 2592 5228 ἒ
2644 5191 2953 5245 constitutio
2997 5205 3100 5245 una
3146 5192 3340 5246 idonea
3384 5200 3469 5245 est
3510 5189 3837 5244 constituere

2269 5298 2483 5338 causam
2494 5321 2507 5334 .

2340 5377 2393 5431 9.
2435 5375 2570 5442 Quid
2610 5375 2769 5445 igitur
2806 5385 2888 5429 est
2924 5374 3257 5429 dicendum?
3296 5375 3450 5430 Patet
3488 5373 3576 5428 via
3617 5371 3834 5428 rationi.

2344 5491 2364 5529 τ
2401 5490 2560 5554 Cod.,
2592 5505 2710 5542 nam
2736 5489 2788 5541 in
2816 5488 3037 5540 exordiis
3066 5488 3189 5542 sint.

2338 5571 2363 5607 ε
2402 5561 2556 5623 Cod.,
2588 5576 2781 5612 em‘um.

2335 5628 2363 5668 ιι
2403 5632 2559 5684 Deest
2588 5631 2638 5682 in
2666 5629 2788 5684 Cod.
2815 5628 3103 5683 rhetorica.

2341 5702 2358 5741 ³
2404 5701 2560 5767 Cod.,
2589 5716 2816 5754 causam.
