  <div class='ocr_page' id='page_1' title='image "/cluster/home/n/w/nwhite01/storage/ocr_20150623/64/hvd.32044073505265/616.png"; bbox 0 0 4274 6272; ppageno 0'>
   <div class='ocr_carea' id='block_1_1' title="bbox 377 324 551 391">
    <p class='ocr_par' dir='ltr' id='par_1_1' title="bbox 377 324 551 391">
     <span class='ocr_line' id='line_1_1' title="bbox 377 324 551 391; baseline -0.011 -12"><span class='ocrx_word' id='word_1_1' title='bbox 377 371 383 391; x_wconf 40' lang='grc' dir='ltr'>ί</span> <span class='ocrx_word' id='word_1_2' title='bbox 419 324 551 379; x_wconf 68' lang='lat' dir='ltr'><strong>teat</strong></span> 
     </span>
    </p>
   </div>
   <div class='ocr_carea' id='block_1_2' title="bbox 1257 317 2813 379">
    <p class='ocr_par' dir='ltr' id='par_1_2' title="bbox 1257 317 2813 379">
     <span class='ocr_line' id='line_1_2' title="bbox 1257 317 2813 379; baseline -0.004 -1"><span class='ocrx_word' id='word_1_3' title='bbox 1257 325 1341 378; x_wconf 79' lang='lat' dir='ltr'><strong>DE</strong></span> <span class='ocrx_word' id='word_1_4' title='bbox 1385 322 1704 379; x_wconf 83' lang='lat' dir='ltr'><strong>LOCORUM</strong></span> <span class='ocrx_word' id='word_1_5' title='bbox 1743 317 2275 377; x_wconf 73' lang='lat' dir='ltr'><strong>RIIETORICORUM</strong></span> <span class='ocrx_word' id='word_1_6' title='bbox 2318 319 2813 375; x_wconf 67' lang='lat' dir='ltr'><strong>DlSTlNCTll—iNE.</strong></span> 
     </span>
    </p>
   </div>
   <div class='ocr_carea' id='block_1_3' title="bbox 3534 318 3672 372">
    <p class='ocr_par' dir='ltr' id='par_1_3' title="bbox 3534 318 3672 372">
     <span class='ocr_line' id='line_1_3' title="bbox 3534 318 3672 372; baseline -0.007 0"><span class='ocrx_word' id='word_1_7' title='bbox 3534 318 3672 372; x_wconf 68' lang='grc' dir='ltr'><strong>12ἱῖ</strong></span> 
     </span>
    </p>
   </div>
   <div class='ocr_carea' id='block_1_4' title="bbox 423 434 3669 508">
    <p class='ocr_par' dir='ltr' id='par_1_4' title="bbox 423 434 3669 508">
     <span class='ocr_line' id='line_1_4' title="bbox 423 434 3669 508; baseline -0.001 -16"><span class='ocrx_word' id='word_1_8' title='bbox 423 438 608 508; x_wconf 83' lang='lat' dir='ltr'><strong>Neque</strong></span> <span class='ocrx_word' id='word_1_9' title='bbox 651 437 792 492; x_wconf 90' lang='lat' dir='ltr'><strong>enim</strong></span> <span class='ocrx_word' id='word_1_10' title='bbox 842 452 1018 492; x_wconf 73' lang='lat' dir='ltr'><strong>causa:</strong></span> <span class='ocrx_word' id='word_1_11' title='bbox 1064 437 1179 506; x_wconf 83' lang='lat' dir='ltr'><strong>ejus</strong></span> <span class='ocrx_word' id='word_1_12' title='bbox 1223 453 1345 507; x_wconf 88' lang='lat' dir='ltr'><strong>pars</strong></span> <span class='ocrx_word' id='word_1_13' title='bbox 1387 453 1507 493; x_wconf 87' lang='lat' dir='ltr'><strong>esse</strong></span> <span class='ocrx_word' id='word_1_14' title='bbox 1550 438 1744 492; x_wconf 91' lang='lat' dir='ltr'><strong>dicitur</strong></span> <span class='ocrx_word' id='word_1_15' title='bbox 1789 440 1989 492; x_wconf 88' lang='lat' dir='ltr'><strong>consti-</strong></span> <span class='ocrx_word' id='word_1_16' title='bbox 2021 442 2060 496; x_wconf 72' lang='grc' dir='ltr'><strong>Α</strong></span> <span class='ocrx_word' id='word_1_17' title='bbox 2092 444 2289 488; x_wconf 85' lang='lat' dir='ltr'><strong>orator.</strong></span> <span class='ocrx_word' id='word_1_18' title='bbox 2324 434 2566 489; x_wconf 88' lang='lat' dir='ltr'><strong>Officium</strong></span> <span class='ocrx_word' id='word_1_19' title='bbox 2598 436 2778 503; x_wconf 83' lang='lat' dir='ltr'><strong>hujus,</strong></span> <span class='ocrx_word' id='word_1_20' title='bbox 2803 435 2936 489; x_wconf 87' lang='lat' dir='ltr'><strong>bene</strong></span> <span class='ocrx_word' id='word_1_21' title='bbox 2961 435 3157 489; x_wconf 85' lang='lat' dir='ltr'><strong>dicere.</strong></span> <span class='ocrx_word' id='word_1_22' title='bbox 3188 434 3359 501; x_wconf 84' lang='lat' dir='ltr'><strong>Fin&#39;s,</strong></span> <span class='ocrx_word' id='word_1_23' title='bbox 3389 441 3497 488; x_wconf 91' lang='lat' dir='ltr'><strong>tum</strong></span> <span class='ocrx_word' id='word_1_24' title='bbox 3534 436 3669 489; x_wconf 85' lang='lat' dir='ltr'><strong>bene</strong></span> 
     </span>
    </p>
   </div>
   <div class='ocr_carea' id='block_1_5' title="bbox 420 529 1998 598">
    <p class='ocr_par' dir='ltr' id='par_1_5' title="bbox 420 529 1998 598">
     <span class='ocr_line' id='line_1_5' title="bbox 420 529 1998 598; baseline 0.001 -18"><span class='ocrx_word' id='word_1_25' title='bbox 420 529 590 593; x_wconf 90' lang='lat' dir='ltr'><strong>tutio,</strong></span> <span class='ocrx_word' id='word_1_26' title='bbox 623 544 741 597; x_wconf 66' lang='lat' dir='ltr'><strong>quae</strong></span> <span class='ocrx_word' id='word_1_27' title='bbox 775 529 825 581; x_wconf 92' lang='lat' dir='ltr'><strong>io</strong></span> <span class='ocrx_word' id='word_1_28' title='bbox 857 531 1277 584; x_wconf 84' lang='lat' dir='ltr'><strong>controversiam</strong></span> <span class='ocrx_word' id='word_1_29' title='bbox 1314 530 1495 593; x_wconf 80' lang='lat' dir='ltr'><strong>venit,</strong></span> <span class='ocrx_word' id='word_1_30' title='bbox 1539 537 1592 581; x_wconf 77' lang='lat' dir='ltr'><strong>rt</strong></span> <span class='ocrx_word' id='word_1_31' title='bbox 1629 543 1787 598; x_wconf 91' lang='lat' dir='ltr'><strong>quam</strong></span> <span class='ocrx_word' id='word_1_32' title='bbox 1829 537 1998 582; x_wconf 85' lang='lat' dir='ltr'><strong>sta1us</strong></span> 
     </span>
    </p>
   </div>
   <div class='ocr_carea' id='block_1_6' title="bbox 418 620 1995 691">
    <p class='ocr_par' dir='ltr' id='par_1_6' title="bbox 418 620 1995 691">
     <span class='ocr_line' id='line_1_6' title="bbox 418 620 1995 691; baseline -0.003 -14"><span class='ocrx_word' id='word_1_33' title='bbox 418 624 695 677; x_wconf 87' lang='lat' dir='ltr'><strong>constituit</strong></span> <span class='ocrx_word' id='word_1_34' title='bbox 735 638 748 676; x_wconf 92' lang='lat'><strong>:</strong></span> <span class='ocrx_word' id='word_1_35' title='bbox 782 638 901 676; x_wconf 87' lang='lat' dir='ltr'><strong>cum</strong></span> <span class='ocrx_word' id='word_1_36' title='bbox 947 624 1243 690; x_wconf 66' lang='lat' dir='ltr'><strong>praesertim</strong></span> <span class='ocrx_word' id='word_1_37' title='bbox 1289 624 1374 691; x_wconf 85' lang='lat' dir='ltr'><strong>qui</strong></span> <span class='ocrx_word' id='word_1_38' title='bbox 1421 621 1636 675; x_wconf 77' lang='lat' dir='ltr'><strong>additur</strong></span> <span class='ocrx_word' id='word_1_39' title='bbox 1675 620 1738 673; x_wconf 90' lang='lat' dir='ltr'><strong>ad</strong></span> <span class='ocrx_word' id='word_1_40' title='bbox 1776 634 1995 673; x_wconf 80' lang='lat' dir='ltr'><strong>causam</strong></span> 
     </span>
    </p>
   </div>
   <div class='ocr_carea' id='block_1_7' title="bbox 374 712 1998 781">
    <p class='ocr_par' dir='ltr' id='par_1_7' title="bbox 374 712 1998 781">
     <span class='ocr_line' id='line_1_7' title="bbox 374 712 1998 781; baseline 0.002 -20"><span class='ocrx_word' id='word_1_41' title='bbox 374 758 377 761; x_wconf 89' lang='lat'><strong>.</strong></span> <span class='ocrx_word' id='word_1_42' title='bbox 420 720 624 775; x_wconf 78' lang='lat' dir='ltr'><strong>Status,</strong></span> <span class='ocrx_word' id='word_1_43' title='bbox 654 712 761 781; x_wconf 89' lang='lat' dir='ltr'><strong>jam</strong></span> <span class='ocrx_word' id='word_1_44' title='bbox 795 728 896 765; x_wconf 90' lang='lat' dir='ltr'><strong>una</strong></span> <span class='ocrx_word' id='word_1_45' title='bbox 925 714 1305 766; x_wconf 82' lang='lat' dir='ltr'><strong>constitutione</strong></span> <span class='ocrx_word' id='word_1_46' title='bbox 1336 714 1539 765; x_wconf 85' lang='lat' dir='ltr'><strong>firmata</strong></span> <span class='ocrx_word' id='word_1_47' title='bbox 1561 751 1577 775; x_wconf 90' lang='lat'><strong>,</strong></span> <span class='ocrx_word' id='word_1_48' title='bbox 1614 726 1717 763; x_wconf 92' lang='lat' dir='ltr'><strong>non</strong></span> <span class='ocrx_word' id='word_1_49' title='bbox 1752 713 1823 765; x_wconf 86' lang='lat' dir='ltr'><strong>sit</strong></span> <span class='ocrx_word' id='word_1_50' title='bbox 1852 712 1998 779; x_wconf 86' lang='lat' dir='ltr'><strong>prin-</strong></span> 
     </span>
    </p>
   </div>
   <div class='ocr_carea' id='block_1_8' title="bbox 419 802 1991 874">
    <p class='ocr_par' dir='ltr' id='par_1_8' title="bbox 419 802 1991 874">
     <span class='ocr_line' id='line_1_8' title="bbox 419 802 1991 874; baseline -0.003 -15"><span class='ocrx_word' id='word_1_51' title='bbox 419 805 611 874; x_wconf 87' lang='lat' dir='ltr'><strong>cipalis</strong></span> <span class='ocrx_word' id='word_1_52' title='bbox 637 804 732 859; x_wconf 90' lang='lat' dir='ltr'><strong>sed</strong></span> <span class='ocrx_word' id='word_1_53' title='bbox 760 803 1053 866; x_wconf 87' lang='lat' dir='ltr'><strong>accidens;</strong></span> <span class='ocrx_word' id='word_1_54' title='bbox 1084 812 1242 871; x_wconf 85' lang='lat' dir='ltr'><strong>atque</strong></span> <span class='ocrx_word' id='word_1_55' title='bbox 1275 803 1327 855; x_wconf 92' lang='lat' dir='ltr'><strong>in</strong></span> <span class='ocrx_word' id='word_1_56' title='bbox 1376 818 1481 855; x_wconf 91' lang='lat' dir='ltr'><strong>uno</strong></span> <span class='ocrx_word' id='word_1_57' title='bbox 1524 802 1738 869; x_wconf 88' lang='lat' dir='ltr'><strong>negotio</strong></span> <span class='ocrx_word' id='word_1_58' title='bbox 1786 810 1859 855; x_wconf 89' lang='lat' dir='ltr'><strong>tot</strong></span> <span class='ocrx_word' id='word_1_59' title='bbox 1902 816 1991 854; x_wconf 53' lang='lat' dir='ltr'><strong>ve.</strong></span> 
     </span>
    </p>
   </div>
   <div class='ocr_carea' id='block_1_9' title="bbox 420 890 1993 960">
    <p class='ocr_par' dir='ltr' id='par_1_9' title="bbox 420 890 1993 960">
     <span class='ocr_line' id='line_1_9' title="bbox 420 890 1993 960; baseline -0.006 -10"><span class='ocrx_word' id='word_1_60' title='bbox 420 898 574 950; x_wconf 81' lang='lat' dir='ltr'><strong>niant</strong></span> <span class='ocrx_word' id='word_1_61' title='bbox 627 894 1007 949; x_wconf 77' lang='lat' dir='ltr'><strong>controversiae</strong></span> <span class='ocrx_word' id='word_1_62' title='bbox 1058 905 1183 960; x_wconf 88' lang='lat' dir='ltr'><strong>quot</strong></span> <span class='ocrx_word' id='word_1_63' title='bbox 1234 901 1358 946; x_wconf 91' lang='lat' dir='ltr'><strong>sunt</strong></span> <span class='ocrx_word' id='word_1_64' title='bbox 1402 893 1832 946; x_wconf 90' lang='lat' dir='ltr'><strong>constitutiones.</strong></span> <span class='ocrx_word' id='word_1_65' title='bbox 1887 890 1993 946; x_wconf 89' lang='lat' dir='ltr'><strong>Sed</strong></span> 
     </span>
    </p>
   </div>
   <div class='ocr_carea' id='block_1_10' title="bbox 419 984 1992 1053">
    <p class='ocr_par' dir='ltr' id='par_1_10' title="bbox 419 984 1992 1053">
     <span class='ocr_line' id='line_1_10' title="bbox 419 984 1992 1053; baseline -0.003 -15"><span class='ocrx_word' id='word_1_66' title='bbox 419 994 548 1053; x_wconf 86' lang='lat' dir='ltr'><strong>quot</strong></span> <span class='ocrx_word' id='word_1_67' title='bbox 590 985 1002 1051; x_wconf 80' lang='lat' dir='ltr'><strong>controversiae,</strong></span> <span class='ocrx_word' id='word_1_68' title='bbox 1050 991 1126 1037; x_wconf 92' lang='lat' dir='ltr'><strong>tot</strong></span> <span class='ocrx_word' id='word_1_69' title='bbox 1176 998 1392 1037; x_wconf 69' lang='lat' dir='ltr'><strong>causae:</strong></span> <span class='ocrx_word' id='word_1_70' title='bbox 1426 992 1481 1038; x_wconf 89' lang='lat' dir='ltr'><strong>et</strong></span> <span class='ocrx_word' id='word_1_71' title='bbox 1524 984 1648 1037; x_wconf 90' lang='lat' dir='ltr'><strong>licet</strong></span> <span class='ocrx_word' id='word_1_72' title='bbox 1691 998 1785 1036; x_wconf 79' lang='lat' dir='ltr'><strong>eas</strong></span> <span class='ocrx_word' id='word_1_73' title='bbox 1830 998 1992 1035; x_wconf 88' lang='lat' dir='ltr'><strong>unum</strong></span> 
     </span>
    </p>
   </div>
   <div class='ocr_carea' id='block_1_11' title="bbox 419 1073 1993 1143">
    <p class='ocr_par' dir='ltr' id='par_1_11' title="bbox 419 1073 1993 1143">
     <span class='ocr_line' id='line_1_11' title="bbox 419 1073 1993 1143; baseline -0.001 -15"><span class='ocrx_word' id='word_1_74' title='bbox 419 1076 689 1130; x_wconf 88' lang='lat' dir='ltr'><strong>contineat</strong></span> <span class='ocrx_word' id='word_1_75' title='bbox 718 1075 987 1142; x_wconf 80' lang='lat' dir='ltr'><strong>negotium</strong></span> <span class='ocrx_word' id='word_1_76' title='bbox 1010 1113 1024 1137; x_wconf 92' lang='lat'><strong>,</strong></span> <span class='ocrx_word' id='word_1_77' title='bbox 1057 1087 1232 1127; x_wconf 66' lang='lat' dir='ltr'><strong>causa:</strong></span> <span class='ocrx_word' id='word_1_78' title='bbox 1273 1084 1449 1126; x_wconf 89' lang='lat' dir='ltr'><strong>tamen</strong></span> <span class='ocrx_word' id='word_1_79' title='bbox 1495 1073 1850 1143; x_wconf 71' lang='lat' dir='ltr'><strong>impermixlte</strong></span> <span class='ocrx_word' id='word_1_80' title='bbox 1894 1075 1993 1126; x_wconf 86' lang='lat' dir='ltr'><strong>sibi</strong></span> 
     </span>
    </p>
   </div>
   <div class='ocr_carea' id='block_1_12' title="bbox 420 1164 1991 1234">
    <p class='ocr_par' dir='ltr' id='par_1_12' title="bbox 420 1164 1991 1234">
     <span class='ocr_line' id='line_1_12' title="bbox 420 1164 1991 1234; baseline 0.003 -19"><span class='ocrx_word' id='word_1_81' title='bbox 420 1165 709 1219; x_wconf 82' lang='lat' dir='ltr'><strong>variantur.</strong></span> <span class='ocrx_word' id='word_1_82' title='bbox 764 1164 832 1219; x_wconf 89' lang='lat' dir='ltr'><strong>Ut</strong></span> <span class='ocrx_word' id='word_1_83' title='bbox 878 1166 965 1234; x_wconf 88' lang='lat' dir='ltr'><strong>qui</strong></span> <span class='ocrx_word' id='word_1_84' title='bbox 1012 1166 1261 1232; x_wconf 79' lang='lat' dir='ltr'><strong>juvenem</strong></span> <span class='ocrx_word' id='word_1_85' title='bbox 1314 1166 1379 1220; x_wconf 90' lang='lat' dir='ltr'><strong>de</strong></span> <span class='ocrx_word' id='word_1_86' title='bbox 1423 1166 1661 1233; x_wconf 86' lang='lat' dir='ltr'><strong>lupanari</strong></span> <span class='ocrx_word' id='word_1_87' title='bbox 1710 1178 1991 1220; x_wconf 80' lang='lat' dir='ltr'><strong>exeuntem</strong></span> 
     </span>
    </p>
   </div>
   <div class='ocr_carea' id='block_1_13' title="bbox 422 1256 1994 1325">
    <p class='ocr_par' dir='ltr' id='par_1_13' title="bbox 422 1256 1994 1325">
     <span class='ocr_line' id='line_1_13' title="bbox 422 1256 1994 1325; baseline 0.002 -16"><span class='ocrx_word' id='word_1_88' title='bbox 422 1257 586 1319; x_wconf 81' lang='lat' dir='ltr'><strong>vidit,</strong></span> <span class='ocrx_word' id='word_1_89' title='bbox 620 1256 776 1325; x_wconf 90' lang='lat' dir='ltr'><strong>paulo</strong></span> <span class='ocrx_word' id='word_1_90' title='bbox 804 1268 924 1325; x_wconf 87' lang='lat' dir='ltr'><strong>post</strong></span> <span class='ocrx_word' id='word_1_91' title='bbox 948 1257 1015 1311; x_wconf 92' lang='lat' dir='ltr'><strong>de</strong></span> <span class='ocrx_word' id='word_1_92' title='bbox 1044 1257 1233 1311; x_wconf 89' lang='lat' dir='ltr'><strong>eodem</strong></span> <span class='ocrx_word' id='word_1_93' title='bbox 1275 1257 1395 1311; x_wconf 91' lang='lat' dir='ltr'><strong>loco</strong></span> <span class='ocrx_word' id='word_1_94' title='bbox 1425 1273 1644 1312; x_wconf 87' lang='lat' dir='ltr'><strong>uxorem</strong></span> <span class='ocrx_word' id='word_1_95' title='bbox 1675 1274 1825 1311; x_wconf 91' lang='lat' dir='ltr'><strong>suam</strong></span> <span class='ocrx_word' id='word_1_96' title='bbox 1857 1259 1994 1312; x_wconf 92' lang='lat' dir='ltr'><strong>vidit</strong></span> 
     </span>
    </p>
   </div>
   <div class='ocr_carea' id='block_1_14' title="bbox 418 1349 1997 1417">
    <p class='ocr_par' dir='ltr' id='par_1_14' title="bbox 418 1349 1997 1417">
     <span class='ocr_line' id='line_1_14' title="bbox 418 1349 1997 1417; baseline 0.001 -14"><span class='ocrx_word' id='word_1_97' title='bbox 418 1364 690 1417; x_wconf 79' lang='lat' dir='ltr'><strong>egressam</strong></span> <span class='ocrx_word' id='word_1_98' title='bbox 714 1392 729 1412; x_wconf 90' lang='lat'><strong>,</strong></span> <span class='ocrx_word' id='word_1_99' title='bbox 760 1360 975 1403; x_wconf 87' lang='lat' dir='ltr'><strong>accusat</strong></span> <span class='ocrx_word' id='word_1_100' title='bbox 998 1349 1249 1417; x_wconf 86' lang='lat' dir='ltr'><strong>juvenem</strong></span> <span class='ocrx_word' id='word_1_101' title='bbox 1278 1350 1546 1404; x_wconf 86' lang='lat' dir='ltr'><strong>adulterii.</strong></span> <span class='ocrx_word' id='word_1_102' title='bbox 1582 1352 1677 1404; x_wconf 90' lang='lat' dir='ltr'><strong>llic</strong></span> <span class='ocrx_word' id='word_1_103' title='bbox 1707 1368 1867 1403; x_wconf 93' lang='lat' dir='ltr'><strong>unum</strong></span> <span class='ocrx_word' id='word_1_104' title='bbox 1902 1368 1997 1405; x_wconf 91' lang='lat' dir='ltr'><strong>ne-</strong></span> 
     </span>
    </p>
   </div>
   <div class='ocr_carea' id='block_1_15' title="bbox 420 1438 1992 1507">
    <p class='ocr_par' dir='ltr' id='par_1_15' title="bbox 420 1438 1992 1507">
     <span class='ocr_line' id='line_1_15' title="bbox 420 1438 1992 1507; baseline 0.001 -16"><span class='ocrx_word' id='word_1_105' title='bbox 420 1438 623 1507; x_wconf 91' lang='lat' dir='ltr'><strong>gotium</strong></span> <span class='ocrx_word' id='word_1_106' title='bbox 656 1439 796 1505; x_wconf 92' lang='lat' dir='ltr'><strong>quod</strong></span> <span class='ocrx_word' id='word_1_107' title='bbox 828 1441 1051 1492; x_wconf 83' lang='lat' dir='ltr'><strong>vertitur</strong></span> <span class='ocrx_word' id='word_1_108' title='bbox 1079 1449 1199 1503; x_wconf 77' lang='lat' dir='ltr'><strong>est;</strong></span> <span class='ocrx_word' id='word_1_109' title='bbox 1235 1453 1409 1492; x_wconf 76' lang='lat' dir='ltr'><strong>causa:</strong></span> <span class='ocrx_word' id='word_1_110' title='bbox 1451 1449 1627 1493; x_wconf 90' lang='lat' dir='ltr'><strong>autem</strong></span> <span class='ocrx_word' id='word_1_111' title='bbox 1671 1440 1790 1493; x_wconf 67' lang='lat' dir='ltr'><strong>dum</strong></span> <span class='ocrx_word' id='word_1_112' title='bbox 1823 1458 1835 1493; x_wconf 92' lang='lat'><strong>:</strong></span> <span class='ocrx_word' id='word_1_113' title='bbox 1888 1456 1992 1494; x_wconf 91' lang='lat' dir='ltr'><strong>una</strong></span> 
     </span>
    </p>
   </div>
   <div class='ocr_carea' id='block_1_16' title="bbox 419 1530 1995 1598">
    <p class='ocr_par' dir='ltr' id='par_1_16' title="bbox 419 1530 1995 1598">
     <span class='ocr_line' id='line_1_16' title="bbox 419 1530 1995 1598; baseline 0.001 -15"><span class='ocrx_word' id='word_1_114' title='bbox 419 1530 834 1598; x_wconf 79' lang='lat' dir='ltr'><strong>conjecturalis,</strong></span> <span class='ocrx_word' id='word_1_115' title='bbox 867 1531 911 1582; x_wconf 90' lang='lat' dir='ltr'><strong>si</strong></span> <span class='ocrx_word' id='word_1_116' title='bbox 943 1540 1100 1598; x_wconf 87' lang='lat' dir='ltr'><strong>neget</strong></span> <span class='ocrx_word' id='word_1_117' title='bbox 1128 1545 1188 1584; x_wconf 91' lang='lat' dir='ltr'><strong>se</strong></span> <span class='ocrx_word' id='word_1_118' title='bbox 1219 1531 1408 1584; x_wconf 87' lang='lat' dir='ltr'><strong>fecisse</strong></span> <span class='ocrx_word' id='word_1_119' title='bbox 1435 1548 1450 1595; x_wconf 89' lang='lat'><strong>;</strong></span> <span class='ocrx_word' id='word_1_120' title='bbox 1484 1534 1650 1585; x_wconf 89' lang='lat' dir='ltr'><strong>altera</strong></span> <span class='ocrx_word' id='word_1_121' title='bbox 1686 1532 1883 1584; x_wconf 83' lang='lat' dir='ltr'><strong>finitiva</strong></span> <span class='ocrx_word' id='word_1_122' title='bbox 1906 1571 1922 1595; x_wconf 89' lang='lat'><strong>,</strong></span> <span class='ocrx_word' id='word_1_123' title='bbox 1950 1531 1995 1585; x_wconf 87' lang='lat' dir='ltr'><strong>si</strong></span> 
     </span>
    </p>
   </div>
   <div class='ocr_carea' id='block_1_17' title="bbox 422 1621 1993 1691">
    <p class='ocr_par' dir='ltr' id='par_1_17' title="bbox 422 1621 1993 1691">
     <span class='ocr_line' id='line_1_17' title="bbox 422 1621 1993 1691; baseline 0.001 -17"><span class='ocrx_word' id='word_1_124' title='bbox 422 1621 477 1674; x_wconf 90' lang='lat' dir='ltr'><strong>in</strong></span> <span class='ocrx_word' id='word_1_125' title='bbox 510 1622 750 1688; x_wconf 87' lang='lat' dir='ltr'><strong>lupanari</strong></span> <span class='ocrx_word' id='word_1_126' title='bbox 781 1623 1117 1675; x_wconf 87' lang='lat' dir='ltr'><strong>concubitum</strong></span> <span class='ocrx_word' id='word_1_127' title='bbox 1158 1639 1262 1677; x_wconf 89' lang='lat' dir='ltr'><strong>non</strong></span> <span class='ocrx_word' id='word_1_128' title='bbox 1300 1624 1443 1678; x_wconf 86' lang='lat' dir='ltr'><strong>dicat</strong></span> <span class='ocrx_word' id='word_1_129' title='bbox 1485 1638 1638 1691; x_wconf 86' lang='lat' dir='ltr'><strong>posse</strong></span> <span class='ocrx_word' id='word_1_130' title='bbox 1676 1623 1993 1677; x_wconf 86' lang='lat' dir='ltr'><strong>adulterium</strong></span> 
     </span>
    </p>
   </div>
   <div class='ocr_carea' id='block_1_18' title="bbox 420 1712 1993 1793">
    <p class='ocr_par' dir='ltr' id='par_1_18' title="bbox 420 1712 1993 1793">
     <span class='ocr_line' id='line_1_18' title="bbox 420 1712 1993 1793; baseline 0.003 -28"><span class='ocrx_word' id='word_1_131' title='bbox 420 1712 617 1780; x_wconf 85' lang='lat' dir='ltr'><strong>putari.</strong></span> <span class='ocrx_word' id='word_1_132' title='bbox 647 1712 753 1766; x_wconf 86' lang='lat' dir='ltr'><strong>Sed</strong></span> <span class='ocrx_word' id='word_1_133' title='bbox 779 1728 966 1793; x_wconf 38' lang='lat' dir='ltr'><strong>.neque</strong></span> <span class='ocrx_word' id='word_1_134' title='bbox 995 1715 1206 1782; x_wconf 84' lang='lat' dir='ltr'><strong>neganti</strong></span> <span class='ocrx_word' id='word_1_135' title='bbox 1246 1729 1367 1782; x_wconf 88' lang='lat' dir='ltr'><strong>pars</strong></span> <span class='ocrx_word' id='word_1_136' title='bbox 1403 1724 1481 1768; x_wconf 88' lang='lat' dir='ltr'><strong>est</strong></span> <span class='ocrx_word' id='word_1_137' title='bbox 1509 1714 1748 1782; x_wconf 87' lang='lat' dir='ltr'><strong>ejusdem</strong></span> <span class='ocrx_word' id='word_1_138' title='bbox 1775 1725 1993 1769; x_wconf 85' lang='lat' dir='ltr'><strong>contro-</strong></span> 
     </span>
    </p>
   </div>
   <div class='ocr_carea' id='block_1_19' title="bbox 2102 518 2925 594">
    <p class='ocr_par' dir='ltr' id='par_1_19' title="bbox 2102 518 2925 594">
     <span class='ocr_line' id='line_1_19' title="bbox 2102 518 2925 594; baseline -0.001 -14"><span class='ocrx_word' id='word_1_139' title='bbox 2102 518 2305 581; x_wconf 79' lang='lat' dir='ltr'><strong>dixisse</strong></span> <span class='ocrx_word' id='word_1_140' title='bbox 2332 536 2439 579; x_wconf 90' lang='lat' dir='ltr'><strong>tum</strong></span> <span class='ocrx_word' id='word_1_141' title='bbox 2472 527 2798 594; x_wconf 85' lang='lat' dir='ltr'><strong>persuadere</strong></span> <span class='ocrx_word' id='word_1_142' title='bbox 2825 537 2925 580; x_wconf 91' lang='lat' dir='ltr'><strong>est.</strong></span> 
     </span>
    </p>
   </div>
   <div class='ocr_carea' id='block_1_20' title="bbox 2174 617 3667 688">
    <p class='ocr_par' dir='ltr' id='par_1_20' title="bbox 2174 617 3667 688">
     <span class='ocr_line' id='line_1_20' title="bbox 2174 617 3667 688; baseline 0.001 -17"><span class='ocrx_word' id='word_1_143' title='bbox 2174 618 2260 671; x_wconf 75' lang='lat'><strong>1‘2.</strong></span> <span class='ocrx_word' id='word_1_144' title='bbox 2292 617 2425 672; x_wconf 82' lang='lat' dir='ltr'><strong>Tota</strong></span> <span class='ocrx_word' id='word_1_145' title='bbox 2467 620 2730 673; x_wconf 88' lang='lat' dir='ltr'><strong>rhetorica</strong></span> <span class='ocrx_word' id='word_1_146' title='bbox 2766 620 2818 673; x_wconf 92' lang='lat' dir='ltr'><strong>in</strong></span> <span class='ocrx_word' id='word_1_147' title='bbox 2862 620 3176 687; x_wconf 74' lang='lat' dir='ltr'><strong>speciebus;</strong></span> <span class='ocrx_word' id='word_1_148' title='bbox 3202 619 3407 688; x_wconf 88' lang='lat' dir='ltr'><strong>species</strong></span> <span class='ocrx_word' id='word_1_149' title='bbox 3433 634 3559 673; x_wconf 89' lang='lat' dir='ltr'><strong>vero</strong></span> <span class='ocrx_word' id='word_1_150' title='bbox 3597 621 3667 673; x_wconf 92' lang='lat' dir='ltr'><strong>ita</strong></span> 
     </span>
    </p>
   </div>
   <div class='ocr_carea' id='block_1_21' title="bbox 2100 710 3673 773">
    <p class='ocr_par' dir='ltr' id='par_1_21' title="bbox 2100 710 3673 773">
     <span class='ocr_line' id='line_1_21' title="bbox 2100 710 3673 773; baseline 0.001 -12"><span class='ocrx_word' id='word_1_151' title='bbox 2100 719 2263 764; x_wconf 91' lang='lat' dir='ltr'><strong>totam</strong></span> <span class='ocrx_word' id='word_1_152' title='bbox 2297 711 2572 763; x_wconf 80' lang='lat' dir='ltr'><strong>materiam</strong></span> <span class='ocrx_word' id='word_1_153' title='bbox 2621 710 2929 773; x_wconf 80' lang='lat' dir='ltr'><strong>informant,</strong></span> <span class='ocrx_word' id='word_1_154' title='bbox 2955 719 3013 762; x_wconf 92' lang='lat' dir='ltr'><strong>ut</strong></span> <span class='ocrx_word' id='word_1_155' title='bbox 3043 719 3219 763; x_wconf 90' lang='lat' dir='ltr'><strong>tamen</strong></span> <span class='ocrx_word' id='word_1_156' title='bbox 3251 710 3477 762; x_wconf 74' lang='lat' dir='ltr'><strong>vicissim</strong></span> <span class='ocrx_word' id='word_1_157' title='bbox 3509 719 3673 762; x_wconf 88' lang='lat' dir='ltr'><strong>totam</strong></span> 
     </span>
    </p>
   </div>
   <div class='ocr_carea' id='block_1_22' title="bbox 2099 802 3673 870">
    <p class='ocr_par' dir='ltr' id='par_1_22' title="bbox 2099 802 3673 870">
     <span class='ocr_line' id='line_1_22' title="bbox 2099 802 3673 870; baseline -0.002 -15"><span class='ocrx_word' id='word_1_158' title='bbox 2099 803 2197 855; x_wconf 87' lang='lat' dir='ltr'><strong>sibi</strong></span> <span class='ocrx_word' id='word_1_159' title='bbox 2246 804 2565 854; x_wconf 84' lang='lat' dir='ltr'><strong>vindicent:</strong></span> <span class='ocrx_word' id='word_1_160' title='bbox 2601 803 2739 869; x_wconf 89' lang='lat' dir='ltr'><strong>quod</strong></span> <span class='ocrx_word' id='word_1_161' title='bbox 2782 818 2845 855; x_wconf 79' lang='lat' dir='ltr'><strong>ex</strong></span> <span class='ocrx_word' id='word_1_162' title='bbox 2893 803 2992 854; x_wconf 92' lang='lat' dir='ltr'><strong>hoc</strong></span> <span class='ocrx_word' id='word_1_163' title='bbox 3035 802 3254 869; x_wconf 84' lang='lat' dir='ltr'><strong>intelligi</strong></span> <span class='ocrx_word' id='word_1_164' title='bbox 3307 812 3502 868; x_wconf 84' lang='lat' dir='ltr'><strong>potest.</strong></span> <span class='ocrx_word' id='word_1_165' title='bbox 3540 816 3673 870; x_wconf 87' lang='lat' dir='ltr'><strong>quo-</strong></span> 
     </span>
    </p>
   </div>
   <div class='ocr_carea' id='block_1_23' title="bbox 2100 892 3675 960">
    <p class='ocr_par' dir='ltr' id='par_1_23' title="bbox 2100 892 3675 960">
     <span class='ocr_line' id='line_1_23' title="bbox 2100 892 3675 960; baseline 0 -14"><span class='ocrx_word' id='word_1_166' title='bbox 2100 895 2237 947; x_wconf 86' lang='lat' dir='ltr'><strong>niam</strong></span> <span class='ocrx_word' id='word_1_167' title='bbox 2283 908 2470 946; x_wconf 88' lang='lat' dir='ltr'><strong>omnes</strong></span> <span class='ocrx_word' id='word_1_168' title='bbox 2527 894 2624 944; x_wconf 85' lang='lat' dir='ltr'><strong>sibi</strong></span> <span class='ocrx_word' id='word_1_169' title='bbox 2676 892 2912 945; x_wconf 65' lang='lat' dir='ltr'><strong>materiip</strong></span> <span class='ocrx_word' id='word_1_170' title='bbox 2972 904 3149 959; x_wconf 90' lang='lat' dir='ltr'><strong>partes</strong></span> <span class='ocrx_word' id='word_1_171' title='bbox 3194 892 3415 959; x_wconf 75' lang='lat' dir='ltr'><strong>singula:</strong></span> <span class='ocrx_word' id='word_1_172' title='bbox 3466 896 3675 960; x_wconf 88' lang='lat' dir='ltr'><strong>species</strong></span> 
     </span>
    </p>
   </div>
   <div class='ocr_carea' id='block_1_24' title="bbox 2100 968 3675 1053">
    <p class='ocr_par' dir='ltr' id='par_1_24' title="bbox 2100 968 3675 1053">
     <span class='ocr_line' id='line_1_24' title="bbox 2100 968 3675 1053; baseline 0.001 -16"><span class='ocrx_word' id='word_1_173' title='bbox 2100 968 2305 1040; x_wconf 49' lang='lat' dir='ltr'><strong>tenent:</strong></span> <span class='ocrx_word' id='word_1_174' title='bbox 2330 985 2459 1039; x_wconf 83' lang='lat' dir='ltr'><strong>Nam</strong></span> <span class='ocrx_word' id='word_1_175' title='bbox 2503 986 2554 1038; x_wconf 90' lang='lat' dir='ltr'><strong>in</strong></span> <span class='ocrx_word' id='word_1_176' title='bbox 2600 986 2829 1052; x_wconf 83' lang='lat' dir='ltr'><strong>iudiciali</strong></span> <span class='ocrx_word' id='word_1_177' title='bbox 2870 997 3099 1053; x_wconf 86' lang='lat' dir='ltr'><strong>quatuor</strong></span> <span class='ocrx_word' id='word_1_178' title='bbox 3141 987 3548 1041; x_wconf 79' lang='lat' dir='ltr'><strong>conSIitutiones</strong></span> <span class='ocrx_word' id='word_1_179' title='bbox 3589 988 3675 1040; x_wconf 91' lang='lat' dir='ltr'><strong>in-</strong></span> 
     </span>
    </p>
   </div>
   <div class='ocr_carea' id='block_1_25' title="bbox 2096 1076 3670 1147">
    <p class='ocr_par' dir='ltr' id='par_1_25' title="bbox 2096 1076 3670 1147">
     <span class='ocr_line' id='line_1_25' title="bbox 2096 1076 3670 1147; baseline 0.002 -19"><span class='ocrx_word' id='word_1_180' title='bbox 2096 1079 2298 1141; x_wconf 83' lang='lat' dir='ltr'><strong>venies,</strong></span> <span class='ocrx_word' id='word_1_181' title='bbox 2324 1088 2379 1130; x_wconf 90' lang='lat' dir='ltr'><strong>et</strong></span> <span class='ocrx_word' id='word_1_182' title='bbox 2425 1078 2476 1130; x_wconf 91' lang='lat' dir='ltr'><strong>in</strong></span> <span class='ocrx_word' id='word_1_183' title='bbox 2518 1076 2865 1131; x_wconf 88' lang='lat' dir='ltr'><strong>deliberativa</strong></span> <span class='ocrx_word' id='word_1_184' title='bbox 2897 1077 3420 1147; x_wconf 71' lang='lat' dir='ltr'><strong>demonstraui/aque</strong></span> <span class='ocrx_word' id='word_1_185' title='bbox 3456 1082 3670 1133; x_wconf 86' lang='lat' dir='ltr'><strong>easdem</strong></span> 
     </span>
    </p>
   </div>
   <div class='ocr_carea' id='block_1_26' title="bbox 2096 1169 3675 1238">
    <p class='ocr_par' dir='ltr' id='par_1_26' title="bbox 2096 1169 3675 1238">
     <span class='ocr_line' id='line_1_26' title="bbox 2096 1169 3675 1238; baseline 0.003 -18"><span class='ocrx_word' id='word_1_186' title='bbox 2096 1178 2322 1228; x_wconf 78' lang='lat' dir='ltr'><strong>quatuor</strong></span> <span class='ocrx_word' id='word_1_187' title='bbox 2353 1169 2591 1223; x_wconf 84' lang='lat' dir='ltr'><strong>invenire</strong></span> <span class='ocrx_word' id='word_1_188' title='bbox 2630 1185 2811 1238; x_wconf 88' lang='lat' dir='ltr'><strong>queas.</strong></span> <span class='ocrx_word' id='word_1_189' title='bbox 2866 1170 3018 1225; x_wconf 88' lang='lat' dir='ltr'><strong>Unde</strong></span> <span class='ocrx_word' id='word_1_190' title='bbox 3049 1171 3369 1234; x_wconf 85' lang='lat' dir='ltr'><strong>ostenditur,</strong></span> <span class='ocrx_word' id='word_1_191' title='bbox 3403 1172 3446 1225; x_wconf 89' lang='lat' dir='ltr'><strong>si</strong></span> <span class='ocrx_word' id='word_1_192' title='bbox 3487 1186 3675 1226; x_wconf 70' lang='lat' dir='ltr'><strong>omnes</strong></span> 
     </span>
    </p>
   </div>
   <div class='ocr_carea' id='block_1_27' title="bbox 2099 1261 3675 1331">
    <p class='ocr_par' dir='ltr' id='par_1_27' title="bbox 2099 1261 3675 1331">
     <span class='ocr_line' id='line_1_27' title="bbox 2099 1261 3675 1331; baseline 0.003 -19"><span class='ocrx_word' id='word_1_193' title='bbox 2099 1269 2275 1328; x_wconf 90' lang='lat' dir='ltr'><strong>partes</strong></span> <span class='ocrx_word' id='word_1_194' title='bbox 2302 1275 2480 1314; x_wconf 73' lang='lat' dir='ltr'><strong>causa:</strong></span> <span class='ocrx_word' id='word_1_195' title='bbox 2508 1261 2795 1329; x_wconf 78' lang='lat' dir='ltr'><strong>generalis,</strong></span> <span class='ocrx_word' id='word_1_196' title='bbox 2821 1277 2938 1329; x_wconf 71' lang='lat' dir='ltr'><strong>quae</strong></span> <span class='ocrx_word' id='word_1_197' title='bbox 2978 1272 3058 1316; x_wconf 93' lang='lat' dir='ltr'><strong>est</strong></span> <span class='ocrx_word' id='word_1_198' title='bbox 3085 1263 3258 1315; x_wconf 86' lang='lat' dir='ltr'><strong>civilis</strong></span> <span class='ocrx_word' id='word_1_199' title='bbox 3293 1263 3536 1331; x_wconf 53' lang='lat' dir='ltr'><strong>quaestio,</strong></span> <span class='ocrx_word' id='word_1_200' title='bbox 3565 1264 3675 1316; x_wconf 90' lang='lat' dir='ltr'><strong>sin-</strong></span> 
     </span>
    </p>
   </div>
   <div class='ocr_carea' id='block_1_28' title="bbox 2096 1351 3671 1420">
    <p class='ocr_par' dir='ltr' id='par_1_28' title="bbox 2096 1351 3671 1420">
     <span class='ocr_line' id='line_1_28' title="bbox 2096 1351 3671 1420; baseline 0.004 -18"><span class='ocrx_word' id='word_1_201' title='bbox 2096 1351 2234 1418; x_wconf 75' lang='lat' dir='ltr'><strong>gula:</strong></span> <span class='ocrx_word' id='word_1_202' title='bbox 2283 1352 2491 1419; x_wconf 87' lang='lat' dir='ltr'><strong>species</strong></span> <span class='ocrx_word' id='word_1_203' title='bbox 2535 1351 2763 1414; x_wconf 88' lang='lat' dir='ltr'><strong>habent,</strong></span> <span class='ocrx_word' id='word_1_204' title='bbox 2806 1367 2991 1405; x_wconf 66' lang='lat' dir='ltr'><strong>omnes</strong></span> <span class='ocrx_word' id='word_1_205' title='bbox 3050 1368 3175 1406; x_wconf 84' lang='lat' dir='ltr'><strong>vero</strong></span> <span class='ocrx_word' id='word_1_206' title='bbox 3226 1364 3400 1420; x_wconf 87' lang='lat' dir='ltr'><strong>partes</strong></span> <span class='ocrx_word' id='word_1_207' title='bbox 3455 1368 3671 1408; x_wconf 90' lang='lat' dir='ltr'><strong>causam</strong></span> 
     </span>
    </p>
   </div>
   <div class='ocr_carea' id='block_1_29' title="bbox 2096 1441 3675 1511">
    <p class='ocr_par' dir='ltr' id='par_1_29' title="bbox 2096 1441 3675 1511">
     <span class='ocr_line' id='line_1_29' title="bbox 2096 1441 3675 1511; baseline 0.002 -16"><span class='ocrx_word' id='word_1_208' title='bbox 2096 1455 2250 1505; x_wconf 85' lang='lat' dir='ltr'><strong>esse;</strong></span> <span class='ocrx_word' id='word_1_209' title='bbox 2280 1441 2448 1510; x_wconf 88' lang='lat' dir='ltr'><strong>ipsam</strong></span> <span class='ocrx_word' id='word_1_210' title='bbox 2491 1456 2726 1508; x_wconf 87' lang='lat' dir='ltr'><strong>causam,</strong></span> <span class='ocrx_word' id='word_1_211' title='bbox 2758 1442 2809 1494; x_wconf 90' lang='lat' dir='ltr'><strong>id</strong></span> <span class='ocrx_word' id='word_1_212' title='bbox 2851 1452 2931 1495; x_wconf 83' lang='lat' dir='ltr'><strong>est</strong></span> <span class='ocrx_word' id='word_1_213' title='bbox 2972 1444 3180 1497; x_wconf 78' lang='lat' dir='ltr'><strong>civilem</strong></span> <span class='ocrx_word' id='word_1_214' title='bbox 3213 1446 3583 1511; x_wconf 60' lang='lat' dir='ltr'><strong>quaestionem,</strong></span> <span class='ocrx_word' id='word_1_215' title='bbox 3607 1445 3675 1499; x_wconf 92' lang='lat' dir='ltr'><strong>ab</strong></span> 
     </span>
    </p>
   </div>
   <div class='ocr_carea' id='block_1_30' title="bbox 2096 1534 3674 1605">
    <p class='ocr_par' dir='ltr' id='par_1_30' title="bbox 2096 1534 3674 1605">
     <span class='ocr_line' id='line_1_30' title="bbox 2096 1534 3674 1605; baseline 0.001 -18"><span class='ocrx_word' id='word_1_216' title='bbox 2096 1534 2372 1601; x_wconf 77' lang='lat' dir='ltr'><strong>Speciebus</strong></span> <span class='ocrx_word' id='word_1_217' title='bbox 2421 1534 2655 1587; x_wconf 84' lang='lat' dir='ltr'><strong>vicissim</strong></span> <span class='ocrx_word' id='word_1_218' title='bbox 2696 1534 2952 1587; x_wconf 85' lang='lat' dir='ltr'><strong>vindicari</strong></span> <span class='ocrx_word' id='word_1_219' title='bbox 3013 1544 3219 1587; x_wconf 85' lang='lat' dir='ltr'><strong>totam:</strong></span> <span class='ocrx_word' id='word_1_220' title='bbox 3254 1550 3320 1588; x_wconf 92' lang='lat' dir='ltr'><strong>eo</strong></span> <span class='ocrx_word' id='word_1_221' title='bbox 3367 1536 3526 1589; x_wconf 91' lang='lat' dir='ltr'><strong>modo</strong></span> <span class='ocrx_word' id='word_1_222' title='bbox 3566 1551 3674 1605; x_wconf 91' lang='lat' dir='ltr'><strong>quo</strong></span> 
     </span>
    </p>
   </div>
   <div class='ocr_carea' id='block_1_31' title="bbox 2097 1625 3674 1695">
    <p class='ocr_par' dir='ltr' id='par_1_31' title="bbox 2097 1625 3674 1695">
     <span class='ocr_line' id='line_1_31' title="bbox 2097 1625 3674 1695; baseline 0.002 -19"><span class='ocrx_word' id='word_1_223' title='bbox 2097 1638 2205 1678; x_wconf 74' lang='lat' dir='ltr'><strong>vox</strong></span> <span class='ocrx_word' id='word_1_224' title='bbox 2251 1640 2356 1676; x_wconf 92' lang='lat' dir='ltr'><strong>uno</strong></span> <span class='ocrx_word' id='word_1_225' title='bbox 2412 1635 2650 1692; x_wconf 90' lang='lat' dir='ltr'><strong>tempore</strong></span> <span class='ocrx_word' id='word_1_226' title='bbox 2699 1625 2764 1677; x_wconf 90' lang='lat' dir='ltr'><strong>ad</strong></span> <span class='ocrx_word' id='word_1_227' title='bbox 2824 1626 3173 1691; x_wconf 88' lang='lat' dir='ltr'><strong>plttrimorum</strong></span> <span class='ocrx_word' id='word_1_228' title='bbox 3223 1642 3382 1680; x_wconf 86' lang='lat' dir='ltr'><strong>aures</strong></span> <span class='ocrx_word' id='word_1_229' title='bbox 3430 1627 3674 1695; x_wconf 87' lang='lat' dir='ltr'><strong>pervenit</strong></span> 
     </span>
    </p>
   </div>
   <div class='ocr_carea' id='block_1_32' title="bbox 2099 1715 3668 1781">
    <p class='ocr_par' dir='ltr' id='par_1_32' title="bbox 2099 1715 3668 1781">
     <span class='ocr_line' id='line_1_32' title="bbox 2099 1715 3668 1781; baseline 0.001 -13"><span class='ocrx_word' id='word_1_230' title='bbox 2099 1730 2219 1768; x_wconf 91' lang='lat' dir='ltr'><strong>cum</strong></span> <span class='ocrx_word' id='word_1_231' title='bbox 2262 1715 2372 1768; x_wconf 88' lang='lat' dir='ltr'><strong>suis</strong></span> <span class='ocrx_word' id='word_1_232' title='bbox 2424 1715 2625 1781; x_wconf 84' lang='lat' dir='ltr'><strong>integra</strong></span> <span class='ocrx_word' id='word_1_233' title='bbox 2674 1716 2929 1781; x_wconf 87' lang='lat' dir='ltr'><strong>partibus,</strong></span> <span class='ocrx_word' id='word_1_234' title='bbox 2964 1715 3014 1768; x_wconf 89' lang='lat' dir='ltr'><strong>id</strong></span> <span class='ocrx_word' id='word_1_235' title='bbox 3065 1726 3147 1769; x_wconf 89' lang='lat' dir='ltr'><strong>est</strong></span> <span class='ocrx_word' id='word_1_236' title='bbox 3189 1716 3490 1770; x_wconf 87' lang='lat' dir='ltr'><strong>elementis.</strong></span> <span class='ocrx_word' id='word_1_237' title='bbox 3536 1716 3668 1770; x_wconf 85' lang='lat' dir='ltr'><strong>Nam</strong></span> 
     </span>
    </p>
   </div>
   <div class='ocr_carea' id='block_1_33' title="bbox 421 1803 3674 1875">
    <p class='ocr_par' dir='ltr' id='par_1_33' title="bbox 421 1803 3674 1875">
     <span class='ocr_line' id='line_1_33' title="bbox 421 1803 3674 1875; baseline 0.002 -21"><span class='ocrx_word' id='word_1_238' title='bbox 421 1803 610 1857; x_wconf 63' lang='lat' dir='ltr'><strong>versiaa</strong></span> <span class='ocrx_word' id='word_1_239' title='bbox 633 1803 1011 1869; x_wconf 82' lang='lat' dir='ltr'><strong>conjecturalis</strong></span> <span class='ocrx_word' id='word_1_240' title='bbox 1036 1814 1239 1870; x_wconf 86' lang='lat' dir='ltr'><strong>status;</strong></span> <span class='ocrx_word' id='word_1_241' title='bbox 1288 1821 1459 1875; x_wconf 85' lang='lat' dir='ltr'><strong>neque</strong></span> <span class='ocrx_word' id='word_1_242' title='bbox 1495 1805 1770 1860; x_wconf 86' lang='lat' dir='ltr'><strong>delinienti</strong></span> <span class='ocrx_word' id='word_1_243' title='bbox 1807 1805 1997 1860; x_wconf 86' lang='lat' dir='ltr'><strong>defini-</strong></span> <span class='ocrx_word' id='word_1_244' title='bbox 2028 1810 2075 1867; x_wconf 93' lang='lat' dir='ltr'><strong>B</strong></span> <span class='ocrx_word' id='word_1_245' title='bbox 2102 1804 2291 1859; x_wconf 90' lang='lat' dir='ltr'><strong>eodem</strong></span> <span class='ocrx_word' id='word_1_246' title='bbox 2322 1812 2565 1872; x_wconf 89' lang='lat' dir='ltr'><strong>tempore</strong></span> <span class='ocrx_word' id='word_1_247' title='bbox 2594 1812 2699 1857; x_wconf 90' lang='lat' dir='ltr'><strong>tota</strong></span> <span class='ocrx_word' id='word_1_248' title='bbox 2741 1819 2898 1858; x_wconf 90' lang='lat' dir='ltr'><strong>causa</strong></span> <span class='ocrx_word' id='word_1_249' title='bbox 2935 1804 3002 1857; x_wconf 88' lang='lat' dir='ltr'><strong>ad</strong></span> <span class='ocrx_word' id='word_1_250' title='bbox 3032 1804 3269 1858; x_wconf 86' lang='lat' dir='ltr'><strong>diversas</strong></span> <span class='ocrx_word' id='word_1_251' title='bbox 3308 1806 3514 1874; x_wconf 89' lang='lat' dir='ltr'><strong>species</strong></span> <span class='ocrx_word' id='word_1_252' title='bbox 3552 1820 3674 1859; x_wconf 93' lang='lat' dir='ltr'><strong>cum</strong></span> 
     </span>
    </p>
   </div>
   <div class='ocr_carea' id='block_1_34' title="bbox 425 1895 1995 1954">
    <p class='ocr_par' dir='ltr' id='par_1_34' title="bbox 425 1895 1995 1954">
     <span class='ocr_line' id='line_1_34' title="bbox 425 1895 1995 1954; baseline 0.004 -8"><span class='ocrx_word' id='word_1_253' title='bbox 425 1895 541 1947; x_wconf 90' lang='lat' dir='ltr'><strong>tio:</strong></span> <span class='ocrx_word' id='word_1_254' title='bbox 592 1904 754 1947; x_wconf 92' lang='lat' dir='ltr'><strong>totam</strong></span> <span class='ocrx_word' id='word_1_255' title='bbox 796 1897 937 1950; x_wconf 81' lang='lat' dir='ltr'><strong>enim</strong></span> <span class='ocrx_word' id='word_1_256' title='bbox 982 1900 1220 1951; x_wconf 85' lang='lat' dir='ltr'><strong>continet</strong></span> <span class='ocrx_word' id='word_1_257' title='bbox 1264 1913 1503 1954; x_wconf 89' lang='lat' dir='ltr'><strong>causam.</strong></span> <span class='ocrx_word' id='word_1_258' title='bbox 1548 1900 1773 1952; x_wconf 82' lang='lat' dir='ltr'><strong>Causam</strong></span> <span class='ocrx_word' id='word_1_259' title='bbox 1821 1910 1995 1952; x_wconf 88' lang='lat' dir='ltr'><strong>autem</strong></span> 
     </span>
    </p>
   </div>
   <div class='ocr_carea' id='block_1_35' title="bbox 422 1988 1999 2055">
    <p class='ocr_par' dir='ltr' id='par_1_35' title="bbox 422 1988 1999 2055">
     <span class='ocr_line' id='line_1_35' title="bbox 422 1988 1999 2055; baseline 0.005 -19"><span class='ocrx_word' id='word_1_260' title='bbox 422 2000 554 2040; x_wconf 87' lang='lat' dir='ltr'><strong>voco</strong></span> <span class='ocrx_word' id='word_1_261' title='bbox 604 2002 705 2039; x_wconf 87' lang='lat' dir='ltr'><strong>non</strong></span> <span class='ocrx_word' id='word_1_262' title='bbox 753 1988 1093 2055; x_wconf 84' lang='lat' dir='ltr'><strong>generaliter,</strong></span> <span class='ocrx_word' id='word_1_263' title='bbox 1141 1989 1233 2043; x_wconf 83' lang='lat' dir='ltr'><strong>sed</strong></span> <span class='ocrx_word' id='word_1_264' title='bbox 1277 1990 1693 2043; x_wconf 80' lang='lat' dir='ltr'><strong>Controversiam</strong></span> <span class='ocrx_word' id='word_1_265' title='bbox 1737 1991 1999 2045; x_wconf 91' lang='lat' dir='ltr'><strong>constitu-</strong></span> 
     </span>
    </p>
   </div>
   <div class='ocr_carea' id='block_1_36' title="bbox 423 2080 1090 2146">
    <p class='ocr_par' dir='ltr' id='par_1_36' title="bbox 423 2080 1090 2146">
     <span class='ocr_line' id='line_1_36' title="bbox 423 2080 1090 2146; baseline 0.006 -15"><span class='ocrx_word' id='word_1_266' title='bbox 423 2080 567 2134; x_wconf 87' lang='lat' dir='ltr'><strong>tione</strong></span> <span class='ocrx_word' id='word_1_267' title='bbox 595 2081 769 2146; x_wconf 88' lang='lat' dir='ltr'><strong>aliqua</strong></span> <span class='ocrx_word' id='word_1_268' title='bbox 802 2082 1090 2136; x_wconf 85' lang='lat' dir='ltr'><strong>firmatam.</strong></span> 
     </span>
    </p>
   </div>
   <div class='ocr_carea' id='block_1_37' title="bbox 501 2170 1998 2247">
    <p class='ocr_par' dir='ltr' id='par_1_37' title="bbox 501 2170 1998 2247">
     <span class='ocr_line' id='line_1_37' title="bbox 501 2170 1998 2247; baseline 0.007 -25"><span class='ocrx_word' id='word_1_269' title='bbox 501 2170 581 2223; x_wconf 82' lang='grc' dir='ltr'><strong>ιο.</strong></span> <span class='ocrx_word' id='word_1_270' title='bbox 616 2170 753 2227; x_wconf 87' lang='lat' dir='ltr'><strong>Sunt</strong></span> <span class='ocrx_word' id='word_1_271' title='bbox 779 2183 956 2227; x_wconf 88' lang='lat' dir='ltr'><strong>autem</strong></span> <span class='ocrx_word' id='word_1_272' title='bbox 987 2184 1163 2241; x_wconf 89' lang='lat' dir='ltr'><strong>partes</strong></span> <span class='ocrx_word' id='word_1_273' title='bbox 1189 2176 1599 2231; x_wconf 88' lang='lat' dir='ltr'><strong>constitutiones</strong></span> <span class='ocrx_word' id='word_1_274' title='bbox 1630 2192 1806 2232; x_wconf 64' lang='lat' dir='ltr'><strong>causa:</strong></span> <span class='ocrx_word' id='word_1_275' title='bbox 1833 2193 1998 2247; x_wconf 84' lang='lat' dir='ltr'><strong>gene-</strong></span> 
     </span>
    </p>
   </div>
   <div class='ocr_carea' id='block_1_38' title="bbox 423 2263 1999 2341">
    <p class='ocr_par' dir='ltr' id='par_1_38' title="bbox 423 2263 1999 2341">
     <span class='ocr_line' id='line_1_38' title="bbox 423 2263 1999 2341; baseline 0.008 -26"><span class='ocrx_word' id='word_1_276' title='bbox 423 2263 551 2317; x_wconf 83' lang='lat' dir='ltr'><strong>ralis</strong></span> <span class='ocrx_word' id='word_1_277' title='bbox 584 2264 683 2317; x_wconf 93' lang='lat' dir='ltr'><strong>hoc</strong></span> <span class='ocrx_word' id='word_1_278' title='bbox 712 2266 889 2319; x_wconf 90' lang='lat' dir='ltr'><strong>modo.</strong></span> <span class='ocrx_word' id='word_1_279' title='bbox 923 2266 979 2321; x_wconf 89' lang='lat' dir='ltr'><strong>Si</strong></span> <span class='ocrx_word' id='word_1_280' title='bbox 1023 2268 1163 2322; x_wconf 90' lang='lat' dir='ltr'><strong>enim</strong></span> <span class='ocrx_word' id='word_1_281' title='bbox 1208 2271 1383 2324; x_wconf 89' lang='lat' dir='ltr'><strong>omnis</strong></span> <span class='ocrx_word' id='word_1_282' title='bbox 1422 2286 1581 2325; x_wconf 88' lang='lat' dir='ltr'><strong>causa</strong></span> <span class='ocrx_word' id='word_1_283' title='bbox 1621 2273 1999 2341; x_wconf 83' lang='lat' dir='ltr'><strong>conjecturalis</strong></span> 
     </span>
    </p>
   </div>
   <div class='ocr_carea' id='block_1_39' title="bbox 421 2361 1998 2429">
    <p class='ocr_par' dir='ltr' id='par_1_39' title="bbox 421 2361 1998 2429">
     <span class='ocr_line' id='line_1_39' title="bbox 421 2361 1998 2429; baseline 0.006 -19"><span class='ocrx_word' id='word_1_284' title='bbox 421 2366 599 2423; x_wconf 85' lang='lat' dir='ltr'><strong>esset,</strong></span> <span class='ocrx_word' id='word_1_285' title='bbox 634 2374 733 2412; x_wconf 89' lang='lat' dir='ltr'><strong>nec</strong></span> <span class='ocrx_word' id='word_1_286' title='bbox 772 2361 909 2413; x_wconf 89' lang='lat' dir='ltr'><strong>alius</strong></span> <span class='ocrx_word' id='word_1_287' title='bbox 941 2370 1111 2415; x_wconf 83' lang='lat' dir='ltr'><strong>status</strong></span> <span class='ocrx_word' id='word_1_288' title='bbox 1140 2363 1490 2429; x_wconf 89' lang='lat' dir='ltr'><strong>inveniretur,</strong></span> <span class='ocrx_word' id='word_1_289' title='bbox 1524 2379 1627 2418; x_wconf 89' lang='lat' dir='ltr'><strong>non</strong></span> <span class='ocrx_word' id='word_1_290' title='bbox 1662 2376 1803 2420; x_wconf 90' lang='lat' dir='ltr'><strong>esset</strong></span> <span class='ocrx_word' id='word_1_291' title='bbox 1831 2374 1998 2421; x_wconf 87' lang='lat' dir='ltr'><strong>status</strong></span> 
     </span>
    </p>
   </div>
   <div class='ocr_carea' id='block_1_40' title="bbox 422 2448 1997 2522">
    <p class='ocr_par' dir='ltr' id='par_1_40' title="bbox 422 2448 1997 2522">
     <span class='ocr_line' id='line_1_40' title="bbox 422 2448 1997 2522; baseline 0.006 -21"><span class='ocrx_word' id='word_1_292' title='bbox 422 2448 798 2518; x_wconf 86' lang='lat' dir='ltr'><strong>conjecturalis</strong></span> <span class='ocrx_word' id='word_1_293' title='bbox 826 2466 1002 2505; x_wconf 78' lang='lat' dir='ltr'><strong>causae</strong></span> <span class='ocrx_word' id='word_1_294' title='bbox 1030 2468 1154 2521; x_wconf 85' lang='lat' dir='ltr'><strong>pars</strong></span> <span class='ocrx_word' id='word_1_295' title='bbox 1177 2493 1193 2519; x_wconf 88' lang='lat'><strong>,</strong></span> <span class='ocrx_word' id='word_1_296' title='bbox 1226 2455 1318 2508; x_wconf 88' lang='lat' dir='ltr'><strong>sed</strong></span> <span class='ocrx_word' id='word_1_297' title='bbox 1348 2455 1460 2522; x_wconf 84' lang='lat' dir='ltr'><strong>ipsa</strong></span> <span class='ocrx_word' id='word_1_298' title='bbox 1498 2470 1657 2509; x_wconf 87' lang='lat' dir='ltr'><strong>causa</strong></span> <span class='ocrx_word' id='word_1_299' title='bbox 1696 2465 1841 2510; x_wconf 85' lang='lat' dir='ltr'><strong>esset</strong></span> <span class='ocrx_word' id='word_1_300' title='bbox 1882 2458 1997 2511; x_wconf 89' lang='lat' dir='ltr'><strong>sine</strong></span> 
     </span>
    </p>
   </div>
   <div class='ocr_carea' id='block_1_41' title="bbox 420 2541 1994 2616">
    <p class='ocr_par' dir='ltr' id='par_1_41' title="bbox 420 2541 1994 2616">
     <span class='ocr_line' id='line_1_41' title="bbox 420 2541 1994 2616; baseline 0.006 -24"><span class='ocrx_word' id='word_1_301' title='bbox 420 2541 582 2594; x_wconf 89' lang='lat' dir='ltr'><strong>dubio</strong></span> <span class='ocrx_word' id='word_1_302' title='bbox 611 2544 945 2609; x_wconf 84' lang='lat' dir='ltr'><strong>conjectura.</strong></span> <span class='ocrx_word' id='word_1_303' title='bbox 982 2544 1087 2600; x_wconf 84' lang='lat' dir='ltr'><strong>Sed</strong></span> <span class='ocrx_word' id='word_1_304' title='bbox 1126 2547 1375 2615; x_wconf 90' lang='lat' dir='ltr'><strong>quoniam</strong></span> <span class='ocrx_word' id='word_1_305' title='bbox 1418 2547 1609 2615; x_wconf 77' lang='lat' dir='ltr'><strong>partim</strong></span> <span class='ocrx_word' id='word_1_306' title='bbox 1648 2548 1953 2616; x_wconf 86' lang='lat' dir='ltr'><strong>conjectura</strong></span> <span class='ocrx_word' id='word_1_307' title='bbox 1977 2587 1994 2613; x_wconf 93' lang='lat'><strong>,</strong></span> 
     </span>
    </p>
   </div>
   <div class='ocr_carea' id='block_1_42' title="bbox 426 2631 1993 2704">
    <p class='ocr_par' dir='ltr' id='par_1_42' title="bbox 426 2631 1993 2704">
     <span class='ocr_line' id='line_1_42' title="bbox 426 2631 1993 2704; baseline 0.005 -22"><span class='ocrx_word' id='word_1_308' title='bbox 426 2631 620 2697; x_wconf 89' lang='lat' dir='ltr'><strong>partim</strong></span> <span class='ocrx_word' id='word_1_309' title='bbox 651 2631 798 2697; x_wconf 89' lang='lat' dir='ltr'><strong>sine,</strong></span> <span class='ocrx_word' id='word_1_310' title='bbox 832 2634 1026 2701; x_wconf 87' lang='lat' dir='ltr'><strong>partim</strong></span> <span class='ocrx_word' id='word_1_311' title='bbox 1057 2637 1342 2703; x_wconf 88' lang='lat' dir='ltr'><strong>qualitate,</strong></span> <span class='ocrx_word' id='word_1_312' title='bbox 1376 2637 1569 2704; x_wconf 88' lang='lat' dir='ltr'><strong>partim</strong></span> <span class='ocrx_word' id='word_1_313' title='bbox 1615 2637 1993 2703; x_wconf 84' lang='lat' dir='ltr'><strong>translatione,</strong></span> 
     </span>
    </p>
   </div>
   <div class='ocr_carea' id='block_1_43' title="bbox 398 2730 1994 2794">
    <p class='ocr_par' dir='ltr' id='par_1_43' title="bbox 398 2730 1994 2794">
     <span class='ocr_line' id='line_1_43' title="bbox 398 2730 1994 2794; baseline 0.007 -23"><span class='ocrx_word' id='word_1_314' title='bbox 398 2733 604 2774; x_wconf 70' lang='lat' dir='ltr'><strong>causa:</strong></span> <span class='ocrx_word' id='word_1_315' title='bbox 629 2736 817 2777; x_wconf 89' lang='lat' dir='ltr'><strong>omnes</strong></span> <span class='ocrx_word' id='word_1_316' title='bbox 857 2734 1128 2791; x_wconf 84' lang='lat' dir='ltr'><strong>tenentur,</strong></span> <span class='ocrx_word' id='word_1_317' title='bbox 1172 2742 1293 2794; x_wconf 88' lang='lat' dir='ltr'><strong>pars</strong></span> <span class='ocrx_word' id='word_1_318' title='bbox 1332 2738 1413 2781; x_wconf 87' lang='lat' dir='ltr'><strong>est</strong></span> <span class='ocrx_word' id='word_1_319' title='bbox 1450 2730 1756 2782; x_wconf 90' lang='lat' dir='ltr'><strong>constitutio</strong></span> <span class='ocrx_word' id='word_1_320' title='bbox 1789 2744 1994 2791; x_wconf 87' lang='lat' dir='ltr'><strong>causae,</strong></span> 
     </span>
    </p>
   </div>
   <div class='ocr_carea' id='block_1_44' title="bbox 424 2810 1995 2889">
    <p class='ocr_par' dir='ltr' id='par_1_44' title="bbox 424 2810 1995 2889">
     <span class='ocr_line' id='line_1_44' title="bbox 424 2810 1995 2889; baseline 0.008 -28"><span class='ocrx_word' id='word_1_321' title='bbox 424 2822 533 2862; x_wconf 88' lang='lat' dir='ltr'><strong>non</strong></span> <span class='ocrx_word' id='word_1_322' title='bbox 585 2810 703 2878; x_wconf 82' lang='lat' dir='ltr'><strong>ejus</strong></span> <span class='ocrx_word' id='word_1_323' title='bbox 752 2828 909 2879; x_wconf 83' lang='lat' dir='ltr'><strong>quam</strong></span> <span class='ocrx_word' id='word_1_324' title='bbox 964 2816 1192 2869; x_wconf 90' lang='lat' dir='ltr'><strong>tenendo</strong></span> <span class='ocrx_word' id='word_1_325' title='bbox 1242 2817 1522 2881; x_wconf 88' lang='lat' dir='ltr'><strong>informat,</strong></span> <span class='ocrx_word' id='word_1_326' title='bbox 1564 2819 1653 2873; x_wconf 82' lang='lat' dir='ltr'><strong>sed</strong></span> <span class='ocrx_word' id='word_1_327' title='bbox 1692 2821 1809 2887; x_wconf 91' lang='lat' dir='ltr'><strong>ejus</strong></span> <span class='ocrx_word' id='word_1_328' title='bbox 1838 2835 1995 2889; x_wconf 85' lang='lat' dir='ltr'><strong>quam</strong></span> 
     </span>
    </p>
   </div>
   <div class='ocr_carea' id='block_1_45' title="bbox 424 2898 1989 2978">
    <p class='ocr_par' dir='ltr' id='par_1_45' title="bbox 424 2898 1989 2978">
     <span class='ocr_line' id='line_1_45' title="bbox 424 2898 1989 2978; baseline 0.008 -26"><span class='ocrx_word' id='word_1_329' title='bbox 424 2898 615 2955; x_wconf 85' lang='lat' dir='ltr'><strong>dividit</strong></span> <span class='ocrx_word' id='word_1_330' title='bbox 662 2904 971 2972; x_wconf 78' lang='lat' dir='ltr'><strong>generalis;</strong></span> <span class='ocrx_word' id='word_1_331' title='bbox 1026 2910 1177 2974; x_wconf 89' lang='lat' dir='ltr'><strong>cujus</strong></span> <span class='ocrx_word' id='word_1_332' title='bbox 1229 2911 1431 2963; x_wconf 83' lang='lat' dir='ltr'><strong>scilicet</strong></span> <span class='ocrx_word' id='word_1_333' title='bbox 1484 2915 1635 2978; x_wconf 82' lang='lat' dir='ltr'><strong>quasi</strong></span> <span class='ocrx_word' id='word_1_334' title='bbox 1692 2910 1989 2964; x_wconf 91' lang='lat' dir='ltr'><strong>membrum</strong></span> 
     </span>
    </p>
   </div>
   <div class='ocr_carea' id='block_1_46' title="bbox 425 2991 1997 3068">
    <p class='ocr_par' dir='ltr' id='par_1_46' title="bbox 425 2991 1997 3068">
     <span class='ocr_line' id='line_1_46' title="bbox 425 2991 1997 3068; baseline 0.008 -25"><span class='ocrx_word' id='word_1_335' title='bbox 425 2991 639 3060; x_wconf 84' lang='lat' dir='ltr'><strong>aliquod</strong></span> <span class='ocrx_word' id='word_1_336' title='bbox 678 2995 963 3050; x_wconf 86' lang='lat' dir='ltr'><strong>abscidens</strong></span> <span class='ocrx_word' id='word_1_337' title='bbox 1005 3012 1159 3051; x_wconf 85' lang='lat' dir='ltr'><strong>suum</strong></span> <span class='ocrx_word' id='word_1_338' title='bbox 1201 2998 1328 3052; x_wconf 87' lang='lat' dir='ltr'><strong>facit</strong></span> <span class='ocrx_word' id='word_1_339' title='bbox 1368 3016 1696 3068; x_wconf 66' lang='lat' dir='ltr'><strong>unaquaeque</strong></span> <span class='ocrx_word' id='word_1_340' title='bbox 1742 3002 1997 3055; x_wconf 85' lang='lat' dir='ltr'><strong>constitu-</strong></span> 
     </span>
    </p>
   </div>
   <div class='ocr_carea' id='block_1_47' title="bbox 429 3085 1996 3162">
    <p class='ocr_par' dir='ltr' id='par_1_47' title="bbox 429 3085 1996 3162">
     <span class='ocr_line' id='line_1_47' title="bbox 429 3085 1996 3162; baseline 0.008 -26"><span class='ocrx_word' id='word_1_341' title='bbox 429 3085 525 3138; x_wconf 90' lang='lat' dir='ltr'><strong>tio.</strong></span> <span class='ocrx_word' id='word_1_342' title='bbox 576 3088 709 3140; x_wconf 81' lang='lat' dir='ltr'><strong>Sunt</strong></span> <span class='ocrx_word' id='word_1_343' title='bbox 760 3089 922 3158; x_wconf 74' lang='lat' dir='ltr'><strong>igitur</strong></span> <span class='ocrx_word' id='word_1_344' title='bbox 973 3101 1149 3159; x_wconf 91' lang='lat' dir='ltr'><strong>partes</strong></span> <span class='ocrx_word' id='word_1_345' title='bbox 1189 3105 1246 3146; x_wconf 91' lang='lat' dir='ltr'><strong>ut</strong></span> <span class='ocrx_word' id='word_1_346' title='bbox 1282 3096 1487 3162; x_wconf 86' lang='lat' dir='ltr'><strong>species</strong></span> <span class='ocrx_word' id='word_1_347' title='bbox 1529 3110 1705 3149; x_wconf 63' lang='lat' dir='ltr'><strong>causae</strong></span> <span class='ocrx_word' id='word_1_348' title='bbox 1743 3097 1996 3150; x_wconf 86' lang='lat' dir='ltr'><strong>constitu-</strong></span> 
     </span>
    </p>
   </div>
   <div class='ocr_carea' id='block_1_48' title="bbox 2101 1895 2729 1962">
    <p class='ocr_par' dir='ltr' id='par_1_48' title="bbox 2101 1895 2729 1962">
     <span class='ocr_line' id='line_1_48' title="bbox 2101 1895 2729 1962; baseline -0.002 -13"><span class='ocrx_word' id='word_1_349' title='bbox 2101 1896 2214 1949; x_wconf 87' lang='lat' dir='ltr'><strong>suis</strong></span> <span class='ocrx_word' id='word_1_350' title='bbox 2242 1895 2479 1962; x_wconf 89' lang='lat' dir='ltr'><strong>partibus</strong></span> <span class='ocrx_word' id='word_1_351' title='bbox 2514 1896 2729 1949; x_wconf 88' lang='lat' dir='ltr'><strong>transit.</strong></span> 
     </span>
    </p>
   </div>
   <div class='ocr_carea' id='block_1_49' title="bbox 2176 1985 3678 2069">
    <p class='ocr_par' dir='ltr' id='par_1_49' title="bbox 2176 1985 3678 2069">
     <span class='ocr_line' id='line_1_49' title="bbox 2176 1985 3678 2069; baseline 0.003 -31"><span class='ocrx_word' id='word_1_352' title='bbox 2176 1986 2263 2038; x_wconf 78' lang='grc'><strong>15.</strong></span> <span class='ocrx_word' id='word_1_353' title='bbox 2297 1985 2402 2038; x_wconf 90' lang='lat' dir='ltr'><strong>Sed</strong></span> <span class='ocrx_word' id='word_1_354' title='bbox 2432 2000 2551 2038; x_wconf 93' lang='lat' dir='ltr'><strong>cum</strong></span> <span class='ocrx_word' id='word_1_355' title='bbox 2593 1986 2801 2051; x_wconf 84' lang='lat' dir='ltr'><strong>species</strong></span> <span class='ocrx_word' id='word_1_356' title='bbox 2832 1987 2885 2039; x_wconf 92' lang='lat' dir='ltr'><strong>in</strong></span> <span class='ocrx_word' id='word_1_357' title='bbox 2916 1986 3192 2039; x_wconf 88' lang='lat' dir='ltr'><strong>materiam</strong></span> <span class='ocrx_word' id='word_1_358' title='bbox 3224 1987 3489 2054; x_wconf 86' lang='lat' dir='ltr'><strong>venerint,</strong></span> <span class='ocrx_word' id='word_1_359' title='bbox 3519 1989 3578 2069; x_wconf 63' lang='lat' dir='ltr'><strong>id</strong></span> <span class='ocrx_word' id='word_1_360' title='bbox 3595 1998 3678 2044; x_wconf 87' lang='lat' dir='ltr'><strong>est</strong></span> 
     </span>
    </p>
   </div>
   <div class='ocr_carea' id='block_1_50' title="bbox 2100 2078 3676 2146">
    <p class='ocr_par' dir='ltr' id='par_1_50' title="bbox 2100 2078 3676 2146">
     <span class='ocr_line' id='line_1_50' title="bbox 2100 2078 3676 2146; baseline 0.002 -15"><span class='ocrx_word' id='word_1_361' title='bbox 2100 2079 2154 2131; x_wconf 91' lang='lat' dir='ltr'><strong>in</strong></span> <span class='ocrx_word' id='word_1_362' title='bbox 2194 2078 2401 2131; x_wconf 89' lang='lat' dir='ltr'><strong>civilem</strong></span> <span class='ocrx_word' id='word_1_363' title='bbox 2441 2078 2808 2146; x_wconf 58' lang='lat' dir='ltr'><strong>quastionem,</strong></span> <span class='ocrx_word' id='word_1_364' title='bbox 2856 2088 2908 2132; x_wconf 91' lang='lat' dir='ltr'><strong>et</strong></span> <span class='ocrx_word' id='word_1_365' title='bbox 2950 2093 3066 2132; x_wconf 88' lang='lat' dir='ltr'><strong>eam</strong></span> <span class='ocrx_word' id='word_1_366' title='bbox 3108 2093 3227 2133; x_wconf 91' lang='lat' dir='ltr'><strong>cum</strong></span> <span class='ocrx_word' id='word_1_367' title='bbox 3268 2080 3382 2133; x_wconf 88' lang='lat' dir='ltr'><strong>suis</strong></span> <span class='ocrx_word' id='word_1_368' title='bbox 3426 2081 3676 2135; x_wconf 89' lang='lat' dir='ltr'><strong>obtinue-</strong></span> 
     </span>
    </p>
   </div>
   <div class='ocr_carea' id='block_1_51' title="bbox 2099 2166 3675 2237">
    <p class='ocr_par' dir='ltr' id='par_1_51' title="bbox 2099 2166 3675 2237">
     <span class='ocr_line' id='line_1_51' title="bbox 2099 2166 3675 2237; baseline 0.003 -17"><span class='ocrx_word' id='word_1_369' title='bbox 2099 2167 2208 2220; x_wconf 89' lang='lat' dir='ltr'><strong>rint</strong></span> <span class='ocrx_word' id='word_1_370' title='bbox 2238 2166 2495 2233; x_wconf 68' lang='lat' dir='ltr'><strong>partibus,</strong></span> <span class='ocrx_word' id='word_1_371' title='bbox 2521 2166 2754 2221; x_wconf 91' lang='lat' dir='ltr'><strong>inferunt</strong></span> <span class='ocrx_word' id='word_1_372' title='bbox 2780 2182 2961 2221; x_wconf 89' lang='lat' dir='ltr'><strong>secum</strong></span> <span class='ocrx_word' id='word_1_373' title='bbox 2987 2170 3146 2221; x_wconf 80' lang='lat' dir='ltr'><strong>etiam</strong></span> <span class='ocrx_word' id='word_1_374' title='bbox 3190 2170 3356 2237; x_wconf 91' lang='lat' dir='ltr'><strong>ipsam</strong></span> <span class='ocrx_word' id='word_1_375' title='bbox 3394 2169 3675 2225; x_wconf 67' lang='lat' dir='ltr'><strong>rhetorica:</strong></span> 
     </span>
    </p>
   </div>
   <div class='ocr_carea' id='block_1_52' title="bbox 2102 2257 3677 2327">
    <p class='ocr_par' dir='ltr' id='par_1_52' title="bbox 2102 2257 3677 2327">
     <span class='ocr_line' id='line_1_52' title="bbox 2102 2257 3677 2327; baseline 0.003 -16"><span class='ocrx_word' id='word_1_376' title='bbox 2102 2257 2633 2327; x_wconf 78' lang='lat' dir='ltr'><strong>facultatemzquare</strong></span> <span class='ocrx_word' id='word_1_377' title='bbox 2675 2258 2835 2311; x_wconf 90' lang='lat' dir='ltr'><strong>etiam</strong></span> <span class='ocrx_word' id='word_1_378' title='bbox 2890 2258 3171 2312; x_wconf 66' lang='lat' dir='ltr'><strong>rhetorica:</strong></span> <span class='ocrx_word' id='word_1_379' title='bbox 3217 2268 3416 2326; x_wconf 88' lang='lat' dir='ltr'><strong>partes.</strong></span> <span class='ocrx_word' id='word_1_380' title='bbox 3468 2260 3522 2313; x_wconf 92' lang='lat' dir='ltr'><strong>ln</strong></span> <span class='ocrx_word' id='word_1_381' title='bbox 3566 2262 3677 2315; x_wconf 83' lang='lat' dir='ltr'><strong>sin-</strong></span> 
     </span>
    </p>
   </div>
   <div class='ocr_carea' id='block_1_53' title="bbox 2098 2348 3671 2418">
    <p class='ocr_par' dir='ltr' id='par_1_53' title="bbox 2098 2348 3671 2418">
     <span class='ocr_line' id='line_1_53' title="bbox 2098 2348 3671 2418; baseline 0.002 -16"><span class='ocrx_word' id='word_1_382' title='bbox 2098 2348 2235 2417; x_wconf 88' lang='lat' dir='ltr'><strong>gulis</strong></span> <span class='ocrx_word' id='word_1_383' title='bbox 2270 2363 2400 2417; x_wconf 81' lang='lat' dir='ltr'><strong>ergo</strong></span> <span class='ocrx_word' id='word_1_384' title='bbox 2439 2348 2906 2402; x_wconf 80' lang='lat' dir='ltr'><strong>constitutionibus</strong></span> <span class='ocrx_word' id='word_1_385' title='bbox 2945 2360 3103 2403; x_wconf 86' lang='lat' dir='ltr'><strong>erunt</strong></span> <span class='ocrx_word' id='word_1_386' title='bbox 3143 2350 3425 2405; x_wconf 69' lang='lat' dir='ltr'><strong>rhetorica:</strong></span> <span class='ocrx_word' id='word_1_387' title='bbox 3469 2360 3671 2418; x_wconf 88' lang='lat' dir='ltr'><strong>partes.</strong></span> 
     </span>
    </p>
   </div>
   <div class='ocr_carea' id='block_1_54' title="bbox 2097 2438 3673 2496">
    <p class='ocr_par' dir='ltr' id='par_1_54' title="bbox 2097 2438 3673 2496">
     <span class='ocr_line' id='line_1_54' title="bbox 2097 2438 3673 2496; baseline 0.001 -2"><span class='ocrx_word' id='word_1_388' title='bbox 2097 2439 2204 2494; x_wconf 88' lang='lat' dir='ltr'><strong>Sed</strong></span> <span class='ocrx_word' id='word_1_389' title='bbox 2242 2440 2383 2493; x_wconf 86' lang='lat' dir='ltr'><strong>illata</strong></span> <span class='ocrx_word' id='word_1_390' title='bbox 2408 2438 2629 2493; x_wconf 81' lang='lat' dir='ltr'><strong>materia</strong></span> <span class='ocrx_word' id='word_1_391' title='bbox 2660 2438 2923 2493; x_wconf 86' lang='lat' dir='ltr'><strong>rhetorica</strong></span> <span class='ocrx_word' id='word_1_392' title='bbox 2962 2440 3121 2494; x_wconf 91' lang='lat' dir='ltr'><strong>infert</strong></span> <span class='ocrx_word' id='word_1_393' title='bbox 3143 2454 3327 2494; x_wconf 89' lang='lat' dir='ltr'><strong>secum</strong></span> <span class='ocrx_word' id='word_1_394' title='bbox 3352 2442 3673 2496; x_wconf 86' lang='lat' dir='ltr'><strong>instrumen-</strong></span> 
     </span>
    </p>
   </div>
   <div class='ocr_carea' id='block_1_55' title="bbox 2098 2527 3673 2608">
    <p class='ocr_par' dir='ltr' id='par_1_55' title="bbox 2098 2527 3673 2608">
     <span class='ocr_line' id='line_1_55' title="bbox 2098 2527 3673 2608; baseline 0.002 -27"><span class='ocrx_word' id='word_1_395' title='bbox 2098 2536 2211 2582; x_wconf 88' lang='lat' dir='ltr'><strong>tum</strong></span> <span class='ocrx_word' id='word_1_396' title='bbox 2262 2543 2438 2582; x_wconf 85' lang='lat' dir='ltr'><strong>suum.</strong></span> <span class='ocrx_word' id='word_1_397' title='bbox 2469 2527 2630 2582; x_wconf 91' lang='lat' dir='ltr'><strong>Infert</strong></span> <span class='ocrx_word' id='word_1_398' title='bbox 2672 2529 2828 2596; x_wconf 90' lang='lat' dir='ltr'><strong>igitur</strong></span> <span class='ocrx_word' id='word_1_399' title='bbox 2878 2543 3057 2581; x_wconf 88' lang='lat' dir='ltr'><strong>secum</strong></span> <span class='ocrx_word' id='word_1_400' title='bbox 3104 2530 3433 2608; x_wconf 74' lang='lat' dir='ltr'><strong>orationem,</strong></span> <span class='ocrx_word' id='word_1_401' title='bbox 3464 2540 3519 2584; x_wconf 92' lang='lat' dir='ltr'><strong>et</strong></span> <span class='ocrx_word' id='word_1_402' title='bbox 3558 2531 3673 2585; x_wconf 61' lang='lat' dir='ltr'><strong>haec</strong></span> 
     </span>
    </p>
   </div>
   <div class='ocr_carea' id='block_1_56' title="bbox 2101 2619 3675 2689">
    <p class='ocr_par' dir='ltr' id='par_1_56' title="bbox 2101 2619 3675 2689">
     <span class='ocr_line' id='line_1_56' title="bbox 2101 2619 3675 2689; baseline 0.002 -17"><span class='ocrx_word' id='word_1_403' title='bbox 2101 2619 2351 2687; x_wconf 78' lang='lat' dir='ltr'><strong>proprias</strong></span> <span class='ocrx_word' id='word_1_404' title='bbox 2405 2630 2624 2687; x_wconf 81' lang='lat' dir='ltr'><strong>partes:</strong></span> <span class='ocrx_word' id='word_1_405' title='bbox 2655 2620 2864 2689; x_wconf 81' lang='lat' dir='ltr'><strong>eritque</strong></span> <span class='ocrx_word' id='word_1_406' title='bbox 2910 2621 2961 2672; x_wconf 87' lang='lat' dir='ltr'><strong>in</strong></span> <span class='ocrx_word' id='word_1_407' title='bbox 3002 2621 3471 2676; x_wconf 81' lang='lat' dir='ltr'><strong>constitutionibus</strong></span> <span class='ocrx_word' id='word_1_408' title='bbox 3518 2637 3675 2677; x_wconf 82' lang='lat' dir='ltr'><strong>exor-</strong></span> 
     </span>
    </p>
   </div>
   <div class='ocr_carea' id='block_1_57' title="bbox 2100 2709 3672 2768">
    <p class='ocr_par' dir='ltr' id='par_1_57' title="bbox 2100 2709 3672 2768">
     <span class='ocr_line' id='line_1_57' title="bbox 2100 2709 3672 2768; baseline 0.003 -5"><span class='ocrx_word' id='word_1_409' title='bbox 2100 2709 2244 2763; x_wconf 92' lang='lat' dir='ltr'><strong>dium</strong></span> <span class='ocrx_word' id='word_1_410' title='bbox 2274 2719 2327 2763; x_wconf 90' lang='lat' dir='ltr'><strong>et</strong></span> <span class='ocrx_word' id='word_1_411' title='bbox 2357 2710 2593 2763; x_wconf 86' lang='lat' dir='ltr'><strong>narratio</strong></span> <span class='ocrx_word' id='word_1_412' title='bbox 2618 2719 2672 2764; x_wconf 79' lang='lat' dir='ltr'><strong>et</strong></span> <span class='ocrx_word' id='word_1_413' title='bbox 2699 2721 2917 2765; x_wconf 64' lang='lat' dir='ltr'><strong>caetera.</strong></span> <span class='ocrx_word' id='word_1_414' title='bbox 2954 2711 3059 2766; x_wconf 87' lang='lat' dir='ltr'><strong>Sed</strong></span> <span class='ocrx_word' id='word_1_415' title='bbox 3105 2726 3225 2765; x_wconf 92' lang='lat' dir='ltr'><strong>cum</strong></span> <span class='ocrx_word' id='word_1_416' title='bbox 3259 2711 3672 2768; x_wconf 89' lang='lat' dir='ltr'><strong>instrumentum</strong></span> 
     </span>
    </p>
   </div>
   <div class='ocr_carea' id='block_1_58' title="bbox 2100 2798 3674 2870">
    <p class='ocr_par' dir='ltr' id='par_1_58' title="bbox 2100 2798 3674 2870">
     <span class='ocr_line' id='line_1_58' title="bbox 2100 2798 3674 2870; baseline 0.002 -19"><span class='ocrx_word' id='word_1_417' title='bbox 2100 2798 2309 2853; x_wconf 89' lang='lat' dir='ltr'><strong>venerit</strong></span> <span class='ocrx_word' id='word_1_418' title='bbox 2330 2799 2382 2851; x_wconf 92' lang='lat' dir='ltr'><strong>in</strong></span> <span class='ocrx_word' id='word_1_419' title='bbox 2404 2799 2618 2853; x_wconf 85' lang='lat' dir='ltr'><strong>civilem</strong></span> <span class='ocrx_word' id='word_1_420' title='bbox 2645 2800 3018 2867; x_wconf 61' lang='lat' dir='ltr'><strong>quaestionem.</strong></span> <span class='ocrx_word' id='word_1_421' title='bbox 3038 2815 3259 2869; x_wconf 82' lang='lat' dir='ltr'><strong>operam</strong></span> <span class='ocrx_word' id='word_1_422' title='bbox 3290 2817 3498 2870; x_wconf 90' lang='lat' dir='ltr'><strong>quoque</strong></span> <span class='ocrx_word' id='word_1_423' title='bbox 3523 2817 3674 2855; x_wconf 90' lang='lat' dir='ltr'><strong>suam</strong></span> 
     </span>
    </p>
   </div>
   <div class='ocr_carea' id='block_1_59' title="bbox 2101 2890 3675 2961">
    <p class='ocr_par' dir='ltr' id='par_1_59' title="bbox 2101 2890 3675 2961">
     <span class='ocr_line' id='line_1_59' title="bbox 2101 2890 3675 2961; baseline 0.001 -16"><span class='ocrx_word' id='word_1_424' title='bbox 2101 2892 2258 2945; x_wconf 88' lang='lat' dir='ltr'><strong>simul</strong></span> <span class='ocrx_word' id='word_1_425' title='bbox 2300 2890 2482 2945; x_wconf 85' lang='lat' dir='ltr'><strong>infert.</strong></span> <span class='ocrx_word' id='word_1_426' title='bbox 2538 2890 2606 2945; x_wconf 79' lang='lat' dir='ltr'><strong>Et</strong></span> <span class='ocrx_word' id='word_1_427' title='bbox 2647 2892 2864 2947; x_wconf 83' lang='lat' dir='ltr'><strong>docebit</strong></span> <span class='ocrx_word' id='word_1_428' title='bbox 2903 2892 3064 2961; x_wconf 82' lang='lat' dir='ltr'><strong>igitur</strong></span> <span class='ocrx_word' id='word_1_429' title='bbox 3113 2907 3177 2946; x_wconf 88' lang='lat' dir='ltr'><strong>ac</strong></span> <span class='ocrx_word' id='word_1_430' title='bbox 3232 2893 3575 2961; x_wconf 87' lang='lat' dir='ltr'><strong>persuadebit</strong></span> <span class='ocrx_word' id='word_1_431' title='bbox 3620 2894 3675 2947; x_wconf 89' lang='lat' dir='ltr'><strong>in</strong></span> 
     </span>
    </p>
   </div>
   <div class='ocr_carea' id='block_1_60' title="bbox 2099 2983 3677 3054">
    <p class='ocr_par' dir='ltr' id='par_1_60' title="bbox 2099 2983 3677 3054">
     <span class='ocr_line' id='line_1_60' title="bbox 2099 2983 3677 3054; baseline 0.004 -18"><span class='ocrx_word' id='word_1_432' title='bbox 2099 2983 2247 3037; x_wconf 85' lang='lat' dir='ltr'><strong>omni</strong></span> <span class='ocrx_word' id='word_1_433' title='bbox 2290 2984 2692 3039; x_wconf 88' lang='lat' dir='ltr'><strong>constitutione.</strong></span> <span class='ocrx_word' id='word_1_434' title='bbox 2755 2985 2859 3038; x_wconf 88' lang='lat' dir='ltr'><strong>Sed</strong></span> <span class='ocrx_word' id='word_1_435' title='bbox 2913 2985 3026 3038; x_wconf 84' lang='lat' dir='ltr'><strong>haec</strong></span> <span class='ocrx_word' id='word_1_436' title='bbox 3077 3000 3173 3054; x_wconf 90' lang='lat' dir='ltr'><strong>per</strong></span> <span class='ocrx_word' id='word_1_437' title='bbox 3220 3000 3281 3039; x_wconf 91' lang='lat' dir='ltr'><strong>se</strong></span> <span class='ocrx_word' id='word_1_438' title='bbox 3337 2987 3523 3041; x_wconf 90' lang='lat' dir='ltr'><strong>venire</strong></span> <span class='ocrx_word' id='word_1_439' title='bbox 3570 3002 3677 3042; x_wconf 89' lang='lat' dir='ltr'><strong>non</strong></span> 
     </span>
    </p>
   </div>
   <div class='ocr_carea' id='block_1_61' title="bbox 2102 3076 3675 3145">
    <p class='ocr_par' dir='ltr' id='par_1_61' title="bbox 2102 3076 3675 3145">
     <span class='ocr_line' id='line_1_61' title="bbox 2102 3076 3675 3145; baseline 0.002 -16"><span class='ocrx_word' id='word_1_440' title='bbox 2102 3085 2372 3144; x_wconf 88' lang='lat' dir='ltr'><strong>poterunt,</strong></span> <span class='ocrx_word' id='word_1_441' title='bbox 2414 3076 2515 3129; x_wconf 90' lang='lat' dir='ltr'><strong>nisi</strong></span> <span class='ocrx_word' id='word_1_442' title='bbox 2557 3076 2629 3129; x_wconf 90' lang='lat' dir='ltr'><strong>sit</strong></span> <span class='ocrx_word' id='word_1_443' title='bbox 2667 3076 2712 3130; x_wconf 90' lang='lat' dir='ltr'><strong>is</strong></span> <span class='ocrx_word' id='word_1_444' title='bbox 2749 3078 2840 3145; x_wconf 94' lang='lat' dir='ltr'><strong>qui</strong></span> <span class='ocrx_word' id='word_1_445' title='bbox 2871 3076 2985 3129; x_wconf 67' lang='lat' dir='ltr'><strong>haec</strong></span> <span class='ocrx_word' id='word_1_446' title='bbox 3030 3084 3265 3138; x_wconf 90' lang='lat' dir='ltr'><strong>moveat,</strong></span> <span class='ocrx_word' id='word_1_447' title='bbox 3300 3076 3445 3131; x_wconf 89' lang='lat' dir='ltr'><strong>velut</strong></span> <span class='ocrx_word' id='word_1_448' title='bbox 3482 3077 3675 3132; x_wconf 80' lang='lat' dir='ltr'><strong>artifex</strong></span> 
     </span>
    </p>
   </div>
   <div class='ocr_carea' id='block_1_62' title="bbox 428 3165 3675 3257">
    <p class='ocr_par' dir='ltr' id='par_1_62' title="bbox 428 3165 3675 3257">
     <span class='ocr_line' id='line_1_62' title="bbox 428 3165 3675 3257; baseline 0.002 -41"><span class='ocrx_word' id='word_1_449' title='bbox 428 3176 604 3231; x_wconf 68' lang='grc' dir='ltr'><strong>ιεοηεε</strong></span> <span class='ocrx_word' id='word_1_450' title='bbox 652 3180 959 3249; x_wconf 54' lang='lat' dir='ltr'><strong>generalis,</strong></span> <span class='ocrx_word' id='word_1_451' title='bbox 1008 3198 1116 3237; x_wconf 63' lang='lat' dir='ltr'><strong>non</strong></span> <span class='ocrx_word' id='word_1_452' title='bbox 1172 3184 1290 3252; x_wconf 64' lang='lat' dir='ltr'><strong>eius</strong></span> <span class='ocrx_word' id='word_1_453' title='bbox 1334 3201 1490 3254; x_wconf 64' lang='lat' dir='ltr'><strong>quam</strong></span> <span class='ocrx_word' id='word_1_454' title='bbox 1538 3200 1869 3257; x_wconf 49' lang='lat' dir='ltr'><strong>unaquaque</strong></span> <span class='ocrx_word' id='word_1_455' title='bbox 1921 3182 2070 3245; x_wconf 61' lang='lat' dir='ltr'><strong>te_C</strong></span> <span class='ocrx_word' id='word_1_456' title='bbox 2101 3175 2261 3234; x_wconf 89' lang='lat' dir='ltr'><strong>atque</strong></span> <span class='ocrx_word' id='word_1_457' title='bbox 2311 3165 2656 3219; x_wconf 87' lang='lat' dir='ltr'><strong>architectus.</strong></span> <span class='ocrx_word' id='word_1_458' title='bbox 2700 3166 2799 3219; x_wconf 83' lang='lat' dir='ltr'><strong>Hic</strong></span> <span class='ocrx_word' id='word_1_459' title='bbox 2838 3177 3014 3220; x_wconf 87' lang='lat' dir='ltr'><strong>autem</strong></span> <span class='ocrx_word' id='word_1_460' title='bbox 3055 3175 3139 3219; x_wconf 87' lang='lat' dir='ltr'><strong>est</strong></span> <span class='ocrx_word' id='word_1_461' title='bbox 3183 3174 3385 3228; x_wconf 87' lang='lat' dir='ltr'><strong>orator,</strong></span> <span class='ocrx_word' id='word_1_462' title='bbox 3415 3168 3504 3235; x_wconf 93' lang='lat' dir='ltr'><strong>qui</strong></span> <span class='ocrx_word' id='word_1_463' title='bbox 3552 3181 3675 3222; x_wconf 89' lang='lat' dir='ltr'><strong>cum</strong></span> 
     </span>
    </p>
   </div>
   <div class='ocr_carea' id='block_1_63' title="bbox 427 3276 982 3332">
    <p class='ocr_par' dir='ltr' id='par_1_63' title="bbox 427 3276 982 3332">
     <span class='ocr_line' id='line_1_63' title="bbox 427 3276 982 3332; baseline 0.007 -5"><span class='ocrx_word' id='word_1_464' title='bbox 427 3282 563 3329; x_wconf 78' lang='lat' dir='ltr'><strong>heus</strong></span> <span class='ocrx_word' id='word_1_465' title='bbox 593 3276 982 3332; x_wconf 79' lang='lat' dir='ltr'><strong>informaveiit.</strong></span> 
     </span>
    </p>
   </div>
   <div class='ocr_carea' id='block_1_64' title="bbox 500 3367 1996 3439">
    <p class='ocr_par' dir='ltr' id='par_1_64' title="bbox 500 3367 1996 3439">
     <span class='ocr_line' id='line_1_64' title="bbox 500 3367 1996 3439; baseline 0.007 -20"><span class='ocrx_word' id='word_1_466' title='bbox 500 3367 585 3420; x_wconf 78' lang='lat' dir='ltr'><strong>ﬂ.</strong></span> <span class='ocrx_word' id='word_1_467' title='bbox 614 3367 790 3434; x_wconf 83' lang='lat' dir='ltr'><strong>Quare</strong></span> <span class='ocrx_word' id='word_1_468' title='bbox 819 3379 901 3423; x_wconf 83' lang='lat' dir='ltr'><strong>est</strong></span> <span class='ocrx_word' id='word_1_469' title='bbox 925 3385 1091 3439; x_wconf 88' lang='lat' dir='ltr'><strong>genus</strong></span> <span class='ocrx_word' id='word_1_470' title='bbox 1121 3372 1400 3426; x_wconf 68' lang='lat' dir='ltr'><strong>rhetoricae</strong></span> <span class='ocrx_word' id='word_1_471' title='bbox 1431 3372 1672 3428; x_wconf 81' lang='lat' dir='ltr'><strong>facultas.</strong></span> <span class='ocrx_word' id='word_1_472' title='bbox 1702 3373 1996 3429; x_wconf 63' lang='lat' dir='ltr'><strong>Rhetorica:</strong></span> 
     </span>
    </p>
   </div>
   <div class='ocr_carea' id='block_1_65' title="bbox 426 3458 1997 3529">
    <p class='ocr_par' dir='ltr' id='par_1_65' title="bbox 426 3458 1997 3529">
     <span class='ocr_line' id='line_1_65' title="bbox 426 3458 1997 3529; baseline 0.006 -20"><span class='ocrx_word' id='word_1_473' title='bbox 426 3469 555 3510; x_wconf 80' lang='lat' dir='ltr'><strong>vero</strong></span> <span class='ocrx_word' id='word_1_474' title='bbox 584 3458 790 3525; x_wconf 79' lang='lat' dir='ltr'><strong>Species</strong></span> <span class='ocrx_word' id='word_1_475' title='bbox 818 3468 927 3513; x_wconf 88' lang='lat' dir='ltr'><strong>tres</strong></span> <span class='ocrx_word' id='word_1_476' title='bbox 959 3470 983 3496; x_wconf 76' lang='grc' dir='ltr'>ι</span> <span class='ocrx_word' id='word_1_477' title='bbox 1005 3502 1019 3525; x_wconf 89' lang='grc'><em>,</em></span> <span class='ocrx_word' id='word_1_478' title='bbox 1048 3461 1346 3528; x_wconf 87' lang='lat' dir='ltr'><strong>judicialis,</strong></span> <span class='ocrx_word' id='word_1_479' title='bbox 1382 3463 1828 3529; x_wconf 88' lang='lat' dir='ltr'><strong>demonstrativa,</strong></span> <span class='ocrx_word' id='word_1_480' title='bbox 1860 3465 1997 3519; x_wconf 87' lang='lat' dir='ltr'><strong>deli-</strong></span> 
     </span>
    </p>
   </div>
   <div class='ocr_carea' id='block_1_66' title="bbox 426 3549 1995 3624">
    <p class='ocr_par' dir='ltr' id='par_1_66' title="bbox 426 3549 1995 3624">
     <span class='ocr_line' id='line_1_66' title="bbox 426 3549 1995 3624; baseline 0.004 -21"><span class='ocrx_word' id='word_1_481' title='bbox 426 3549 684 3604; x_wconf 83' lang='lat' dir='ltr'><strong>berativa.</strong></span> <span class='ocrx_word' id='word_1_482' title='bbox 712 3550 926 3605; x_wconf 75' lang='lat' dir='ltr'><strong>Materia</strong></span> <span class='ocrx_word' id='word_1_483' title='bbox 963 3565 1138 3607; x_wconf 86' lang='lat' dir='ltr'><strong>autem</strong></span> <span class='ocrx_word' id='word_1_484' title='bbox 1166 3555 1338 3608; x_wconf 89' lang='lat' dir='ltr'><strong>civilis</strong></span> <span class='ocrx_word' id='word_1_485' title='bbox 1364 3554 1586 3623; x_wconf 63' lang='lat' dir='ltr'><strong>quaestio</strong></span> <span class='ocrx_word' id='word_1_486' title='bbox 1609 3596 1622 3620; x_wconf 96' lang='lat'><strong>,</strong></span> <span class='ocrx_word' id='word_1_487' title='bbox 1655 3571 1773 3624; x_wconf 72' lang='lat' dir='ltr'><strong>quae</strong></span> <span class='ocrx_word' id='word_1_488' title='bbox 1800 3557 1995 3609; x_wconf 88' lang='lat' dir='ltr'><strong>dicitur</strong></span> 
     </span>
    </p>
   </div>
   <div class='ocr_carea' id='block_1_67' title="bbox 426 3643 1998 3713">
    <p class='ocr_par' dir='ltr' id='par_1_67' title="bbox 426 3643 1998 3713">
     <span class='ocr_line' id='line_1_67' title="bbox 426 3643 1998 3713; baseline 0.004 -18"><span class='ocrx_word' id='word_1_489' title='bbox 426 3656 605 3695; x_wconf 81' lang='lat' dir='ltr'><strong>causa.</strong></span> <span class='ocrx_word' id='word_1_490' title='bbox 636 3643 822 3697; x_wconf 85' lang='lat' dir='ltr'><strong>Partes</strong></span> <span class='ocrx_word' id='word_1_491' title='bbox 863 3644 1021 3713; x_wconf 92' lang='lat' dir='ltr'><strong>hujus</strong></span> <span class='ocrx_word' id='word_1_492' title='bbox 1049 3646 1284 3699; x_wconf 69' lang='lat' dir='ltr'><strong>materiae</strong></span> <span class='ocrx_word' id='word_1_493' title='bbox 1327 3647 1756 3701; x_wconf 84' lang='lat' dir='ltr'><strong>constitutiones.</strong></span> <span class='ocrx_word' id='word_1_494' title='bbox 1800 3646 1998 3701; x_wconf 83' lang='lat' dir='ltr'><strong>Rheto-</strong></span> 
     </span>
    </p>
   </div>
   <div class='ocr_carea' id='block_1_68' title="bbox 402 3732 1994 3808">
    <p class='ocr_par' dir='ltr' id='par_1_68' title="bbox 402 3732 1994 3808">
     <span class='ocr_line' id='line_1_68' title="bbox 402 3732 1994 3808; baseline 0.005 -23"><span class='ocrx_word' id='word_1_495' title='bbox 402 3732 553 3785; x_wconf 73' lang='lat' dir='ltr'><strong>rica:</strong></span> <span class='ocrx_word' id='word_1_496' title='bbox 582 3746 781 3801; x_wconf 87' lang='lat' dir='ltr'><strong>partes,</strong></span> <span class='ocrx_word' id='word_1_497' title='bbox 814 3736 1071 3801; x_wconf 85' lang='lat' dir='ltr'><strong>inventio,</strong></span> <span class='ocrx_word' id='word_1_498' title='bbox 1102 3738 1401 3808; x_wconf 89' lang='lat' dir='ltr'><strong>dispositio,</strong></span> <span class='ocrx_word' id='word_1_499' title='bbox 1432 3741 1683 3805; x_wconf 89' lang='lat' dir='ltr'><strong>elocutio,</strong></span> <span class='ocrx_word' id='word_1_500' title='bbox 1715 3741 1994 3808; x_wconf 80' lang='lat' dir='ltr'><strong>memoria,</strong></span> 
     </span>
    </p>
   </div>
   <div class='ocr_carea' id='block_1_69' title="bbox 427 3820 1997 3900">
    <p class='ocr_par' dir='ltr' id='par_1_69' title="bbox 427 3820 1997 3900">
     <span class='ocr_line' id='line_1_69' title="bbox 427 3820 1997 3900; baseline 0.005 -23"><span class='ocrx_word' id='word_1_501' title='bbox 427 3826 588 3878; x_wconf 80' lang='lat' dir='ltr'><strong>actio.</strong></span> <span class='ocrx_word' id='word_1_502' title='bbox 641 3825 1092 3895; x_wconf 85' lang='lat' dir='ltr'><strong>lnstrumentum,</strong></span> <span class='ocrx_word' id='word_1_503' title='bbox 1139 3832 1332 3885; x_wconf 87' lang='lat' dir='ltr'><strong>oratio.</strong></span> <span class='ocrx_word' id='word_1_504' title='bbox 1386 3820 1735 3886; x_wconf 83' lang='lat' dir='ltr'><strong>Instrumenti</strong></span> <span class='ocrx_word' id='word_1_505' title='bbox 1787 3842 1997 3900; x_wconf 90' lang='lat' dir='ltr'><strong>partes,</strong></span> 
     </span>
    </p>
   </div>
   <div class='ocr_carea' id='block_1_70' title="bbox 360 3915 2005 3992">
    <p class='ocr_par' dir='ltr' id='par_1_70' title="bbox 360 3915 2005 3992">
     <span class='ocr_line' id='line_1_70' title="bbox 360 3915 2005 3992; baseline 0.008 -26"><span class='ocrx_word' id='word_1_506' title='bbox 360 3936 361 3939; x_wconf 50' lang='grc' dir='ltr'><strong>η</strong></span> <span class='ocrx_word' id='word_1_507' title='bbox 428 3915 739 3979; x_wconf 76' lang='lat' dir='ltr'><strong>exordium,</strong></span> <span class='ocrx_word' id='word_1_508' title='bbox 793 3922 1059 3982; x_wconf 89' lang='lat' dir='ltr'><strong>narratio,</strong></span> <span class='ocrx_word' id='word_1_509' title='bbox 1112 3923 1360 3988; x_wconf 88' lang='lat' dir='ltr'><strong>partitio,</strong></span> <span class='ocrx_word' id='word_1_510' title='bbox 1408 3924 1775 3987; x_wconf 87' lang='lat' dir='ltr'><strong>confirmatio,</strong></span> <span class='ocrx_word' id='word_1_511' title='bbox 1825 3940 2005 3992; x_wconf 89' lang='lat' dir='ltr'><strong>repre-</strong></span> 
     </span>
    </p>
   </div>
   <div class='ocr_carea' id='block_1_71' title="bbox 430 4005 1997 4080">
    <p class='ocr_par' dir='ltr' id='par_1_71' title="bbox 430 4005 1997 4080">
     <span class='ocr_line' id='line_1_71' title="bbox 430 4005 1997 4080; baseline 0.007 -21"><span class='ocrx_word' id='word_1_512' title='bbox 430 4005 619 4061; x_wconf 88' lang='lat' dir='ltr'><strong>hensio</strong></span> <span class='ocrx_word' id='word_1_513' title='bbox 638 4051 653 4075; x_wconf 92' lang='lat'><strong>,</strong></span> <span class='ocrx_word' id='word_1_514' title='bbox 687 4013 973 4074; x_wconf 87' lang='lat' dir='ltr'><strong>peroratio.</strong></span> <span class='ocrx_word' id='word_1_515' title='bbox 1004 4012 1210 4080; x_wconf 90' lang='lat' dir='ltr'><strong>Opera,</strong></span> <span class='ocrx_word' id='word_1_516' title='bbox 1243 4015 1440 4069; x_wconf 89' lang='lat' dir='ltr'><strong>docere</strong></span> <span class='ocrx_word' id='word_1_517' title='bbox 1466 4026 1521 4070; x_wconf 88' lang='lat' dir='ltr'><strong>et</strong></span> <span class='ocrx_word' id='word_1_518' title='bbox 1550 4030 1785 4069; x_wconf 88' lang='lat' dir='ltr'><strong>movere.</strong></span> <span class='ocrx_word' id='word_1_519' title='bbox 1814 4017 1997 4079; x_wconf 83' lang='lat' dir='ltr'><strong>Actor,</strong></span> 
     </span>
    </p>
   </div>
   <div class='ocr_carea' id='block_1_72' title="bbox 504 4138 1547 4211">
    <p class='ocr_par' dir='ltr' id='par_1_72' title="bbox 504 4138 1547 4211">
     <span class='ocr_line' id='line_1_72' title="bbox 504 4138 1547 4211; baseline 0.005 -18"><span class='ocrx_word' id='word_1_520' title='bbox 504 4146 530 4174; x_wconf 71' lang='grc' dir='ltr'>ι</span> <span class='ocrx_word' id='word_1_521' title='bbox 571 4138 654 4193; x_wconf 88' lang='lat' dir='ltr'><strong>Fit</strong></span> <span class='ocrx_word' id='word_1_522' title='bbox 683 4140 941 4211; x_wconf 68' lang='lat' dir='ltr'><strong>epilogus,</strong></span> <span class='ocrx_word' id='word_1_523' title='bbox 979 4143 1173 4196; x_wconf 80' lang='lat' dir='ltr'><strong>Recole</strong></span> <span class='ocrx_word' id='word_1_524' title='bbox 1201 4154 1377 4197; x_wconf 90' lang='lat' dir='ltr'><strong>autem</strong></span> <span class='ocrx_word' id='word_1_525' title='bbox 1409 4144 1464 4197; x_wconf 80' lang='lat' dir='ltr'><strong>ff.</strong></span> <span class='ocrx_word' id='word_1_526' title='bbox 1493 4145 1547 4198; x_wconf 70' lang='lat'><strong>2.</strong></span> 
     </span>
    </p>
   </div>
   <div class='ocr_carea' id='block_1_73' title="bbox 2101 3257 3677 3322">
    <p class='ocr_par' dir='ltr' id='par_1_73' title="bbox 2101 3257 3677 3322">
     <span class='ocr_line' id='line_1_73' title="bbox 2101 3257 3677 3322; baseline 0 -9"><span class='ocrx_word' id='word_1_527' title='bbox 2101 3260 2167 3313; x_wconf 83' lang='lat' dir='ltr'><strong>ad</strong></span> <span class='ocrx_word' id='word_1_528' title='bbox 2212 3274 2427 3313; x_wconf 86' lang='lat' dir='ltr'><strong>causam</strong></span> <span class='ocrx_word' id='word_1_529' title='bbox 2474 3260 2782 3322; x_wconf 84' lang='lat' dir='ltr'><strong>accesserit,</strong></span> <span class='ocrx_word' id='word_1_530' title='bbox 2824 3257 2981 3312; x_wconf 85' lang='lat' dir='ltr'><strong>faciet</strong></span> <span class='ocrx_word' id='word_1_531' title='bbox 3025 3258 3258 3312; x_wconf 88' lang='lat' dir='ltr'><strong>officium</strong></span> <span class='ocrx_word' id='word_1_532' title='bbox 3313 3274 3488 3314; x_wconf 86' lang='lat' dir='ltr'><strong>suum.</strong></span> <span class='ocrx_word' id='word_1_533' title='bbox 3533 3260 3677 3313; x_wconf 87' lang='lat' dir='ltr'><strong>Bene</strong></span> 
     </span>
    </p>
   </div>
   <div class='ocr_carea' id='block_1_74' title="bbox 2100 3351 3677 3420">
    <p class='ocr_par' dir='ltr' id='par_1_74' title="bbox 2100 3351 3677 3420">
     <span class='ocr_line' id='line_1_74' title="bbox 2100 3351 3677 3420; baseline -0.001 -15"><span class='ocrx_word' id='word_1_534' title='bbox 2100 3351 2261 3420; x_wconf 89' lang='lat' dir='ltr'><strong>igitur</strong></span> <span class='ocrx_word' id='word_1_535' title='bbox 2296 3351 2438 3406; x_wconf 87' lang='lat' dir='ltr'><strong>dicet</strong></span> <span class='ocrx_word' id='word_1_536' title='bbox 2472 3352 2535 3403; x_wconf 84' lang='lat' dir='ltr'><strong>‘in</strong></span> <span class='ocrx_word' id='word_1_537' title='bbox 2571 3351 2714 3403; x_wconf 91' lang='lat' dir='ltr'><strong>omni</strong></span> <span class='ocrx_word' id='word_1_538' title='bbox 2759 3366 2956 3419; x_wconf 86' lang='lat' dir='ltr'><strong>genere</strong></span> <span class='ocrx_word' id='word_1_539' title='bbox 2999 3365 3318 3416; x_wconf 78' lang='lat' dir='ltr'><strong>causarum,</strong></span> <span class='ocrx_word' id='word_1_540' title='bbox 3347 3359 3401 3403; x_wconf 90' lang='lat' dir='ltr'><strong>et</strong></span> <span class='ocrx_word' id='word_1_541' title='bbox 3438 3352 3488 3403; x_wconf 91' lang='lat' dir='ltr'><strong>in</strong></span> <span class='ocrx_word' id='word_1_542' title='bbox 3530 3351 3677 3404; x_wconf 91' lang='lat' dir='ltr'><strong>omni</strong></span> 
     </span>
    </p>
   </div>
   <div class='ocr_carea' id='block_1_75' title="bbox 2100 3442 3675 3506">
    <p class='ocr_par' dir='ltr' id='par_1_75' title="bbox 2100 3442 3675 3506">
     <span class='ocr_line' id='line_1_75' title="bbox 2100 3442 3675 3506; baseline -0.001 -9"><span class='ocrx_word' id='word_1_543' title='bbox 2100 3444 2499 3497; x_wconf 90' lang='lat' dir='ltr'><strong>constitutione.</strong></span> <span class='ocrx_word' id='word_1_544' title='bbox 2525 3445 2717 3497; x_wconf 84' lang='lat' dir='ltr'><strong>Orator</strong></span> <span class='ocrx_word' id='word_1_545' title='bbox 2738 3442 2896 3496; x_wconf 85' lang='lat' dir='ltr'><strong>faciet</strong></span> <span class='ocrx_word' id='word_1_546' title='bbox 2924 3444 3084 3496; x_wconf 79' lang='lat' dir='ltr'><strong>etiam</strong></span> <span class='ocrx_word' id='word_1_547' title='bbox 3112 3442 3270 3497; x_wconf 81' lang='lat' dir='ltr'><strong>finem</strong></span> <span class='ocrx_word' id='word_1_548' title='bbox 3291 3483 3305 3506; x_wconf 93' lang='lat'><strong>,</strong></span> <span class='ocrx_word' id='word_1_549' title='bbox 3332 3453 3440 3495; x_wconf 92' lang='lat' dir='ltr'><strong>tum</strong></span> <span class='ocrx_word' id='word_1_550' title='bbox 3460 3451 3517 3494; x_wconf 94' lang='lat' dir='ltr'><strong>ut</strong></span> <span class='ocrx_word' id='word_1_551' title='bbox 3539 3442 3675 3496; x_wconf 86' lang='lat' dir='ltr'><strong>bene</strong></span> 
     </span>
    </p>
   </div>
   <div class='ocr_carea' id='block_1_76' title="bbox 2100 3535 3669 3604">
    <p class='ocr_par' dir='ltr' id='par_1_76' title="bbox 2100 3535 3669 3604">
     <span class='ocr_line' id='line_1_76' title="bbox 2100 3535 3669 3604; baseline -0.001 -15"><span class='ocrx_word' id='word_1_552' title='bbox 2100 3536 2294 3590; x_wconf 78' lang='lat' dir='ltr'><strong>dixerit</strong></span> <span class='ocrx_word' id='word_1_553' title='bbox 2342 3536 2395 3589; x_wconf 92' lang='lat' dir='ltr'><strong>in</strong></span> <span class='ocrx_word' id='word_1_554' title='bbox 2438 3536 2583 3589; x_wconf 90' lang='lat' dir='ltr'><strong>omni</strong></span> <span class='ocrx_word' id='word_1_555' title='bbox 2628 3535 3029 3595; x_wconf 88' lang='lat' dir='ltr'><strong>constitutione.</strong></span> <span class='ocrx_word' id='word_1_556' title='bbox 3070 3544 3178 3588; x_wconf 77' lang='lat' dir='ltr'><strong>tum</strong></span> <span class='ocrx_word' id='word_1_557' title='bbox 3219 3545 3275 3587; x_wconf 90' lang='lat' dir='ltr'><strong>ut</strong></span> <span class='ocrx_word' id='word_1_558' title='bbox 3320 3535 3669 3604; x_wconf 89' lang='lat' dir='ltr'><strong>persuaserit.</strong></span> 
     </span>
    </p>
   </div>
   <div class='ocr_carea' id='block_1_77' title="bbox 2173 3648 3678 3718">
    <p class='ocr_par' dir='ltr' id='par_1_77' title="bbox 2173 3648 3678 3718">
     <span class='ocr_line' id='line_1_77' title="bbox 2173 3648 3678 3718; baseline -0.004 -14"><span class='ocrx_word' id='word_1_559' title='bbox 2173 3650 2247 3704; x_wconf 89' lang='lat' dir='ltr'><strong>De</strong></span> <span class='ocrx_word' id='word_1_560' title='bbox 2276 3650 2500 3718; x_wconf 85' lang='lat' dir='ltr'><strong>singulis</strong></span> <span class='ocrx_word' id='word_1_561' title='bbox 2542 3649 2700 3718; x_wconf 86' lang='lat' dir='ltr'><strong>igitur</strong></span> <span class='ocrx_word' id='word_1_562' title='bbox 2741 3664 2883 3702; x_wconf 90' lang='lat' dir='ltr'><strong>nunc</strong></span> <span class='ocrx_word' id='word_1_563' title='bbox 2919 3648 3133 3717; x_wconf 89' lang='lat' dir='ltr'><strong>quidem</strong></span> <span class='ocrx_word' id='word_1_564' title='bbox 3180 3649 3231 3701; x_wconf 91' lang='lat' dir='ltr'><strong>in</strong></span> <span class='ocrx_word' id='word_1_565' title='bbox 3257 3662 3539 3702; x_wconf 90' lang='lat' dir='ltr'><strong>commune</strong></span> <span class='ocrx_word' id='word_1_566' title='bbox 3568 3655 3678 3700; x_wconf 86' lang='lat' dir='ltr'><strong>tra-</strong></span> 
     </span>
    </p>
   </div>
   <div class='ocr_carea' id='block_1_78' title="bbox 2103 3740 3677 3811">
    <p class='ocr_par' dir='ltr' id='par_1_78' title="bbox 2103 3740 3677 3811">
     <span class='ocr_line' id='line_1_78' title="bbox 2103 3740 3677 3811; baseline -0.002 -13"><span class='ocrx_word' id='word_1_567' title='bbox 2103 3744 2366 3799; x_wconf 90' lang='lat' dir='ltr'><strong>ctavimus</strong></span> <span class='ocrx_word' id='word_1_568' title='bbox 2391 3761 2403 3793; x_wconf 90' lang='lat'>:</span> <span class='ocrx_word' id='word_1_569' title='bbox 2430 3741 2496 3796; x_wconf 92' lang='lat' dir='ltr'><strong>de</strong></span> <span class='ocrx_word' id='word_1_570' title='bbox 2522 3756 2839 3810; x_wconf 86' lang='lat' dir='ltr'><strong>unoquoque</strong></span> <span class='ocrx_word' id='word_1_571' title='bbox 2867 3757 2995 3796; x_wconf 89' lang='lat' dir='ltr'><strong>vero</strong></span> <span class='ocrx_word' id='word_1_572' title='bbox 3019 3742 3304 3811; x_wconf 86' lang='lat' dir='ltr'><strong>separatim</strong></span> <span class='ocrx_word' id='word_1_573' title='bbox 3336 3749 3473 3810; x_wconf 88' lang='lat' dir='ltr'><strong>post,</strong></span> <span class='ocrx_word' id='word_1_574' title='bbox 3505 3741 3547 3794; x_wconf 90' lang='lat' dir='ltr'><strong>si</strong></span> <span class='ocrx_word' id='word_1_575' title='bbox 3572 3740 3677 3795; x_wconf 89' lang='lat' dir='ltr'><strong>erit</strong></span> 
     </span>
    </p>
   </div>
   <div class='ocr_carea' id='block_1_79' title="bbox 2104 3835 2845 3897">
    <p class='ocr_par' dir='ltr' id='par_1_79' title="bbox 2104 3835 2845 3897">
     <span class='ocr_line' id='line_1_79' title="bbox 2104 3835 2845 3897; baseline -0.007 -7"><span class='ocrx_word' id='word_1_576' title='bbox 2104 3836 2462 3897; x_wconf 89' lang='lat' dir='ltr'><strong>commodum,</strong></span> <span class='ocrx_word' id='word_1_577' title='bbox 2496 3835 2845 3888; x_wconf 86' lang='lat' dir='ltr'><strong>disseremus.</strong></span> 
     </span>
    </p>
   </div>
   <div class='ocr_carea' id='block_1_80' title="bbox 2107 3942 3156 3983">
    <p class='ocr_par' dir='ltr' id='par_1_80' title="bbox 2107 3942 3156 3983">
     <span class='ocr_line' id='line_1_80' title="bbox 2107 3942 3156 3983; baseline -0.002 0"><span class='ocrx_word' id='word_1_578' title='bbox 2107 3944 2346 3983; x_wconf 80' lang='lat' dir='ltr'><strong>EXPLICIT</strong></span> <span class='ocrx_word' id='word_1_579' title='bbox 2402 3942 2725 3981; x_wconf 72' lang='lat' dir='ltr'><strong>SPECULATIO</strong></span> <span class='ocrx_word' id='word_1_580' title='bbox 2779 3942 3040 3980; x_wconf 65' lang='lat' dir='ltr'><strong>COMMUSIS</strong></span> <span class='ocrx_word' id='word_1_581' title='bbox 3091 3944 3156 3981; x_wconf 82' lang='lat' dir='ltr'><strong>DE</strong></span> 
     </span>
    </p>
   </div>
   <div class='ocr_carea' id='block_1_81' title="bbox 2750 4031 3030 4070">
    <p class='ocr_par' dir='ltr' id='par_1_81' title="bbox 2750 4031 3030 4070">
     <span class='ocr_line' id='line_1_81' title="bbox 2750 4031 3030 4070; baseline -0.004 0"><span class='ocrx_word' id='word_1_582' title='bbox 2750 4031 3030 4070; x_wconf 71' lang='lat' dir='ltr'><strong>GNATIONE.</strong></span> 
     </span>
    </p>
   </div>
   <div class='ocr_carea' id='block_1_82' title="bbox 3203 3943 3675 3983">
    <p class='ocr_par' dir='ltr' id='par_1_82' title="bbox 3203 3943 3675 3983">
     <span class='ocr_line' id='line_1_82' title="bbox 3203 3943 3675 3983; baseline 0.004 -3"><span class='ocrx_word' id='word_1_583' title='bbox 3203 3943 3518 3983; x_wconf 72' lang='grc' dir='ltr'><strong>κιιετοιιιαιε</strong></span> <span class='ocrx_word' id='word_1_584' title='bbox 3577 3943 3675 3982; x_wconf 75' lang='grc' dir='ltr'><strong>εο-</strong></span> 
     </span>
    </p>
   </div>
   <div class='ocr_carea' id='block_1_83' title="bbox 437 4269 3659 4295">
    <p class='ocr_par' dir='ltr' id='par_1_83' title="bbox 437 4269 3659 4295">
     <span class='ocr_line' id='line_1_83' title="bbox 437 4269 3659 4295; baseline 0.001 -6"><span class='ocrx_word' id='word_1_585' title='bbox 437 4269 3659 4295; x_wconf 48' lang='lat' dir='ltr'><strong>~—————-———_——_____—_——————.——v———————‘</strong></span> 
     </span>
    </p>
   </div>
   <div class='ocr_carea' id='block_1_84' title="bbox 1117 4402 3024 4511">
    <p class='ocr_par' dir='ltr' id='par_1_84' title="bbox 1117 4402 3024 4511">
     <span class='ocr_line' id='line_1_84' title="bbox 1117 4402 3024 4511; baseline -0.002 -2"><span class='ocrx_word' id='word_1_586' title='bbox 1117 4406 1371 4509; x_wconf 84' lang='grc' dir='ltr'><strong>ΑΝ.</strong></span> <span class='ocrx_word' id='word_1_587' title='bbox 1438 4406 1916 4510; x_wconf 79' lang='lat' dir='ltr'><strong>MANL.</strong></span> <span class='ocrx_word' id='word_1_588' title='bbox 1976 4406 2333 4511; x_wconf 83' lang='lat' dir='ltr'><strong>SEV.</strong></span> <span class='ocrx_word' id='word_1_589' title='bbox 2402 4402 2936 4509; x_wconf 84' lang='lat' dir='ltr'><strong>BOETII</strong></span> <span class='ocrx_word' id='word_1_590' title='bbox 2989 4415 3024 4454; x_wconf 85' lang='grc'>³</span> 
     </span>
    </p>
   </div>
   <div class='ocr_carea' id='block_1_85' title="bbox 1862 4635 2249 4712">
    <p class='ocr_par' dir='ltr' id='par_1_85' title="bbox 1862 4635 2249 4712">
     <span class='ocr_line' id='line_1_85' title="bbox 1862 4635 2249 4712; baseline -0.005 0"><span class='ocrx_word' id='word_1_591' title='bbox 1862 4635 2249 4712; x_wconf 87' lang='lat' dir='ltr'><strong>INCIPIT</strong></span> 
     </span>
    </p>
   </div>
   <div class='ocr_carea' id='block_1_86' title="bbox 666 4636 3422 4908">
    <p class='ocr_par' dir='ltr' id='par_1_86' title="bbox 666 4636 3422 4908">
     <span class='ocr_line' id='line_1_86' title="bbox 1862 4636 2249 4712; baseline -0.005 0"><span class='ocrx_word' id='word_1_592' title='bbox 1862 4637 1895 4712; x_wconf 98' lang='lat' dir='ltr'><strong>I</strong></span> <span class='ocrx_word' id='word_1_593' title='bbox 2038 4636 2249 4711; x_wconf 89' lang='lat' dir='ltr'><strong>IPIT</strong></span> 
     </span>
     <span class='ocr_line' id='line_1_87' title="bbox 666 4636 3422 4908; baseline -0.001 -6"><span class='ocrx_word' id='word_1_594' title='bbox 666 4791 1327 4908; x_wconf 85' lang='lat' dir='ltr'><strong>LOCORUM</strong></span> <span class='ocrx_word' id='word_1_595' title='bbox 1383 4636 2493 4907; x_wconf 55' lang='lat' dir='ltr'><strong>BHEToanoonUM</strong></span> <span class='ocrx_word' id='word_1_596' title='bbox 2564 4786 3422 4902; x_wconf 84' lang='lat' dir='ltr'><strong>DISTINCTIO.</strong></span> 
     </span>
    </p>
   </div>
   <div class='ocr_carea' id='block_1_87' title="bbox 504 4965 3725 5052">
    <p class='ocr_par' dir='ltr' id='par_1_87' title="bbox 504 4965 3725 5052">
     <span class='ocr_line' id='line_1_88' title="bbox 504 4965 3725 5052; baseline -0.002 -28"><span class='ocrx_word' id='word_1_597' title='bbox 504 4971 554 5024; x_wconf 83' lang='lat' dir='ltr'><strong>l.</strong></span> <span class='ocrx_word' id='word_1_598' title='bbox 577 4972 808 5026; x_wconf 89' lang='lat' dir='ltr'><strong>Persona</strong></span> <span class='ocrx_word' id='word_1_599' title='bbox 832 4982 914 5027; x_wconf 90' lang='lat' dir='ltr'><strong>est</strong></span> <span class='ocrx_word' id='word_1_600' title='bbox 934 4989 1050 5043; x_wconf 66' lang='lat' dir='ltr'><strong>qua:</strong></span> <span class='ocrx_word' id='word_1_601' title='bbox 1076 4974 1404 5042; x_wconf 89' lang='lat' dir='ltr'><strong>injudicium</strong></span> <span class='ocrx_word' id='word_1_602' title='bbox 1428 4985 1678 5039; x_wconf 88' lang='lat' dir='ltr'><strong>vocatur;</strong></span> <span class='ocrx_word' id='word_1_603' title='bbox 1704 4975 1999 5043; x_wconf 82' lang='lat' dir='ltr'><strong>negotium,</strong></span> <span class='ocrx_word' id='word_1_604' title='bbox 2030 4994 2083 5052; x_wconf 80' lang='lat' dir='ltr'>D</span> <span class='ocrx_word' id='word_1_605' title='bbox 2108 4972 2376 5025; x_wconf 87' lang='lat' dir='ltr'><strong>attributis</strong></span> <span class='ocrx_word' id='word_1_606' title='bbox 2434 4984 2679 5039; x_wconf 67' lang='lat' dir='ltr'><strong>personae</strong></span> <span class='ocrx_word' id='word_1_607' title='bbox 2733 4969 3015 5034; x_wconf 89' lang='lat' dir='ltr'><strong>quamdam</strong></span> <span class='ocrx_word' id='word_1_608' title='bbox 3078 4966 3298 5034; x_wconf 90' lang='lat' dir='ltr'><strong>suscipit</strong></span> <span class='ocrx_word' id='word_1_609' title='bbox 3344 4965 3675 5034; x_wconf 87' lang='lat' dir='ltr'><strong>qualitatem.</strong></span> <span class='ocrx_word' id='word_1_610' title='bbox 3718 5012 3725 5019; x_wconf 94' lang='lat'><strong>.</strong></span> 
     </span>
    </p>
   </div>
   <div class='ocr_carea' id='block_1_88' title="bbox 432 5061 1995 5136">
    <p class='ocr_par' dir='ltr' id='par_1_88' title="bbox 432 5061 1995 5136">
     <span class='ocr_line' id='line_1_89' title="bbox 432 5061 1995 5136; baseline 0.003 -21"><span class='ocrx_word' id='word_1_611' title='bbox 432 5061 625 5117; x_wconf 89' lang='lat' dir='ltr'><strong>factum</strong></span> <span class='ocrx_word' id='word_1_612' title='bbox 656 5064 921 5120; x_wconf 90' lang='lat' dir='ltr'><strong>dictumve</strong></span> <span class='ocrx_word' id='word_1_613' title='bbox 953 5082 1218 5135; x_wconf 65' lang='lat' dir='ltr'><strong>personae,</strong></span> <span class='ocrx_word' id='word_1_614' title='bbox 1250 5078 1465 5135; x_wconf 89' lang='lat' dir='ltr'><strong>propter</strong></span> <span class='ocrx_word' id='word_1_615' title='bbox 1486 5068 1627 5136; x_wconf 90' lang='lat' dir='ltr'><strong>quod</strong></span> <span class='ocrx_word' id='word_1_616' title='bbox 1661 5068 1711 5120; x_wconf 88' lang='lat' dir='ltr'><strong>in</strong></span> <span class='ocrx_word' id='word_1_617' title='bbox 1740 5066 1995 5135; x_wconf 89' lang='lat' dir='ltr'><strong>judicium</strong></span> 
     </span>
    </p>
   </div>
   <div class='ocr_carea' id='block_1_89' title="bbox 430 5162 1995 5229">
    <p class='ocr_par' dir='ltr' id='par_1_89' title="bbox 430 5162 1995 5229">
     <span class='ocr_line' id='line_1_90' title="bbox 430 5162 1995 5229; baseline 0.003 -25"><span class='ocrx_word' id='word_1_618' title='bbox 430 5164 649 5206; x_wconf 83' lang='lat' dir='ltr'><strong>vocatur</strong></span> <span class='ocrx_word' id='word_1_619' title='bbox 676 5170 899 5224; x_wconf 88' lang='lat' dir='ltr'><strong>persona</strong></span> <span class='ocrx_word' id='word_1_620' title='bbox 932 5167 1022 5211; x_wconf 91' lang='lat' dir='ltr'><strong>:et</strong></span> <span class='ocrx_word' id='word_1_621' title='bbox 1053 5162 1319 5227; x_wconf 81' lang='lat' dir='ltr'><strong>negotium</strong></span> <span class='ocrx_word' id='word_1_622' title='bbox 1363 5174 1651 5229; x_wconf 72' lang='lat' dir='ltr'><strong>suggerere</strong></span> <span class='ocrx_word' id='word_1_623' title='bbox 1686 5169 1995 5227; x_wconf 86' lang='lat' dir='ltr'><strong>argumenta</strong></span> 
     </span>
    </p>
   </div>
   <div class='ocr_carea' id='block_1_90' title="bbox 430 5247 1999 5318">
    <p class='ocr_par' dir='ltr' id='par_1_90' title="bbox 430 5247 1999 5318">
     <span class='ocr_line' id='line_1_91' title="bbox 430 5247 1999 5318; baseline 0.003 -22"><span class='ocrx_word' id='word_1_624' title='bbox 430 5260 537 5298; x_wconf 89' lang='lat' dir='ltr'><strong>non</strong></span> <span class='ocrx_word' id='word_1_625' title='bbox 584 5256 836 5313; x_wconf 89' lang='lat' dir='ltr'><strong>possunt;</strong></span> <span class='ocrx_word' id='word_1_626' title='bbox 877 5247 943 5300; x_wconf 90' lang='lat' dir='ltr'><strong>de</strong></span> <span class='ocrx_word' id='word_1_627' title='bbox 983 5250 1115 5316; x_wconf 81' lang='lat' dir='ltr'><strong>ipsis</strong></span> <span class='ocrx_word' id='word_1_628' title='bbox 1156 5250 1297 5302; x_wconf 90' lang='lat' dir='ltr'><strong>enim</strong></span> <span class='ocrx_word' id='word_1_629' title='bbox 1347 5248 1569 5318; x_wconf 70' lang='lat' dir='ltr'><strong>quaestio</strong></span> <span class='ocrx_word' id='word_1_630' title='bbox 1618 5257 1719 5301; x_wconf 90' lang='lat' dir='ltr'><strong>est.</strong></span> <span class='ocrx_word' id='word_1_631' title='bbox 1774 5248 1999 5302; x_wconf 86' lang='lat' dir='ltr'><strong>Faciunt</strong></span> 
     </span>
    </p>
   </div>
   <div class='ocr_carea' id='block_1_91' title="bbox 427 5335 1997 5406">
    <p class='ocr_par' dir='ltr' id='par_1_91' title="bbox 427 5335 1997 5406">
     <span class='ocr_line' id='line_1_92' title="bbox 427 5335 1997 5406; baseline 0.003 -21"><span class='ocrx_word' id='word_1_632' title='bbox 427 5344 605 5387; x_wconf 84' lang='lat' dir='ltr'><strong>autem</strong></span> <span class='ocrx_word' id='word_1_633' title='bbox 639 5335 791 5388; x_wconf 83' lang='lat' dir='ltr'><strong>fidem</strong></span> <span class='ocrx_word' id='word_1_634' title='bbox 818 5339 1030 5405; x_wconf 84' lang='lat' dir='ltr'><strong>negotio</strong></span> <span class='ocrx_word' id='word_1_635' title='bbox 1054 5352 1114 5391; x_wconf 88' lang='lat' dir='ltr'><strong>ea</strong></span> <span class='ocrx_word' id='word_1_636' title='bbox 1142 5352 1260 5406; x_wconf 66' lang='lat' dir='ltr'><strong>quae</strong></span> <span class='ocrx_word' id='word_1_637' title='bbox 1303 5349 1427 5392; x_wconf 91' lang='lat' dir='ltr'><strong>sunt</strong></span> <span class='ocrx_word' id='word_1_638' title='bbox 1469 5338 1713 5406; x_wconf 89' lang='lat' dir='ltr'><strong>personis</strong></span> <span class='ocrx_word' id='word_1_639' title='bbox 1740 5352 1801 5390; x_wconf 89' lang='lat' dir='ltr'><strong>ac</strong></span> <span class='ocrx_word' id='word_1_640' title='bbox 1831 5353 1997 5406; x_wconf 83' lang='lat' dir='ltr'><strong>nego-</strong></span> 
     </span>
    </p>
   </div>
   <div class='ocr_carea' id='block_1_92' title="bbox 432 5426 1993 5501">
    <p class='ocr_par' dir='ltr' id='par_1_92' title="bbox 432 5426 1993 5501">
     <span class='ocr_line' id='line_1_93' title="bbox 432 5426 1993 5501; baseline 0.004 -24"><span class='ocrx_word' id='word_1_641' title='bbox 432 5426 519 5479; x_wconf 90' lang='lat' dir='ltr'><strong>tiis</strong></span> <span class='ocrx_word' id='word_1_642' title='bbox 547 5426 817 5481; x_wconf 89' lang='lat' dir='ltr'><strong>attributa.</strong></span> <span class='ocrx_word' id='word_1_643' title='bbox 858 5429 1090 5483; x_wconf 84' lang='lat' dir='ltr'><strong>Persona</strong></span> <span class='ocrx_word' id='word_1_644' title='bbox 1129 5445 1339 5501; x_wconf 90' lang='lat' dir='ltr'><strong>quoque</strong></span> <span class='ocrx_word' id='word_1_645' title='bbox 1388 5430 1513 5484; x_wconf 80' lang='lat' dir='ltr'><strong>facit</strong></span> <span class='ocrx_word' id='word_1_646' title='bbox 1542 5432 1755 5500; x_wconf 83' lang='lat' dir='ltr'><strong>negotio</strong></span> <span class='ocrx_word' id='word_1_647' title='bbox 1803 5430 1993 5492; x_wconf 89' lang='lat' dir='ltr'><strong>fidem;</strong></span> 
     </span>
    </p>
   </div>
   <div class='ocr_carea' id='block_1_93' title="bbox 431 5516 2000 5589">
    <p class='ocr_par' dir='ltr' id='par_1_93' title="bbox 431 5516 2000 5589">
     <span class='ocr_line' id='line_1_94' title="bbox 431 5516 2000 5589; baseline 0.003 -20"><span class='ocrx_word' id='word_1_648' title='bbox 431 5516 526 5570; x_wconf 63' lang='lat' dir='ltr'><strong>sed</strong></span> <span class='ocrx_word' id='word_1_649' title='bbox 562 5532 667 5572; x_wconf 92' lang='lat' dir='ltr'><strong>non</strong></span> <span class='ocrx_word' id='word_1_650' title='bbox 694 5520 748 5572; x_wconf 89' lang='lat' dir='ltr'><strong>in</strong></span> <span class='ocrx_word' id='word_1_651' title='bbox 775 5536 839 5573; x_wconf 84' lang='lat' dir='ltr'><strong>eo</strong></span> <span class='ocrx_word' id='word_1_652' title='bbox 864 5519 1007 5588; x_wconf 89' lang='lat' dir='ltr'><strong>quod</strong></span> <span class='ocrx_word' id='word_1_653' title='bbox 1047 5535 1273 5588; x_wconf 87' lang='lat' dir='ltr'><strong>persona</strong></span> <span class='ocrx_word' id='word_1_654' title='bbox 1315 5530 1413 5586; x_wconf 89' lang='lat' dir='ltr'><strong>est,</strong></span> <span class='ocrx_word' id='word_1_655' title='bbox 1443 5521 1535 5574; x_wconf 89' lang='lat' dir='ltr'><strong>sed</strong></span> <span class='ocrx_word' id='word_1_656' title='bbox 1581 5522 1633 5574; x_wconf 92' lang='lat' dir='ltr'><strong>in</strong></span> <span class='ocrx_word' id='word_1_657' title='bbox 1663 5536 1729 5574; x_wconf 91' lang='lat' dir='ltr'><strong>eo</strong></span> <span class='ocrx_word' id='word_1_658' title='bbox 1762 5522 1903 5589; x_wconf 90' lang='lat' dir='ltr'><strong>quod</strong></span> <span class='ocrx_word' id='word_1_659' title='bbox 1933 5536 2000 5574; x_wconf 87' lang='lat' dir='ltr'><strong>ex</strong></span> 
     </span>
    </p>
   </div>
   <div class='ocr_carea' id='block_1_94' title="bbox 507 5674 2029 5738">
    <p class='ocr_par' dir='ltr' id='par_1_94' title="bbox 507 5674 2029 5738">
     <span class='ocr_line' id='line_1_95' title="bbox 507 5674 2029 5738; baseline 0.002 -10"><span class='ocrx_word' id='word_1_660' title='bbox 507 5683 533 5711; x_wconf 77' lang='grc'>⁸</span> <span class='ocrx_word' id='word_1_661' title='bbox 563 5674 617 5729; x_wconf 89' lang='lat' dir='ltr'><strong>In</strong></span> <span class='ocrx_word' id='word_1_662' title='bbox 666 5678 785 5731; x_wconf 88' lang='lat' dir='ltr'><strong>cod.</strong></span> <span class='ocrx_word' id='word_1_663' title='bbox 838 5678 1037 5738; x_wconf 79' lang='lat' dir='ltr'><strong>Mallii,</strong></span> <span class='ocrx_word' id='word_1_664' title='bbox 1068 5687 1122 5730; x_wconf 88' lang='lat' dir='ltr'><strong>et</strong></span> <span class='ocrx_word' id='word_1_665' title='bbox 1166 5691 1291 5729; x_wconf 81' lang='lat' dir='ltr'><strong>mox</strong></span> <span class='ocrx_word' id='word_1_666' title='bbox 1343 5676 1529 5730; x_wconf 85' lang='lat' dir='ltr'><strong>Boecii.</strong></span> <span class='ocrx_word' id='word_1_667' title='bbox 1591 5678 1698 5733; x_wconf 86' lang='lat' dir='ltr'><strong>Sed</strong></span> <span class='ocrx_word' id='word_1_668' title='bbox 1743 5679 2029 5731; x_wconf 91' lang='lat' dir='ltr'><strong>rectiorem</strong></span> 
     </span>
    </p>
   </div>
   <div class='ocr_carea' id='block_1_95' title="bbox 434 5743 2032 5819">
    <p class='ocr_par' dir='ltr' id='par_1_95' title="bbox 434 5743 2032 5819">
     <span class='ocr_line' id='line_1_96' title="bbox 434 5743 2032 5819; baseline 0.003 -19"><span class='ocrx_word' id='word_1_669' title='bbox 434 5743 628 5801; x_wconf 82' lang='lat' dir='ltr'><strong>horum</strong></span> <span class='ocrx_word' id='word_1_670' title='bbox 691 5749 967 5803; x_wconf 90' lang='lat' dir='ltr'><strong>nominum</strong></span> <span class='ocrx_word' id='word_1_671' title='bbox 994 5748 1314 5816; x_wconf 80' lang='lat' dir='ltr'><strong>scripturam</strong></span> <span class='ocrx_word' id='word_1_672' title='bbox 1368 5763 1508 5817; x_wconf 86' lang='lat' dir='ltr'><strong>pono</strong></span> <span class='ocrx_word' id='word_1_673' title='bbox 1547 5762 1610 5804; x_wconf 82' lang='lat' dir='ltr'><strong>ex</strong></span> <span class='ocrx_word' id='word_1_674' title='bbox 1656 5748 2032 5819; x_wconf 85' lang='lat' dir='ltr'><strong>antiquissimo</strong></span> 
     </span>
    </p>
   </div>
   <div class='ocr_carea' id='block_1_96' title="bbox 2106 5058 3678 5127">
    <p class='ocr_par' dir='ltr' id='par_1_96' title="bbox 2106 5058 3678 5127">
     <span class='ocr_line' id='line_1_97' title="bbox 2106 5058 3678 5127; baseline -0.004 -10"><span class='ocrx_word' id='word_1_675' title='bbox 2106 5062 2533 5118; x_wconf 74' lang='lat' dir='ltr'><strong>Circumstantia:</strong></span> <span class='ocrx_word' id='word_1_676' title='bbox 2567 5071 2712 5126; x_wconf 90' lang='lat' dir='ltr'><strong>sunt,</strong></span> <span class='ocrx_word' id='word_1_677' title='bbox 2748 5074 2868 5127; x_wconf 84' lang='lat' dir='ltr'><strong>quae</strong></span> <span class='ocrx_word' id='word_1_678' title='bbox 2898 5058 3280 5112; x_wconf 86' lang='lat' dir='ltr'><strong>convenientes</strong></span> <span class='ocrx_word' id='word_1_679' title='bbox 3326 5058 3678 5111; x_wconf 89' lang='lat' dir='ltr'><strong>substantiam</strong></span> 
     </span>
    </p>
   </div>
   <div class='ocr_carea' id='block_1_97' title="bbox 2107 5148 3681 5225">
    <p class='ocr_par' dir='ltr' id='par_1_97' title="bbox 2107 5148 3681 5225">
     <span class='ocr_line' id='line_1_98' title="bbox 2107 5148 3681 5225; baseline -0.003 -17"><span class='ocrx_word' id='word_1_680' title='bbox 2107 5156 2417 5225; x_wconf 76' lang='lat' dir='ltr'><strong>quaestionis</strong></span> <span class='ocrx_word' id='word_1_681' title='bbox 2467 5156 2723 5210; x_wconf 82' lang='lat' dir='ltr'><strong>efficiunt.</strong></span> <span class='ocrx_word' id='word_1_682' title='bbox 2774 5152 2884 5205; x_wconf 84' lang='lat' dir='ltr'><strong>Nisi</strong></span> <span class='ocrx_word' id='word_1_683' title='bbox 2936 5151 3077 5203; x_wconf 90' lang='lat' dir='ltr'><strong>enim</strong></span> <span class='ocrx_word' id='word_1_684' title='bbox 3132 5150 3201 5202; x_wconf 92' lang='lat' dir='ltr'><strong>sit</strong></span> <span class='ocrx_word' id='word_1_685' title='bbox 3246 5150 3334 5218; x_wconf 92' lang='lat' dir='ltr'><strong>qui</strong></span> <span class='ocrx_word' id='word_1_686' title='bbox 3389 5148 3598 5214; x_wconf 89' lang='lat' dir='ltr'><strong>fecerit,</strong></span> <span class='ocrx_word' id='word_1_687' title='bbox 3627 5159 3681 5205; x_wconf 89' lang='lat' dir='ltr'><strong>et</strong></span> 
     </span>
    </p>
   </div>
   <div class='ocr_carea' id='block_1_98' title="bbox 2108 5240 3683 5317">
    <p class='ocr_par' dir='ltr' id='par_1_98' title="bbox 2108 5240 3683 5317">
     <span class='ocr_line' id='line_1_99' title="bbox 2108 5240 3683 5317; baseline -0.004 -17"><span class='ocrx_word' id='word_1_688' title='bbox 2108 5248 2248 5317; x_wconf 91' lang='lat' dir='ltr'><strong>quod</strong></span> <span class='ocrx_word' id='word_1_689' title='bbox 2300 5247 2507 5313; x_wconf 84' lang='lat' dir='ltr'><strong>fecerit,</strong></span> <span class='ocrx_word' id='word_1_690' title='bbox 2534 5258 2797 5312; x_wconf 89' lang='lat' dir='ltr'><strong>causaque</strong></span> <span class='ocrx_word' id='word_1_691' title='bbox 2843 5258 2938 5295; x_wconf 91' lang='lat' dir='ltr'><strong>cur</strong></span> <span class='ocrx_word' id='word_1_692' title='bbox 2982 5241 3188 5306; x_wconf 86' lang='lat' dir='ltr'><strong>fecerit,</strong></span> <span class='ocrx_word' id='word_1_693' title='bbox 3222 5240 3306 5297; x_wconf 81' lang='lat' dir='ltr'><strong>vel</strong></span> <span class='ocrx_word' id='word_1_694' title='bbox 3356 5240 3503 5294; x_wconf 90' lang='lat' dir='ltr'><strong>locus</strong></span> <span class='ocrx_word' id='word_1_695' title='bbox 3549 5251 3683 5295; x_wconf 89' lang='lat' dir='ltr'><strong>tem-</strong></span> 
     </span>
    </p>
   </div>
   <div class='ocr_carea' id='block_1_99' title="bbox 2108 5332 3679 5407">
    <p class='ocr_par' dir='ltr' id='par_1_99' title="bbox 2108 5332 3679 5407">
     <span class='ocr_line' id='line_1_100' title="bbox 2108 5332 3679 5407; baseline -0.003 -16"><span class='ocrx_word' id='word_1_696' title='bbox 2108 5352 2310 5407; x_wconf 89' lang='lat' dir='ltr'><strong>pusque</strong></span> <span class='ocrx_word' id='word_1_697' title='bbox 2373 5354 2479 5407; x_wconf 92' lang='lat' dir='ltr'><strong>quo</strong></span> <span class='ocrx_word' id='word_1_698' title='bbox 2534 5338 2740 5401; x_wconf 89' lang='lat' dir='ltr'><strong>fecerit,</strong></span> <span class='ocrx_word' id='word_1_699' title='bbox 2788 5335 2976 5389; x_wconf 91' lang='lat' dir='ltr'><strong>modus</strong></span> <span class='ocrx_word' id='word_1_700' title='bbox 3037 5332 3196 5387; x_wconf 88' lang='lat' dir='ltr'><strong>etiam</strong></span> <span class='ocrx_word' id='word_1_701' title='bbox 3264 5332 3590 5403; x_wconf 89' lang='lat' dir='ltr'><strong>facultasque</strong></span> <span class='ocrx_word' id='word_1_702' title='bbox 3638 5335 3679 5387; x_wconf 92' lang='lat' dir='ltr'><strong>si</strong></span> 
     </span>
    </p>
   </div>
   <div class='ocr_carea' id='block_1_100' title="bbox 2108 5423 3682 5494">
    <p class='ocr_par' dir='ltr' id='par_1_100' title="bbox 2108 5423 3682 5494">
     <span class='ocr_line' id='line_1_101' title="bbox 2108 5423 3682 5494; baseline -0.003 -11"><span class='ocrx_word' id='word_1_703' title='bbox 2108 5429 2305 5490; x_wconf 88' lang='lat' dir='ltr'><strong>desint.</strong></span> <span class='ocrx_word' id='word_1_704' title='bbox 2327 5443 2484 5482; x_wconf 90' lang='lat' dir='ltr'><strong>causa</strong></span> <span class='ocrx_word' id='word_1_705' title='bbox 2537 5427 2915 5494; x_wconf 80' lang='lat' dir='ltr'><strong>negotiumque</strong></span> <span class='ocrx_word' id='word_1_706' title='bbox 2954 5439 3056 5477; x_wconf 90' lang='lat' dir='ltr'><strong>non</strong></span> <span class='ocrx_word' id='word_1_707' title='bbox 3099 5423 3282 5478; x_wconf 90' lang='lat' dir='ltr'><strong>stabit.</strong></span> <span class='ocrx_word' id='word_1_708' title='bbox 3321 5424 3429 5478; x_wconf 86' lang='lat' dir='ltr'><strong>Has</strong></span> <span class='ocrx_word' id='word_1_709' title='bbox 3454 5425 3682 5479; x_wconf 90' lang='lat' dir='ltr'><strong>circum-</strong></span> 
     </span>
    </p>
   </div>
   <div class='ocr_carea' id='block_1_101' title="bbox 2109 5512 3682 5587">
    <p class='ocr_par' dir='ltr' id='par_1_101' title="bbox 2109 5512 3682 5587">
     <span class='ocr_line' id='line_1_102' title="bbox 2109 5512 3682 5587; baseline -0.003 -14"><span class='ocrx_word' id='word_1_710' title='bbox 2109 5520 2330 5573; x_wconf 89' lang='lat' dir='ltr'><strong>stantias</strong></span> <span class='ocrx_word' id='word_1_711' title='bbox 2377 5520 2431 5573; x_wconf 89' lang='lat' dir='ltr'><strong>in</strong></span> <span class='ocrx_word' id='word_1_712' title='bbox 2470 5520 2678 5587; x_wconf 84' lang='lat' dir='ltr'><strong>gemina</strong></span> <span class='ocrx_word' id='word_1_713' title='bbox 2725 5516 2911 5569; x_wconf 88' lang='lat' dir='ltr'><strong>Cicero</strong></span> <span class='ocrx_word' id='word_1_714' title='bbox 2937 5512 2963 5551; x_wconf 69' lang='grc' dir='ltr'>δ</span> <span class='ocrx_word' id='word_1_715' title='bbox 2992 5515 3254 5583; x_wconf 85' lang='lat' dir='ltr'><strong>partitur,</strong></span> <span class='ocrx_word' id='word_1_716' title='bbox 3283 5523 3342 5569; x_wconf 86' lang='lat' dir='ltr'><strong>ut</strong></span> <span class='ocrx_word' id='word_1_717' title='bbox 3388 5532 3529 5583; x_wconf 89' lang='lat' dir='ltr'><strong>eam,</strong></span> <span class='ocrx_word' id='word_1_718' title='bbox 3562 5533 3682 5587; x_wconf 74' lang='lat' dir='ltr'><strong>qua:</strong></span> 
     </span>
    </p>
   </div>
   <div class='ocr_carea' id='block_1_102' title="bbox 2107 5674 3299 5734">
    <p class='ocr_par' dir='ltr' id='par_1_102' title="bbox 2107 5674 3299 5734">
     <span class='ocr_line' id='line_1_103' title="bbox 2107 5674 3299 5734; baseline -0.002 0"><span class='ocrx_word' id='word_1_719' title='bbox 2107 5679 2271 5734; x_wconf 88' lang='lat' dir='ltr'><strong>Boetii</strong></span> <span class='ocrx_word' id='word_1_720' title='bbox 2295 5678 2361 5732; x_wconf 90' lang='lat' dir='ltr'><strong>de</strong></span> <span class='ocrx_word' id='word_1_721' title='bbox 2386 5677 2764 5732; x_wconf 86' lang='lat' dir='ltr'><strong>Consolatione</strong></span> <span class='ocrx_word' id='word_1_722' title='bbox 2790 5674 2975 5729; x_wconf 90' lang='lat' dir='ltr'><strong>codice</strong></span> <span class='ocrx_word' id='word_1_723' title='bbox 3004 5676 3126 5731; x_wconf 83' lang='lat' dir='ltr'><strong>Vat.</strong></span> <span class='ocrx_word' id='word_1_724' title='bbox 3158 5676 3299 5733; x_wconf 74' lang='lat'><strong>3363</strong></span> 
     </span>
    </p>
   </div>
   <div class='ocr_carea' id='block_1_103' title="bbox 2174 5746 3067 5816">
    <p class='ocr_par' dir='ltr' id='par_1_103' title="bbox 2174 5746 3067 5816">
     <span class='ocr_line' id='line_1_104' title="bbox 2174 5746 3067 5816; baseline -0.006 -12"><span class='ocrx_word' id='word_1_725' title='bbox 2174 5750 2200 5789; x_wconf 76' lang='grc' dir='ltr'>δ</span> <span class='ocrx_word' id='word_1_726' title='bbox 2230 5749 2428 5805; x_wconf 88' lang='lat' dir='ltr'><strong>Confer</strong></span> <span class='ocrx_word' id='word_1_727' title='bbox 2464 5748 2575 5802; x_wconf 80' lang='lat' dir='ltr'><strong>Cic.</strong></span> <span class='ocrx_word' id='word_1_728' title='bbox 2611 5746 2763 5801; x_wconf 88' lang='lat' dir='ltr'><strong>Rhet.</strong></span> <span class='ocrx_word' id='word_1_729' title='bbox 2801 5761 2858 5810; x_wconf 83' lang='grc' dir='ltr'><strong>ιι,</strong></span> <span class='ocrx_word' id='word_1_730' title='bbox 2886 5749 2920 5802; x_wconf 84' lang='lat'><strong>9</strong></span> <span class='ocrx_word' id='word_1_731' title='bbox 2949 5762 3067 5816; x_wconf 90' lang='lat' dir='ltr'><strong>sqq.</strong></span> 
     </span>
    </p>
   </div>
  </div>
