4274 6272
653 303 790 359 1925

1886 303 1995 356 ΑΝ.
2030 304 2231 358 MANL.
2266 304 2416 359 SEV.
2457 306 2673 361 liOIiTll

3795 312 3929 381 mi.

654 429 735 471 est
778 418 897 487 quis
928 418 1380 472 circumstantiam
1433 418 1485 469 in
1528 415 1796 470 attributi:
1845 432 2089 484 persmue
2137 433 2232 487 po-
2259 425 2310 480 Α
2337 428 2462 474 ante
2492 418 2708 484 factum,
2739 429 2793 476 et
2818 423 2942 477 dum
2966 427 3045 489 tit,
3069 436 3123 480 et
3151 438 3269 496 post
3292 428 3511 500 factum,
3538 436 3677 502 quod
3708 450 3929 507 gestum

655 523 772 573 ttat;
801 528 893 564 sex
929 525 1056 564 vero
1088 524 1204 578 qua:
1233 510 1452 577 re‘iquzc
1495 517 1638 571 sunt,
1674 509 1723 560 in
1756 507 2023 561 attributis
2068 524 2230 578 nego-

653 605 727 655 tio
754 602 1059 675 constituat.
1102 600 1168 652 Et
1206 601 1426 667 primum
1458 599 1670 666 quidem
1700 614 1764 650 ex
1792 598 2229 663 circumstantiis,

652 709 769 761 qua:
818 702 899 746 est
943 692 1095 762 quis,
1144 707 1302 760 quam
1353 706 1595 759 persona:
1647 690 1923 756 attribuit,
1977 698 2125 741 secat
2180 691 2233 742 in

653 783 895 837 undecim
932 792 1140 849 partes:
1175 796 1395 845 nomen,
1426 791 1481 832 ut
1512 779 1737 843 Verres;
1771 789 1982 843 natura,
2013 788 2069 830 ut
2112 778 2239 829 bar—'

618 938 619 941 η
650 873 842 931 laurus;
870 872 1063 937 vietus,
1090 882 1146 923 ut
1168 873 1372 923 amicus
1398 870 1686 937 nobilium;
1718 874 1948 935 Iortuna,
1969 877 2024 921 ut
2048 868 2230 931 dives;

649 964 904 1024 studium,
936 974 991 1016 ut
1040 963 1420 1033 geometricas;
1453 975 1631 1026 casus,
1664 970 1719 1013 ut
1764 962 1952 1024 exstil;
1982 959 2225 1022 affectio,

650 1066 705 1107 ut
752 1068 965 1119 amans,-
999 1055 1232 1119 habitus,
1280 1061 1335 1106 ut
1387 1054 1631 1120 sapiens;
1671 1051 1987 1116 consilium;
2020 1061 2077 1105 ut
2127 1053 2234 1105 imo

649 1160 769 1214 age,
802 1160 925 1199 care
974 1154 1147 1213 pater,
1175 1144 1371 1200 cervici
1413 1144 1690 1212 imponere
1734 1152 1963 1208 nostrai;
1993 1142 2150 1205 facta,
2178 1152 2236 1198 ut

649 1226 1023 1292 Orationesbae
1050 1253 1168 1305 quae
1190 1246 1339 1290 extra
1384 1236 1513 1289 illud
1545 1236 1741 1288 factum
1772 1236 2080 1305 dictumque
2109 1246 2234 1291 sunt

650 1330 789 1398 quod
822 1346 959 1382 nunc
996 1331 1045 1383 in
1073 1328 1331 1398 judicium
1375 1339 1622 1381 vocatur.
1812 1382 1817 1385 .

718 1425 774 1477 ‘2.
807 1425 1054 1491 Reliquas
1093 1438 1221 1477 vero
1263 1421 1718 1487 circumstantias,
1745 1437 1862 1491 qua:
1907 1432 2033 1474 sunt
2081 1422 2231 1490 quid,

648 1531 765 1577 cur,
793 1514 1025 1582 quando,
1057 1513 1168 1577 ubi,
1205 1512 1494 1580 quomodo,
1532 1510 1727 1580 quibus
1776 1511 2010 1578 auxiliis,
2045 1511 2094 1563 in
2150 1520 2232 1564 at-

648 1613 858 1665 tributis
882 1612 1093 1678 negotio
1117 1609 1286 1677 ponit.
1311 1608 1447 1673 Quid
1472 1616 1525 1660 et
1549 1622 1648 1660 cur
1670 1605 1871 1669 dicens,
1904 1607 2232 1660 continentia

647 1717 767 1755 cum
817 1701 931 1767 ipso
980 1701 1192 1768 negotio
1222 1700 1272 1750 in
1304 1713 1462 1751 causa
1506 1698 1858 1750 constituens.
1922 1698 2058 1762 Quid
2103 1714 2234 1751 vero

2336 521 2419 564 est
2449 513 2776 567 contineant.
2830 515 2885 567 lu
2918 518 3167 571 omnibus
3214 521 3358 574 enim
3412 533 3644 591 tempus,
3676 530 3922 592 occasio.

2336 602 2502 665 locus,
2539 604 2750 669 modus,
2786 605 3010 660 facultas
3071 609 3374 677 inquiritur.
3428 612 3635 669 Rursus
3680 619 3805 671 dum
3839 624 3923 683 tit,

2337 694 2529 748 factum
2579 704 2661 750 cst
2700 713 2805 765 quo
2850 700 3279 755 administratum
3329 714 3412 758 est
3465 710 3758 777 negotium.
3792 714 3927 779 Quae

2336 801 2463 839 vero
2508 798 2632 840 sunt
2679 787 2730 841 in
2780 790 3021 857 gestione
3073 794 3292 862 negotii,
3325 810 3428 848 non
3472 810 3596 851 sunt
3644 801 3927 860 [πελεντά

2336 874 2476 929 facto
2504 878 2853 941 adhaerentia,
2878 890 2933 933 et
2952 882 3348 949 quodammodo
3375 886 3614 957 subjecta
3643 892 3744 958 ipsi
3778 897 3924 962 quod

2336 975 2541 1035 gestum
2573 979 2653 1021 est
2682 970 2916 1039 negotio.
2944 974 3184 1041 Amplius
3208 989 3271 1027 ea
3298 991 3418 1044 quae
3448 990 3571 1032 sunt
3600 980 3653 1033 in
3681 986 3927 1050 gestione

2338 1057 2532 1125 negotii
2595 1058 2711 1111 sine
2765 1059 2847 1111 his
2900 1076 3018 1128 quzc
3076 1073 3203 1115 sunt
3250 1066 3576 1129 continentia
3637 1086 3761 1124 cum
3804 1074 3926 1141 ipso

2338 1150 2553 1217 negotio
2602 1166 2726 1205 esse
2769 1164 3013 1221 possunt.
3066 1156 3158 1209 Illa
3190 1174 3317 1212 vero
3348 1161 3465 1215 sine
3498 1171 3523 1198 ι
3556 1164 3639 1217 bis
3661 1181 3783 1220 esse
3812 1185 3928 1224 non

2340 1255 2561 1309 possunt
2590 1244 2878 1309 :adjuncta
2915 1261 3041 1299 vero
3072 1250 3305 1316 negotio,
3354 1250 3473 1318 ipsa
3504 1270 3713 1325 quoque
3755 1260 3925 1316 tideu‘i

2338 1332 2536 1386 faciunt
2593 1338 2895 1401 quzest'oui.
2979 1338 3116 1393 Sunt
3164 1353 3345 1397 autem
3392 1360 3454 1399 ea
3523 1351 3930 1413 quodammodo

2337 1420 2523 1475 eichta
2573 1434 2625 1477 et
2672 1425 2845 1492 respic
2869 1428 3009 1480 entia
3066 1432 3339 1499 negotium
3400 1437 3543 1503 quod
3591 1440 3761 1506 agitur
3820 1436 3928 1496 line

2338 1515 2518 1567 modo.

2407 1607 2461 1660 4.
2506 1609 2636 1663 Nam
2674 1611 3094 1670 circumstantia:
3139 1628 3344 1687 septem
3390 1623 3442 1676 in
3476 1626 3750 1684 attributis
3795 1646 3923 1700 per-

2336 1713 2482 1752 sonae
2526 1702 2610 1754 vel
2656 1706 2868 1772 negotio
2916 1720 3210 1763 numerata:
3250 1722 3401 1768 sunt.
3458 1716 3583 1783 llaec
3633 1719 3754 1772 cum
3803 1723 3921 1776 aiis

643 1806 834 1845 secans
865 1791 918 1843 in
956 1800 1180 1857 quatuor
1233 1798 1444 1856 partes:
1480 1788 1534 1839 in
1583 1802 1844 1840 summam
1876 1786 2022 1850 facti,
2053 1797 2107 1839 ttt
2137 1804 2229 1856 pa-
2259 1815 2307 1872 Β
2334 1794 2597 1860 coeperint
2623 1800 2923 1867 comparari
2946 1811 2998 1855 et
3023 1806 3175 1871 quasi
3206 1806 3258 1858 iu
3291 1810 3681 1867 revelationem
3710 1819 3916 1881 venire,

649 1884 814 1937 rentis
855 1883 1083 1946 occisio;
1119 1892 1242 1935 ante
1288 1882 1503 1945 factum,
1533 1891 1590 1934 ut
1628 1883 1871 1934 concitus
1911 1882 2085 1949 rapuit
2112 1884 2226 1951 gla-

642 1978 824 2040 dium;
852 1979 974 2030 dum
1024 1977 1099 2043 ﬁt,
1134 1977 1482 2030 vehementer
1532 1974 1828 2043 percussit;
1860 1986 1973 2041 post
2008 1973 2088 2028 fac
2117 1991 2225 2040 um,

644 2046 924 2121 in‘abdito
968 2068 1233 2135 sepelivit.
1298 2067 1432 2133 Qua:
1481 2065 1657 2119 omnia
1706 2080 1826 2119 cum
1870 2066 1996 2128 sint,
2050 2075 2226 2119 tamen

638 2163 892 2229 quoniam
922 2162 985 2214 ad
1018 2174 1224 2230 geStum
1256 2159 1529 2229 negotium
1578 2158 1647 2211 de
1686 2173 1793 2227 quo
1822 2158 2078 2227 quaeritur
2105 2173 2227 2225 pcr-

638 2254 831 2315 tiuent,
859 2268 965 2304 non
997 2260 1126 2304 sunt
1152 2267 1211 2304 ea
1245 2250 1379 2305 facta
1411 2265 1528 2318 qua:
1578 2249 1629 2303 in
1675 2248 1941 2303 attiibutis
1983 2263 2225 2316 personae

643 2342 931 2408 pertinent,
964 2341 1046 2395 vel
1080 2350 1360 2394 numerata
1405 2347 1550 2393 sunt.
1584 2338 1673 2390 llla
1703 2337 1847 2391 enim
1881 2346 2031 2391 extra
2064 2351 2227 2406 nego-

639 2437 770 2490 tium
818 2435 885 2489 de
934 2449 1038 2502 quo
1086 2434 1258 2501 agitur
1291 2433 1484 2501 posita,
1518 2445 1799 2499 personam
1856 2428 2220 2495 informantia,

639 2528 797 2582 tidem
824 2527 875 2580 ei
907 2525 1115 2595 negotio
1142 2533 1397 2594 praestant
1422 2524 1490 2577 de
1535 2538 1640 2590 quo
1669 2530 1914 2575 versatur
1955 2522 2181 2575 intentio
2206 2539 2220 2574 :

642 2621 757 2672 tiret:
801 2633 928 2673 vero
960 2600 1096 2671 facta
1129 2632 1247 2685 quae
1293 2615 1620 2669 continentia
1655 2620 1781 2667 sunt
1818 2628 1939 2667 cum
1982 2612 2101 2682 ipso
2132 2627 2222 2666 ue-

642 2712 806 2780 gotio,
830 2709 893 2763 ad
920 2709 1093 2776 ipsum
1125 2710 1393 2777 negotium
1424 2707 1490 2759 de
1512 2720 1617 2775 quo
1640 2707 1898 2774 qumritur
1931 2706 2220 2773 pertinent.

644 2803 948 2855 Postremas
980 2816 1108 2853 vero
1139 2808 1370 2867 quatuor
1396 2798 1827 2851 circumstantias
1852 2796 2040 2851 Cicero
2072 2798 2220 2865 ponit

639 2894 690 2946 in
722 2893 962 2964 gestione
1006 2890 1227 2961 negetii,
1256 2905 1376 2959 quae
1425 2899 1507 2943 est
1548 2889 1782 2943 secunda
1836 2903 1957 2955 pars
1998 2888 2222 2941 attribu-

640 2991 813 3036 torum
838 2981 1081 3052 negotiis.
1112 2982 1176 3033 Et
1198 2995 1316 3033 eam
1340 2980 1552 3048 quidem
1582 2979 2066 3042 circumstantiam,
2098 2994 2219 3046 qua:

638 3082 721 3128 est
765 3073 999 3142 quando,
1033 3074 1218 3125 dividit
1248 3074 1300 3126 in
1333 3081 1564 3141 tempus,
1602 3085 1657 3125 ut
1693 3082 1850 3126 nocte
1899 3071 2052 3135 fecit;
2081 3082 2134 3125 et
2165 3073 2215 3124 in

2334 1883 2467 1936 ﬁunt
2496 1894 2585 1938 aut
2615 1900 2806 1954 genus,
2837 1900 2926 1941 aut
2955 1905 3099 1957 pars,
3128 1902 3220 1947 aut
3248 1900 3605 1963 contrarium,
3635 1914 3725 1957 attt
3749 1922 3916 1961 even~

2332 1984 2438 2038 tus.
2490 1985 2581 2030 aut
2633 1979 2827 2047 majus,
2868 1990 2962 2034 aut
3003 1985 3209 2047 minus,
3260 1998 3353 2039 aut
3400 1989 3601 2057 simile,
3642 2004 3733 2047 aut
3763 2012 3917 2066 {nque

2332 2083 2603 2139 magnum,
2631 2084 2721 2126 aut
2762 2075 3111 2141 disparatum.
3149 2080 3272 2134 Hice
3301 2082 3481 2151 itaque
3519 2088 3769 2143 accidunt
3811 2093 3915 2146 cir-

2328 2164 2682 2229 cumstantiis,
2713 2182 2831 2233 qua;
2864 2168 2916 2220 in
2961 2170 3230 2224 attributis
3261 2175 3597 2242 negotiorum
3632 2191 3909 2234 numerata

2330 2263 2486 2317 sunt;
2519 2264 2573 2305 ut
2614 2258 2739 2309 dum
2790 2258 2912 2312 aliis
2952 2272 3352 2328 comparantur,
3404 2280 3685 2324 sumantur
3717 2287 3783 2326 ex
3821 2274 3907 2324 his

2329 2352 2641 2409 argumenta
2690 2345 2809 2399 tacti
2840 2348 3057 2407 dictive.
3091 2351 3234 2418 quod
3278 2351 3330 2405 iu
3357 2353 3618 2420 judicium
3663 2371 3904 2415 vocatur.

2331 2429 2537 2485 Distant
2558 2445 2733 2488 autem
2778 2439 3165 2505 superioribus,
3190 2443 3331 2509 quod
3364 2447 3627 2513 superiora
3656 2451 3737 2503 vel
3762 2451 3904 2505 facta

2326 2525 2694 2589 continebant,
2724 2527 2806 2581 vel
2853 2529 3004 2582 tactis
3052 2532 3122 2585 ita
3171 2535 3535 2600 adbmrebant,
3565 2550 3620 2591 ut
3661 2545 3906 2609 separari

2326 2627 2430 2665 non
2464 2626 2716 2683 possent;
2765 2629 2818 2670 ut
2874 2619 3039 2685 locus,
3075 2633 3305 2690 tempus,
3341 2635 3396 2679 et
3436 2639 3623 2682 czetera
3662 2646 3781 2699 quae
3812 2647 3908 2701 ge-

2323 2709 2463 2756 stum
2510 2706 2777 2773 negotium
2828 2723 2931 2761 non
2978 2713 3251 2765 omittunt.
3303 2714 3428 2769 llmc
3457 2731 3585 2770 vero
3632 2732 3749 2786 quae
3776 2730 3907 2772 sunt

2323 2792 2570 2861 adjuncta
2615 2797 2853 2864 negotio,
2889 2815 2993 2852 non
3043 2804 3310 2857 inhaerent
3351 2808 3588 2875 negotio,
3624 2810 3719 2863 sed
3761 2810 3904 2863 acci-

2322 2887 2455 2939 dunt
2508 2890 2922 2944 circumstantis
2970 2909 2982 2942 :
3029 2903 3083 2947 et
3145 2884 3253 2948 tum
3310 2896 3525 2950 demum
3593 2910 3903 2969 argumenta

2324 2987 2607 3045 praestant,
2641 2995 2761 3032 cum
2795 2981 2843 3033 in
2875 2983 3331 3046 comiiaratiouem
3384 2990 3633 3041 venerint
3677 3004 3740 3043 ea
3785 3005 3900 3059 qua:

2322 3068 2570 3136 adjuncta
2599 3081 2723 3123 sunt
2763 3073 2995 3140 negotio.

637 3166 994 3231 occasionem,
1021 3175 1080 3217 ut
1127 3164 1335 3218 cunctis
1379 3163 1791 3217 dormientibus.
1850 3161 1947 3215 Ubi
1979 3176 2106 3214 vero
2147 3177 2212 3214 ex
2248 3182 2292 3240 ο
2394 3162 2448 3213 5.
2475 3161 2768 3215 Sumuntur
2796 3179 2921 3218 vero
2946 3177 3255 3235 argumenta
3279 3184 3385 3223 non
3409 3186 3472 3224 ex
3497 3172 3899 3239 contrarietate,

636 3259 1048 3313 circumstantiis
1072 3259 1248 3311 locum
1273 3256 1418 3319 dicit,
1454 3265 1509 3310 ut
1538 3255 1590 3308 iu
1632 3255 1877 3309 cubiculo
1906 3254 2048 3308 fecit.
2075 3254 2217 3319 Quo-

640 3350 799 3403 modo
827 3365 977 3413 vero,
1007 3366 1071 3403 ex
1101 3349 1519 3403 circumstantiis
1549 3347 1789 3409 modum,
1822 3357 1879 3399 ut
1903 3347 2038 3399 clam
2072 3346 2214 3399 fecit.

635 3442 838 3507 Quibus
861 3441 1173 3504 auxiliis,ex
1196 3440 1611 3493 circumstantiis
1634 3439 1939 3492 facultatem
1961 3439 2212 3507 appellat,

639 3542 695 3584 ut
721 3546 838 3583 cum
872 3532 1037 3583 multo
1062 3532 1320 3585 exercitu.

704 3627 762 3678 5.
797 3623 899 3678 Sed
943 3640 1007 3675 ne
1036 3624 1085 3675 id
1110 3623 1249 3691 quod
1280 3624 1476 3676 dictum
1509 3633 1589 3677 est
1617 3623 1742 3677 dum
1775 3624 1853 3685 iit,
1888 3622 2027 3676 idem
2063 3637 2213 3691 pu'e—

634 3722 719 3767 tur
763 3727 881 3766 esse
927 3721 981 3766 et
1028 3713 1079 3766 id
1125 3713 1264 3782 quod
1309 3723 1391 3766 est
1440 3714 1491 3765 in
1537 3714 1781 3782 gestione
1828 3713 2047 3783 negotii,
2098 3713 2212 3767 lucc

632 3804 888 3859 discretio
918 3812 1022 3867 est,
1055 3805 1193 3870 quod
1244 3804 1368 3856 dum
1416 3804 1474 3857 tit
1525 3802 1654 3856 illud
1698 3815 1782 3857 est
1810 3804 1951 3872 quod
1983 3819 2048 3856 eo
2080 3813 2213 3857 tem-

632 3910 761 3965 pore
807 3894 1097 3948 admissum
1146 3905 1229 3950 est
1273 3896 1397 3948 dum
1464 3893 1670 3948 facinus
1737 3903 2110 3963 perpetratur,
2155 3903 2212 3945 ut

634 3985 922 4053 percussio.
964 3983 1019 4037 ln
1065 3985 1307 4054 gestione
1353 4000 1481 4040 vero
1509 3984 1710 4055 negotii
1742 4000 1804 4039 ea
1851 3994 1979 4038 sunt
2016 4001 2132 4055 qua:
2158 3994 2212 4039 et

714 4123 740 4151 ο
770 4114 928 4168 Deest
947 4115 1054 4167 sine
1084 4114 1133 4167 in
1162 4112 1284 4167 cod.

2324 3250 2416 3303 sed
2465 3266 2527 3304 ex
2578 3264 2762 3305 contra
2799 3254 2883 3317 io;
2916 3264 2968 3307 et
3023 3272 3126 3309 non
3171 3275 3239 3312 ex
3283 3259 3657 3329 similitudine,
3708 3264 3798 3317 sed
3837 3279 3900 3319 ex

2322 3341 2511 3401 simili;
2545 3350 2602 3394 ut
2633 3352 2884 3413 appareat
2916 3360 2983 3398 ex
3018 3350 3348 3403 revelatione
3389 3354 3528 3405 sumi
3558 3364 3896 3423 argumenta,

2323 3430 2662 3498 illatijtlnCliS
2715 3437 2957 3502 negotio;
2986 3446 3040 3490 et
3088 3452 3150 3491 ea
3204 3454 3326 3493 esse
3373 3442 3623 3509 adjuncta
3655 3448 3893 3515 negotio,

2320 3539 2437 3592 qua:
2480 3535 2604 3577 sunt
2634 3525 2699 3577 ad
2741 3526 2914 3594 ipsum
2948 3530 3014 3582 de
3040 3544 3143 3597 quo
3173 3532 3350 3600 agitur
3378 3534 3650 3602 negotitun
3686 3535 3894 3590 affecta.

2319 3615 2639 3669 Consecutio
2687 3632 2818 3670 vero
2863 3634 3035 3688 neque
3084 3621 3135 3673 in
3184 3623 3312 3689 ipsis
3345 3624 3483 3677 inest
3514 3625 3701 3690 rebus,
3728 3642 3898 3695 neque

2318 3722 2381 3759 ex
2412 3708 2809 3775 comparatione
2841 3711 3133 3778 reperitur;
3164 3713 3255 3765 sed
3287 3729 3397 3767 retu
3430 3730 3635 3784 geStam
3685 3717 3768 3771 vel
3798 3733 3897 3770 au-

2321 3796 2613 3851 leccdeutia
2644 3811 3044 3870 consequuntur
3071 3805 3152 3856 vel
3183 3808 3516 3862 comitantia.
3552 3810 3619 3862 Et
3646 3809 3893 3877 quoniam

2318 3890 2488 3944 facilis
2518 3905 2701 3945 eorum
2747 3894 2984 3947 locorum
3032 3906 3113 3949 est
3152 3897 3430 3967 discretio,
3465 3911 3744 3957 tractatum
3786 3900 3893 3955 huc
3933 3930 3939 3935 -

2319 3998 2485 4052 usque
2514 3985 2785 4038 constitui.
2819 3978 3070 4056 Explicit.

694 4247 3871 4296 Μᾙ-ᾙ--ᾑ

3365 4287 3374 4288 κ
3433 4287 3448 4288 γ
3609 4287 3614 4288 ,
3687 4287 3869 4291 κηὴ

1074 4538 1097 4557 γ’
1771 4381 2733 4495 ΔΡΡΕΝΒῙΧ

1022 4573 1206 4683 AD
1297 4570 1747 4684 OPERA
1843 4569 2876 4689 PHILOSOPHICA
2982 4581 3499 4696 BOETII.

1585 4852 1759 4923 AN.
1847 4853 2187 4924 MANL.
2267 4854 2493 4925 SEV.
2571 4855 2934 4929 BOETII

1344 5017 1502 5097 DE
1604 5015 2255 5098 DISCIPLINA
2338 5018 3148 5107 SCHOLARIUM.

2094 5159 2431 5169 —————.

1199 5236 1609 5320 PRQOEallUnM:
1662 5307 1672 5320 _
1743 5306 1755 5317 ο
1905 5307 1959 5320 ἢ.
2031 5306 2041 5317 .
2088 5306 2121 5320 μ
2186 5288 2187 5291 η
2233 5240 2284 5297 D
2313 5252 2531 5320 necnon
2564 5236 2789 5320 aliorum
2830 5240 3264 5320 philosophorum
3306 5249 3587 5309 editiones.
3636 5252 3873 5320 proprio-

697 5316 890 5390 Vestra
930 5312 1074 5366 novit
1124 5311 1349 5390 intentio
1401 5309 1467 5362 de
1514 5306 1849 5390 Scltolarium
1905 5306 2192 5389 Disciplina
2310 5324 2411 5374 que
2439 5316 2765 5390 attenuatus
2806 5306 3003 5390 studio,
3039 5306 3388 5390 i-tinltumani
3422 5306 3871 5390 registcbtlibmm

613 5384 1048 5454 compendiosum
1076 5382 1343 5455 postulare
1361 5378 1891 5455 _tractatum,_uti_nam
1916 5379 2189 5455 a‘spiritus
2305 5380 2544 5455 cruciatu
2567 5393 2646 5429 et)!
2664 5394 2837 5443 rosus,
2866 5385 3231 5451 philosophice
3256 5404 3340 5440 me
3365 5378 3725 5455 prmveniente
3751 5408 3874 5445 cou-

614 5462 714 5511 mei
742 5449 1027 5525 parvimm’
1058 5449 1214 5521 pro“,
1240 5451 1457 5503 facultas
1479 5451 1733 5528 ειξρροάι,
1765 5449 2068 5528 ingeniique
2097 5450 2191 5502 de-
2306 5449 2870 5528 solattt,_extt'em:tque
2896 5449 3167 5528 profunda:
3192 5449 3465 5515 Trinitatis
3485 5468 3870 5528 perstiittaltone

610 5519 848 5589 olivitas,
877 5519 1339 5589 terumnaruiuque
1368 5520 1652 5595 tenacitas,
1676 5521 1861 5595 annois
1912 5531 2124 5595 vestris,
2157 5536 2190 5571 o
2301 5519 2657 5595 permollitus,
2690 5520 2999 5595 Quiduenim
3031 5531 3431 5595 gymnasiorum
3468 5519 3705 5586 exercitu
3746 5534 3869 5586 luci-

613 5598 891 5670 lilartiaite,
925 5588 1266 5661 petitionib-is
1308 5594 1911 5670 tentaboacquieseere.
1964 5591 2029 5644 Et
2062 5590 2184 5642 licet
2296 5590 2416 5670 dius
2459 5588 2696 5670 quamiu
2738 5588 3083 5670 artitiirialiet
3111 5602 3333 5652 naturali
3365 5605 3736 5670 progressione
3776 5605 3867 5655 de-

611 5667 803 5731 duplit-i
837 5658 1030 5741 genere
1050 5674 1483 5741 commentorttin
1501 5663 1599 5713 sim
1629 5660 2074 5741 itupeditustnon
2103 5670 2182 5741 tia-
2297 5658 2689 5741 bitaucognitio,
2718 5670 2771 5713 et
2795 5678 2955 5741 quam
2981 5667 3167 5721 virium
3202 5658 3565 5739 ititelli'getrtim
3603 5672 3866 5741 gradualis

612 5729 733 5785 tuen
792 5733 1009 5785 outniuo
1059 5732 1426 5796 diversorum,
1472 5732 1522 5785 in
1564 5730 1818 5800 quasdam
1875 5731 2177 5785 Aristotelis
2292 5730 2584 5783 exlnibitio!
2632 5729 2961 5800 Eloqucutite
2987 5752 3131 5791 enim
3165 5751 3342 5808 partes
3370 5729 3870 5799 ὅροεηιίυεη-ιωεὶα.
