4274 6272
641 284 672 337 ’1
683 284 782 337 2⁸27

1492 275 1829 330 APPENDIX
1871 277 1960 332 AD
1999 277 2220 332 OPEM
2271 279 2758 334 PHILOSOPHICA
2804 281 3048 336 ΒΟΕΤΙΙ.

3741 279 3912 337 ἹΞέτς

637 398 865 449 ‘cilitale.
902 394 1166 462 Attcntns,
1201 389 1438 462 inquam,
1467 388 1742 462 exercitio,
1769 389 2209 462 docilisingenio,
2245 393 2290 450 Λ
2319 391 2679 462 deteriorque.
2711 391 2959 444 interitus
2983 399 3161 444 autem
3197 389 3548 458 llyaciutinus
3575 396 3781 447 eunetis
3809 412 3907 462 pi-

649 464 938 520 bcucvolns
966 461 1166 514 animo.
1201 461 1468 522 Attentus,
1503 460 1740 525 inquam,
1773 459 1836 511 ad
1861 461 2209 527 audiendum,

647 534 837 589 docilis
868 533 931 584 ad
975 529 1406 599 intelligendum,
1438 529 1730 582 benevolus
1759 529 1826 582 ad
1853 531 2210 585 retinendum.

647 606 749 658 Ista
779 615 903 657 vero
934 602 1031 654 tria
1054 600 1118 653 ad
1143 600 1521 668 perfectionem
1550 609 1874 653 concurrunt
1907 602 2208 668 permutati.

647 673 760 728 Non
803 674 1068 727 sitautem
1101 669 1361 740 scholaris
1405 670 1676 740 dyscolus.
1715 669 1913 740 Dicitur
1943 679 2092 740 enim”
2116 673 2212 740 dy-

647 743 824 798 scolus
848 741 998 809 quasi
1036 755 1064 792 a
1097 739 1277 792 schola
1327 739 1432 790 divi
1469 750 1548 809 us.
1591 739 1783 790 Schola
1827 739 1967 792 cnim
2001 739 2206 804 Grrece,

644 814 837 868 dicitur
860 807 1066 864 vacatio
1088 809 1294 872 Latine;
1321 809 1443 861 inde
1463 807 1732 874 dyscolus,
1756 809 1908 875 quasi
1934 811 2209 863 vacatione

643 883 865 939 divisus.
897 880 1150 949 Dyscolus
1167 889 1340 932 autem
1377 877 1570 932 dicitur
1601 879 1686 930 ille
1715 880 1813 949 qui
1835 878 2084 949 discurrit
2113 895 2205 946 per

644 957 813 1016 vicos,
833 961 886 1005 et
914 947 1133 1018 plateas,
1158 959 1211 1002 et
1234 949 1502 1007 tabernas,
1523 957 1575 1000 et
1604 947 1941 1018 meretricum
1965 948 2206 1009 cellulas,

645 1039 741 1093 per
764 1016 970 1090 tublica
1011 1033 1137 1093 spec
1162 1019 1342 1079 acula,
1399 1033 1492 1084 per
1540 1032 1762 1093 pompas
1787 1029 1838 1069 et
1865 1016 2122 1093 choreas,
2156 1030 2210 1071 et

645 1087 739 1161 per
766 1087 1236 1161 comessationes,
1267 1099 1321 1140 et
1371 1103 1463 1161 per
1505 1087 1742 1153 p..blicas
1776 1101 1988 1161 omnes,
2013 1097 2068 1161 et
2108 1088 2208 1142 hoc

644 1156 792 1232 vagis
820 1161 1019 1222 oculis,
1065 1170 1118 1232 et
1164 1156 1622 1232 eli‘rcita__liugn_a,
1675 1157 1929 1232 petulanti
1983 1156 2164 1232 animo
2191 1199 2205 1221 ,

643 1225 788 1287 νιιῙιιι
820 1230 1196 1297 incomposito,
1228 1226 1476 1279 omnibus
1522 1226 1602 1278 his
1633 1225 1815 1278 schola
1851 1228 2204 1294 postponitur.

643 1305 882 1368 Quodam
911 1314 1037 1354 vero
1080 1306 1319 1368 tempore
1358 1310 1477 1349 cum
1500 1310 1665 1368 causa
1687 1297 2204 1368 _sanitatis_recupe-

641 1365 839 1436 randze,
871 1382 926 1425 et
947 1369 1018 1423 ob
1046 1367 1184 1421 aeris
1231 1365 1623 1436 intemperiem,
1657 1365 1897 1431 ritusque
1935 1365 2204 1436 Gallorum

641 1434 844 1498 facetos
867 1450 1333 1504 matronarumque
1363 1437 1477 1504 pios
1501 1434 1708 1498 aliatus,
1758 1449 1856 1488 nos
1885 1436 1949 1489 ad
1979 1434 2202 1490 Galliam

641 1512 1123 1572 transtulissemus,
1161 1507 1353 1559 multos
1409 1504 1655 1572 dyscolos
1681 1545 1693 1566 ,
1727 1516 1781 1556 ut
1830 1506 2166 1558 meminimus
2190 1549 2204 1570 ,

637 1582 754 1636 visu
779 1577 1178 1648 percepimusin
1209 1575 1422 1648 civitate
1443 1573 1564 1626 Julii
1594 1574 1824 1626 Catsaris
1851 1589 1968 1641 qua:
2000 1575 2202 1648 Lutetia

639 1643 961 1706 Parisiorum
990 1646 1286 1700 dicebatur.
1315 1643 1501 1698 Multos
1525 1651 1702 1695 autem
1727 1653 1869 1698 artes
1899 1646 2203 1699 mendicare

637 1720 1028 1789 prospeximus,
1069 1715 1224 1768 nullis
1253 1715 1330 1789 eis
1361 1714 1547 1789 pocula
1587 1712 1930 1789 philosophize
1971 1715 2198 1789 admini-

636 1783 947 1850 stratitibus,
992 1786 1262 1852 ﬂavusque
1291 1784 1532 1836 Britones
1564 1783 1722 1836 studii
1772 1785 1942 1850 pretio
1980 1783 2198 1839 Romam

633 1867 998 1915 commeantes
1018 1856 1247 1924 graviter
1279 1852 1763 1924 indoluimuquuia
1794 1853 2199 1909 Atheniensium

634 1927 932 1984 scintillulis
955 1921 1176 1978 minime
1207 1922 1580 1992 pascebantur;
1609 1921 1846 1992 Tandem
1874 1934 2048 1977 autem
2078 1925 2199 1979 Gal.

633 2000 733 2054 lica
757 1999 934 2066 lingua
957 1994 1187 2066 Graecari
1215 1991 1704 2066 irrumperuntrQuo
1728 1995 1738 2042 I
1762 1993 1804 2044 .i
1831 1993 2030 2066 aliquid
2057 1995 2198 2048 aliut

634 2083 793 2135 quam
818 2060 1057 2121 tortuosa
1077 2060 1606 2118 voluminaLucrelii
1632 2064 1679 2113 in
1712 2060 1945 2135 partibus
1980 2067 2090 2117 suis
2124 2067 2200 2118 in-

633 2134 925 2198 venissent,
949 2135 1174 2190 consilio
1197 2141 1380 2186 nostro
1421 2146 1527 2185 non
1555 2142 1757 2184 tantum
1793 2134 1972 2197 operis
2026 2136 2198 2201 perdi-

633 2210 857 2262 dissent.
889 2203 1188 2260 Germanici
1213 2202 1406 2255 furoris
1435 2215 1628 2269 paucos
1657 2203 1981 2268 inSpexitntIS
2010 2205 2197 2258 intitn-

631 2279 751 2333 lari.
784 2277 1000 2345 Magica:
1029 2285 1206 2328 autem
1235 2271 1677 2345 delusiouis‘artc
1709 2271 1776 2325 de
1808 2272 1981 2345 Iberia
2003 2276 2197 2328 multos

634 2341 1237 2413 vidimus'magistrari.
1268 2343 1338 2413 De
1388 2341 1580 2413 nostris
1635 2351 1809 2413 auten
1857 2343 2196 2410 lippientibus

631 2427 778 2486 patet
813 2427 866 2471 et
892 2410 1378 2486 convulsisocnlis.
1412 2411 1514 2466 Sed
1563 2410 1674 2486 hrec
1707 2412 2064 2486 hactenusde
2095 2415 2194 2485 dy-

631 2481 776 2540 scolo
827 2486 1110 2540 snfticiant.
1163 2481 1239 2536 Ne
1280 2481 1349 2534 sit
1377 2492 1558 2551 autem
1599 2481 1890 2551 discipulus
1935 2481 2196 2539 violentus

631 2571 755 2625 erga
780 2555 1106 2628 magistrum.
1130 2550 1606 2628 Violentiaiautem
1638 2550 1859 2628 Albitius
1877 2551 2025 2628 Albei
2055 2554 2195 2608 lilitls

632 2621 889 2693 procedat
906 2627 956 2676 in
982 2623 1313 2693 exemplum,
1342 2621 1431 2693 q'ni
1463 2636 1580 2673 cum
1607 2631 1752 2675 esset
1783 2622 1921 2676 lilius
1942 2622 2193 2693 dilectio-

631 2691 734 2764 ius,
766 2697 932 2764 magis
961 2707 1091 2764 vero
1122 2691 1446 2764 infelicitatis
1473 2705 1717 2758 praecurs'
1746 2707 1791 2764 r,
1815 2692 2069 2764 magistro
2096 2710 2193 2748 suo
2225 2752 2233 2761 ,

628 2763 801 2820 Grillo.
827 2760 1142 2832 quandoque
1172 2760 1502 2832 balbutienti
1532 2775 1718 2814 manus
1755 2761 2192 2832 injecitscelera-

628 2846 733 2899 tas,
765 2849 827 2887 ac
848 2831 1102 2888 canitiem
1135 2831 1250 2900 eius
1293 2831 1650 2885 venerabilem
1689 2832 1828 2886 fosile
1857 2831 2048 2899 pedum
2083 2851 2192 2888 ina-

627 2905 824 2960 culavit
855 2917 1094 2959 accessu.
1127 2903 1256 2968 Qua:
1302 2901 1432 2972 tanti
1463 2901 1680 2954 sceleris
1707 2916 1863 2954 causa
1907 2901 2020 2972 fuit,
2045 2907 2187 2972 -quia

627 2976 692 3030 ad
725 2975 948 3046 primam
979 2972 1119 3027 aeris
1150 2971 1552 3046 itti|:_l'cSSi0lic_fil
1582 2981 1745 3046 totam
1766 2971 2009 3046 nequivit
2041 2971 2190 3046 com-

625 3040 957 3114 prehendere
995 3040 1466 3114 constitntionem._
1497 3041 1633 3093 Proh
1671 3041 1927 3114 dedecus.
1972 3043 2102 3114 proh
2134 3046 2189 3097 lit

2324 470 2396 512 tet
2419 472 2469 512 ιιι
2499 461 2740 514 Jovmns.
2767 462 2832 512 Et
2860 463 2985 513 alibi
3017 463 3313 512 meret'icis
3341 462 3476 513 labia
3507 465 3682 516 favum
3715 461 3902 520 distri—

2320 532 2426 582 laut
2451 571 2462 589 ,
2496 530 2587 582 sed
2632 530 2952 582 absinthium
2986 529 3102 596 ejus
3129 531 3418 583 no.is.sima
3451 534 3892 589 stthmi..istrant.

2317 600 2807 670 Contcssatiouibus
2869 611 2923 651 et
2984 601 3335 652 ebrietatibus
3387 604 3626 660 secunda
3688 610 3905 670 species

2327 669 2554 720 luxurie
2577 669 2786 724 dotata.
2829 670 3168 736 permutatim
3204 680 3451 736 tanquam
3482 687 3579 724 can
3613 688 3641 725 a
3670 669 3732 724 ad
3767 689 3902 727 can-

2313 747 2484 789 satum
2508 754 2626 789 cum
2657 739 2905 801 prmiticta
2929 739 3122 805 gaudet
3147 739 3418 792 sustineri.
3449 738 3672 809 Propter
3695 747 3901 798 coitum

2313 811 2452 859 enim
2507 809 2562 858 lit
2591 812 2823 860 eLrietas
2877 809 3122 870 relative,
3148 823 3351 862 necnon
3384 820 3438 863 et
3467 823 3786 866 caete-rerum
3815 820 3898 866 vi-

2316 877 2506 928 tiorum
2537 893 2752 943 genera.
2781 876 2969 930 Vinum
2993 890 3170 931 autem
3198 881 3405 932 modice
3435 894 3705 946 sumptum
3737 885 3901 937 intel-

2315 947 2475 998 lecuti
2509 948 2717 999 videtur
2746 947 2996 1001 coniferre
3025 963 3248 1001 acumen
3279 992 3295 1014 ,
3319 965 3426 1002 non
3456 962 3632 1004 autent
3679 957 3900 1009 modice

2312 1027 2578 1085 sumptum
2611 1025 2870 1069 rationem
2909 1020 3211 1086 perturbat,
3267 1021 3598 1072 intel-I‘ectuin
3634 1024 3843 1076 hebetat
3875 1069 3892 1088 ,

2312 1088 2623 1138 memoriam
2655 1098 2912 1148 euertat,
2948 1088 3276 1142 oblivionem
3328 1089 3595 1154 immittit,
3645 1109 3893 1149 errorem

2311 1155 2560 1230 iniu-ndit,
2585 1156 2648 1230 ad
2681 1158 3035 1230 ignorantiam
3063 1159 3323 1230 perducit.
3347 1160 3444 1214 Ubi
3471 1158 3888 1230 cnimebrictas,

2311 1225 2382 1277 ibi
2415 1226 2560 1278 furor
2588 1227 2919 1289 dominatur;
2954 1227 3038 1280 tibi
3064 1225 3240 1280 ‘furor
3267 1230 3604 1292 dominatur,
3641 1233 3710 1283 ibi
3741 1225 3889 1288 nulla

2309 1295 2608 1362 sapientia,
2639 1298 2730 1367 sed
2774 1299 3075 1366 insipientia
3120 1308 3451 1367 pervagatur.
3499 1301 3663 1367 Hujus
3702 1314 3886 1359 autem

2311 1367 2532 1418 ratiOuis
2555 1366 2862 1430 quotidiana
2879 1377 3057 1432 patent
3080 1366 3346 1434 exempla,
3365 1366 3695 1422 et‘virtutum
3715 1374 3890 1425 detri-

2307 1441 2507 1487 menta.
2547 1443 2673 1506 una;
2705 1438 2862 1489 etiam
2899 1436 3060 1503 pestis
3109 1451 3358 1491 consorte
3408 1441 3594 1491 vinosa
3621 1443 3883 1506 deterior,

2307 1506 2426 1577 quia
2473 1506 2514 1556 si
2546 1505 2762 1558 studere
2794 1517 3290 1573 nequeat,c.t-tvros
3333 1512 3626 1577 gymnasiis
3674 1505 3885 1564 inhiare

2308 1575 2548 1627 volentes
2571 1577 3092 1650 corradit,eri-orem
3125 1581 3229 1629 iiltS
3276 1575 3545 1650 confovet,
3581 1584 3654 1633 ιρι
3689 1587 3881 1650 pugnis

2305 1659 2460 1710 op-m
2497 1654 2632 1695 orat.
2661 1648 2704 1696 0
2734 1646 2907 1713 qualis
2946 1649 3236 1712 permixtio
3271 1649 3613 1702 studentibus
3644 1646 3724 1702 c-t
3754 1646 3882 1705 cunt

2307 1715 2600 1785 dissofiito!
2637 1715 2828 1785 Ejiciat
2855 1732 2980 1783 ergo
3010 1719 3076 1767 ab
3124 1717 3425 1785 integritate
3455 1721 3707 1772 consortii
3745 1723 3882 1775 tales

2309 1783 2534 1855 prudent
2557 1799 2642 1836 um
2668 1784 2920 1855 discretio
2944 1786 3128 1839 ordine
3155 1783 3524 1855 irrcgressibili
3549 1800 3600 1841 ct
3625 1791 3721 1843 hoc
3743 1803 3878 1844 tem-

2308 1867 2435 1919 pore
2467 1853 2839 1924 dctcrininato.
2871 1856 3177 1908 "meantem
3207 1853 3436 1910 secunda
3467 1874 3530 1924 sp
3550 1863 3669 1911 cies
3693 1877 3878 1924 pruni:

2304 1923 2620 1989 quandoque
2675 1926 3034 1992 prtcambnla,
3095 1929 3405 1994 posterioris
3445 1923 3622 1981 autem
3666 1923 3877 1994 pedise-

2305 2007 2406 2060 qua
2421 1994 2726 2060 appetitiva.
2752 1997 2796 2046 0
2809 2006 3058 2062 quantum
3083 2013 3220 2048 error
3235 2000 3282 2049 is
3307 1999 3543 2050 immittit
3568 2003 3796 2052 ebrietas
3841 2020 3873 2053 η

2306 2073 2540 2135 mentem
2574 2064 2850 2131 discipuli,
2886 2066 2983 2116 nisi
3037 2066 3194 2117 freni
3227 2068 3535 2120 sobrietatis
3579 2071 3874 2135 castigctur

2303 2132 2365 2206 ad
2396 2148 2496 2199 ttng
2523 2136 2650 2187 .cnt!
2686 2136 2860 2186 'I‘Citia
2889 2136 3096 2199 Species
3124 2138 3344 2190 luxuriat
3375 2149 3454 2190 est
3481 2132 3871 2206 concupiscet:-

2309 2203 2378 2254 tia
2405 2219 2520 2268 qua:
2545 2207 2817 2276 ornatibus
2841 2206 3025 2262 inhiat.
3055 2216 3436 2272 parentumque
3462 2203 3729 2276 progenici
3757 2215 3869 2260 ma".

2301 2283 2454 2343 ritna
2487 2274 2759 2336 t'tillSia‘ill,
2792 2291 2822 2343 (ι
2867 2276 2986 2327 ibus
3020 2292 3134 2340 pau,
3157 2277 3342 2329 ertatis
3369 2274 3478 2330 tuta
3523 2274 3741 2331 fat-ultas
3774 2298 3867 2332 ce-

2302 2342 2376 2393 d;t
2409 2343 2620 2415 invicta.
2660 2344 2777 2396 ll:cc
2801 2342 2865 2396 au
2891 2361 2972 2397 cm
3007 2348 3230 2415 vestium
3264 2348 3455 2415 gaudet
3482 2350 3732 2402 varietate
3763 2350 3872 2405 fre-

2299 2414 2565 2484 quentiat.
2623 2429 2912 2480 earumque
2981 2416 3033 2467 in
3099 2406 3422 2483 sigi'ii‘tione
3475 2421 3863 2484 membratim,

2301 2482 2524 2548 pectinis
2549 2484 2808 2536 bonelicio
2835 2507 2844 2531 ι
2867 2498 2987 2536 ςιξεηι
3008 2488 3106 2537 iem
3135 2482 3324 2551 polire,
3348 2497 3400 2540 et
3429 2489 3709 2541 calamistri
3740 2482 3860 2541 tor;

2300 2553 2587 2614 tuosbate,’
2616 2554 2913 2620 noruntque
2957 2554 3267 2609 diversitate
3302 2558 3537 2609 srriatim
3578 2558 3861 2617 lascivire.

2297 2623 2584 2695 gilamquc
2615 2640 2761 2675 suam
2807 2626 2924 2695 fuco
2955 2625 3303 2691 perfundere,
3348 2629 3714 2695 lln\':tCtti:l't|Ilc
3751 2628 3866 2682 fre-

2297 2694 2476 2758 quenti
2508 2694 2844 2760 castigationi
2869 2697 3104 2753 inhiare,
3134 2696 3306 2747 sinunt
3339 2694 3662 2750 aiomatihne
3690 2699 3862 2750 aditu-

2299 2763 2465 2835 plere,
2497 2765 2775 2831 gemmatis
2807 2765 2939 2835 colla
2966 2765 3271 2827 monilibus,
3307 2766 3726 2835 Parthorumque
3748 2770 3863 2820 cin-

2294 2832 2436 2897 gulis
2456 2843 2695 2887 ventrem
2714 2834 3027 2902 castigatum
3047 2835 3181 2901 plebi
3205 2832 3768 2899 oszendere,‘rostratis
3783 2848 3860 2890 ta-

2297 2902 2808 2975 bulatisquchalceis
2842 2914 2896 2956 ut
2928 2909 3104 2972 regina
3138 2905 3402 2970 incedere,
3423 2908 3672 2975 colloque
3691 2913 3855 2972 elato,

2292 2970 2737 3044 gultureiiuliato,
2773 2970 3056 3042 supercilio
3087 2977 3348 3040 mutilato,
3376 2978 3536 3028 oettlo
3565 2970 3854 3044 impudico,

2295 3046 2636 3116 lastnosoque
2657 3043 2866 3095 incessu
2885 3044 3353 3116 semicirculariter
3376 3046 3623 3100 incedere
3641 3043 3855 3116 gaudet.

626 3111 852 3170 infelicis
883 3113 1124 3188 discipuli
1154 3112 1207 3165 itt
1247 3120 1417 3188 caput
1446 3111 1709 3188 felicitatis
1739 3126 1987 3188 accessus
2014 3112 2185 3188 i‘Tam
2216 3126 2261 3188 ο
2295 3111 2448 3188 tiaris
2469 3123 2644 3188 autem
2675 3129 2969 3188 parumque
2996 3114 3612 3188 modestisserinonilins
3643 3111 3857 3186 ampul-

624 3189 887 3241 scelerato
942 3180 1081 3238 Nero
1131 3183 1359 3250 gaudeat
1407 3180 1647 3245 haerede,
1696 3191 1800 3234 tam
1845 3183 2185 3249 coinquinato

623 3259 823 3310 Anetns
846 3268 1174 3308 successore.
1193 3251 1393 3303 t'irillus
1414 3265 1540 3304 vero
1557 3265 1674 3304 cum
1697 3252 1936 3314 Socrate,
1963 3255 2184 3307 Senecae

619 3325 847 3393 gaudeat
898 3322 1154 3392 appetitu.
1198 3320 1311 3374 Non
1339 3329 1584 3393 estergo
1611 3321 1800 3388 dignus
1842 3322 2062 3393 scientia
2094 3324 2182 3390 qui

619 3389 858 3448 scientiae
889 3389 1113 3459 in~iirgit
1144 3391 1476 3458 praeceptori.
1509 3391 1753 3443 Luxuria:
1782 3405 1812 3442 a
1836 3389 2048 3446 fervore
2069 3389 2180 3446 stu-

620 3465 744 3518 deat
785 3478 844 3517 te
885 3461 1176 3528 discipulus
1217 3461 1476 3524 alienare,
1515 3461 1683 3525 Quam
1739 3461 1931 3527 triplici
1982 3462 2179 3516 satirici

620 3533 904 3602 partitione
930 3532 1221 3602 diviserunt
1247 3529 1582 3602 ;_quamdatii
1633 3530 1682 3581 in
1719 3539 1906 3602 ornatu
1954 3532 2178 3585 vestiunt

616 3598 854 3656 dicentes
879 3600 1191 3658 consistere.
1217 3598 1372 3668 aliain
1407 3599 1458 3649 in
1485 3600 1648 3662 coi.u,
1689 3599 1896 3668 tertiam
1932 3615 2058 3652 vero
2081 3617 2177 3668 gu-

619 3674 842 3726 lositatis
872 3671 1217 3724 assistricem.
1243 3666 1539 3734 Cujuslibet
1566 3683 1693 3722 vero
1724 3667 1872 3722 rabie
1917 3666 2175 3725 feculcnta

619 3743 927 3809 frequenter
956 3739 1197 3793 novimus
1215 3739 1457 3809 laborare
1473 3738 1762 3809 sub,ectus.
1775 3740 1904 3809 Con:
1917 3741 2178 3796 unieboso

617 3806 786 3865 coitus
839 3810 1076 3880 appetitu
1129 3806 1472 3880 sanguineum
1535 3807 1760 3880 Lucretii
1826 3808 2021 3874 filium,
2077 3811 2179 3866 Ze-

620 3879 886 3950 nouisque
911 3881 1222 3947 discipulum
1266 3888 1374 3930 tota
1423 3879 1589 3950 ltotna
1633 3879 2130 3950 llevitinxiscatnm
2158 3927 2172 3948 ,

616 3951 707 4019 qui
762 3961 934 4005 tamen
983 3950 1296 4003 clarissimis
1330 3964 1476 4001 Ol'tus
1526 3949 1620 4001 fuit
1667 3949 1969 4020 namhbus,
2009 3968 2176 4020 quan-

617 4027 782 4075 titatis
821 4036 1053 4090 procera:
1101 4032 1154 4073 et
1201 4020 1507 4089 sanguinea:
1554 4019 1862 4090 qus-litatis,
1904 4019 2051 4075 mira:
2081 4025 2171 4076 si-

614 4093 828 4162 quidem
874 4092 1224 4162 eloqnentitc,
1259 4089 1819 4162 perspicacisingenii
1846 4129 1862 4155 ,
1899 4091 1990 4144 ενα
2041 4109 2171 4160 quo-

613 4159 828 4216 tidianis
871 4171 925 4215 et
967 4159 1104 4213 uitta
1149 4160 1384 4213 debitum
1438 4159 1637 4227 nuptiis
1680 4159 1888 4228 gaudeb
1927 4171 1977 4224 t,
2021 4159 2170 4229 patre

617 4247 826 4301 pteuam
856 4231 1153 4291 deferente,
1188 4229 1565 4301 patrimonium
1593 4231 1743 4301 enim
1783 4242 2167 4300 parentunquc

601 4299 802 4357 census
832 4302 1014 4355 illicite
1039 4300 1405 4364 consnmeha',
1429 4299 1736 4367 cunctisque
1760 4302 2014 4369 zelotypis
2037 4299 2170 4355 cmi-

613 4374 787 4427 nebat.
824 4372 969 4425 Alcis
998 4381 1178 4424 autem
1219 4379 1273 4423 ct
1316 4369 1652 4440 meretricum
1705 4371 1913 4440 cellulis
1955 4387 2166 4440 semper

605 4443 867 4496 inhiabat.
901 4442 1120 4508 Proprie
1150 4451 1324 4492 autem
1359 4438 1530 4491 adhuc
1569 4454 1673 4492 non
1716 4439 2003 4494 destitutus
2040 4438 2164 4509 pru-

605 4517 735 4580 ritu,
765 4522 946 4581 postea
980 4528 1008 4564 a
1039 4511 1348 4579 parentibus
1377 4513 1609 4581 eiectus,
1641 4509 1850 4563 tandem
1889 4510 1957 4562 ab
1979 4513 2165 4566 amicis

609 4594 662 4636 et
685 4579 1027 4636 consortibus
1053 4581 1336 4634 destitutus
1357 4620 1371 4641 ,
1402 4595 1430 4630 a
1458 4579 1810 4633 creditoribus
1843 4581 2072 4648 emtique
2094 4581 2173 4634 fa-

610 4655 824 4722 tigatus,
852 4664 990 4706 notis
1016 4661 1070 4722 et
1101 4649 1294 4719 ignotis
1317 4650 1496 4722 l'ur.im
1519 4648 2172 4722 _studuit_assi5tere,_cru-

607 4718 682 4776 cis
713 4725 780 4776 ab
805 4721 1060 4790 angustiis
1077 4736 1105 4772 a
1125 4718 1272 4788 patre
1299 4719 1623 4773 creberrime
1650 4718 1973 4790 redemptus,
1991 4719 2173 4775 ultimo

609 4803 782 4845 tamen
810 4794 1042 4860 paremis
1071 4790 1289 4857 pecunia
1311 4790 1501 4842 redimi
1525 4804 1628 4843 non
1656 4789 1844 4856 potuit.
1863 4789 2019 4843 Cruci
2047 4806 2174 4859 ergo

605 4859 865 4916 adductus
885 4859 1130 4915 eumdem
1151 4861 1214 4912 ad
1239 4874 1296 4913 se
1322 4865 1504 4913 venire
1523 4860 1776 4929 lacrymis
1791 4860 2169 4928 compellebat,

605 4935 951 5000 osculumque
1005 4945 1135 4983 voce
1165 4929 1382 4998 queruli
1442 4929 1672 4998 petebat.
1725 4929 1945 4982 Pietatis
1994 4942 2170 4983 autem

607 5004 772 5055 motio
812 5007 876 5053 ad
911 5001 999 5053 filii
1053 5003 1361 5069 petitionem
1406 5009 1612 5068 patrem
1659 5002 1848 5069 erexit,
1899 5002 2173 5067 erectique

609 5071 744 5125 filius
766 5086 956 5126 nasum
989 5068 1168 5125 morsu
1200 5070 1370 5124 secuit
1399 5070 1709 5122 acutissimo
1738 5068 1924 5120 dicens
1953 5085 1964 5118 :
1997 5069 2171 5133 Quare

601 5158 628 5192 a
665 5143 799 5197 meis
843 5143 1025 5205 primis
1055 5141 1329 5194 erroribus
1377 5138 1733 5206 incastigatus.
1758 5139 1938 5190 evasi?
1970 5137 2164 5207 thuid

605 5211 842 5281 magistri
887 5210 990 5266 mei
1039 5211 1375 5281 documentis
1425 5224 1526 5262 nou
1580 5208 1835 5270 obedivi,
1890 5211 2168 5281 sociosque

604 5279 751 5336 meos
777 5281 1112 5350 contempsi?
1150 5279 1267 5332 Filii
1303 5288 1517 5350 patrem
1538 5292 1756 5350 necesse
1785 5289 1867 5330 est
1892 5279 2165 5347 indulgere

600 5352 933 5422 castigationi
961 5391 975 5415 ,
1000 5349 1434 5422 ’tnagistrumque
1458 5349 1714 5422 discipuli
1770 5362 1946 5402 mores
2003 5350 2165 5422 infer-

603 5419 767 5476 mare.
800 5422 935 5475 Ecce
961 5430 1215 5489 quantum
1244 5419 1576 5473 detestabilis
1599 5428 1679 5471 est
1711 5422 2047 5489 meretricum
2083 5420 2163 5470 in-

599 5507 808 5546 cursus.
842 5493 935 5544 Est
972 5488 1155 5542 autem
1191 5489 1447 5543 meretrix
1481 5490 1700 5540 nonaria
1743 5488 1932 5541 inferni
1967 5488 2124 5554 janua
2147 5530 2160 5551 ,

601 5563 683 5614 via
713 5562 1038 5630 iniquitatis,
1072 5560 1370 5626 seei-pinnis
1401 5561 1701 5630 percussio,
1733 5559 2018 5630 viscarium
2039 5570 2160 5611 sce-

603 5628 1018 5696 lerumpputeus
1055 5630 1299 5682 interitus
1320 5667 1334 5690 ,
1365 5639 1419 5681 et
1455 5629 1496 5681 si
1529 5644 1628 5694 qua
1656 5638 1739 5680 est
1767 5628 1984 5679 alterius
2009 5628 2160 5678 luxn-

598 5698 690 5750 riu:
718 5697 1024 5765 ignominia,
1055 5700 1259 5764 species
1289 5697 1538 5764 quaelibet
1561 5697 1660 5748 alii
1698 5696 1912 5762 gravior
1955 5698 2160 5750 scelere

2294 3180 2409 3243 lari,
2460 3183 2820 3250 appositisque
2865 3180 3078 3236 cibariis
3131 3185 3305 3236 omnia
3360 3186 3640 3248 fastidire,
3674 3180 3855 3240 litibus

2289 3252 2604 3324 servientes,
2644 3254 2847 3320 probris
2877 3252 3098 3324 aliines,
3134 3255 3455 3324 cruciatibus
3479 3259 3690 3324 ignotos
3711 3258 3847 3311 afﬂi-

2287 3336 2444 3388 gere,
2475 3323 2658 3374 ultimo
2708 3338 2934 3391 raroque
2982 3323 3177 3395 scholis
3212 3323 3471 3395 interesse
3496 3366 3508 3388 ,
3555 3342 3849 3395 parumque

2289 3395 2483 3457 prodes
2516 3409 2563 3454 e,
2615 3395 2784 3464 primo
2830 3397 3029 3446 etsdetn
3062 3393 3250 3446 abesse
3295 3394 3526 3464 festina.
3563 3393 3627 3449 Ο
3675 3393 3846 3464 qualis

2284 3476 2584 3530 quantaque
2608 3463 2852 3519 vitiorum
2872 3474 2951 3516 est
2978 3464 3288 3531 permixtio!
3311 3462 3440 3517 Cum
3465 3462 3854 3533 quodamtem-

2289 3546 2414 3606 pore
2444 3536 2783 3606 llitiAlilﬁlliﬁ
2824 3549 2982 3606 causa
3012 3534 3249 3606 discendi
3282 3536 3634 3606 recepissem,
3667 3537 3850 3606 Gany-

2285 3602 2491 3672 medem
2517 3602 2700 3672 Pyrrhi
2727 3602 3002 3656 dictatoris
3029 3605 3191 3655 iiiillfll
3213 3605 3459 3657 omnbus
3484 3609 3747 3671 pra-dictis
3778 3602 3852 3658 la-

2285 3669 2571 3725 borantem
2595 3674 2712 3740 in-p
2748 3673 2799 3724 xi
2828 3713 2842 3736 ,
2871 3674 2961 3740 qui
2988 3674 3304 3742 quandoque
3335 3669 3545 3741 pedalis
3580 3675 3809 3729 limbatis
3833 3716 3848 3738 ,

2281 3742 2565 3809 quandoqu
2589 3764 2597 3777 -
2618 3743 2801 3811 caligis
2816 3743 3113 3808 inacidatis,
3133 3757 3225 3810 per
3250 3744 3434 3796 horam
3462 3745 3638 3798 cedrii.
3653 3747 3696 3798 is
3714 3747 3854 3801 tibiis

2281 3821 2470 3877 c'atus,
2505 3813 2762 3881 nudisque
2794 3813 3017 3880 pedibus
3041 3822 3326 3879 pra-cessa,
3353 3816 3769 3883 ariOpagtnnque
3794 3825 3850 3869 ut

2278 3885 2642 3952 stomachatus
2673 3883 2915 3951 impctiit,
2943 3893 3200 3949 cauteque
3225 3886 3516 3951 Sicpissune
3549 3886 3750 3952 providi
3780 3902 3848 3939 nc

2281 3951 2407 4023 mihi
2464 3953 2792 4023 insurgeret,
2823 3955 2944 4022 quia
2986 3954 3281 4023 alienigena
3314 3968 3480 4007 eram.
3516 3951 3652 4019 Quid
3698 3956 3847 4023 plura

2276 4021 2466 4087 diram,
2498 4022 2562 4075 ad
2593 4033 2791 4093 tantam
2820 4021 2940 4076 licet
2967 4021 3170 4075 invitus
3190 4024 3398 4077 devenit
3424 4024 3675 4090 inOpiam,
3698 4021 3848 4093 quod

2275 4106 2334 4142 ea
2365 4109 2432 4158 qu
2455 4113 2480 4142 ι·
2507 4095 2652 4161 prius
2677 4092 2832 4145 fastid
2857 4094 2997 4146 endo
3025 4096 3367 4161 con'enipsit,
3393 4094 3696 4147 mendicans
3727 4092 3851 4149 eor-

2276 4161 2511 4234 rogando
2534 4166 2916 4234 Cottiptisuel'it,
2943 4166 3167 4234 fortuna}
3196 4176 3369 4218 meatu
3401 4173 3712 4234 permutato.
3733 4162 3849 4220 Sed

2275 4234 2388 4283 bazv
2420 4233 2452 4283 lt
2490 4243 2675 4285 rtenus
2703 4233 3140 4285 dirtztstiliiriatit.

2889 4341 3114 4395 CAPUT
3143 4341 3227 4396 ill.

2339 4435 2466 4487 Cum
2495 4445 2671 4488 autem
2703 4435 2995 4501 discipulus
3017 4434 3081 4487 ad
3114 4433 3496 4503 perfectionem
3520 4433 3741 4488 tendere
3768 4447 3845 4489 te-

2277 4517 2486 4567 matur,
2517 4504 2810 4558 eliectivam
2841 4519 3056 4557 causam
3090 4505 3454 4572 pet-lcetiouis,
3490 4515 3542 4557 ut
3568 4517 3690 4572 pote
3719 4519 3845 4558 Cott-

2280 4577 2391 4626 tinu
2418 4576 2538 4628 latis
2563 4577 2935 4639 constantiam,
2969 4592 2980 4638 ι
3003 4589 3118 4626 rout
3153 4573 3374 4628 facultas
3402 4577 3844 4642 suppetit,menti

2277 4646 2586 4698 dinoscatur
2612 4648 2934 4713 imprimere.
2959 4647 3092 4711 Quid
3117 4646 3258 4697 cnim
3286 4647 3335 4697 in
3360 4644 3662 4697 dilectionis
3687 4660 3843 4712 opus-

2277 4715 2395 4768 ciilo
2423 4715 2646 4769 lucidius
2672 4718 2992 4776 constantia,
3026 4714 3150 4780 quid
3188 4714 3541 4767 inconstantia
3577 4715 3845 4782 "CQUilla?

2281 4785 2450 4851 prima
2510 4788 2678 4853 parit,
2719 4786 2950 4838 secunda
2987 4798 3131 4852 parta
3182 4785 3456 4845 dissolvi;
3509 4785 3676 4852 prima
3725 4799 3844 4852 pro-

2278 4857 2418 4908 redit
2446 4897 2459 4913 ,
2495 4857 2725 4908 secunda
2759 4857 3076 4920 retr.»cedit;
3129 4856 3294 4922 prima
3326 4853 3564 4922 colligit,
3609 4855 3841 4907 secunda

2279 4929 2498 4978 collecta
2535 4926 2809 4992 dispergit.
2849 4924 2982 4977 Cum
3030 4934 3206 4977 autem
3249 4924 3544 4992 gymnasiis
3594 4925 3845 4978 insudare

2279 4996 2725 5054 dccrevisscinns.
2762 4995 3204 5063 magistratusque
3238 4996 3404 5047 vicem
3443 4993 3660 5060 dignum
3691 4996 3847 5047 duti-

2280 5082 2395 5115 tnus
2417 5065 2679 5129 obtinere,
2703 5064 2866 5117 ﬁlimn
2901 5065 3222 5117 intonstanli
3245 5082 3272 5112 I‘
3296 5105 3308 5126 ,
3338 5064 3446 5116 into
3474 5074 3531 5116 ut
3558 5064 3736 5119 vi'tius
3767 5065 3847 5114 di-

2277 5151 2392 5186 cam
2450 5135 2730 5204 ipsammet
2777 5138 3206 5195 inconstantiam,
3242 5133 3450 5204 fortuna
3485 5135 3685 5187 noStris
3712 5134 3846 5186 assi-
3885 5169 3888 5171 -

2273 5202 2779 5272 gnabat‘prtcceptis
2820 5206 3188 5257 imbuendum.
3213 5205 3312 5267 Qui
3344 5202 3574 5256 satiricis
3607 5203 3846 5256 inhiabat

2274 5271 2584 5328 atrainentis
2604 5290 2945 5340 inensurtms,
2971 5271 3409 5344 historiograpltis
3433 5288 3672 5341 persaepe
3696 5275 3842 5326 diur-

2285 5361 2404 5405 nns,
2433 5345 2682 5411 elegiacis
2707 5359 2948 5405 annuus;
2983 5343 3221 5398 ratione
3237 5359 3362 5396 vero
3397 5345 3694 5396 disserendi
3727 5343 3842 5395 Ari-

2274 5416 2521 5466 Sitllt‘it'lll
2559 5416 2941 5466 lanientabatnr
2965 5425 3275 5476 nocturnus,
3305 5415 3354 5466 iit
3379 5412 3702 5466 cditionibus
3731 5416 3844 5477 pbi-

2280 5483 2564 5550 lirsophicis
2595 5499 2935 5548 mensurnns,
2966 5484 3354 5550 duodecimque
3379 5484 3842 5535 tabuiarumcom-

2271 5554 2616 5672 pilationibus
2638 5554 2784 5622 quasi
2809 5553 3196 5614 instantaneus,
3226 5551 3475 5606 omnibus
3503 5553 3767 5619 siquidem
3792 5553 3840 5602 in

2287 5625 2420 5672 irevi
2464 5625 2740 5672 exstiterat
2772 5623 3054 5672 fastiditus.
3091 5623 3144 5672 Si
3187 5638 3311 5672 vero
3341 5622 3595 5672 librorum
3629 5623 3840 5672 insucc-

2287 5625 2420 5675 irevi
2464 5625 2740 5676 exstiterat
2772 5623 3054 5678 fastiditus.
3091 5623 3144 5675 Si
3187 5638 3311 5674 vero
3341 5622 3595 5675 librorum
3629 5623 3841 5688 inspec-

2271 5693 2470 5744 tiouum
2495 5707 2783 5760 eorumque
2803 5692 3079 5760 scripturae
3098 5691 3482 5762 aliquantulum
3498 5691 3842 5757 indulsisset,
