4274 6272
546 277 559 285 ’
593 280 734 339 {235

1446 280 1788 338 APPENDIX
1826 284 1915 340 ΑΒ
1955 284 2185 341 ΟΡΕίίΑ
2228 283 2718 342 ινιιιωθυιιιιιω
2764 285 3009 341 ΒΟΕΤΙΙ.

3728 279 3871 334 1236

592 401 882 469 leviorlque
932 406 1215 454 stemmate
1275 398 1485 469 prrusi,
1542 400 1791 467 quoniam
1844 414 1948 453 non
2003 401 2174 454 solum
2205 401 2255 459 Α
2284 398 2514 469 spatium
2534 406 2849 466 exspectare
2866 409 3177 466 prtesumps
3213 395 3303 460 rit,
3347 395 3447 450 hos
3471 393 3739 462 siquidem
3783 409 3870 469 pt-

590 468 856 534 disereti’s,
882 484 1062 523 verum
1091 468 1498 538 etiamtrudibus
1528 470 1823 538 mnigmatis
1852 471 1992 524 serie
2024 482 2171 538 post-

593 543 760 610 posita
784 538 1211 610 commendatur.
1238 537 1387 610 Nunc
1407 539 1469 591 ad
1494 537 1867 610 magiStrﬁorum
1894 537 2172 596 venerabi-

595 608 693 664 lem
727 609 1119 678 properandum
1150 617 1234 663 est
1264 608 1616 677 majestatetn.
1676 609 2047 675 Magistrormn
2079 626 2172 664 au-

593 691 695 732 tem
730 680 850 732 talis
878 677 1135 733 habeatur
1161 677 1374 732 divis‘o.
1404 678 1698 733 Tantorum
1728 679 1940 745 quidam
1967 680 2173 735 duabus

591 750 811 802 urbibus
878 749 1088 803 caeteris
1145 747 1581 819 fulgentibribus,
1634 750 1839 803 scilicet
1885 749 2071 804 Roma:
2118 762 2171 805 et

591 820 815 873 A'henis
870 826 1305 879 commorantur,
1372 820 1597 872 ulterius
1658 834 1917 889 nttsqu'tm
1979 835 2170 889 proce-

591 892 797 955 dente=,
832 889 931 943 nisi
962 898 1214 958 quantum
1256 888 1464 943 fortuna
1509 888 1746 943 succedit
1782 888 1873 944 eis
1921 888 1990 943 uti
2015 890 2171 945 altius

592 969 933 1013 venerentur.
1014 959 1112 1013 Alii
1162 958 1538 1029 praedictorum
1600 960 1910 1014 amittentes
1968 960 2171 1029 fastigia

592 1030 853 1094 locorum,
904 1029 1219 1099 oppidorum
1268 1028 1623 1097 adiacentium
1673 1040 1921 1098 quaerunt
1962 1028 2169 1085 emolu-

593 1109 789 1159 tnenta,
823 1110 931 1153 tum
967 1107 1184 1167 propter
1216 1113 1497 1153 novercam
1531 1098 1826 1166 disciplinas
1856 1110 2166 1167 egestatem,

594 1181 703 1222 tum
758 1178 970 1238 propter
1028 1168 1221 1223 natalis
1268 1169 1453 1236 patria.-
1505 1169 1776 1223 du'corem
1827 1172 2169 1225 renitentem.

594 1239 722 1292 Tam
757 1237 979 1293 istorum
1010 1253 1164 1309 quam
1195 1239 1420 1292 aliorum
1449 1237 1664 1307 quidam
1697 1240 1900 1293 ratione
1933 1241 2170 1308 pulchra)

591 1309 1039 1364 denominationis
1080 1309 1363 1376 imperium
1399 1319 1697 1373 assumunt,
1730 1320 1785 1363 nt
1819 1309 2172 1365 honoriﬁcen-

592 1388 699 1433 tnr.
743 1380 845 1431 Alii
876 1379 1080 1432 ratione
1118 1377 1481 1447 intelligentia:
1527 1378 1823 1447 ignorantia
1875 1394 2057 1433 eorum
2103 1395 2169 1436 ne

593 1449 1006 1503 confundantur.
1046 1448 1215 1503 Tertii
1266 1449 1510 1502 subtilius
1563 1449 1901 1517 speculantes
1955 1459 2173 1517 propter

594 1520 869 1589 utriusque
900 1520 1069 1589 partis
1112 1519 1441 1573 incrementa
1479 1519 1803 1586 magistralia
1847 1519 2173 1575 contrahunt

593 1589 990 1656 paludamenta.
1030 1588 1235 1642 Talium
1279 1604 1506 1658 namque
1534 1589 1837 1658 quicunque
1875 1590 2169 1645 venustatis

593 1668 879 1728 assumpta:
916 1658 1187 1726 debitique
1229 1657 1389 1712 officii
1426 1657 1561 1712 velit
1597 1658 1955 1713 emolumenta
1988 1673 2170 1726 prose.

593 1732 703 1799 qui,
737 1730 789 1782 in
832 1730 1083 1799 universa
1111 1743 1316 1781 morum
1343 1728 1617 1799 honestate
1647 1738 1857 1797 oportet
1884 1738 1939 1781 ut
1972 1730 2171 1797 polleat

595 1797 922 1865 praeclarius,
956 1808 1018 1852 ttt
1041 1797 1110 1851 sit
1137 1799 1317 1868 utique
1358 1798 1409 1852 in
1446 1813 1696 1853 sermone
1725 1813 1907 1862 verax,
1945 1800 1993 1852 in
2021 1799 2166 1868 judi-

595 1869 675 1921 f'lO
710 1869 907 1938 justus,
956 1869 1006 1921 iit
1047 1868 1271 1921 consilio
1315 1868 1586 1937 providus,
1624 1878 1677 1922 et
1708 1868 1759 1922 in
1791 1870 2079 1923 commisso
2112 1870 2167 1923 li-

595 1938 748 2004 delis,
780 1948 1031 1993 constans
1062 1938 1112 1992 in
1142 1941 1310 2002 vultu,
1340 1942 1456 2007 plus
1489 1939 1539 1992 in
1571 1938 1751 2008 affatu,
1784 1939 2067 1994 virtutibus
2092 1940 2171 1993 in-

595 2010 840 2076 signitus,
874 2008 1213 2076 bonitateqttc
1256 2008 1536 2064 laudabilis
1574 2010 1790 2074 existat;
1816 2010 1859 2063 si
1889 2011 2013 2078 quid
2044 2025 2169 2063 vero

595 2079 848 2139 contrarii
889 2078 1165 2143 acciderit,
1197 2078 1441 2133 humanae
1473 2078 1772 2148 fragilitatis
1803 2080 2039 2148 appetitu
2078 2096 2169 2134 ac-

596 2148 776 2203 cidere
813 2148 968 2203 solet.
1031 2148 1449 2212 Conversatione
1486 2151 1643 2203 etiam
1684 2149 1755 2204 sit
1793 2149 1985 2215 bonus,
2028 2151 2169 2204 nulla

595 2218 854 2286 siquidem
895 2233 982 2274 res
1019 2228 1101 2273 est
1149 2220 1316 2288 magis
1367 2220 1661 2287 perniciosa
1713 2219 2007 2289 discipulo,
2066 2221 2170 2274 vita

594 2289 833 2359 magism
872 2289 1254 2359 contumeliosa
1287 2308 1297 2342 :
1328 2289 1497 2343 infusa
1530 2291 1674 2359 enim
1704 2289 1949 2344 videntur
1989 2305 2080 2352 sua;
2104 2290 2175 2344 is-

596 2356 731 2413 sime
761 2356 1010 2412 confundi
1039 2368 1094 2413 et
1118 2358 1279 2414 fetido
1308 2374 1454 2421 vase,
1487 2359 1609 2428 quia
1638 2358 1854 2414 fetidum
1887 2375 1979 2414 vas
2006 2376 2172 2427 aquas

596 2428 801 2483 infusos
838 2430 1153 2495 corrumpit.
1222 2428 1343 2483 llaec
1383 2439 1558 2482 autem
1597 2428 1664 2482 ad
1703 2430 1894 2483 anima:
1933 2430 2175 2484 docentis

600 2498 1029 2552 informationem
1058 2497 1257 2565 digesta
1288 2506 1432 2563 sunt;
1466 2513 1607 2552 nunc
1637 2499 1705 2553 de
1735 2500 1943 2554 caeteris
1976 2500 2170 2567 prima-

602 2566 716 2639 riis,
747 2583 853 2639 non
883 2567 1003 2639 dico
1033 2568 1097 2621 de
1129 2567 1309 2639 primo
1334 2568 1540 2634 primis,
1570 2569 1661 2622 sed
1693 2569 1759 2623 de
1785 2566 2021 2639 secundo
2061 2572 2169 2639 pri-

602 2636 701 2690 mis
728 2636 1099 2692 disserendum
1128 2636 1229 2693 ist.
1271 2638 1504 2692 Tenetur
1533 2653 1745 2706 quoque
1773 2638 1965 2693 doctor
1993 2636 2173 2694 eruzli-

603 2718 685 2760 tus
723 2720 864 2771 esse,
906 2717 1235 2773 mansuetus,
1279 2708 1515 2777 rigidus,
1555 2709 1804 2777 antiquus
1843 2725 1946 2762 non
1988 2712 2171 2775 annis,

603 2791 707 2847 non
741 2777 1036 2847 negligens,
1067 2793 1162 2832 nec
1193 2792 1469 2847 arrogans.
1513 2778 1612 2842 Sit,
1647 2778 1885 2847 inquam,
1916 2780 2173 2835 eruditus.

604 2844 757 2917 Prius
794 2844 936 2901 enim
976 2856 1190 2916 Oportet
1227 2858 1283 2902 ut
1319 2844 1487 2903 discat
1527 2862 1685 2917 quam
1722 2844 1930 2903 doceat.
2011 2851 2173 2904 Trivii

600 2916 865 2985 siquidem
903 2919 1355 2986 comparationem
1385 2916 1642 2973 doctrina:
1673 2920 1915 2973 novimus
1943 2921 2178 2974 assistri-

600 3000 736 3058 cem.
776 2986 943 3042 Valde
972 3004 1096 3042 vero
1131 2989 1416 3044 absurdum
1446 2998 1528 3044 est
1553 2998 1606 3043 et
1636 2989 1894 3057 iniquum,
1928 2999 1984 3043 ut
2014 2991 2179 3058 impe-

600 3057 687 3110 riti
729 3057 935 3125 peritis,
976 3058 1171 3114 novelli
1211 3059 1474 3128 antiquis,
1517 3059 1787 3128 rudesque
1827 3061 1989 3127 prmfe
2022 3057 2178 3114 antur

601 3128 858 3182 emeritis.
914 3129 1217 3184 Mansuetus
1258 3146 1271 3181 :

602 3196 773 3251 lorum
803 3198 1087 3253 elationem
1122 3202 1224 3265 pati
1258 3196 1742 3267 opportunum‘eSI,
1772 3196 1900 3267 ergo
1932 3196 2178 3255 mansue-

602 3267 783 3337 tudine
811 3269 1062 3322 utendum
1093 3277 1194 3321 est.
1236 3270 1485 3337 Magi—ter
1515 3268 1717 3324 France
1756 3270 1808 3323 in
1849 3270 2176 3326 immansue-

604 3335 787 3391 tudine
828 3338 1050 3404 prodeat
1088 3339 1141 3391 in
1179 3335 1517 3405 exemplum,
1559 3340 1646 3407 qui
1687 3340 1755 3391 ob
1794 3339 1945 3402 disci.
1969 3345 2175 3395 uforum

602 3418 824 3459 suorum
867 3408 1141 3459 nobilitate
1180 3422 1270 3460 sui
1314 3410 1572 3461 utentium
1617 3408 2034 3463 irrefrenabilem
2093 3424 2176 3464 ar-

603 3474 903 3542 rogan'tiam
958 3476 1147 3544 laqueo
1190 3478 1600 3545 setsuspendit;
1652 3478 1945 3545 sapientius
1997 3488 2174 3533 autem

603 3545 798 3612 egisset
844 3545 890 3598 si
938 3544 1345 3599 mansuetudine
1386 3560 1511 3598 usus
1557 3544 1761 3599 fuisset.
1812 3546 2075 3614 Rigidus:
2122 3553 2174 3603 in

603 3614 923 3668 scltolarium
962 3615 1103 3668 enim
1147 3614 1394 3681 amplexu
1436 3615 1607 3683 rigore
1648 3615 1747 3668 frui
1803 3615 2174 3672 commodissi-

604 3698 747 3756 mum
785 3692 887 3749 est,
928 3693 985 3756 ut
1025 3684 1101 3738 sic
1134 3684 1437 3756 errantibus
1466 3685 1747 3756 vindictam
1799 3688 2054 3753 imponat,
2090 3703 2177 3743 so-

602 3755 895 3830 phistarum
952 3754 1071 3808 lites
1122 3753 1415 3830 dissolvat,
1472 3753 1797 3830 oblatrantes
1848 3756 2172 3830 remordeat,

602 3823 956 3897 obloqueotes
1012 3824 1302 3897 reprimat,
1346 3826 1733 3897 protervientes
1783 3829 2041 3897 castiget,
2092 3823 2175 3883 tol

605 3903 817 3961 tamque
857 3894 1356 3949 detvrntinationem
1408 3895 1739 3950 dialecicatn
1794 3894 1971 3951 faciat.
2025 3899 2178 3954 Anti-

603 3978 739 4030 quos
792 3979 921 4019 vero
974 3979 1080 4019 non
1128 3965 1311 4026 annis,
1345 3966 1438 4020 sed
1492 3975 1746 4035 perpetua
1796 3968 2065 4032 scientia;
2131 3972 2178 4025 si

604 4048 731 4088 vero
780 4043 1063 4103 utrumque
1109 4035 1369 4097 adfuerit.
1410 4038 1590 4089 sanior
1628 4037 1861 4091 conditio
1897 4038 2017 4093 erit.
2058 4039 2174 4095 Non

602 4105 908 4173 negligens:
940 4106 1190 4172 quoniam
1217 4107 1351 4159 sicut
1373 4106 1423 4158 itt
1451 4122 1554 4159 uno
1579 4122 1787 4175 quoque
1816 4121 1978 4175 opere
2006 4120 2177 4165 mater

602 4175 868 4227 invenitur
888 4181 1205 4237 constante,
1240 4177 1309 4229 ita
1357 4178 1617 4231 unive-sze
1648 4175 1905 4230 doctrina:
1935 4188 1988 4233 et
2016 4179 2176 4234 disci-

602 4244 759 4310 plinae
788 4258 1019 4315 noverca
1048 4246 1493 4314 estnegligentia.
1525 4245 1889 4315 Opportunius
1908 4248 2049 4301 enim
2090 4264 2177 4304 es-

603 4321 686 4368 set
713 4314 1046 4388 mechanica
1065 4316 1340 4369 deservire
1360 4315 1461 4368 arti
1492 4331 1647 4388 quam
1692 4316 2027 4384 negligentia:
2046 4318 2175 4388 jugo

602 4384 833 4455 onerari.
858 4383 971 4438 Non
1002 4384 1073 4437 sit
1101 4399 1354 4452 aI‘I‘OgaHS
1383 4402 1397 4438 :
1430 4385 1679 4454 quoniam
1704 4383 1855 4438 vivax
1885 4383 2172 4455 pauperum

603 4452 889 4507 sciutsllula
915 4455 1267 4522 exstinguitur
1298 4452 1659 4523 magiétrantis
1712 4452 2008 4522 arrogantia
2028 4497 2043 4521 ,
2078 4473 2171 4512 vo-

605 4523 887 4593 luntasque
916 4523 1169 4595 discendi
1198 4524 1449 4595 divitibus
1493 4535 1856 4595 sequestratur
1876 4566 1890 4587 ,
1922 4528 2169 4595 quoniam

602 4594 903 4665 ar_ro;aut_is
933 4593 1183 4665 magistri
1206 4594 1477 4665 sedulitas
1519 4610 1788 4665 nunquam
1822 4593 2167 4651 ﬁdeliter‘hn-

600 4662 799 4733 minem
844 4662 1109 4717 instruait.
1144 4662 1209 4716 lli
1237 4673 1362 4718 sunt
1390 4664 1482 4733 qui
1500 4664 1549 4719 id
1580 4662 1723 4733 quod
1760 4667 1933 4719 sciunt
1965 4668 2175 4721 humili-

605 4747 683 4785 ier
714 4732 909 4787 docere
941 4744 1309 4797 contemnunt,
1341 4732 1539 4804 etquae
1571 4738 1775 4789 ratione
1796 4736 2006 4803 sapiunt
2028 4747 2174 4794 recte

602 4810 902 4857 monstrare
934 4812 1226 4876 nequeunt,
1250 4806 1511 4876 quoniam
1536 4807 1599 4876 iur
1620 4805 1831 4873 fastigio
1852 4806 2005 4873 positi
2024 4821 2171 4876 men-

602 4880 681 4925 tes
698 4875 1038 4927 mmrentium
1062 4873 1399 4942 despiciunt.
1445 4890 1543 4930 nec
1590 4875 1643 4928 in
1675 4876 1911 4929 datorem
1935 4873 2173 4931 scientia:

599 4955 816 5013 causam
831 4942 1088 5007 referunt,
1110 4945 1204 4999 sed
1237 4948 1503 5013 propriam
1532 4946 1580 4998 in
1599 4960 1658 4999 se
1686 4944 1977 5013 respiciunt
1995 4948 2172 5001 excel-

603 5012 839 5085 lentiam.
878 5013 938 5085 lli
960 5015 1118 5069 etiam
1144 5012 1372 5083 suntqui
1400 5016 1632 5069 [inibrias
1661 5012 1916 5078 dilatant,
1949 5015 2170 5085 phylac-

603 5082 733 5153 teria
766 5084 1126 5153 magnificam,
1155 5087 1203 5138 in
1234 5082 1455 5152 public-is
1477 5085 1797 5152 spectaculis
1818 5082 2169 5140 eminentiora

601 5151 791 5205 sedlia
820 5151 1085 5223 quaerunt,
1118 5164 1172 5208 et
1200 5151 1269 5208 ab
1293 5151 1544 5208 omnibus
1571 5155 1713 5207 rabbt‘
1746 5156 1960 5208 nomine
1990 5160 2170 5211 vocari

600 5234 652 5274 et
682 5223 901 5277 salutari
944 5225 1272 5279 desiderant.
1314 5224 1467 5278 Tales-
1497 5224 1762 5293 siquidem
1794 5226 2031 5279 omnium
2074 5227 2168 5281 bo-

602 5307 791 5366 norum
816 5294 1081 5359 colleeio,
1110 5296 1230 5361 jure
1277 5294 1577 5366 sedulitatis
1602 5295 1799 5359 ablato,
1824 5309 1854 5348 a
1881 5310 1940 5349 se
1968 5298 2170 5366 relega-

602 5364 695 5434 bit.
722 5362 853 5434 tium
876 5374 1051 5417 autem
1091 5366 1239 5417 home
1272 5365 1623 5433 inquisitionis
1646 5367 1746 5419 tiro
1772 5366 1979 5434 legendi
2008 5362 2167 5422 causa

602 5431 811 5484 scholas
839 5432 1133 5494 intraverit.
1164 5431 1692 5504 rigore—intrittsecus
1716 5431 2010 5502 assumpto,
2033 5451 2163 5491 eon-

602 5503 939 5574 siderandum
962 5514 1045 5557 est
1066 5514 1120 5556 ut
1142 5503 1349 5567 aurora:
1374 5515 1609 5574 tempore
1629 5507 1882 5560 eootinuo
1902 5508 2165 5561 submissa

604 5584 736 5623 voce
749 5571 846 5624 inci
856 5574 1081 5639 piat,ore
1094 5575 1320 5627 rotundo
1335 5571 1672 5630 mediOcriter
1686 5577 2043 5643 ascendendo,
2062 5577 2163 5630 nisi

603 5654 789 5713 magna
823 5652 1005 5709 urgeat
1030 5645 1328 5713 necessitas
1370 5646 1752 5713 exspectando.
1804 5647 2061 5710 Quoniam
2118 5648 2161 5700 si

605 5711 945 5778 magistratus
968 5712 1241 5781 diligentia
1291 5711 1498 5783 aliquos
1543 5716 1677 5769 ultra
1709 5714 1876 5768 debiti
1911 5718 2162 5785 temporis

2282 468 2455 537 gritiei
2506 485 2651 522 mora
2682 469 2981 528 confundit.
3040 469 3238 537 iraeque
3264 480 3325 521 se
3369 479 3599 537 rancore
3625 466 3870 537 commi-

2274 533 2426 591 tinet.
2452 538 2585 592 Cum
2622 549 2801 593 autem
2840 537 3070 608 pigritiei
3099 533 3395 608 discipulus
3421 575 3437 598 ,
3461 533 3867 608 dormitation‘s

2272 608 2486 678 artifex.
2527 610 2764 678 magistri
2807 606 3019 663 noverit
3058 606 3440 678 sedulitatem,
3479 613 3572 658 aut
3603 607 3865 678 maturius

2274 677 2300 731 f
2327 678 2564 743 stinabit,
2610 674 2701 732 aut
2734 679 2935 747 pudore
2951 678 3207 733 confusus
3234 674 3285 729 in
3319 674 3480 745 hujus
3510 675 3863 745 opprobrium

2276 748 2607 802 dormitabit.
2660 750 2764 804 Sed
2800 764 2903 803 non
2935 748 3095 802 faciat
3124 757 3181 802 ut
3212 750 3481 801 Assuerus
3512 755 3668 813 poeta
3719 762 3862 815 pra:-

2275 817 2427 884 eipit,
2460 834 2615 885 quem
2646 819 2926 874 Dromoais
2957 820 3201 873 Castoris
3220 816 3462 885 discipuli
3492 816 3735 885 pigrities
3766 833 3861 870 ne-

2275 890 2452 956 quivit
2482 889 2534 942 in
2579 894 2743 943 risum
2772 892 3029 945 excitare.
3066 889 3144 944 Eo
3189 903 3316 942 vero
3360 902 3511 941 more
3547 887 3861 955 quotidiano

2275 958 2340 1012 ad
2366 959 2588 1029 primam
2621 969 2882 1014 steitente
2912 1002 2927 1022 ,
2980 958 3245 1029 unguibus
3285 959 3490 1029 scabris
3517 957 3858 1029 membratim

2275 1028 2535 1082 musicum
2562 1031 2727 1083 melos
2758 1026 3353 1099 agentibusfoculisque
3382 1026 3750 1099 lippientibus,
3776 1028 3859 1082 lu-

2274 1112 2497 1168 cemque
2520 1097 2924 1166 explorantibus
2952 1101 3197 1153 matutini
3224 1098 3444 1162 laboris,
3465 1098 3518 1168 in
3545 1097 3857 1168 scholisque

2277 1182 2342 1221 ne
2369 1166 2453 1221 res
2486 1180 2768 1237 peragatur
2794 1171 3130 1224 consortibus
3158 1167 3571 1223 advenientibus
3598 1168 3675 1237 sic
3704 1166 3860 1222 diee-

2277 1240 2391 1290 bat:
2431 1237 2585 1292 Lucis
2614 1234 2806 1293 rubore
2838 1240 2941 1294 diei
2988 1255 3250 1293 anrorane
3284 1238 3459 1292 adhuc
3488 1234 3859 1292 confunditur?

2278 1306 2388 1361 Illis
2415 1308 2591 1377 itaque
2622 1310 2954 1378 negantibus.
2974 1310 3199 1363 mediam
3231 1318 3434 1378 partem
3461 1308 3566 1378 diei
3588 1307 3856 1378 creberri-

2275 1392 2360 1430 me
2382 1381 2753 1433 somnolentus
2782 1381 3012 1448 explevit
3035 1377 3241 1448 gratias
3267 1379 3377 1432 Deo
3397 1377 3626 1445 agendo.
3666 1377 3857 1448 maluit

2274 1449 2415 1526 enim
2443 1452 2558 1526 sani
2583 1447 3271 1526 capitisltabereduritient
3318 1463 3476 1526 quam
3508 1447 3681 1501 insani
3714 1448 3857 1526 peri-

2277 1518 2422 1573 tiam.
2440 1518 2497 1572 Si
2520 1516 3349 1588 vero’tnet-idiatue'diSputationi
3368 1518 3681 1587 plerumque
3698 1516 3855 1588 ades-

2274 1597 2357 1658 set
2388 1628 2402 1651 ,
2450 1581 2680 1641 natihnn
2722 1603 2932 1643 morem
2974 1581 3234 1644 excedere
3265 1581 3530 1653 nesciens,
3564 1581 3694 1641 naso
3723 1587 3853 1658 vigi-

2277 1656 2418 1710 lante
2468 1658 2748 1721 stertebat,
2782 1658 3135 1727 alfinibusque
3162 1659 3234 1714 ob
3262 1658 3493 1727 porcina:
3525 1656 3853 1713 corrosionis

2275 1728 2553 1801 strepitum
2608 1728 3160 1801 praebebattfastidia.
3204 1730 3335 1783 Dum
3367 1729 3665 1801 aliquando
3703 1729 3850 1801 olera

2275 1798 2539 1851 secundas
2584 1802 2703 1866 ejus
2755 1799 2977 1853 delicias
3005 1800 3260 1864 hauriret,
3288 1814 3380 1853 ora
3413 1797 3601 1863 biatui,
3654 1798 3851 1853 lumina

2271 1880 2458 1921 Somno
2492 1869 2776 1924 commisit.
2802 1868 2987 1923 Manus
3015 1885 3165 1934 vero,
3198 1870 3320 1924 licet
3359 1869 3575 1923 sordida
3600 1909 3615 1932 ,
3664 1869 3715 1922 in
3762 1883 3852 1922 ca-

2274 1937 2385 2007 tino
2414 1938 2611 2007 aliquid
2644 1940 2953 2007 prendebat,
2988 1941 3079 1993 sed
3112 1955 3275 2006 sapor
3299 1941 3347 1994 ei
3380 1943 3600 1994 nociVus
3621 1939 3848 2000 exsutit.

2274 2006 2399 2060 dum
2422 2006 2620 2079 cibaria
2648 2006 2986 2063 incarcerare
3029 2011 3295 2076 qutesivit.
3325 2010 3404 2063 Ad
3436 2025 3596 2079 quem
3625 2010 3849 2063 fructum

2276 2078 2616 2149 maturitatis,
2649 2094 2681 2130 o
2727 2080 2991 2134 Marciane
3012 2081 3279 2134 sociorum
3326 2079 3625 2149 carissime,
3670 2079 3848 2133 credi-

2276 2148 2345 2218 tis
2372 2146 2513 2202 hunc
2542 2151 2839 2216 pervenire,
2865 2161 3041 2205 vestra
3067 2151 3329 2218 siquidem
3352 2146 3497 2203 novit
3519 2150 3763 2218 intentio.
3792 2149 3849 2204 Si

2276 2211 2574 2274 disserendi
2614 2234 2771 2273 causa
2804 2211 3337 2274 meridianus'doctor
3360 2220 3593 2274 studium
3633 2211 3849 2285 adierit,

2275 2288 2567 2342 cavendum
2590 2298 2670 2343 est
2697 2304 2764 2345 ne
2783 2290 3079 2357 sepltistico
3100 2290 3300 2358 polleat
3341 2299 3617 2356 apparatu,
3649 2304 3747 2343 nec
3769 2298 3850 2344 te-

2278 2366 2314 2410 ti
2329 2358 2372 2411 is
2396 2368 2672 2413 moveatur
2689 2359 3113 2423 difficultatibus,
3130 2362 3222 2416 sed
3247 2361 3478 2415 studiosa
3503 2358 3848 2428 prtemedita-

2278 2430 2423 2499 tione
2472 2430 2717 2483 omnibus
2745 2440 2980 2485 armatus
3005 2472 3020 2496 ,
3050 2431 3363 2499 intrepidus,
3386 2430 3536 2483 adeat
3558 2429 3695 2493 lites,
3724 2442 3848 2483 eas-

2277 2512 2379 2569 que
2401 2497 2540 2551 farili
2572 2509 2752 2554 mente
2799 2512 3082 2569 componat
3108 2541 3124 2565 ,
3182 2497 3236 2555 et
3261 2500 3391 2554 illud
3421 2499 3561 2566 quod
3592 2500 3850 2569 .qnisque

2277 2567 2532 2634 objecerit
2576 2572 2643 2623 ita
2677 2567 2948 2624 memoria}
2978 2571 3244 2639 disponat,
3289 2579 3346 2623 ut
3367 2568 3646 2636 detegendi
3695 2567 3848 2623 tem-

2282 2651 2409 2704 pore
2435 2653 2463 2690 a
2487 2640 2573 2692 via
2597 2640 2821 2693 rationis
2844 2656 2947 2694 non
2992 2641 3251 2705 discedat,
3286 2640 3377 2693 sed
3419 2640 3609 2693 ordine
3636 2653 3850 2708 compe-

2280 2708 2410 2761 tenti
2461 2711 2738 2776 wnigmata
2788 2710 3110 2763 dilucidandi
3161 2710 3530 2764 moderatione
3580 2719 3849 2771 assumpta

2279 2777 2526 2844 explicite
2554 2780 2830 2833 dissolvat.
2862 2780 2919 2834 Si
2940 2796 2972 2833 v
3009 2796 3066 2835 ro
3098 2783 3349 2842 maxima,
3389 2789 3447 2832 ut
3468 2779 3666 2833 assolet
3690 2819 3704 2843 ,
3738 2778 3850 2832 dis-

2279 2860 2547 2902 cretorum
2574 2850 2843 2904 mentibus
2864 2851 3146 2918 contigerit
3166 2850 3422 2905 dubitatio
3446 2852 3496 2901 in
3515 2848 3849 2913 disserendo,

2281 2918 2471 2989 studiis
2500 2922 2753 2973 utendum
2776 2930 2856 2974 est
2884 2920 3250 2983 deliberando,
3282 2918 3491 2989 etquod
3526 2919 3851 2972 naturalibus

2284 2988 2513 3041 inutilius
2563 3005 2712 3044 mens
2742 2991 3002 3057 exagitata
3049 2990 3364 3053 dictaverit,
3398 2988 3747 3043 conscientiae
3796 2989 3849 3041 in

2281 3059 2574 3112 crastinum
2608 3060 2982 3127 proferendum
3011 3068 3112 3114 est.
3142 3060 3451 3128 Eodemque
3480 3058 3638 3112 modo
3676 3058 3719 3128 si
3753 3057 3851 3111 dif-

1318 3125 1566 3198 q'uoniam
1597 3125 1915 3198 quandoque
1943 3130 2175 3199 discipu-
2204 3125 2248 3185 C
2286 3128 2577 3199 lieillinium
2603 3125 2723 3197 quid
2764 3131 3002 3199 quisquis
3032 3125 3425 3199 praemeditatus
3446 3128 3630 3199 fuerit,
3655 3127 3850 3199 discre«

2283 3198 2410 3251 tioni
2450 3207 2532 3252 est
2560 3198 3075 3263 commendandum;
3116 3199 3321 3254 facilius
3351 3199 3493 3252 enim
3542 3198 3850 3253 disserendo

2280 3267 2591 3336 plerumque
2633 3270 2965 3323 difficultatis
3001 3271 3076 3323 sei
3103 3270 3290 3323 .tillnla
3336 3269 3603 3323 invenitur
3626 3282 3780 3337 quam
3804 3268 3851 3322 si

2279 3337 2473 3407 siudii.
2493 3338 2560 3391 ob
2591 3340 2852 3393 etvatimd
2901 3341 3361 3405 committeretur,
3387 3340 3635 3407 quoniam
3664 3351 3765 3390 non
3798 3338 3852 3391 in

2277 3406 2446 3478 altero
2473 3416 2671 3462 tantum
2698 3409 2931 3463 scientia:
2949 3410 3145 3464 veritas
3163 3406 3423 3478 reperitur
3440 3449 3453 3470 ,
3480 3418 3535 3462 ut
3556 3408 3682 3462 dicit
3703 3408 3854 3461 Aris-

2279 3477 2489 3530 toteles.
2532 3479 3069 3534 An’madvertendum
3112 3490 3191 3535 est
3211 3481 3369 3534 etiam
3390 3480 3528 3546 quod
3554 3477 3721 3531 tribus
3744 3492 3854 3531 mo-

2279 3546 2365 3617 dis
2406 3546 2459 3599 in
2491 3548 2864 3602 traditionibus
2895 3550 2968 3603 uti
3017 3552 3153 3605 solet
3188 3551 3539 3603 discretortnn
3597 3548 3851 3617 cognitio.

2278 3614 2437 3688 Novis
2464 3616 2723 3686 siquidem
2753 3630 2807 3673 et
2844 3619 3109 3674 inusitatis
3138 3618 3455 3673 editionibus
3497 3614 3729 3688 gloriari,
3764 3632 3855 3671 ve-

2282 3686 2481 3759 teribus
2536 3688 2792 3759 tetrisque
2841 3690 3223 3757 discipulorum
3258 3700 3465 3742 mentes
3498 3686 3854 3759 pallia‘retve-

2281 3757 2588 3811 tustissimis
2620 3755 2793 3813 tamen
2825 3755 3085 3813 innovatis
3114 3769 3168 3813 et
3194 3770 3439 3827 tanquam
3466 3755 3691 3827 proiiriis
3709 3755 3852 3827 rivis

2279 3827 2615 3883 manantibus
2642 3829 2970 3884 credentium
2989 3825 3367 3899 intelligendas
3392 3825 3643 3881 excitare.
3666 3825 3854 3899 Siquis

2282 3911 2411 3950 vero
2436 3901 2620 3951 borum
2651 3899 3031 3968 discipulorum
3057 3896 3341 3968 sagacitate
3363 3896 3743 3968 oblectaverit,
3766 3910 3854 3950 ar-

2279 3968 2598 4039 chiseholari
2620 3964 2918 4039 iungendus
2940 3980 3042 4035 est,
3075 3964 3142 4022 ut
3154 3969 3232 4025 vel
3254 3969 3331 4039 eis
3353 3964 3740 4039 recordationis
3766 3979 3854 4020 se-

2281 4036 2412 4089 riem
2440 4036 2661 4093 fideliter
2681 4036 2967 4107 imprimat,
2992 4036 3675 4107 velexarandidiligentiam
3698 4049 3853 4088 com-

2283 4106 2514 4178 mendet.
2540 4104 2782 4176 Magnum
2811 4110 3069 4178 siquidem
3097 4111 3148 4163 in
3182 4109 3262 4163 his
3295 4104 3533 4178 utilitatis
3557 4104 3854 4159 fomentum

2283 4177 2580 4249 colligetur.
2604 4178 2679 4249 lJt
2700 4175 2889 4249 autem
2918 4178 2984 4232 ad
3020 4175 3582 4249 magistratusapicent
3610 4182 3855 4243 tempore

2282 4244 2557 4312 perveniat
2581 4248 2890 4316 discipulus,
2945 4244 3132 4303 studio
3150 4245 3513 4303 continuitatis
3541 4244 3852 4316 immoran-

2278 4317 2404 4370 dum
2432 4325 2531 4379 est,
2549 4314 2867 4387 recess'uque
2892 4319 3082 4374 secreti
3122 4320 3189 4384 ri,
3224 4318 3348 4372 licet
3372 4314 3690 4387 sanguineus
3712 4316 3855 4367 exis-

2282 4394 2376 4448 tat,
2402 4386 2748 4457 tnsistendum
2776 4385 2879 4455 est,
2916 4403 2981 4442 ne
3002 4390 3255 4457 strepitus
3300 4385 3659 4457 assistentium
3706 4399 3856 4457 nien-

2281 4465 2384 4509 tetn
2416 4456 2650 4517 hebetet,
2674 4462 2752 4510 ve!
2783 4454 3128 4524 migrantium
3154 4460 3265 4512 rixa
3292 4456 3581 4511 confundat
3601 4454 3854 4524 intellec-

2280 4537 2388 4577 tum
2416 4565 2430 4587 ,
2477 4526 2637 4579 nullis
2687 4522 2912 4582 vinculis
2942 4528 3125 4582 vitales
3164 4527 3387 4596 spiritus
3418 4522 3852 4596 impedientibus.

2281 4596 2551 4649 llonestati
2587 4598 2725 4649 enim
2758 4609 3171 4652 consentaneum
3196 4592 3354 4652 estut
3380 4611 3407 4650 s
3441 4592 3585 4648 creta
3610 4592 3854 4645 rimando

2276 4666 2545 4738 solitarius
2578 4667 2828 4735 magister
2850 4668 3041 4721 existat
3059 4670 3225 4738 magis
3245 4682 3402 4738 quam
3424 4664 3643 4719 libellos
3671 4672 3852 4738 extra-

2278 4735 2455 4789 hendo
2476 4733 2684 4806 cunctis
2709 4738 3043 4806 pra-sentiam
3073 4733 3222 4791 suam
3246 4733 3527 4790 exhibeat:
3547 4746 3724 4806 nonne
3753 4733 3851 4786 de-

2278 4807 2554 4859 t.acti0nis
2579 4801 2966 4876 filiusmagistri
2990 4808 3328 4861 sedulitatem
3363 4805 3527 4859 libros
3557 4801 3850 4876 extrahens

2280 4882 2385 4947 tem
2417 4876 2702 4943 asjiit-iens,
2736 4874 2861 4945 quid
2888 4878 2939 4931 itt
2962 4890 3218 4947 quantum
3252 4878 3434 4945 utique
3459 4874 3809 4947 meditaretur
3834 4874 3855 4922 Τ

2280 4945 2335 5017 Si
2366 4960 2492 4998 vero
2523 4943 2775 5017 pritnmvo
2803 4943 3044 5016 tempore
3075 4943 3431 5017 magistrantis
3458 4943 3489 4997 (Ι
3516 4943 3733 5013 ligentia
3762 4958 3853 4995 co-

2278 5015 2415 5081 piam
2438 5016 2754 5069 disei-ntium
2786 5033 2890 5072 non
2925 5015 3209 5082 habuerit,
3238 5018 3433 5070 idcirco
3464 5029 3571 5067 non
3592 5021 3848 5082 tepescat,

2275 5100 2374 5138 nec
2419 5099 2512 5152 Spe
2550 5086 2787 5154 deposita
2818 5098 3118 5154 evanescat,
3144 5087 3238 5142 sed
3284 5095 3429 5140 tanto
3459 5085 3635 5138 acrius
3663 5083 3853 5154 studiis

2275 5156 2483 5209 insistat
2517 5196 2531 5219 ,
2568 5152 2731 5222 seque
2775 5159 2823 5209 itt
2863 5152 3112 5214 conflictu
3156 5168 3370 5212 strenue
3402 5170 3494 5223 pra
3515 5155 3657 5217 beat,
3686 5162 3743 5206 ut
3776 5152 3851 5205 sic

2275 5225 2399 5279 licet
2449 5241 2569 5280 cum
2627 5228 2806 5294 paucis
2875 5229 3132 5295 honorem
3196 5226 3494 5295 centingat.
3550 5226 3846 5295 Paucorum

2274 5298 2414 5349 enim
2437 5292 2706 5350 consortio
2737 5299 2930 5351 multos
2958 5294 3231 5362 delinitos,
3261 5292 3639 5366 profunditatis
3662 5292 3848 5366 studio

2273 5367 2502 5441 vigente,
2529 5368 3076 5441 frequentervitlimns
3105 5362 3323 5441 strenue
3347 5364 3625 5420 intitulart.
3660 5362 3848 5441 limine

2272 5433 2669 5506 Theophrasuis
2683 5439 2987 5507 subtilitatis
3015 5433 3248 5503 artifex',
3281 5450 3570 5507 paucorum
3600 5433 3849 5507 suffultun

2269 5502 2481 5573 ornatu,
2504 5522 2605 5583 spe
2624 5506 2966 5583 defraudatos
2988 5502 3434 5583 regendi,curant
3454 5503 3680 5583 _objecit,
3703 5502 3847 5583 quod

2271 5584 2448 5629 tamen
2504 5576 2799 5631 iueonsult':
2828 5581 2973 5647 egit,
3031 5576 3332 5634 consultius
3381 5577 3522 5630 enim
3564 5582 3770 5647 egisset
3800 5576 3844 5626 si

2268 5659 2326 5697 se
2357 5647 2517 5701 studii
2567 5644 2921 5701 observantiae
2976 5646 3452 5709 commendabilem
3491 5644 3840 5698 exhibuisset.

2269 5716 2571 5771 Muneribus
2603 5728 2777 5772 tamen
2819 5719 3051 5789 magistri
3078 5718 3321 5774 Leontini
3363 5712 3619 5771 discretio
3648 5712 3844 5767 multo-
