4274 6272
448 342 578 396 ΗΜ

444 527 595 594 cujus
621 525 854 594 speciem
900 524 1147 577 universa
1184 521 1205 574 t‘
1238 533 1435 594 rmat'el
1462 540 1472 572 :
1498 521 1798 594 materiam,
1831 536 1894 573 ex
1924 538 2024 594 qua

445 588 635 650 cuncta
655 588 914 649 'crearet.
964 594 1034 647 De
1080 592 1300 646 materia
1331 592 1575 660 superius
1606 588 1759 655 dixit,
1803 591 2029 643 materia:

446 662 1023 734 ﬂuitantiuexemplar
1050 662 1136 715 hic
1164 662 1415 734 exprimit
1436 676 1555 714 eum
1588 662 1734 734 dicit,
1764 671 1816 734 tu
1836 672 2028 734 cunt-tu

448 731 671 803 superno
716 735 862 787 ducis
907 733 967 786 ab
1014 734 1263 803 exemplo.
1321 731 1429 784 lloc
1481 739 1565 784 est
1616 733 1741 785 illud
1775 731 2029 803 Platonis

448 801 661 874 dogma,
695 806 760 858 de
805 819 908 871 quo
957 804 1141 854 beatus
1190 801 1544 874 Hieronymus
1579 804 1627 853 in
1671 801 1893 869 prologo
1925 801 2029 855 b‘e-

451 868 595 930 neiis
644 868 874 942 loquitur
903 891 913 923 :
944 887 1063 924 nam
1116 886 1236 923 cum
1283 868 1422 942 LXX
1470 868 1788 933 interpretes
1831 868 2029 942 praccaf

449 948 592 999 visse
635 939 835 998 diceret
866 958 932 995 ne
965 942 1285 994 l’toletna‘us
1334 940 1486 994 unius
1539 942 1629 994 Dei
1663 942 1837 994 cultor
1888 939 2027 1007 apud

450 1016 663 1069 Judzeos
685 1027 894 1082 quoque
918 1011 1181 1077 duplicem
1205 1010 1538 1082 divinitatem
1561 1011 2026 1082 deprehenderet;

455 1094 574 1148 hoc,
604 1079 861 1147 ait,'ideu
911 1084 1147 1134 maxime
1199 1079 1481 1150 faciebant,
1516 1081 1635 1150 quia
1689 1082 1739 1134 in
1794 1080 2027 1133 Platonis

451 1160 642 1222 d.gma
670 1153 863 1207 cadere
890 1152 1187 1222 videbatur.
1215 1149 1232 1201 1
1261 1167 1396 1222 aque
1425 1151 1513 1222 ubi
1539 1149 1806 1222 sacratum
1830 1151 2028 1219 aliquid

452 1220 725 1290 Scriptura
758 1223 987 1289 loquitur
1016 1221 1083 1274 de
1108 1221 1263 1273 l‘atre
1282 1231 1337 1275 et
1362 1220 1494 1274 Filio
1517 1233 1568 1275 et
1587 1221 1785 1288 Spiritu
1817 1234 2026 1284 sancto,

452 1304 539 1346 aut
571 1293 723 1346 aliter
771 1290 1106 1359 interpretati
1149 1302 1291 1356 sunt,
1321 1301 1413 1344 aut
1456 1293 1674 1344 omnino
1706 1301 1985 1344 tacuerunt
2014 1309 2027 1343 :

453 1364 555 1416 hoc
582 1364 763 1430 ulique
793 1373 1112 1427 metuentes,
1146 1376 1214 1413 ne
1242 1362 1284 1413 si
1319 1363 1370 1413 in
1406 1360 1598 1415 divinis
1630 1361 1802 1415 Libris
1834 1369 2031 1431 myste-

456 1436 591 1487 rium
648 1432 920 1485 Trinitatis
979 1434 1116 1484 idetn
1179 1431 1494 1484 Ptolemaeus
1547 1434 1840 1494 inveniret,
1896 1438 2031 1484 han‘c

454 1504 699 1558 eamdem
733 1518 850 1555 esse
880 1517 1038 1570 quam
1073 1501 1221 1553 Pluto
1248 1501 1427 1553 docuit
1466 1502 1799 1567 existimans,
1833 1502 1883 1555 in
1914 1502 2031 1567 ejus

454 1588 693 1627 errorem
723 1573 1089 1626 Vehementius
1131 1572 1450 1625 traheretur.
1497 1571 1728 1626 Proinde
1769 1572 2031 1639 quemad-

456 1644 673 1698 modum
716 1642 937 1710 quilibet
967 1642 1150 1694 artifex
1201 1657 1305 1707 quo
1328 1643 1557 1708 lcunque
1599 1658 1735 1710 Opus
1769 1642 2032 1695 fabricare

457 1717 716 1777 disponit,
750 1713 897 1780 prius
941 1711 1058 1779 ejus
1102 1712 1327 1763 furinum
1357 1721 1410 1764 et
1438 1712 1765 1779 singularum
1802 1714 2029 1777 partium

458 1784 860 1873 similitudinem
889 1784 1141 1873 initi-nimo
1169 1797 1247 1873 ge.
1269 1783 1327 1845 it,
1350 1794 1401 1835 et
1433 1782 1658 1873 qlttodam
1681 1784 2030 1873 [cogitaiionis
2067 1815 2111 1873 Β

457 1855 652 1907 intuitu
684 1854 1108 1920 contemplatur;
1133 1852 1321 1906 eodem
1352 1854 1510 1905 modo
1534 1853 1646 1919 ipse
1681 1854 1840 1907 Deum
1874 1851 2033 1905 futuri

460 1925 639 1977 mundi
685 1924 915 1992 speciem
956 1933 1012 1976 et
1046 1922 1327 1985 imaginem
1388 1924 1715 1977 a-ternaliter
1764 1925 1816 1976 in
1862 1930 2040 1975 meite

461 1995 697 2061 gessisse
739 1993 1032 2047 asserebat.
1066 1992 1125 2045 Et
1157 1994 1256 2045 huc
1281 2002 1363 2046 est
1395 1993 1535 2061 quod
1577 1994 1701 2046 dicit
1729 2010 1741 2045 :
1771 1992 2041 2057 pulchrum

459 2066 705 2116 mundum
730 2062 1118 2132 pulcherrimus.
1149 2074 1252 2115 etc.
1286 2062 1353 2116 Ut
1381 2066 1502 2115 etin
1529 2072 1639 2116 toto
1660 2073 1711 2116 et
1730 2064 1779 2115 in
1804 2064 2041 2131 partibus

461 2136 571 2187 suis
603 2135 783 2187 mundi
814 2132 1110 2187 machinam
1143 2132 1359 2201 juberet
1384 2148 1503 2185 esse
1538 2136 1846 2201 perlectam.

531 2204 579 2258 8r
622 2202 697 2256 Tu
741 2204 965 2257 numeris
999 2205 1243 2256 elementa
1283 2203 1434 2273 ligas,
1460 2214 1564 2256 etv.
1613 2204 1817 2270 Quanta
1846 2202 1911 2257 de
1938 2218 2039 2256 nu-

461 2289 732 2328 merorum
773 2274 1027 2341 potentia.
1060 2282 1113 2326 et
1153 2289 1247 2342 per
1283 2274 1426 2339 ipsos
1460 2273 1598 2326 icta
1644 2274 1899 2329 divinitus
1929 2274 2042 2327 ele-

461 2356 763 2398 mentorum
814 2343 1176 2408 coaptatinue,
1217 2344 1323 2395 imu
1372 2344 1535 2397 tutius
1583 2345 1768 2397 tuundi
1818 2343 2038 2406 fabrica,

461 2415 770 2467 Graacorum
821 2414 1160 2481 philosoph,
1215 2422 1271 2465 et
1317 2429 1501 2465 eorum
1550 2412 2041 2468 excellentissimus

464 2484 614 2539 Plan
646 2484 697 2536 in
730 2484 934 2537 TilltlBO
961 2482 1330 2549 disputavcrit,
1359 2482 1409 2535 in
1443 2483 1644 2537 Latiu‘s
1686 2500 1829 2549 smpe
1859 2493 2038 2537 aucto-

461 2554 609 2607 ribus
636 2553 962 2615 iuveuimus,
990 2554 1078 2619 qui
1107 2568 1166 2607 ea
1194 2551 1315 2606 inde
1348 2554 1601 2606 translata
1637 2562 1948 2617 tractantes,
1973 2552 2039 2606 ad

465 2643 494 2673 ιι
519 2638 711 2687 agnum
757 2624 857 2677 ltoc
886 2622 1203 2677 eruditionis
1252 2624 1543 2689 perlectum
1591 2629 1858 2692 pertinere
1893 2623 2039 2675 arbi-

467 2694 586 2747 trati
612 2704 755 2747 sunt.
790 2695 862 2746 Es
900 2693 1090 2760 quibus
1124 2693 1224 2746 huc
1259 2702 1462 2748 tantum
1507 2693 1648 2761 quod
1679 2698 1746 2747 hu
1772 2708 1802 2747 c
1827 2693 2042 2759 exposi-

435 2762 716 2816 'tiuucula:
744 2763 959 2828 suﬁcit,
991 2762 1078 2816 hic
1120 2764 1460 2817 inserendum
1495 2766 1691 2830 putavi.
1727 2763 2041 2816 Ambrosius

465 2833 789 2896 Macrobus,
820 2831 911 2901 qui
957 2833 1225 2886 somnium
1268 2832 1534 2899 Scipionis
1577 2849 1605 2885 a
1645 2835 1903 2887 tlieerone
1948 2832 2041 2885 de-

466 2904 722 2970 scriptum
770 2903 821 2955 in
871 2903 1078 2956 duobus
1125 2902 1272 2955 libris
1325 2903 1601 2970 insigniter
1650 2902 2036 2971 exposuit,qiu

467 2975 629 3041 priori
658 2973 793 3026 libro
826 2972 891 3025 ita
922 2972 1047 3024 dicit
1078 2987 1093 3023 :
1122 2972 1323 3025 Scimus
1353 2974 1630 3025 secundum
1660 2971 1952 3036 Platonem,
1985 2971 2040 3023 id

465 3054 539 3095 est
571 3042 851 3095 secundum
892 3043 1051 3107 ipsius
1096 3043 1317 3094 veritatis
1344 3058 1606 3101 arcanum,
1635 3042 1727 3093 illa
1756 3042 1874 3110 [orti
1907 3041 2041 3094 inter

464 3129 519 3165 se
560 3114 761 3165 vinculo
791 3111 1244 3181 col.’igari,quibus
1274 3112 1533 3178 interjecta
1564 3112 1805 3166 medietas
1832 3121 2041 3181 pra’stat

979 338 1044 394 IN
1089 339 1214 395 LIB.
1260 338 1323 397 111
1396 343 1481 396 DE
1518 338 1902 397 CONSOIAT.
1949 336 2473 403 Pllll.OS.,METR.
2515 340 2608 409 IX,
2649 341 3212 401 COMMENTARIUS.

446 455 724 521 materiam
753 472 765 506 :
793 454 984 517 Deum,
1008 453 1246 507 omnium
1276 460 1572 506 creatorem
1600 469 1612 503 :
1638 451 1934 519 exemplar,
1957 450 2019 500 ad
2056 452 2103 507 Α

3583 348 3722 403 ιω

2210 454 2298 525 10.
2335 453 2451 509 Hoc
2502 469 2633 508 sane
2676 454 2930 508 attentius
2974 454 3285 525 intuendum
3329 461 3430 518 est,
3457 454 3600 525 quod
3632 470 3720 509 se-

2134 524 2336 595 quitur,
2356 541 2431 595 ⁸ηε
2455 541 2627 588 purior
2658 525 2786 592 ignis
2826 527 3003 585 erolet,
3032 534 3138 577 etc.
3169 522 3296 595 Nam
3331 522 3637 595 sicut'terra
3664 533 3720 578 et

2137 593 2274 661 ignis
2328 593 2435 660 prie
2486 595 2698 647 caeteris
2750 595 3038 663 elementis
3106 595 3216 662 ipsa
3286 593 3387 663 loci
3454 594 3720 662 positione

2134 664 2366 717 maxime
2420 664 2659 732 sejunrta
2714 662 2855 728 sunt,
2883 679 3002 715 cum
3038 673 3174 732 terra
3224 662 3426 725 inlitna,
3458 664 3593 726 ignis
3627 664 3724 723 ho-

2135 746 2251 786 rum
2285 730 2574 786 altissitiius
2605 732 2695 797 sit,
2729 745 2782 784 ιιι
2829 742 2946 793 ncte
2990 730 3143 800 cujus
3172 742 3253 786 est
3282 734 3539 786 naturalis
3570 734 3721 786 lucus

2135 803 2187 865 in
2220 803 2441 868 tcthere,
2475 819 2631 870 quem
2667 804 2834 869 ignem
2872 812 3081 855 constat
3126 817 3246 855 esse
3297 815 3523 865 natura»,
3556 819 3716 869 quem

2134 873 2295 926 etiam
2327 872 2501 927 omnis
2542 872 2751 925 ﬂamma
2799 882 3007 925 stlrsnm
3054 871 3275 925 tendens
3309 872 3516 925 videtur
3546 889 3714 939 appe-

2136 951 2283 1003 tere;
2331 944 2400 994 ita
2451 942 2612 995 etiam
2661 942 2779 994 aliis
2828 940 3179 1006 quibu~dam,
3212 952 3402 1002 praeter
3435 944 3549 995 illas
3583 958 3715 1009 quas

2134 1027 2295 1080 supra
2324 1010 2574 1072 diximus,
2598 1011 2916 1065 differentiis
2946 1012 3177 1064 maxime
3197 1010 3715 1080 dissociantur;_lrnc

2125 1076 2220 1149 [esi
2265 1081 2480 1136 levitate
2527 1091 2581 1136 et
2626 1082 2905 1148 gravitate,
2955 1080 3185 1150 puritate
3235 1090 3292 1150 et
3335 1076 3715 1141 crassitudine,

2135 1150 2266 1221 Nam
2318 1152 2506 1206 horum
2558 1144 3129 1221 elementorum-ignis
3180 1144 3502 1221 purissimus
3531 1161 3613 1221 est
3658 1158 3715 1204 et

2137 1220 2474 1287 levissimus;
2524 1234 2664 1276 terra
2715 1222 2835 1290 plus
2874 1220 3032 1288 quam
3091 1233 3285 1275 caetera
3335 1220 3618 1273 densitatis
3665 1233 3719 1274 et
3774 1248 3783 1251 ν

2138 1292 2394 1360 ponderis
2424 1292 2625 1346 habere
2656 1294 3016 1361 cognoscitur.
3055 1292 3211 1362 Igitur
3257 1306 3322 1343 ne
3367 1290 3555 1362 borum
3585 1306 3719 1362 quo-

2137 1377 2241 1430 que
2270 1372 2412 1416 tanta
2445 1360 2925 1429 diversitisiguem
2956 1360 3165 1428 peniius
3198 1373 3507 1427 terramque
3537 1360 3715 1427 impli-

2136 1432 2290 1486 cabili
2324 1443 2667 1500 repugnante
2689 1442 2983 1498 separaret,
3013 1434 3279 1499 geminata
3311 1439 3393 1484 est
3435 1438 3718 1500 procurata

2139 1498 2417 1566 medietas,
2441 1498 2579 1570 quin,
2599 1514 2652 1555 ut
2683 1518 2841 1570 supra
2872 1498 3146 1556 ostensum
3175 1512 3277 1566 est,
3304 1498 3572 1553 insnlubili
3604 1501 3721 1551 vin-

2138 1572 2258 1624 culo
2286 1574 2419 1626 solet
2469 1585 2705 1627 extrema
2735 1584 3075 1635 connectere,
3104 1586 3237 1639 aqua
3271 1570 3477 1625 scilicet
3506 1578 3559 1621 et
3591 1583 3712 1639 aer;

2138 1656 2256 1708 qum
2318 1644 2596 1710 utriusque
2655 1643 2796 1694 illius
2851 1643 3242 1695 contrarietatis
3299 1649 3423 1707 apto
3480 1638 3711 1707 quodam

2140 1712 2423 1779 participio
2452 1722 2764 1774 temperata,
2794 1714 3061 1766 levitatem
3092 1714 3227 1779 ignis
3249 1719 3461 1763 terreno
3492 1710 3713 1776 ponderi

2140 1778 2505 1835 conciliarent.
2535 1783 2741 1835 Habent
2764 1786 2904 1835 enim
2935 1778 3158 1849 utraque
3184 1792 3233 1835 et
3261 1780 3455 1847 aliquid
3479 1778 3718 1849 levitatis

2142 1867 2262 1905 cum
2312 1852 2451 1920 igne,
2481 1862 2681 1906 etcum
2730 1861 2867 1904 terra
2901 1846 3095 1918 aliquid
3146 1846 3439 1921 gravitatis.
3475 1846 3581 1903 Sed
3619 1863 3715 1921 aer

2142 1917 2359 1975 levitate
2386 1937 2482 1975 sua
2511 1925 2615 1990 igni
2661 1923 2886 1976 vicinior
2914 1917 3020 1986 est,
3048 1917 3183 1992 aqua
3232 1932 3446 1974 terreno
3494 1917 3714 1986 ponderi

2144 1994 2309 2053 magis
2344 1994 2753 2061 appmpinquat.

2200 2064 2301 2116 .ll.
2346 2062 2448 2117 Sed
2483 2072 2659 2117 tamen
2703 2071 2959 2129 quantum
2990 2062 3211 2115 interest
3255 2062 3395 2116 inter
3427 2064 3716 2129 aquamiel

2142 2148 2322 2187 acrem
2356 2148 2513 2187 causa
2552 2127 2832 2186 densit‘atis
2862 2141 2915 2185 et
2946 2132 3218 2201 ponderis,
3262 2130 3591 2201 tantumdem
3637 2127 3719 2180 inc

2143 2211 2225 2258 ter
2246 2218 2426 2259 aerem
2455 2212 2508 2256 et
2529 2204 2704 2272 ignem
2734 2214 2836 2257 est.
2868 2196 3142 2272 Et'rursus
3163 2200 3555 2272 quodinterest
3578 2196 3718 2272 inger

2143 2288 2322 2327 aerem
2351 2284 2404 2327 et
2442 2267 2634 2341 aquam
2661 2288 2819 2325 causa
2852 2271 3086 2325 raritatis
3127 2281 3180 2323 et
3225 2270 3473 2331 levitatis,
3509 2268 3608 2341 iioc
3635 2267 3718 2319 in-

2146 2352 2380 2398 terestet
2411 2337 2548 2399 inter
2579 2355 2772 2396 terram
2802 2351 2855 2396 et
2879 2356 3090 2409 aquam.
3118 2341 3351 2406 Itemque
3384 2337 3524 2409 quod
3548 2337 3715 2390 inter-

2145 2423 2229 2467 est
2276 2414 2415 2467 inter
2459 2426 2655 2467 terram
2697 2424 2750 2466 et
2782 2408 2972 2480 aquam
3003 2424 3158 2462 causa
3191 2408 3468 2462 densitatis
3498 2415 3551 2460 et
3579 2420 3712 2480 pou-_

2145 2483 2313 2547 deris,
2363 2484 2462 2536 hoc
2495 2485 2716 2536 intereSI
2748 2475 2886 2535 inter
2923 2494 3113 2547 aquam
3139 2488 3194 2532 et
3233 2493 3412 2532 aerem
3437 2492 3451 2530 :
3476 2486 3530 2529 et
3573 2475 3713 2543 quod

2146 2552 2287 2605 inter
2326 2568 2516 2620 aquam
2549 2566 2596 2605 et
2645 2567 2847 2611 aerem,
2890 2548 2990 2603 hoc
3022 2551 3162 2602 inter
3202 2563 3380 2620 aerem
3420 2556 3473 2599 ct
3514 2548 3711 2613 ignem.

2143 2622 2254 2676 Nec
2288 2619 2461 2675 solum
2494 2623 2594 2674 sibi
2638 2622 2804 2673 vicina
2855 2628 2910 2674 et
2946 2619 3267 2672 colitrrentia
3310 2624 3715 2684 comparantur,

2144 2693 2238 2745 sed
2290 2692 2474 2746 eadem
2532 2694 2751 2742 alternis
2804 2688 3025 2743 saltibus
3072 2697 3200 2741 cusb
3223 2688 3368 2740 ditur
3415 2686 3713 2752 tequalitas.

2143 2760 2274 2814 Nam
2328 2762 2466 2828 quod
2524 2770 2605 2813 est
2651 2770 2790 2813 terra
2839 2763 2904 2812 ad
2936 2774 3136 2822 acrem,
3194 2759 3294 2811 hoc
3340 2767 3421 2828 est
3466 2771 3601 2828 aqua
3641 2756 3715 2828 ad

2145 2827 2354 2898 ignem.
2373 2832 2435 2884 Et
2465 2830 2671 2897 quoties
2695 2830 2938 2894 verteris,
2975 2832 3218 2883 eamdem
3250 2827 3486 2894 reperies
3507 2827 3716 2898 jugabi-

2145 2897 2250 2953 lem
2277 2902 2713 2968 competen'iam.
2732 2926 2735 2929 λ
2756 2914 2858 2967 qua
2888 2900 3027 2952 inter
3063 2913 3122 2952 se
3151 2897 3714 2968 aequabiliter‘diverse

2144 2964 2437 3024 Suciautur.
2472 2972 2535 3023 Et
2572 2972 2670 3023 bne
2701 2964 2783 3022 est
2812 2970 2949 3036 quod
2981 2970 3078 3029 ait.
3108 2984 3172 3019 ne
3206 2969 3405 3038 purior,
3445 2965 3493 3017 id
3521 2974 3604 3018 est
3638 2964 3717 3018 le-

2148 3040 2262 3093 vior
2294 3042 2426 3108 ignis
2457 3041 2651 3104 evolet,
2685 3055 2748 3093 ac
2776 3041 2988 3107 penitus
3013 3038 3331 3092 dissocietur
3362 3053 3391 3089 a
3424 3046 3563 3108 terra
3592 3043 3716 3088 :aut

2150 3120 2289 3163 terra
2313 3105 2555 3179 pondere
2590 3125 2689 3162 suo
2720 3105 2916 3169 mersa,
2961 3118 3015 3163 et
3052 3108 3268 3179 reliquis
3300 3122 3403 3161 non
3435 3105 3718 3159 cohaerens

465 3184 655 3236 vinculi
680 3169 990 3251 ﬁrmitatein.
1024 3169 1150 3233 Cum
1181 3197 1295 3234 vero
1328 3169 1567 3235 medietas
1596 3182 1708 3251 ipsa
1738 3169 2116 3249 geniinatur,'C
2148 3169 2452 3245 elementis,
2483 3197 2510 3231 a
2542 3184 2754 3248 propria
2787 3179 2997 3232 dei-idat
3036 3169 3343 3251 stabilitate.

464 3269 525 3306 ea
566 3268 680 3320 qua:
707 3253 895 3306 extima
923 3260 1039 3304 sunt
1083 3268 1183 3303 non
1215 3253 1455 3305 tenaciter
1502 3261 1738 3314 tantum,
1764 3252 1854 3305 sed
1894 3253 2045 3304 etiam

464 3323 800 3376 insolabiliter
842 3322 1149 3374 vinciuntur.
1206 3320 1381 3373 I’iimo
1409 3338 1529 3391 ergo
1561 3322 1786 3375 trrnario
1831 3322 2044 3389 contigit

466 3408 677 3446 numero
722 3402 777 3446 ut
835 3402 909 3445 ter
959 3393 1059 3444 duo
1109 3407 1308 3443 summa
1356 3395 1578 3444 medium
1630 3408 1729 3457 quo
1773 3393 2046 3445 vinciretur

464 3464 732 3533 acciperet.
767 3462 1136 3528 Quatrrnarius
1182 3477 1296 3533 vero
1342 3461 1471 3515 duas
1520 3463 1810 3515 medietate
1848 3463 2044 3529 primus

464 3535 686 3587 omnium
728 3546 905 3587 nactus
950 3549 977 3585 e
1005 3542 1043 3593 t,
1069 3549 1194 3600 quos
1244 3532 1305 3583 ab
1345 3534 1439 3584 hoc
1477 3548 1687 3585 numero
1725 3533 1857 3585 Deus
1898 3549 2046 3585 mun-

462 3604 614 3656 dame
657 3604 805 3656 molis
846 3604 1033 3671 artifer
1078 3602 1409 3671 conditorque
1455 3614 1749 3666 mutuatus,
1788 3604 2067 3671 insolubili

464 3675 595 3727 inter
641 3690 692 3727 se
738 3673 938 3727 vinculo
980 3671 1224 3726 elementa
1276 3674 1698 3727 devinaituicut
1748 3674 1800 3725 in
1854 3673 2043 3726 Timaeo

463 3742 701 3797 Platonis
730 3753 976 3797 assertum
1014 3754 1110 3805 est,
1140 3760 1238 3795 non
1270 3743 1420 3799 aliter
1448 3755 1551 3795 tam
1591 3757 1915 3796 controt'crsa
1947 3745 2045 3797 sibi

461 3829 522 3865 ac
565 3816 904 3885 repugnantia
951 3822 998 3865 et
1044 3825 1238 3885 natura:
1293 3815 1712 3866 communionem
1767 3814 2044 3885 abnuentia

462 3884 769 3950 permisceri,
806 3895 991 3937 terram
1015 3884 1127 3933 dico
1156 3894 1200 3934 et
1230 3885 1329 3949 ign:
1348 3900 1417 3944 m,
1442 3884 1609 3952 po‘uis
1640 3900 1683 3945 e,
1720 3885 1815 3936 nisi
1845 3884 2045 3940 duobus

464 3954 641 4005 mediis
678 3955 807 4005 aeris
839 3961 887 4004 et
916 3967 1062 4020 aqua:
1090 3953 1301 4004 nexibus
1322 3954 1683 4021 jungcrentnr.
1731 3954 1782 4005 In
1819 3956 1898 4007 bis
1930 3956 2040 4008 Mu-

464 4022 630 4075 rrobii
672 4022 847 4077 verbis
894 4032 1058 4091 patet,
1093 4022 1190 4075 nisi
1226 4022 1400 4088 l'ullor,
1432 4022 1556 4091 quid
1588 4024 1655 4077 sit
1686 4026 1907 4077 numeris
1936 4028 2039 4079 cleo

466 4102 631 4144 menta
648 4094 806 4164 ligas.

535 4164 587 4216 9.
629 4162 779 4230 Quod
810 4170 988 4216 autem
1020 4162 1279 4232 sequitur,
1315 4172 1370 4216 ut
1415 4164 1609 4232 frigora
1639 4165 1882 4232 ﬂammis,
1908 4178 2039 4233 etc.,

462 4232 615 4288 facile
644 4234 866 4302 intelligi
898 4240 1068 4305 potest
1100 4252 1113 4286 :
1138 4233 1341 4305 eodem,
1371 4235 1515 4288 enim
1545 4250 1773 4291 numero
1798 4251 1904 4305 quo
1930 4232 2041 4305 ipsa

461 4306 749 4370 elementa,
776 4320 806 4359 e
831 4306 934 4357 iam
976 4303 1210 4371 ipsorum
1244 4304 1558 4359 dilierentia:
1605 4303 1877 4360 constant.
1910 4303 2039 4362 Nam

462 4384 515 4426 et
566 4376 695 4443 ipsa!
742 4384 866 4427 sunt
909 4384 1158 4442 quatuor,
1205 4373 1371 4442 frigus
1423 4385 1476 4428 et
1516 4376 1685 4439 calor,
1729 4377 1943 4431 siccitas
1988 4387 2043 4432 et

464 4443 657 4496 humor
681 4461 828 4513 :qua:
850 4444 974 4496 dum
1000 4445 1139 4497 binae
1164 4459 1255 4512 per
1277 4445 1485 4511 singula
1516 4446 1779 4500 elementa
1812 4448 2037 4502 iniicem

464 4525 693 4580 coeunt,
741 4525 919 4583 aptam
972 4515 1256 4582 quamdam
1320 4518 1813 4571 cuncateuationem
1878 4519 2038 4572 etiam

461 4584 698 4648 ipsorum
756 4600 874 4653 qua:
922 4587 1188 4637 contraria
1252 4586 1499 4639 videntur
1557 4587 1820 4641 ellicimit.
1883 4589 2036 4643 \‘eibt

460 4656 649 4720 gratia,
681 4666 735 4707 ut
761 4670 789 4706 a
839 4661 975 4707 terra
1017 4668 1137 4722 quin
1183 4656 1361 4708 intima
1392 4670 1473 4711 est
1505 4658 1775 4724 incipiam,
1809 4664 1922 4712 hanc
1947 4677 2040 4712 na-

463 4734 576 4776 tura
608 4735 689 4777 est
717 4726 856 4785 sicca
887 4733 941 4777 et
976 4724 1163 4793 frigida
1192 4728 1312 4779 :cui
1357 4728 1607 4790 quoniam
1651 4744 1743 4781 aer
1789 4728 2039 4784 humidus

460 4803 512 4845 et
548 4794 753 4865 calidus
798 4795 1098 4848 contrarius
1129 4806 1231 4857 est.
1266 4797 1438 4849 media
1474 4798 1613 4850 inter
1639 4811 1732 4851 eos
1764 4799 1930 4865 pusita
1957 4810 2041 4854 est

460 4878 593 4931 aqua
628 4864 815 4933 frigida
848 4876 902 4918 et
937 4866 1176 4928 humida,
1208 4883 1325 4934 qua:
1372 4876 1527 4920 terra;
1570 4864 1771 4932 trigore
1800 4871 1908 4922 aeri
1944 4872 2040 4922 hu-

461 4949 611 4987 tnore
657 4936 1006 4989 connectitur.
1068 4935 1198 4989 Item
1243 4938 1365 5005 quia
1414 4937 1521 5005 igni
1574 4937 1747 4991 calido
1795 4948 1849 4993 et
1895 4941 2039 4994 sicco

458 5017 715 5077 aquarum
763 5014 952 5059 natura
1006 5005 1194 5074 frigida
1245 5018 1298 5060 et
1347 5007 1562 5060 humida
1618 5018 1910 5077 repugnat,
1954 5011 2039 5066 his

461 5074 773 5148 interjectus
799 5078 1097 5148 aer,4aqttis
1123 5078 1369 5141 humore,
1401 5079 1504 5148 igni
1532 5074 1711 5148 calore
1735 5074 2038 5148 copulatur.

460 5143 600 5210 Ignis
644 5161 856 5215 quoque
898 5146 1039 5200 sicut
1068 5159 1096 5198 a
1132 5158 1272 5201 terra
1305 5143 1481 5202 calore
1519 5143 1853 5216 distiaratur,
1882 5151 1959 5205 sic
1989 5154 2040 5208 ei

459 5216 700 5287 siccitate
728 5217 1039 5271 concordat.
1086 5219 1273 5270 Umnia
1308 5219 1467 5287 igitur
1494 5220 1760 5273 elementa
1790 5236 1912 5275 cum
1940 5222 2043 5275 dil-

461 5286 700 5362 lereutiis
746 5289 858 5362 suis
903 5297 1049 5340 certa
1096 5286 1452 5362 numerorum
1487 5289 1602 5357 lege
1645 5291 1847 5344 variata
1879 5301 2039 5362 atque

458 5356 740 5430 disposita,
769 5357 893 5410 dum
924 5356 1571 5430 contrariacnncordant,
1605 5369 1657 5412 et
1691 5356 2040 5430 repugnantia

459 5425 811 5499 tosdcraniur,
862 5428 1216 5499 indiSSlllaibili
1267 5430 1483 5483 sibimet
1532 5444 1677 5483 nexu
1724 5425 1876 5499 tigaia
1919 5433 2041 5499 jun-

456 5507 672 5562 guntur.
704 5497 856 5552 Unde
882 5498 1087 5551 nullum
1117 5500 1226 5551 lere
1257 5510 1528 5553 terre..um
1556 5497 1780 5567 corpus,
1801 5497 2034 5568 quandiu

458 5569 756 5640 naturalem
768 5569 860 5640 sui
884 5577 1079 5640 statum
1104 5570 1329 5640 obtinet,
1348 5570 1550 5638 absque
1574 5572 1795 5624 istorum
1820 5584 2040 5640 coaptua

460 5637 602 5711 tione
628 5638 896 5711 consistit.
925 5638 1076 5704 Quod
1121 5639 1243 5706 quia
1280 5655 1412 5705 neue
1439 5637 1691 5695 Omnibus
1721 5653 1885 5711 patet,
1921 5637 2041 5701 huic

456 5708 900 5763 denmnstrationi
930 5713 1390 5777 supersedendum
1419 5712 1673 5766 arbitror.

536 5822 606 5894 ἀ)
648 5823 728 5880 Sit
756 5824 905 5879 venia
935 5824 1272 5893 temporibus.

2070 4542 2125 4602 D

2225 3252 2312 3305 12.
2353 3252 2483 3305 Nam
2521 3245 2727 3303 serram
2775 3264 2897 3304 esse
2946 3251 2997 3302 in
3052 3248 3231 3302 medio
3273 3248 3438 3301 totius
3481 3245 3719 3300 ccclesiis

2151 3321 2398 3388 sphaerae,
2438 3322 2578 3374 velut
2609 3331 2851 3374 centrum
2885 3319 2935 3372 iu
2977 3319 3155 3373 medio
3196 3317 3404 3381 circuli,
3438 3317 3722 3388 ipsumun

2150 3386 2345 3445 cielum
2380 3386 2499 3445 eum
2529 3392 2790 3444 sideribus
2818 3389 2985 3458 :eQuis
3015 3405 3077 3443 ex
3109 3389 3252 3442 omni
3295 3397 3443 3455 parte
3476 3386 3664 3455 spatiis
3687 3401 3719 3439 a

2152 3471 2290 3514 terra
2335 3462 2553 3525 distare,
2588 3475 2775 3516 omnes
2812 3461 3113 3529 astrologiae
3144 3467 3406 3513 le>tantur
3444 3466 3715 3529 auctores.

2149 3532 2301 3596 Quod
2332 3535 2374 3587 si
2405 3536 2473 3586 ita
2496 3543 2597 3597 est,
2623 3546 2841 3585 necesse
2864 3540 2943 3584 est
2967 3527 3162 3583 terram
3187 3531 3419 3595 umlique
3446 3536 3538 3580 aut
3568 3527 3719 3594 aquis

2149 3612 2239 3654 aut
2269 3618 2395 3657 aere
2431 3602 2762 3670 circum'cgi.
2812 3601 2960 3655 Uide
3000 3600 3101 3653 nisi
3133 3615 3227 3668 per
3270 3600 3502 3651 uirinam
3536 3607 3720 3664 ρςιιι-ιι-

2153 3674 2278 3725 tium
2318 3675 2572 3742 disposita
2613 3675 3002 3724 elementorum
3046 3671 3382 3724 connexiuuc
3426 3677 3718 3742 ti-neretur,

2152 3738 2454 3798 necessario
2486 3752 2543 3797 ut
2574 3743 2645 3796 illi
2690 3742 2945 3811 putabant
2992 3757 3021 3794 a
3053 3756 3151 3795 suo
3181 3750 3320 3794 statu
3360 3738 3587 3811 quadam
3615 3739 3713 3811 de;

2147 3815 2416 3869 nit-rsione
2471 3805 2757 3867 laberetur.
2800 3812 2950 3877 Quod
3004 3827 3098 3880 per
3145 3813 3245 3864 hoc
3293 3805 3509 3877 intelligi
3556 3805 3721 3880 νομεῖς,

2147 3886 2287 3952 quod
2333 3888 2424 3949 ait,
2457 3894 2547 3936 aut
2593 3900 2780 3935 mersas
2812 3874 3077 3935 deducant
3120 3882 3346 3949 pondera
3386 3874 3567 3952 terras.
3612 3874 3718 3927 Scd

2147 3947 2268 4007 cum
2302 3970 2398 4007 nos
2413 3947 2712 4009 secundum
2742 3952 3084 4006 astronomia:
3122 3947 3482 4016 prmceptores
3511 3947 3579 3999 de
3605 3959 3719 3997 am-

2149 4025 2259 4078 bitu
2288 4026 2433 4086 cceli,
2465 4038 2571 4091 quo
2619 4032 2836 4083 terram,
2871 4022 2993 4074 licet
3035 4033 3125 4091 per
3164 4019 3491 4091 amplissima
3536 4026 3589 4091 et
3620 4017 3720 4091 im-

2148 4083 2525 4147 mensurabilia
2547 4093 2735 4160 Spatia,
2764 4100 2949 4157 putant
2975 4083 3208 4160 undique
3230 4083 3593 4160 circumcingi,
3621 4083 3718 4135 ali—

2146 4164 2270 4233 quid
2300 4155 2656 4231 disputamus,
2685 4155 2825 4233 absit
2852 4170 2907 4213 ut
2930 4159 3332 4233 nosquisquam
3360 4155 3443 4233 vel
3467 4155 3722 4233 hoc-conm

2150 4222 2400 4288 t'eutiose'
2422 4222 2685 4295 astruere,
2723 4231 2809 4283 vel
2840 4222 3212 4299 antipodarum
3248 4225 3450 4299 tabulas
3477 4222 3718 4289 recipere

2146 4306 2458 4366 arbitretur,
2482 4319 2598 4371 quin
2624 4312 2747 4354 sunt
2771 4300 2893 4354 ﬁdei
2923 4295 3477 4371 Christianzeomnino
3499 4300 3720 4345 contra-

2148 4376 2225 4428 ria
2258 4375 2361 4445 (a).
2410 4366 2747 4445 Quapropter
2788 4372 2947 4445 etiam
3007 4368 3282 4445 sequentia
3336 4366 3566 4445 istorum
3610 4375 3721 4445 rer-

2148 4433 2333 4511 suuin,
2379 4433 2572 4514 thibu's
2608 4433 2942 4511 philosmrhia
2973 4433 3130 4514 velut
3154 4438 3335 4514 ipsam
3377 4433 3719 4514 D_iviuita‘tem

2152 4505 2447 4570 invocando
2478 4505 2784 4583 alloquitur,
2823 4505 2942 4583 cum
2971 4508 3167 4583 ingenti
3190 4505 3459 4583 scrupulo
3489 4510 3717 4556 tractare

2150 4588 2490 4655 aggredimur
2518 4603 2532 4638 :
2559 4576 2793 4655 maxime
2817 4581 2947 4655 quia
2970 4576 3083 4655 huic
3106 4578 3169 4630 ad
3202 4576 3603 4655 instructionem
3632 4586 3719 4655 ref

2151 4642 2353 4727 ligiosm
2406 4642 3111 4727 conversationis'__iideique
3149 4663 3269 4727 _nin
3318 4647 3604 4727 pertint-nt.
3654 4642 3721 4696 Et

2148 4716 2399 4795 quoniam
2430 4739 2457 4778 :t
2500 4740 2539 4779 s.
2561 4720 3019 4795 rutandisdivinte
3047 4718 3191 4795 legis
3226 4716 3461 4795 arcanis,
3492 4727 3718 4795 quorum

2148 4789 2432 4852 dulcedine
2459 4796 2557 4864 pice
2580 4801 2786 4864 mentes
2816 4792 2866 4845 in
2894 4791 2989 4864 hac
3013 4790 3117 4864 vita
3142 4789 3319 4864 satiari
3345 4802 3449 4839 non
3474 4792 3719 4864 possunt,

2151 4870 2231 4922 his
2261 4857 2536 4920 inutilibus
2567 4863 2651 4917 vel
2691 4862 2755 4915 ad
2787 4862 3049 4915 modicum
3092 4860 3279 4913 intenti
3330 4857 3721 4925 praepediuntur;

2151 4950 2326 4992 tamen
2349 4940 2391 4989 si
2414 4936 2738 4990 dulcissimae
2758 4931 3056 4986 dilectionis
3072 4938 3265 4983 vestrae
3288 4928 3543 4981 voluntati
3566 4928 3725 4979 satis—

2152 5009 2355 5074 fecero,
2382 5019 2717 5077 nequaquam
2741 5004 2993 5058 inutiliter
3021 5001 3296 5077 laborasse
3326 5014 3409 5051 me
3431 4998 3687 5077 existimo
3707 5010 3723 5050 :

2152 5065 2612 5149 prmseitim'cm'n
2647 5075 2797 5149 _sicut
2841 5086 2984 5149 sane
3018 5070 3257 5149 ‘diceuda
3304 5065 3725 5149 SttDlJSalUlal’ia

2150 5137 2271 5219 qua:
2291 5158 2591 5211 teneantur,
2613 5146 2693 5219 sic
2713 5137 2977 5219 interdum
3001 5141 3225 5195 dicenda
3248 5148 3371 5192 sunt
3390 5139 3547 5219 etiam
3568 5137 3726 5191 noxia

2151 5211 2270 5290 qua:
2303 5222 2556 5274 vitentur.
2606 5216 2696 5290 Sic
2745 5216 2905 5290 igitur
2953 5221 3240 5281 sequentes
3284 5211 3580 5290 versiculos
3606 5222 3727 5290 cum

2151 5276 2348 5359 quanta
2402 5299 2591 5359 putero
2632 5276 2891 5359 brevitate
2923 5276 3309 5359 transcurrant,
3342 5289 3407 5359 ut_
3443 5276 3729 5359 numquid

2154 5347 2309 5414 nobis
2330 5347 2743 5428 adprobandum
2781 5354 3176 5428 sectanilumve
3201 5353 3290 5428 sit,
3316 5351 3408 5404 sed
3437 5348 3577 5417 quod
3612 5347 3733 5417 phi-

2155 5422 2393 5495 Iosophia
2414 5422 2582 5483 ‘Bnetii
2610 5422 2861 5487 SCIISCI‘iI,
2898 5422 3363 5495 iutelligi_l_'.iciam.

2229 5490 2312 5554 l3.
2355 5499 2433 5552 Tu
2465 5498 2678 5565 triplicis
2711 5496 2951 5555 inediam,
2983 5490 3427 5565 etc._Philos_ophi
3459 5503 3617 5541 unam
3652 5496 3705 5565 to

2154 5572 2257 5626 tius
2283 5569 2462 5623 mundi
2487 5561 2733 5633 magnam
2751 5565 3002 5619 videlicet
3023 5563 3256 5616 animam
3279 5562 3540 5633 dicentes.
3564 5561 3732 5615 multa

2153 5643 2220 5696 de
2241 5639 2357 5708 ejus
2378 5638 2554 5708 divina
2584 5632 2811 5703 quadam
2847 5646 3034 5708 natura
3064 5643 3223 5708 atque
3251 5632 3486 5708 poieittia
3513 5643 3615 5684 ll0.|
3646 5646 3734 5682 sc-

2155 5703 2391 5767 cundum
2436 5706 2733 5772 veritatem,
2778 5706 2869 5760 scd
2914 5704 3207 5760 secundum
3255 5703 3566 5773 opinionum
3609 5713 3739 5757 sua-
