4274 6272
489 320 619 383 μω
1712 321 1817 380 ΑΝ.
1864 325 2065 380 λιικιλ.
2111 318 2264 380 sev.
2311 321 2526 378 socru
3598 297 3739 409 ωε

932 520 1678 632 cunnum
1809 489 2292 634 rans
2409 477 3279 631 sucumnn.

1044 703 1720 848 OPERA
1815 697 3177 845 THEOLOGICA.
3314 901 3322 909 ν

1247 1005 1348 1080 ΙΝ
1404 1005 1754 1080 LIBROS
1811 1003 2395 1096 SEQUENTES
2452 1003 2964 1080 MONITUM.

567 1216 746 1270 Libros
777 1221 1108 1272 nua'sriomm
1141 1222 1314 1282 duini,
1343 1238 1466 1288 quos
1494 1226 1927 1279 exhortationibus
1955 1227 2285 1295 precibusque
2314 1227 2592 1278 multorum
2613 1225 2926 1292 suscepimus
2953 1223 3331 1290 explanandos,
3355 1222 3476 1273 altis
3506 1223 3632 1273 imos
3663 1240 3745 1273 rea

486 1323 600 1359 rum
630 1313 692 1361 de
719 1313 898 1379 quibus
921 1315 973 1362 in
999 1313 1068 1365 eis
1096 1314 1269 1381 agitur
1295 1315 1526 1376 themate,
1547 1317 1925 1368 obscurissimos
1949 1319 2239 1370 earumdem
2267 1332 2435 1370 rerum
2449 1314 2745 1376 subtilitate,
2763 1312 3144 1380 probatissimos
3167 1321 3332 1363 tamen
3348 1312 3513 1379 aperis
3540 1313 3744 1363 absolu‘

490 1401 623 1452 tione
652 1404 993 1468 cognovimus.
1023 1403 1159 1471 Quid
1187 1409 1322 1457 enim
1347 1406 1502 1458 altius
1531 1408 1769 1473 inﬁnito?
1807 1408 1944 1473 Quid
1970 1407 2213 1473 ineffabili
2241 1403 2652 1473 inscrutabilique
2680 1402 2954 1456 subtil'us?
2985 1401 3119 1464 Quid
3148 1412 3317 1453 autem
3347 1400 3655 1468 probabilius
3683 1417 3740 1452 eo

489 1495 628 1561 quod
655 1481 1256 1566 cumineo-pugnabilibus
1280 1500 1557 1552 rationibus
1571 1509 1778 1563 constet,
1810 1505 2018 1556 summis
2044 1513 2209 1556 tamen
2231 1516 2290 1552 ac
2308 1497 2643 1570 celeberrimis
2665 1495 2954 1547 auctoribus
2984 1493 3202 1546 nititur?
3229 1490 3364 1544 Deus
3389 1493 3542 1549 enim,
3559 1491 3620 1542 de
3643 1507 3742 1559 quo

493 1583 572 1634 his
599 1585 766 1653 agitur
792 1587 952 1648 libris,
981 1580 1326 1654 magnitudine
1355 1590 1761 1654 interminabilis,
1796 1584 2220 1662 contemplatione
2249 1586 2792 1658 incomprehensibilis,
2825 1599 3052 1666 sermone
3080 1583 3474 1650 inexplicabilis,
3506 1591 3638 1635 recte
3663 1582 3743 1636 in-

495 1669 759 1740 telligitur,
785 1685 831 1724 et
852 1673 1040 1724 landab
1066 1675 1182 1727 liter
1207 1677 1533 1743 prtcdicatur.
1563 1676 1724 1747 Cujus
1744 1689 1909 1731 tamen
1938 1679 2172 1747 quaedam
2200 1693 2390 1730 arcana
2411 1674 2603 1742 antiqui
2636 1673 2882 1738 videntes,
2907 1671 3329 1740 ipsoiuspirante,
3363 1669 3754 1734 intellexeruntr

497 1769 545 1811 et
572 1769 679 1844 tant
693 1777 861 1814 rerum
887 1781 1040 1833 quam
1060 1767 1320 1818 verborum
1350 1767 1740 1836 figurationibus
1759 1769 1936 1833 variis,
1960 1771 2039 1823 sui
2063 1769 2297 1837 temporis
2326 1769 2538 1819 rudibus
2559 1760 3173 1817 insinuaverurtt.Posteri
3199 1776 3315 1812 vero
3337 1760 3484 1812 aliter
3507 1760 3758 1828 quidem,.

497 1851 589 1902 sed
617 1853 791 1904 eodem
822 1871 969 1907 sensu
991 1857 1170 1920 locuti,
1199 1858 1407 1910 illarum
1437 1859 1706 1928 trn‘igmata
1737 1859 2109 1928 ﬁgurationum
2152 1856 2538 1910 consultissimis
2564 1856 2836 1921 interpreta
2859 1851 3071 1914 ionibus,
3111 1849 3494 1902 dollaraverunt
3519 1858 3612 1910 ,°.et
3639 1863 3739 1900 non

500 1943 655 1994 modo
680 1947 982 1999 auctoritate
1011 1964 1124 2013 sua,
1161 1966 1331 2002 verum
1363 1951 1514 2002 etiam
1545 1951 1824 2004 rationibus
1859 1967 1986 2020 quas
2017 1949 2094 2002 vel
2125 1949 2391 2018 theologia:
2441 1946 2680 2016 majestas
2730 1943 2821 1996 sibi
2852 1942 3087 2011 proprias
3113 1941 3352 2000 vindicat,
3406 1953 3433 1990 υ
3463 1939 3479 1991 ι
3509 1939 3743 1990 humanas

499 2034 836 2105 philosophia:
861 2039 928 2090 ad
950 2041 1114 2108 ipsam
1140 2041 1506 2112 qualiscunque
1535 2044 1796 2111 praportio
1838 2061 2127 2097 communes
2149 2026 2394 2104 admittit,
2423 2040 2864 2106 conﬁrmaverunt.
2899 2027 3376 2104 1.(ιᾳιιέρνιινιίὶσηιδ
3407 2046 3603 2097 auctor,
3633 2045 3744 2086 tan-

497 2140 652 2191 quam
683 2127 952 2181 videntium
983 2147 1014 2182 a
1057 2133 1257 2185 secretis
1283 2131 1390 2184 hinc
1418 2150 1609 2186 arcana
1639 2151 1739 2187 non
1773 2136 2016 2198 nesciens,
2048 2145 2224 2188 contra
2264 2132 2600 2201 quorumdam
2634 2145 2787 2198 praua
2817 2128 3056 2199 dogmata
3103 2127 3460 2180 hereticorum
3491 2142 3656 2195 pauca
3685 2127 3745 2177 de

499 2213 608 2266 illis
635 2217 870 2286 scripsit;
899 2236 958 2272 ea
989 2231 1152 2274 tamen
1179 2224 1433 2276 scribendi
1457 2225 1720 2293 qualitate,
1744 2241 1842 2292 qua
1871 2225 2239 2295 negligentibus
2269 2232 2318 2275 et
2336 2223 2753 2294 pra'sumptuosis
2781 2221 2983 2274 aditum-
2997 2221 3064 2272 ad
3085 2218 3471 2298 intelligentiam
3494 2221 3739 2280 obstruat,

499 2307 741 2360 studiosis
768 2325 882 2362 vera
909 2297 1057 2380 atque
1084 2313 1480 2383 intelligentibus
1528 2316 1852 2368 attentionem
1879 2315 2078 2384 quidem
2106 2323 2322 2377 moveat,
2344 2314 2432 2366 sed
2461 2311 2776 2374 pulsantibus
2805 2311 3087 2362 animorum
3109 2310 3384 2362 veltementi
3411 2307 3741 2376 applicatione

501 2399 720 2462 aperiat.
751 2398 929 2454 Brevis
971 2405 1105 2455 enim
1135 2405 1243 2456 sine
1272 2422 1365 2456 sua
1391 2387 1790 2475 ampliﬁcatione
1818 2388 2030 2470 oratio;
2052 2405 2304 2459 latebrosa
2330 2393 2612 2458 disserendi
2642 2405 2797 2456 tacita
2825 2405 3021 2455 ratione
3047 2402 3282 2454 dissertio
3301 2417 3320 2460 ;.
3358 2400 3553 2466 obliqua
3591 2399 3734 2450 sche-

503 2497 638 2538 mate
664 2506 923 2555 sensuum,
952 2503 1040 2543 aut
1071 2494 1331 2547 verborum
1359 2497 1524 2555 lexis;
1574 2510 1725 2560 nova,
1758 2505 1945 2562 prteter
1993 2495 2437 2563 grammaticorum
2475 2493 2722 2562 regulam,
2772 2492 3038 2561 syntaxis;
3086 2492 3258 2544 insciis
3286 2501 3332 2544 et
3367 2489 3586 2558 superbis
3607 2487 3739 2567 illis,

499 2575 678 2641 quibus
720 2590 838 2630 sunt
865 2583 1168 2647 articulatm,
1201 2599 1378 2638 sensus
1416 2585 1714 2650 obducunt;
1745 2584 2053 2652 sapientibus
2082 2569 2216 2644 vero,
2247 2594 2295 2637 et
2324 2585 2401 2637 his
2426 2585 2643 2636 maxime
2666 2583 2752 2649 qui
2793 2597 2964 2635 sacras
2995 2581 3291 2649 Scripturas
3320 2577 3630 2631 veneratione
3655 2591 3743 2628 co-

503 2665 633 2728 lunt,
667 2682 759 2718 usu
791 2669 997 2722 assiduo
1023 2679 1067 2722 et
1099 2673 1327 2741 vigilanti
1351 2674 1630 2726 attentione
1660 2674 1958 2740 inspiciunt,
1989 2689 2075 2726 eos
2104 2675 2242 2725 intus
2273 2674 2436 2726 videre
2457 2674 2773 2739 permittunt.
2807 2671 3167 2724 Convenienter
3191 2686 3308 2740 ergo
3338 2668 3626 2738 hujusmodi
3666 2683 3748 2719 se-

499 2754 671 2818 cretis,
705 2769 752 2807 et
780 2767 832 2808 ut
860 2757 934 2808 ita
963 2759 1167 2812 dicatur
1194 2761 1581 2830 signiﬁcationis
1623 2763 1931 2814 abscondita:
1960 2761 2140 2826 verbis,
2171 2763 2350 2831 quibus
2391 2761 2637 2814 examinet
2666 2761 2795 2813 scias
2830 2771 2876 2812 et
2907 2761 3114 2825 inscios,
3167 2761 3378 2812 humiles
3408 2769 3453 2812 et
3491 2757 3758 2820 superbos,

510 2841 700 2898 secreta
719 2847 984 2919 theologia:
1008 2849 1205 2903 altioris
1235 2851 1434 2904 Anitius
1456 2853 1636 2919 tangit.
1673 2850 1839 2920 Digne
1864 2860 2070 2914 vocatus
2103 2849 2302 2903 Anitius
2334 2851 2654 2918 for.'itudinc,
2681 2847 2947 2904 Severinus
2971 2851 3234 2919 gravitate,
3268 2847 3603 2916 cpitulatione
3628 2844 3753 2897 Boe-

501 2937 624 3000 tius,
656 2939 844 2991 meritis
879 2936 1124 2994 Manlius.
1163 2940 1274 2994 Nos
1320 2943 1771 3019 rerol.auc.toritate
1801 2951 1978 2994 nostra
2003 2941 2132 2994 nihil
2164 2941 2376 3007 avare,”
2397 2941 2485 3010 sed
2514 2957 2639 3007 quos
2685 2939 2992 3007 praecedente
3043 2940 3414 3008 signiﬁcatione
3444 2940 3753 3007 percepimus

502 3044 680 3082 sensus
720 3034 964 3099 auctoris,
1007 3037 1206 3104 referre
1234 3037 1476 3101 volentes,
1509 3036 1662 3088 illius
1680 3051 1778 3087 non
1809 3017 1960 3086 modo
1987 3033 2146 3097 dz'cta,
2179 3048 2352 3084 verum
2382 3034 2532 3085 etiam
2565 3032 2818 3084 dictorum
2862 3034 3080 3085 rationes
3114 3031 3468 3090 attendimus;
3516 3041 3646 3082 etne
3679 3027 3752 3078 vel

504 3119 794 3174 timiditafis
824 3125 1061 3192 angustia
1091 3140 1180 3176 nos
1210 3125 1278 3177 ad
1300 3125 1555 3177 silendum
1583 3125 1781 3192 penitus
1803 3121 2145 3189 strangulare,
2171 3121 2245 3175 vel
2283 3122 2580 3172 temeritatis
2609 3120 2832 3173 audacia
2861 3121 2928 3172 ad
2953 3120 3278 3189 garriendum
3325 3120 3502 3170 lurore
3532 3126 3752 3182 putetur,

503 3211 710 3264 illorum
742 3230 856 3282 quia
884 3225 1144 3268 auctorem
1171 3217 1383 3270 sensisse
1408 3215 1750 3284 cognorimus,
1776 3231 1864 3266 nec
1896 3214 2026 3266 nihil
2052 3215 2282 3276 dicimus,
2311 3230 2399 3265 nec
2425 3212 2550 3265 nihil
2577 3222 2818 3266 tacemus.
2853 3211 2961 3264 Sed
2983 3215 3225 3263 cum-duo
3247 3211 3346 3262 sint
3379 3210 3651 3264 t-identium
3673 3224 3759 3278 ge-

506 3318 647 3363 nera,
686 3320 842 3357 unum
867 3307 1096 3359 videlicet
1119 3317 1388 3360 auctorum
1417 3308 1504 3375 qui
1532 3307 1832 3360 sententiam
1855 3305 2115 3374 propriam
2141 3311 2333 3371 ferunt,
2366 3304 2582 3357 alterum
2615 3305 2882 3366 lectorum,
2913 3305 3004 3356 alii
3028 3304 3128 3355 sint
3153 3303 3444 3358 recitatores
3473 3302 3561 3367 qui
3583 3303 3760 3352 eadem

506 3404 776 3446 auctorum
805 3397 955 3448 verba
986 3407 1033 3449 et
1063 3414 1124 3450 ea:
1164 3399 1388 3467 ipsorum
1419 3401 1584 3452 causis
1613 3399 1798 3451 eisdem
1834 3398 2187 3464 pronuntiant,
2216 3397 2304 3448 alii
2328 3397 2620 3465 interpretes
2649 3395 2734 3463 qui
2763 3395 2971 3445 obscure
3010 3393 3073 3443 ab
3104 3401 3235 3444 auct:
3254 3390 3391 3441 ribus
3421 3389 3558 3440 dicta'
3587 3390 3759 3442 notio-

503 3482 642 3533 ribus
676 3482 834 3534 verbis
867 3484 1125 3536 declarant
1153 3500 1170 3536 :
1199 3502 1290 3538 nos
1315 3489 1368 3538 in
1413 3501 1592 3554 genere
1623 3489 1894 3550 lectorum,
1937 3502 2036 3538 non
2066 3488 2411 3551 recitatorum,
2464 3486 2551 3537 sed
2595 3487 2921 3553 interpretum
2969 3485 3127 3552 o/ficio
3159 3485 3443 3551 fungentes,
3491 3482 3758 3534 verborum

510 3573 932 3637 transpositiones
962 3573 1012 3624 in
1038 3572 1290 3635 ordinem,
1317 3574 1575 3625 schemata
1596 3574 1647 3624 iu
1676 3575 2103 3639 consequentiam,
2138 3576 2384 3626 novitates
2413 3574 2466 3624 in
2497 3573 2747 3643 regulam,
2779 3571 3025 3624 addentes
3045 3570 3362 3640 singularum
3391 3585 3594 3632 causas,
3619 3572 3761 3621 redu-

507 3661 691 3713 cimus.
726 3662 920 3714 Adulta
949 3677 1064 3714 vero
1086 3678 1179 3728 pro
1205 3664 1449 3729 qualitate
1476 3664 1641 3729 operis
1664 3664 1970 3716 divisionum
1991 3674 2079 3717 aut
2105 3665 2459 3733 difﬁnitionum
2490 3665 2720 3716 omnibus
2749 3672 2836 3715 aut
2862 3663 3113 3732 aliquibus
3134 3663 3380 3732 partibus,
3411 3673 3497 3715 aut
3521 3677 3762 3730 quorum-

445 3778 452 3788 ι
511 3750 631 3801 dant
656 3758 795 3801 extra
823 3761 1147 3816 sumpturum
1176 3752 1659 3819 comparationibus,
1694 3762 1780 3804 aut
1809 3753 1961 3805 etiam
1986 3756 2267 3822 positarum
2299 3753 2360 3804 ab
2389 3765 2593 3806 auctore
2619 3753 2896 3806 dict’onmn
2929 3753 3143 3816 casibus,
3177 3763 3265 3805 aut
3291 3755 3581 3804 earumdem
3606 3752 3764 3822 signi-

513 3841 808 3907 ficationum
840 3842 1122 3894 multivocis
1155 3843 1310 3910 pluri.‘
1328 3860 1407 3906 us,
1438 3855 1525 3896 aut
1557 3844 1808 3896 rationum
1832 3845 2209 3898 inductionibus
2239 3845 2592 3913 explanamus,
2619 3845 2833 3897 sollicite
2859 3845 3311 3913 circuiiispicieittes
3336 3861 3397 3896 ne
3419 3843 3589 3912 aliqua
3615 3859 3762 3894 sensu

508 3930 572 3981 ab
601 3931 900 3984 authent'cis
941 3943 1230 3986 sanctarum
1259 3935 1624 3986 divinationum
1664 3935 1998 4002 scriptoribus
2024 3937 2338 3990 recedamus.
2377 3936 2502 4001 Qum
2541 3947 2710 3988 autem
2739 3954 2770 3988 a
2791 3937 2933 3988 nobis
2957 3938 3146 4004 scripta
3177 3947 3316 3994 sunt,
3341 3939 3460 3988 bene
3481 3928 3764 3997 exercitatis

497 4023 785 4093 lectoribus
819 4040 920 4076 non
970 4025 1117 4075 modo
1149 4025 1429 4077 rationibus
1460 4026 1628 4093 firma,
1656 4030 1847 4078 rerum
1877 4027 2026 4079 etiam
2067 4026 2330 4095 scripturis
2357 4027 2656 4079 authenticis
2695 4027 2822 4078 adeo
2852 4043 3071 4078 consona
3098 4042 3205 4078 csse
3234 4027 3482 4089 videntur,
3515 4034 3569 4075 ut
3593 4033 3763 4074 nostra

491 4099 612 4174 tuon
639 4127 738 4170 tam
767 4117 965 4170 inventa
986 4133 1136 4186 quam
1167 4119 1303 4186 furta
1332 4135 1436 4171 esse
1465 4118 1754 4171 credantur.
2051 4179 2054 4184 ι
2347 4183 2350 4186 _
3064 4116 3066 4118 ’

2372 4239 2725 4250 ._—_————-—

1131 4313 1741 4406 OUOMODO
1817 4312 2357 4395 'I‘RINITAS
2435 4314 2752 4398 UNUS
2831 4314 3134 4396 DEUS

1030 4454 1035 4462 '
1092 4445 1095 4447 ’
1387 4464 1389 4468 ·
1630 4463 1768 4532 AC
1827 4463 2037 4534 NON
2091 4465 2367 4535 TRES
2426 4464 2616 4533 Dl-I.

1963 4601 2338 4613 ——F———

503 4651 505 4654 ⁴
568 4663 588 4688 ⁸
633 4643 734 4710 Al)
771 4655 847 4725 Q.
891 4655 1067 4715 ΑΗΚ.
1105 4649 1370 4717 MEMM.
1410 4656 1913 4752 SYMMACHUM
1962 4664 2033 4720 V.
2072 4664 2138 4724 C.
2175 4665 2273 4722 ET
2323 4647 2985 4765 ILLUS'I'IHS‘SIMUM
3015 4665 3549 4726 EXCONSULEM
3582 4664 3764 4725 0RD.

709 4783 711 4786 ’
1448 4784 1659 4843 ATQUE
1683 4777 2026 4837 PATRICIUM
2055 4785 2342 4836 SOCERUM
2370 4785 2558 4834 SUUM.

712 5065 716 5068 ἱ
1097 4990 1504 5047 Ρθοωλιιωι.

590 5084 681 5136 Inv
717 5084 962 5154 stigatam
991 5082 1286 5138 diuli4sime
1313 5068 1682 5150 qutuslioucm,
1711 5094 1966 5154 quaulum
1993 5101 2088 5138 no-

517 5184 642 5226 stra:
673 5175 866 5228 mentis
903 5174 1190 5243 igniculum
1223 5174 1489 5229 illustrare
1531 5175 1620 5227 lux
1655 5175 1829 5228 divina
1875 5163 2087 5246 dignata

517 5274 619 5327 cst,
642 5265 931 5318 ‘lormatam
961 5265 1259 5318 rationibus
1285 5265 1579 5332 litteriSquc
1605 5266 1928 5326 mandatam,
1958 5269 2086 5322 olfe-

520 5357 738 5410 rendam
772 5357 922 5411 vobis
947 5350 1547 5427 communicandammie
1573 5360 1774 5422 curavi,
1801 5368 1903 5413 tam
1925 5357 2089 5414 vestri

517 5435 750 5515 Cupidus.
774 5448 982 5517 iudicii,
1012 5441 1168 5518 quam
1201 5449 1364 5503 uestri
1394 5449 1662 5504 studiosus
1713 5451 1933 5504 inventi.
1977 5453 2089 5518 Qua

593 5590 616 5616 ⁸
649 5581 886 5652 Titulum
912 5583 1050 5636 hunc
1080 5579 1341 5651 integrum
1366 5585 1588 5638 ex‘hilil.
1618 5572 2090 5652 Rogimvetustiut'i

522 5660 573 5701 ct
604 5665 661 5702 cx
697 5651 734 5691 ε
795 5653 939 5706 Victo
976 5653 1017 5706 is
1045 5655 1153 5720 opti
1178 5671 1255 5708 om
1301 5656 1421 5709 lidci
1455 5658 1610 5709 codd;
1643 5651 1896 5723 descripsi
1922 5672 2017 5708 ous
2041 5665 2093 5710 et

2199 4995 2250 5046 in
2302 5008 2357 5046 rc
2404 4991 2527 5062 quid
2562 4992 2689 5045 mihi
2739 4994 2806 5046 sit
2836 4993 3009 5046 animi
3043 4995 3252 5062 quoties
3298 4995 3437 5064 stylo
3474 4993 3769 5062 excogitta

2179 5085 2534 5148 .t‘mumendo,
2573 5101 2780 5164 cum'cx
2817 5088 3050 5141 materia:
3095 5087 3427 5150 difﬁcultate,
3471 5095 3581 5140 tum
3610 5100 3675 5140 ex
3707 5101 3772 5140 eo

2197 5179 2336 5246 quod
2368 5180 2527 5241 raris,
2563 5178 2611 5230 id
2655 5167 2736 5232 est
2765 5195 2807 5232 ν.
2833 5179 2914 5232 bis
2961 5189 3163 5234 tantum
3213 5181 3511 5249 colloquor,
3543 5180 3773 5248 intelligi

2201 5277 2407 5336 polesl,‘
2425 5281 2598 5336 neque
2621 5271 2761 5322 enim
2793 5269 2947 5323 inulte
2973 5271 3262 5338 jactatione
3289 5281 3342 5326 et
3368 5271 3613 5324 inanibus
3635 5270 3774 5338 vulgi

2201 5361 2526 5415 clamoribus
2552 5362 2851 5417 excitamur
2878 5379 2892 5426 ;
2932 5363 3024 5417 sed
3055 5364 3098 5417 si
3129 5365 3249 5433 quis
3279 5375 3364 5418 est
3397 5363 3597 5431 fructus
3628 5374 3775 5416 exte-

2187 5453 2331 5519 rior,
2364 5444 2450 5507 hic
2479 5470 2583 5529 non
2609 5457 2974 5524 aliampotcst
3007 5455 3105 5510 nisi
3129 5453 3625 5511 malericsimilem
3655 5467 3775 5520 spe-

2199 5587 2546 5667 prielhimus,
2571 5591 2658 5658 qui
2691 5606 2754 5646 ex
2787 5590 3032 5645 onmibus
3059 5589 3374 5657 scripturam
3406 5588 3539 5641 lianc
3569 5586 3668 5641 soli
3696 5598 3780 5640 re-

2202 5667 2486 5711 Imucrttul.
