4274 6272
487 357 624 412 1249

484 575 689 629 oculos.
718 569 904 638 partim
932 569 1115 635 ignava
1136 566 1409 632 segnities,
1444 560 1633 628 partim
1662 560 1886 613 callidus
1922 559 2055 609 livor

486 662 755 723 occurrit;
788 669 840 711 ut
889 657 1264 710 contumeliam
1316 652 1555 703 videatur
1611 649 1810 701 divinis
1864 657 2055 700 tracta-

488 756 624 804 tibus
656 752 911 816 irrogarc,
969 746 1055 813 qui
1107 744 1297 796 talibus
1330 740 1602 792 hominum
1647 736 1898 789 mou~tris
1946 751 2053 787 non

406 846 411 849 ’
459 821 815 907 agnoscenda
867 838 976 887 bmc
1030 834 1203 900 potius
1263 844 1417 897 quam
1474 821 1830 907 proculcanda
1877 824 2053 891 proje-

485 932 635 985 cerit.‘
669 928 863 980 Idcirco
890 926 1081 993 ~tylum
1118 920 1376 972 brevitate
1401 917 1690 977 contrahe,
1740 924 1792 968 ct
1828 928 1890 965 ev
1924 914 2049 964 inti-

486 1022 583 1073 mis
611 1023 816 1083 sumpta
846 1011 1197 1081 pbilusupltize
1230 1006 1525 1075 disciplinis
1557 1021 1814 1057 novorum
1863 1003 2052 1056 verbo-

485 1126 599 1161 rum
651 1102 1127 1172 signiticatimilms
1195 1101 1339 1161 velo;
1392 1107 1448 1151 ut
1498 1098 1609 1148 litec
1664 1094 1792 1146 mihi
1848 1103 2049 1145 tantum

486 1194 758 1259 vobisque,
792 1195 832 1243 si
865 1190 1077 1259 quando
1107 1188 1170 1241 ad
1202 1205 1261 1240 ea
1307 1186 1677 1238 converteritis
1703 1183 1914 1245 oculos,
1943 1184 2053 1235 col-

472 1287 808 1352 loquantur;
861 1290 1084 1334 ceteros
1131 1294 1259 1330 vero
1307 1278 1374 1329 ita
1418 1278 1825 1335 submovemus,
1861 1283 1917 1325 ut
1964 1274 2050 1340 qui

483 1387 673 1440 capere
703 1370 974 1423 intellectu
1025 1367 1377 1436 nequiverint,
1419 1366 1482 1417 ad
1526 1379 1587 1417 ea
1636 1366 1794 1417 etiam
1836 1363 2052 1431 leg-eda

486 1465 765 1517 videantur
798 1462 1017 1529 indgui.
1073 1459 1179 1513 Sed
1250 1473 1316 1509 ne
1380 1468 1580 1510 tantum
1620 1472 1649 1509 a
1684 1456 1834 1508 nobis
1888 1453 2051 1520 quaeri

475 1532 696 1618 oportet
726 1564 978 1615 quantum
1015 1548 1258 1598 humanse
1281 1547 1505 1598 rationis
1531 1544 1751 1597 intuitus
1775 1543 1838 1595 ad
1864 1542 2053 1596 divini-

474 1638 611 1688 -tatis
640 1636 778 1687 valet
809 1635 945 1688 ceISa
988 1631 1347 1685 Conscendere
1379 1649 1395 1691 ε,
1427 1647 1544 1683 nam
1594 1630 1803 1683 crteris
1846 1643 2055 1697 quoque

488 1729 689 1780 artibus
720 1727 856 1779 idem
889 1723 1033 1789 quasi
1056 1723 1266 1791 quidam
1298 1723 1416 1774 linis
1448 1730 1527 1773 -st
1557 1725 1897 1785 con-titulus,
1925 1734 2055 1787 quo-

1670 308 1685 321 ’
1725 353 1811 407 DE
1851 349 2216 408 TlthlTATE
2258 348 2481 405 LIBER.

488 494 605 532 rare
650 475 985 530 sententiam.
1023 473 1343 541 Quocunque
1391 469 1551 537 igitur
1603 485 1628 518 a
1682 469 1833 519 vobis
1877 466 2045 535 dejcci
2081 471 2127 526 Α

2776 460 2998 519 CAPUT
3037 462 3099 518 ll.

2527 550 2821 604 Subslantia
2852 555 3216 623 divina-forma
3247 564 3336 607 est.

2229 641 2338 707 Age
2364 642 2523 709 igitur
2548 641 2967 714 ingrediamuret
2987 644 3395 713 unumquodque
3422 653 3478 697 ut
3500 644 3722 714 intelligi

2155 737 2317 795 atque
2369 732 2485 795 capi
2539 736 2715 794 potest
2744 712 3088 797 dispiciamus
3120 749 3132 782 :
3169 746 3311 794 nam,
3346 733 3482 785 sicut
3524 712 3721 799 eptinie
3752 764 3757 771 -

2157 816 2357 869 dictum
2387 817 2613 879 videtur,
2648 818 2841 869 eruditi
2873 829 2951 869 est
2986 819 3213 873 hominis
3233 821 3643 890 unumquodque
3667 832 3722 875 ut

2164 906 2335 973 ipsum
2365 915 2467 967 est,
2502 909 2564 956 ita
2592 904 2657 958 de
2685 921 2748 958 eo
2782 906 2936 958 [idem
2967 922 3157 975 capere
3191 919 3411 963 tentare.
3442 910 3569 962 Nam
3602 928 3722 965 cuin

2156 1002 2265 1046 tres
2291 995 2395 1045 sint
2426 993 2763 1059 speculativa:
2796 1004 2995 1060 partes,
3042 997 3319 1059 naturalis,
3358 998 3410 1049 in
3444 1009 3608 1062 motu,
3645 1004 3724 1053 in-

2154 1081 2443 1143 ah~tracta,
2472 1083 2875 1155 ἀνεπεξαίρετος,
2912 1083 2959 1134 id
2993 1092 3074 1135 est
3102 1084 3473 1153 inseparabilis
3499 1104 3512 1139 :
3546 1089 3725 1141 consi-

2154 1170 2308 1222 derat
2365 1172 2506 1221 enim
2558 1160 2838 1231 corporum
2890 1171 3085 1225 fminas
3114 1186 3233 1225 cum
3266 1175 3503 1237 materia,
3548 1193 3662 1243 qua:
3694 1195 3722 1228 a

2155 1259 2471 1325 corporibus
2502 1267 2622 1310 actu
2654 1273 2891 1326 separari
2934 1276 3036 1313 ltOu
3075 1271 3315 1329 possunt,
3352 1279 3469 1330 qua:
3500 1281 3723 1333 corpora

2157 1349 2205 1400 iu
2234 1358 2378 1401 motu
2410 1357 2551 1411 snnl,
2587 1358 2642 1400 ut
2681 1364 2800 1401 eum
2858 1361 2997 1403 terra
3030 1354 3303 1418 deorsum,
3353 1354 3485 1421 ignis
3512 1372 3719 1410 sursum

2158 1438 2343 1499 fertur,
2372 1436 2634 1505 habetque
2678 1446 2874 1489 motum
2909 1438 3073 1491 fortna
3124 1442 3359 1493 mitcria:
3408 1445 3716 1509 conjuncta.

2161 1528 2549 1589 Mathematica,
2599 1528 2715 1581 sine
2764 1538 2927 1593 motu,
2978 1531 3297 1583 inabStracta
3344 1546 3357 1581 :
3413 1530 3524 1584 haec
3573 1534 3717 1585 enim

2159 1618 2355 1671 formas
2376 1633 2657 1686 corporum
2683 1624 2986 1687 specu'atur
3016 1623 3129 1674 sine
3160 1622 3402 1687 materia,
3425 1640 3484 1677 ac
3509 1640 3601 1691 per
3627 1627 3725 1679 hoc

2160 1711 2277 1763 SEne
2308 1720 2453 1761 motu
2476 1725 2489 1771 ;
2514 1724 2629 1777 quae
2652 1709 2870 1771 formae,
2895 1726 3013 1763 cum
3048 1712 3099 1763 in
3149 1714 3368 1765 materia
3400 1713 3524 1778 sint,
3572 1718 3638 1766 ab
3665 1731 3729 1769 ea

485 1832 655 1885 usque
687 1823 858 1882 potest
886 1816 966 1867 via
997 1813 1164 1865 ration
1189 1827 1214 1864 s
1244 1812 1516 1864 accedere.
1536 1810 1726 1878 ,Neque
1756 1811 1896 1863 enim
1943 1823 2054 1862 me-

2118 1797 2399 1886 Sseparari
2434 1811 2536 1849 non
2583 1808 2823 1863 possunt.
2858 1796 3201 1865 Theologira,
3255 1803 3371 1852 sine
3404 1812 3570 1867 motu,
3606 1802 3727 1855 abs-

489 1906 662 1955 dieina
694 1916 904 1967 semper
933 1901 1087 1969 aegris
1140 1901 1293 1952 τισι-ιι
1345 1901 1591 1960 salutem.
1645 1900 1737 1952 sed
1768 1898 1907 1951 nulla
1953 1899 2057 1952 erit

487 1997 639 2064 Culpa
665 1995 945 2057 medentis,
980 1994 1021 2044 si
1057 1992 1185 2043 nihil
1219 2008 1404 2045 eorum
1456 2008 1573 2060 qute
1605 1992 1716 2045 ﬁeri
1749 1991 2051 2059 oportebat,

487 2087 745 2147 emiserit,
783 2086 1023 2150 idemque
1054 2084 1105 2135 iu
1140 2085 1366 2134 ca'tcr's.
1401 2083 1467 2134 At
1495 2090 1747 2147 quantum
1780 2082 1891 2132 hinc
1914 2080 2058 2133 ditli:
2090 2122 2097 2127 .

488 2178 643 2230 cilior
663 2175 886 2243 quaest-io
909 2186 1008 2237 est,
1036 2184 1139 2225 tam
1174 2172 1375 2224 facilior
1397 2187 1515 2225 esse
1539 2172 1694 2225 debet
1728 2172 1792 2224 ad
1824 2170 2055 2224 veniuu.

496 2265 650 2318 vobis
675 2275 849 2317 tamen
882 2264 1038 2315 etiam
1066 2261 1190 2313 illud
1219 2261 1603 2328 itt~picientlum
1627 2269 1708 2313 est
1731 2275 1794 2313 an
1825 2276 1885 2313 ex
1917 2260 2054 2312 beati

492 2353 768 2421 Augustini
825 2352 1041 2417 scriptis
1077 2352 1278 2403 semina
1332 2350 1595 2401 rationum
1641 2350 1846 2417 aliquos
1879 2351 1928 2401 in
1960 2364 2058 2401 nos

490 2440 749 2494 venientia
784 2436 983 2492 lructus
1032 2437 1351 2502 extulerint;
1399 2453 1460 2491 ac
1496 2436 1561 2490 de
1617 2440 1883 2506 proposita
1914 2453 2057 2507 (μιξε-

486 2534 657 2584 ειιοιιε
686 2531 805 2584 hinc
831 2541 1103 2584 sumamus
1136 2527 1361 2579 initium.

998 2703 1223 2758 CAPUT
1258 2702 1537 2755 PRIMUM.

588 2825 861 2879 Sententia
904 2821 1151 2874 catholica
1175 2823 1235 2873 de
1262 2820 1506 2873 Triuitute
1535 2830 1579 2872 et
1606 2820 1799 2872 unitate
1827 2817 1939 2871 Dei.

546 2957 876 3012 .Christiaua‘.
903 2954 1173 3022 religioiiis
1192 2955 1541 3006 reverentiam
1564 2953 1740 3016 plures
1759 2962 2014 3019 usurpant
2040 2968 2055 3015 ;

473 3048 586 3104 sed
617 3062 680 3100 ca
724 3045 852 3098 ﬁdes
898 3045 1058 3111 pollet
1099 3044 1326 3096 maxime
1376 3058 1436 3095 ac
1466 3043 1725 3105 Solitarie,
1770 3058 1890 3110 qua:
1936 3059 2055 3096 cum

493 3148 707 3208 propter
748 3137 1125 3189 uuiversalium
1177 3145 1439 3202 pranepta
1489 3134 1817 3201 regularum,
1866 3134 2057 3200 quibus

474 3229 728 3294 .ejusdem
762 3226 1033 3293 religionis
1058 3224 1383 3292 intelligitur
1424 3224 1747 3285 auctoritas;
1793 3231 1899 3275 tum
1934 3238 2056 3289 pro-

478 3326 671 3384 ,pterea
702 3314 839 3383 quod
868 3312 983 3380 «jus
1005 3313 1184 3365 enltus
1215 3328 1310 3378 per
1342 3326 1528 3364 omnes
1561 3327 1693 3378 pene
1735 3312 1914 3364 mutuli
1954 3324 2058 3365 ter-

492 3406 666 3456 tninos
698 3402 983 3465 emanavit,
1034 3402 1292 3453 catholica
1324 3400 1404 3452 vel
1437 3402 1749 3455 universalis
1798 3414 2015 3455 vocmnr
2042 3420 2053 3454 :

470 3474 644 3560 cujus
671 3494 783 3565 lnec
809 3491 875 3544 de
897 3490 1175 3544 Trinita:is
1211 3490 1417 3541 unitate
1445 3494 1710 3543 sententia
1740 3500 1843 3544 e~t.
1882 3494 1948 3545 l‘a
1976 3510 2056 3557 er,

493 3583 753 3649 inquiunt,
781 3579 938 3643 Deus,
968 3578 1133 3632 Filius
1169 3579 1327 3641 licus,
1363 3578 1597 3645 Spiritus
1639 3592 1856 3633 sanctus
1892 3580 2057 3643 Dem;

491 3671 651 3739 igitur
679 3672 854 3737 Pater,
890 3669 1074 3733 Filius,
1104 3670 1330 3738 Spiritus
1361 3681 1579 3724 sanctus
1624 3689 1780 3736 tinus,
1816 3689 1919 3726 non
1953 3684 2057 3727 tres

492 3761 594 3815 Dii.
626 3762 788 3828 Cujus
813 3761 1203 3833 coniunctionis
1236 3762 1374 3815 ralia
1396 3776 1473 3817 est
1531 3761 1908 3818 indifferentia.
1947 3767 2050 3820 Eos

493 3856 634 3909 enim
660 3853 954 3909 differentia
997 3856 1300 3918 comitatur,
1350 3855 1438 3922 qui
1471 3854 1551 3908 vel
1599 3870 1787 3924 augent
1846 3857 1925 3909 Vt'l
1960 3858 2061 3909 mi-

496 3953 687 4005 nuunt,
710 3950 764 3993 ut
789 3940 991 4004 Ariani,
1020 3943 1106 4009 qui
1138 3942 1388 4010 gradibus
1414 3945 1724 3999 meritorum
1751 3946 2060 4000 Trinitatem

498 4032 762 4083 variantes
784 4028 1085 4081 distrahunt
1124 4040 1281 4095 atque
1310 4033 1358 4084 iu
1391 4034 1751 4099 pluralitttem
1782 4037 2059 4103 diducunt.

500 4120 818 4187 Principium
855 4119 997 4173 enim
1050 4120 1382 4185 [tillf‘tlll'alis,
1434 4123 1676 4178 alteritas
1720 4136 1837 4191 est;
1873 4146 1964 4195 pra
1987 4142 2066 4183 ter

497 4209 814 4263 alacritatem
839 4208 977 4263 enim
1016 4224 1113 4261 nec
1138 4209 1415 4277 pluralitas
1438 4213 1562 4279 quid
1618 4214 1690 4267 sit
1720 4215 1937 4283 intelligi
1973 4234 2063 4285 po-

488 4313 620 4360 test.
646 4300 825 4352 Trium
860 4313 1086 4367 namque
1111 4314 1286 4351 rerum
1318 4302 1395 4353 vel
1417 4303 1674 4367 quotlibet
1706 4315 1812 4358 ιυιη
1845 4324 2061 4375 ἔθυε-τε,

499 4402 604 4442 tum
633 4392 828 4457 specie,
861 4400 970 4445 tum
1001 4406 1221 4444 ιιιιιιιειο
1249 4391 1527 4447 diversitas
1556 4406 1765 4449 constat
1811 4416 1823 4450 :
1856 4402 2065 4466 quoties

498 4480 637 4532 enim
659 4480 796 4532 idem
820 4480 1030 4544 dicitttr,
1058 4481 1211 4534 toties
1234 4483 1384 4534 divi-r
1418 4500 1503 4536 nm
1530 4486 1689 4539 etiam
1724 4490 2060 4553 pra-dicatur.

502 4568 643 4620 Idem
679 4584 801 4621 vero
830 4569 1021 4622 dicitur
1052 4572 1441 4626 tt'ihttstltmlis:
1472 4586 1561 4628 aut
1587 4592 1805 4645 geueic,
1839 4591 1892 4631 ut
1922 4581 2061 4634 idem

502 4660 659 4707 homo
682 4658 819 4724 quod
852 4672 1040 4726 equus,
1072 4675 1191 4726 qua
1224 4662 1303 4713 his
1346 4663 1483 4715 idem
1530 4681 1716 4732 genus,
1752 4679 1807 4720 nt
1835 4671 2066 4728 animal;

502 4746 583 4797 vel
614 4746 810 4814 specie,
842 4756 897 4800 ut
941 4749 1077 4801 idem
1112 4752 1239 4801 Cato
1282 4753 1421 4819 quod
1473 4754 1681 4818 Cicero,
1728 4774 1846 4823 qu.a
1881 4762 2066 4814 eadem

501 4841 704 4905 species
733 4848 785 4892 ut
816 4839 1003 4903 homo;
1033 4842 1379 4911 vt~ltntmero,
1433 4857 1486 4897 ιιι
1529 4846 1733 4901 Tullius
1764 4860 1818 4902 et
1853 4851 2065 4917 Cit-ero,

500 4929 619 4992 quia
655 4944 787 4981 unus
817 4940 898 4984 est
953 4948 1193 4986 numero.
1244 4934 1415 4999 Quare
1464 4936 1731 4991 diversum
1766 4939 1928 4993 etiam
1986 4943 2064 4995 vel

500 5016 713 5085 genere,
745 5023 821 5072 vel
850 5022 1048 5090 specie,
1083 5023 1163 5075 vel
1190 5038 1408 5076 numero
1436 5024 1663 5090 dicitur;
1705 5030 1799 5082 sed
1845 5045 2069 5085 numero

499 5109 853 5163 dim-rendam
906 5111 1258 5165 accidentium
1306 5113 1534 5168 varietas
1581 5116 1749 5173 facit:
1799 5136 1918 5175 nam
1963 5135 2069 5177 tres

503 5200 743 5252 homines
773 5215 943 5267 neque
972 5216 1188 5269 genere,
1220 5218 1390 5272 neque
1419 5206 1618 5273 specie,
1659 5210 1755 5263 sed
1784 5211 1899 5265 suis
1929 5215 2069 5266 acci-

500 5290 748 5345 dentibus
786 5292 1001 5346 distant.
1055 5292 1185 5347 Nam
1231 5288 1275 5349 si
1334 5295 1418 5349 vel
1459 5298 1636 5351 animo
1658 5311 1848 5356 cuncta
1887 5304 1953 5355 ab
1986 5307 2067 5357 bis

501 5383 791 5436 accidentia
823 5400 1151 5451 separemus,
1179 5396 1354 5443 tamen
1387 5387 1532 5444 locus
1568 5393 1775 5446 cunctis
1823 5394 2065 5451 diversus

472 5470 475 5475 ”
502 5480 602 5532 est,
634 5488 788 5539 quem
813 5490 971 5527 llllllm
1001 5474 1197 5544 ﬁngere
1228 5478 1370 5531 nullo
1410 5480 1567 5534 modo
1601 5497 1885 5551 possumus
1916 5504 1925 5536 :
1960 5488 2067 5541 duo

502 5561 642 5615 enim
674 5578 893 5630 corpora
922 5581 1081 5639 imum
1113 5568 1283 5620 locum
1336 5584 1440 5622 non
1470 5571 1805 5639 obtinebunt,
1857 5578 1944 5643 qui
1988 5589 2066 5633 est

504 5644 780 5713 accidens,
812 5664 970 5722 atque
1003 5654 1121 5709 ideo
1148 5668 1269 5711 suat
1307 5674 1527 5714 numero
1578 5663 1777 5730 plures,
1812 5668 2060 5734 quoniam

470 5816 473 5817 ν
505 5743 864 5801 ηοείιιειιιιὶνιε
892 5746 1064 5813 plures
1095 5746 1243 5803 fiunt.

2165 1896 2328 1941 tracta
2373 1898 2534 1957 atque
2575 1888 2888 1957 separabiiis
2935 1908 2946 1940 :
3000 1906 3119 1943 nam
3165 1892 3252 1945 Dei
3293 1892 3629 1958 substant'a,
3677 1903 3731 1947 et

2162 1980 2384 2033 materia
2413 1989 2466 2034 et
2504 1991 2647 2033 motu
2678 1992 2844 2034 caret.
2906 1981 2960 2035 lu
3015 1983 3340 2036 natmaltbus
3374 1984 3531 2052 igitur
3562 1987 3727 2039 ratio-

2162 2071 2369 2132 naliter,
2404 2071 2453 2121 in
2508 2071 2896 2123 mathematicis
2946 2070 3369 2137 disciplinaliter,
3428 2073 3479 2125 itt
3537 2074 3730 2128 divinis

2161 2159 2588 2212 intellectualiter
2638 2156 2838 2212 vei-Sari
2885 2160 3172 2227 oportebit,
3228 2173 3401 2227 neque
3450 2159 3629 2214 diduci
3660 2163 3727 2214 ad

2162 2247 2582 2315 imaginaziones,
2626 2246 2718 2300 sed
2746 2247 2920 2315 potius
2953 2248 3119 2315 ipsam
3162 2247 3428 2314 insiticcre
3476 2247 3725 2312 formam,

2159 2354 2278 2405 quae
2304 2352 2428 2390 vere
2457 2336 2621 2390 forma
2667 2352 2763 2390 nec
2794 2337 2968 2406 imago
3014 2345 3115 2402 est,
3157 2345 3211 2390 ct
3240 2352 3358 2406 qua:
3395 2352 3513 2391 esse
3556 2339 3727 2407 ipsum

2159 2437 2261 2491 est,
2293 2438 2345 2481 et
2370 2443 2433 2479 ex
2460 2442 2558 2494 qua
2584 2441 2701 2479 csse
2728 2436 2805 2479 est
2830 2442 2844 2489 ;
2876 2441 3031 2479 ounic
3060 2441 3287 2494 namque
3313 2440 3434 2479 esse
3464 2441 3528 2479 ex
3561 2428 3727 2478 forma

2159 2528 2279 2574 est:
2322 2517 2495 2573 statua
2526 2518 2669 2571 enim
2702 2533 2802 2570 nou
2834 2518 3126 2571 secundum
3154 2532 3246 2582 res,
3276 2517 3418 2586 quod
3448 2528 3530 2571 est
3559 2528 3728 2571 mate-

2160 2610 2258 2671 ria,
2290 2609 2379 2661 sed
2406 2609 2693 2662 secundum
2722 2608 2969 2671 formam,
3002 2625 3120 2675 qua:
3156 2610 3205 2661 in
3237 2623 3302 2662 eo
3333 2609 3577 2678 insignita
3624 2622 3727 2673 est,

2158 2701 2361 2769 efﬁgies
2392 2701 2634 2753 animalis
2656 2701 2870 2764 dicitur,
2898 2705 3173 2770 ipsmuq'e
3206 2718 3279 2755 :rs
3306 2718 3409 2755 non
3439 2705 3727 2757 secundant

2161 2800 2377 2852 terram,
2413 2792 2551 2856 quod
2582 2800 2663 2844 est
2684 2792 2800 2858 ejus
2823 2792 3067 2855 ma'eria,
3100 2794 3190 2845 -ed
3221 2791 3414 2847 dicitur
3441 2795 3728 2847 SCt‘ttndtlttt

2158 2881 2278 2933 {Bl'ls
2309 2880 2549 2948 figuram.
2581 2880 2744 2934 Terra
2790 2897 2998 2949 quo-luo
3030 2884 3138 2949 ipsa
3175 2899 3278 2936 non
3323 2886 3616 2937 secandum
3648 2886 3727 2936 in-

2160 2969 2377 3023 formem
2418 2972 2694 3023 materiam
2730 2974 2857 3026 κατά
2884 2982 2967 3029 τήν
2991 2972 3111 3030 ὅλην
3141 2974 3189 3026 di
3228 2976 3353 3039 itur,
3402 2975 3496 3029 sed
3529 2991 3721 3028 secun-

2158 3060 2282 3113 dum
2340 3061 2635 3115 siccitatem
2685 3067 3125 3132 gravitatemque,
3179 3080 3297 3134 qua:
3341 3077 3465 3119 stmt
3518 3067 3725 3121 formze.

2118 3151 2300 3205 .Nihil
2334 3153 2491 3220 igitur
2545 3153 2835 3206 secundum
2894 3156 3167 3206 maturiam
3202 3169 3323 3208 csse
3372 3155 3589 3220 dicitur,
3634 3159 3727 3211 sed

2162 3241 2455 3295 secundum
2491 3241 2755 3309 propriam
2790 3241 3037 3296 formam.
3070 3242 3175 3296 Sed
3209 3243 3389 3297 divina
3436 3245 3730 3299 substantia

2163 3331 2277 3384 sine
2309 3332 2529 3384 materia
2570 3332 2732 3382 forma
2783 3343 2903 3391 εει,
2954 3340 3112 3399 atque
3160 3332 3279 3384 ideo
3322 3347 3481 3385 unum
3531 3341 3633 3400 est,
3679 3344 3733 3387 et

2164 3422 2213 3475 id
2247 3423 2384 3490 quod
2415 3432 2516 3476 est.
2572 3422 2795 3489 [teli-pta
2843 3425 2984 3475 enim
3021 3440 3123 3475 non
3154 3432 3278 3476 sunt
3304 3422 3353 3476 id
3392 3424 3532 3491 quod
3566 3437 3686 3478 sunt
3716 3443 3727 3476 :

2165 3516 2575 3583 unumquodque
2604 3517 2744 3569 enim
2775 3515 2931 3566 habet
2957 3531 3077 3568 esse
3106 3532 3256 3569 suum
3284 3530 3348 3569 ex
3383 3518 3459 3571 his
3496 3532 3561 3571 ex
3612 3520 3730 3586 qni-

2164 3607 2261 3660 bus
2284 3615 2386 3672 est,
2435 3607 2483 3659 id
2530 3616 2610 3659 est
2655 3621 2719 3659 ex
2765 3605 3002 3674 partibus
3029 3607 3185 3670 suis;
3231 3616 3396 3661 etest
3446 3608 3543 3659 hoc
3569 3620 3730 3676 atque

2167 3700 2285 3766 hoc,
2320 3699 2369 3750 id
2399 3706 2479 3752 est
2502 3707 2676 3766 partes
2717 3713 2823 3751 sine
2868 3692 3193 3766 cunjuuete,
3236 3698 3330 3752 sed
3365 3714 3467 3750 non
3496 3701 3594 3752 hoc
3646 3701 3728 3751 vel

2166 3791 2265 3843 hoc
2314 3790 2649 3858 singulariter
2695 3800 2801 3844 :ut
2852 3806 2968 3843 cum
3020 3793 3179 3842 homo
3228 3801 3471 3843 terrenus
3521 3799 3732 3843 consnt

2166 3895 2228 3933 ex
2274 3880 2454 3932 anima
2482 3894 2874 3947 .corporeqne,
2917 3896 3113 3947 corpus
3158 3891 3205 3932 et
3255 3882 3429 3933 anima
3463 3890 3575 3945 est,
3628 3898 3731 3935 non

2168 3969 2247 4021 vel
2284 3976 2500 4034 corpus
2551 3969 2635 4020 vel
2666 3972 2862 4020 attiuta.
2918 3969 2968 4019 In
3022 3982 3169 4035 parte
3218 3971 3373 4037 igitur
3426 3987 3528 4024 non
3573 3984 3651 4025 est
3684 3974 3734 4026 id

2166 4054 2303 4123 quod
2335 4064 2436 4107 est.
2470 4054 2620 4120 Quod
2654 4069 2780 4106 vero
2807 4068 2911 4106 non
2946 4062 3027 4106 cst
3053 4070 3114 4108 ex
3152 4056 3251 4107 hoc
3298 4067 3453 4125 atque
3488 4061 3604 4122 hoc,
3635 4061 3729 4112 sed

2167 4154 2364 4197 tantum
2419 4154 2498 4196 est
2525 4144 2642 4206 hoc,
2692 4143 2819 4195 illttd
2853 4158 2975 4195 vere
3004 4155 3085 4195 est
3118 4144 3165 4195 id
3198 4147 3338 4211 quod
3387 4157 3507 4209 est;
3555 4159 3608 4199 ει
3655 4158 3736 4202 est

2169 4234 2581 4303 pulcherrimum
2636 4231 3111 4299 fortissimumque,
3149 4234 3268 4299 quia
3324 4235 3465 4287 nllo
3525 4237 3729 4290 nititur.

2166 4306 2425 4389 Quocirca
2457 4326 2555 4373 l.oc
2584 4335 2707 4373 vere
2733 4336 2925 4383 unum,
2974 4321 3024 4373 in
3073 4336 3177 4385 quo
3226 4322 3397 4375 nullus
3442 4341 3692 4377 nttmerus
3717 4370 3732 4396 ,

2169 4413 2367 4466 nullum
2406 4414 2453 4463 in
2482 4411 2714 4471 eo,aliud
2751 4419 3100 4478 prtelerqnam
3134 4412 3180 4463 id
3229 4408 3368 4481 quoil
3420 4425 3522 4475 est,
3568 4432 3737 4481 nepte

2170 4504 2308 4557 enim
2340 4502 2635 4568 subjectum
2664 4500 2775 4553 fieri
2810 4510 3011 4567 potest:
3050 4502 3214 4553 forma
3249 4502 3387 4555 enim
3422 4513 3521 4567 est,
3550 4504 3733 4558 formze

2173 4610 2295 4647 vero
2344 4595 2461 4663 sul-j
2486 4604 2602 4646 ictae
2628 4608 2747 4645 eSse
2782 4608 2893 4667 [non
2952 4605 3192 4659 possunt.
3244 4594 3374 4649 Nam
3408 4597 3545 4664 quod
3578 4608 3738 4651 caue-

2172 4699 2246 4737 rat
2287 4683 2749 4749 furiumsubjectze
2798 4682 3159 4736 accidentibus
3210 4685 3334 4747 sint,
3383 4698 3438 4738 ut
3492 4688 3736 4738 humani.

2172 4782 2271 4837 tas,
2302 4787 2403 4823 non
2436 4773 2501 4822 ita
2533 4770 2821 4824 accidentia
2855 4773 3071 4840 suscipit
3099 4789 3163 4829 eo
3194 4776 3332 4843 quod
3362 4777 3471 4843 ipsa
3500 4786 3603 4841 est,
3635 4779 3728 4831 sed

2169 4876 2235 4916 eo
2268 4861 2405 4929 quod
2440 4861 2657 4914 materia
2682 4862 2729 4914 ei
2758 4862 2993 4929 subjecta
3026 4874 3127 4917 est.
3166 4864 3295 4917 Dum
3335 4867 3477 4919 enim
3512 4882 3592 4919 ma
3623 4870 3731 4921 cria

2173 4954 2405 5022 subjecta
2461 4953 2771 5007 humanitati
2839 4956 3061 5023 suscipit
3117 4958 3394 5024 quodlibet
3451 4959 3734 5021 accidens,

2174 5047 2283 5113 ipsa
2317 5046 2414 5098 hoc
2442 5045 2712 5115 suscipere
2752 5047 2960 5100 videtur
2988 5048 3306 5102 humanitas.
3356 5049 3544 5101 Forma
3576 5065 3701 5102 vero
3724 5091 3738 5110 ,

2158 5152 2291 5203 qua:
2314 5148 2395 5190 est
2422 5137 2537 5191 sine
2585 5140 2825 5203 materia,
2862 5154 2964 5191 nou
3018 5139 3208 5206 poterit
3256 5154 3376 5194 esse
3417 5140 3727 5208 subjectum,

2162 5241 2272 5279 inec
2292 5243 2427 5281 .vero
2456 5229 2632 5280 inesse
2658 5228 2927 5291 materim;
2980 5244 3152 5295 neque
3181 5232 3321 5282 enim
3372 5239 3514 5283 esset
3546 5234 3733 5295 forma,

2172 5315 2264 5367 sed
2298 5315 2485 5382 imago.
2524 5315 2597 5367 Ex
2633 5315 2712 5367 bis
2758 5317 2897 5368 enim
2943 5317 3130 5370 formis
3182 5310 3300 5385 quae
3334 5330 3535 5386 praeter
3576 5330 3738 5373 mat--

2172 5405 2303 5457 riam
2336 5414 2476 5469 sunt,
2509 5406 2626 5457 istae
2679 5406 2861 5457 formae
2890 5418 3150 5459 venerunt
3182 5423 3300 5473 qua:
3337 5419 3466 5464 sunt
3490 5412 3540 5463 in
3578 5423 3739 5465 mate-

2171 5493 2246 5545 ria
2293 5503 2345 5545 et
2371 5508 2561 5561 corpus
2592 5492 2834 5546 efficiunt
2864 5512 2875 5545 :
2907 5509 3027 5546 nam
3058 5505 3299 5559 racteras,
3326 5514 3443 5564 qua:
3471 5501 3520 5550 in
3549 5503 3740 5567 corpo-

2170 5582 2317 5650 ribus
2369 5590 2492 5637 sunt
2527 5583 2818 5645 abutimur,
2868 5584 3064 5638 formas
3111 5595 3383 5647 vocantes,
3442 5588 3565 5642 dum
3608 5591 3737 5643 imav

2172 5671 2319 5737 gines
2347 5681 2467 5725 sunt
2509 5688 2521 5726 :
2575 5671 2931 5725 assimilantur
2957 5674 3101 5726 enim
3136 5673 3320 5727 formis
3354 5675 3423 5727 iis
3461 5692 3576 5743 qum
3631 5696 3736 5733 non

2175 5762 2369 5817 suntin
2407 5760 2622 5814 materit
2656 5763 2989 5821 constitntgc.
3025 5764 3175 5818 Nulla
3209 5764 3366 5834 igitur
3392 5768 3440 5820 in
3469 5784 3533 5820 eo
3559 5768 3737 5824 diver-
