4274 6272
3651 276 3722 331 25

3724 277 3762 331 2

1702 306 1787 363 AN
1854 302 2055 359 MANL.
2100 300 2248 357 SEV.
2290 296 2507 355 BOE'l'll
3545 296 3553 307 ·
3616 275 3639 327 1

2774 402 3002 460 CAPUT
3043 400 3132 457 IV.

2411 502 2681 567 Quomodo
2716 497 2853 551 Dens
2893 498 2957 549 sit
3001 497 3054 549 in
3086 491 3515 561 pra'dicamentis.

483 321 609 381 135i

482 438 528 490 si
554 453 639 501 as,
669 433 806 489 nulla
855 445 921 484 ex
948 426 1261 482 diversitate
1290 422 1587 493 pluralitas,
1634 421 1775 473 nulla
1813 432 1873 471 ex
1907 418 2050 475 acci-
2087 423 2135 478 Α

483 524 733 579 dentibus
762 516 1069 579 multitudo,
1104 524 1263 584 atque
1293 513 1500 568 ideirco
1528 524 1627 566 nec
1660 523 1934 561 numerus.

1088 604 1311 659 CAPUT
1352 603 1436 657 Ill.

731 699 797 754 In
828 699 1001 753 dit-ina
1021 697 1304 752 substantia
1333 711 1433 747 non
1462 704 1535 746 est
1566 704 1825 745 numerus.

559 795 699 850 Deus
742 806 872 846 vero
920 804 951 843 a
989 788 1098 842 Deo
1129 786 1275 841 nullo
1324 783 1534 845 dilTert,
1588 796 1654 835 ne
1694 779 1777 834 vel
1828 774 2065 830 acciden~

489 889 651 949 libus,
684 883 767 938 vel
800 878 1221 937 accidentalilius
1257 873 1576 929 dill‘erentiis
1603 871 1653 925 in
1698 868 1943 938 subjecto
1976 880 2068 934 po-

487 977 606 1030 sitis
638 974 819 1027 distat.
846 970 947 1025 Ubi
980 982 1105 1022 vero
1134 966 1271 1019 nulla
1304 970 1387 1018 est
1426 960 1749 1024 differentia,
1799 956 1943 1011 nulla
1987 963 2071 1009 est

490 1068 712 1121 omnino
736 1062 1033 1132 pluralitas,
1060 1072 1223 1128 quare
1251 1071 1347 1109 nec
1381 1067 1670 1114 numerus;
1703 1052 1860 1119 igitur
1893 1046 2070 1099 unitas

492 1166 719 1209 tantum.
749 1151 879 1207 Nam
911 1149 1053 1219 quod
1079 1145 1236 1200 tertio
1266 1141 1523 1212 repetitur
1552 1141 1715 1201 Deus,
1763 1153 1883 1192 cum
1915 1137 2073 1189 Pater

492 1259 546 1303 et
570 1246 735 1300 Filius
760 1253 815 1298 et
840 1242 1067 1310 Spiritus
1112 1246 1327 1293 sanctus
1360 1241 1716 1302 nuncupatur,
1749 1240 1856 1284 tres
1894 1229 2072 1281 unita-

494 1348 579 1393 tes
598 1351 703 1390 non
741 1333 939 1387 faciunt
980 1328 1337 1399 pluralitatem
1371 1325 1578 1378 numeri
1614 1322 1664 1375 iu
1688 1335 1753 1374 co
1786 1317 2074 1387 quodipSm

495 1438 659 1493 sunt,
692 1427 738 1480 si
768 1426 1107 1477 advertamus
1143 1419 1207 1472 ad
1239 1433 1324 1473 res
1353 1414 1735 1475 numerabiles,
1768 1427 1827 1485 ac
1873 1426 1977 1462 non
2009 1408 2073 1461 ad

494 1525 668 1593 ipsum
686 1531 963 1587 numerum
994 1531 1004 1565 τ
1029 1511 1137 1565 illic
1161 1512 1303 1563 enim
1328 1509 1591 1561 uuitatum
1623 1501 1868 1573 repetitio
1894 1513 2076 1552 imme-

495 1626 616 1667 rum
649 1608 788 1662 facit.
818 1608 871 1658 ln
902 1618 965 1658 eo
991 1610 1170 1655 autem
1213 1612 1435 1651 numero
1482 1595 1570 1664 qui
1610 1596 1661 1646 iu
1693 1591 1851 1646 rebus
1883 1602 2074 1680 nume-
2172 1619 2301 1666 “em
2335 1611 2565 1680 quamas
2595 1618 2649 1664 cl
2674 1617 2869 1663 canem
2898 1623 3015 1677 qua,
3061 1607 3281 1663 “enim
3329 1614 3532 1675 qucum
3562 1623 3575 1656 ;
3625 1621 3758 1675 quo-

496 1700 757 1756 rabilibus
799 1701 1027 1758 constat,
1052 1689 1296 1759 repetitio
1319 1688 1577 1742 unitatem
1609 1692 1768 1751 atque
1808 1678 2084 1771 pluralitas
2174 1718 2311 1769 mm,
2346 1678 2655 1771 ίηθωρηοι,
2685 1702 2775 1756 “at
2810 1701 3134 1765 inmuecms’
3191 1699 3435 1764 exempla
3482 1698 3756 1752 mhdeuda
3820 1704 3821 1707 η

500 1790 722 1845 minime
773 1785 897 1840 facit
940 1779 1347 1836 numerabilium
1377 1791 1553 1830 rerum
1606 1784 1947 1827 numerosam
2002 1766 2078 1823 di-
2110 1766 2319 1851 nsum;
2351 1795 2480 1849 Nam
2503 1766 2623 1849 (sum
2654 1778 2880 1850 dicimus
2929 1795 3085 1856 mus.
3137 1792 3486 1848 substantiam
3542 1791 3756 1857 quidem

497 1879 835 1934 versilatem.
886 1872 1151 1927 Numerus
1191 1869 1333 1923 enim
1381 1866 1572 1933 συνιρκ
1624 1873 1706 1917 θδί
1750 1879 1762 1913 ³
1799 1874 1934 1913 “"“5
1965 1873 2082 1927 qu"
2177 1885 2477 1934 simiiﬁcare
2507 1884 2769 1934 videmur.
2800 1884 2892 1934 sed
2923 1899 3067 1934 eam.
3101 1898 3220 1934 una:
3244 1882 3313 1934 sit
3346 1882 3480 1934 ultra
3514 1849 3773 1933 substan;

501 1970 624 2025 dem
676 1980 780 2036 quo
827 1972 1195 2023 numeramus,
1244 1957 1379 2013 alter
1409 1968 1535 2008 vero
1566 1954 1653 2021 qui
1705 1952 1756 2003 in
1795 1948 1957 2003 rebus
1996 1961 2080 1998 nu-

2239 614 2434 668 Decem
2476 609 2697 663 omnino
2742 605 3159 676 prtedicamenta
3204 601 3489 655 tzaduutur
3528 614 3651 670 qua:
3695 599 3765 655 de

2168 706 2325 761 rebus
2372 692 2622 757 omnibus
2671 697 3048 754 universaliter
3102 694 3500 763 pratdteantur,
3552 693 3606 748 id
3680 706 3757 746 est

2168 794 2508 856 Sttbslanlia,
2558 792 2823 863 qualitas,
2874 788 3181 859 quantitas,
3226 785 3291 838 ad
3343 785 3579 854 aliquid,
3637 783 3757 847 ubi,

2169 888 2418 960 quando;
2473 886 2703 948 habere,
2755 887 2915 937 situm
2977 890 3132 944 esse;
3184 880 3394 942 facere,
3450 866 3592 944 pati.
3639 876 3764 928 llt-e

2176 981 2333 1047 igitur
2366 978 2487 1031 talia
2520 984 2675 1038 sunt,
2718 974 2893 1042 qualia
2938 971 3177 1043 subjecta
3212 968 3554 1040 permiserint
3592 982 3761 1035 :_uam

2174 1083 2297 1138 pars
2323 1082 2509 1122 eorum
2535 1066 2587 1120 in
2621 1065 2946 1133 reliquarum
2977 1077 3159 1116 rerum
3195 1059 3581 1129 prtedicatione
3630 1058 3762 1113 sub-

2174 1158 2364 1210 staut'a
2395 1167 2509 1221 est,
2555 1169 2677 1223 pars
2706 1154 2756 1207 in
2798 1151 3154 1206 accidentium
3190 1165 3413 1203 numero
3440 1160 3543 1204 est.
3594 1153 3763 1219 Atque

2178 1251 2292 1305 lucc
2334 1266 2452 1303 cum
2497 1248 2615 1317 quis
2648 1249 2699 1302 in
2752 1247 2990 1302 divinam
3030 1262 3111 1300 vel
3130 1246 3253 1300 terit
3297 1245 3759 1313 praedicatiOnem,

2177 1351 2365 1395 cuncta
2400 1347 2673 1394 mutantur
2698 1355 2818 1407 qua:
2851 1336 3135 1407 prmdicari
3174 1346 3419 1404 possunt.
3450 1336 3531 1391 Ad
3562 1337 3760 1405 aliquid

2179 1446 2309 1486 veto
2337 1430 2558 1485 omnino
2584 1445 2690 1484 non
2719 1437 2895 1498 potest
2927 1426 3241 1497 praedicari;
3293 1442 3415 1481 nam
3465 1428 3762 1481 substantia

2172 1536 2222 1574 in
2245 1519 2336 1573 illo
2369 1533 2472 1572 non
2496 1526 2579 1573 est
2602 1516 3061 1581 veresubstantia,
3082 1515 3178 1570 sed
3210 1515 3344 1568 ultra
3373 1514 3750 1567 substantiam.

2177 1885 2477 1954 signiﬁcare
2507 1884 2770 1948 videmur,
2800 1884 2892 1937 sed
2923 1899 3067 1947 eam,
3101 1898 3220 1951 qua:
3244 1882 3313 1935 sit
3346 1882 3480 1935 ultra
3514 1882 3760 1933 substan-

2174 1980 2335 2040 tiam;
2360 1993 2479 2031 cum
2506 1994 2631 2032 vero
2658 1976 2856 2046 justus,
2906 1976 3213 2044 qualita'em
3263 1974 3501 2040 quidem,
3540 1974 3631 2027 sed
3657 1988 3757 2025 non

501 2057 851 2117 merabilibus
880 2061 1110 2108 constat.
1157 2048 1365 2104 Etenim
1426 2059 1589 2101 unum
1639 2057 1727 2096 res
1756 2050 1840 2094 est
1886 2038 2081 2101 unitas,

500 2167 602 2222 qua
646 2163 809 2203 untnn
850 2146 1097 2200 dicimus.
1151 2140 1264 2194 Duo
1307 2151 1494 2193 rursus
1531 2135 1582 2188 in
1637 2133 1794 2185 rebus
1854 2139 1979 2182 sunt
2029 2135 2085 2178 ιιι

504 2245 750 2299 homines
797 2240 881 2294 vel
932 2235 1178 2307 lapides;
1222 2233 1451 2286 dualitas
1502 2227 1669 2290 nihil,
1732 2223 1824 2277 sed
1879 2230 2083 2275 tantum

502 2336 754 2397 dualitas,
780 2345 881 2400 qua
932 2329 1036 2382 duo
1090 2325 1341 2378 homines
1388 2320 1473 2375 vel
1525 2316 1728 2387 lapides
1774 2313 1880 2367 duo
1912 2311 2084 2365 ﬁunt:

503 2436 558 2480 et
605 2425 657 2478 in
703 2420 912 2477 caeteris
942 2418 1130 2472 eodem
1180 2412 1358 2468 modo.
1422 2411 1563 2479 Ergo
1606 2408 1659 2462 in
1709 2419 1930 2460 nmnero
1982 2418 2087 2471 quo

505 2526 848 2569 numeramus
887 2508 1133 2577 repetitio
1189 2504 1449 2568 unitatttnt
1497 2499 1624 2553 lacit
1681 2496 2085 2567 pluralitatem;

505 2607 560 2659 in
603 2618 780 2658 rerum
824 2614 955 2653 vero
985 2609 1205 2650 numero
1245 2609 1350 2646 non
1384 2592 1508 2645 lacit
1561 2588 1919 2659 pluralitatem
1973 2584 2089 2637 uni-

510 2704 677 2748 tatum
708 2688 960 2760 repetitio
994 2704 1006 2740 :
1052 2687 1193 2740 velut
1217 2687 1258 2739 si
1292 2685 1359 2738 de
1392 2683 1582 2736 eodem
1630 2680 1829 2742 dicam,
1882 2676 2090 2746 gladius

506 2801 666 2849 unus,
694 2797 878 2837 mucro
919 2794 1078 2843 unus,
1105 2776 1255 2832 ensis
1284 2777 1451 2834 'nnns,
1489 2782 1662 2843 potest
1691 2772 1835 2825 enim
1887 2778 1964 2822 tot
1999 2783 2092 2820 vo-

509 2880 723 2949 cabulis
754 2876 959 2945 gladius
990 2871 1226 2942 agnosci.
1287 2870 1408 2922 lltee
1444 2867 1588 2922 enim
1633 2865 1894 2919 unitatum
1940 2874 2094 2930 repe-

507 2971 630 3025 titio
660 2967 874 3023 iteratio
903 2964 1079 3034 potius
1118 2971 1220 3026 est,
1247 2976 1351 3013 non
1379 2957 1679 3013 numeratio
1718 2970 1732 3021 ;
1771 2954 1918 3015 velut
1944 2953 1989 3005 si
2023 2952 2095 3004 ita

511 3063 774 3125 dicamus,
815 3057 979 3121 ensis,
1017 3068 1222 3111 mucro,
1266 3050 1494 3120 gladius,
1550 3047 1797 3117 repetitio
1852 3044 2094 3115 qumdam

2187 2060 2555 2122 accidentem,
2608 2058 2700 2112 sed
2740 2072 2859 2118 eam
2909 2069 3026 2124 quae
3051 2055 3121 2109 sit
3165 2053 3500 2118 substantia,
3542 2062 3597 2107 et
3636 2055 3772 2109 u'tra

2189 2154 2576 2218 substantiam;
2634 2166 2806 2221 neque
2834 2150 2976 2206 enim
3009 2148 3153 2202 aliud
3184 2156 3268 2203 est
3310 2147 3449 2202 Deus
3478 2146 3620 2215 quod
3659 2156 3772 2210 est,

2188 2247 2334 2299 aliud
2380 2244 2521 2315 quod
2550 2244 2722 2313 jusws
2753 2250 2869 2305 est,
2909 2239 3003 2294 sed
3032 2239 3172 2294 idem
3212 2249 3293 2294 εει
3331 2252 3451 2292 esse
3486 2238 3593 2291 Deo
3632 2253 3700 2303 qu
3738 2240 3773 2290 d

2187 2337 2352 2403 justo.
2392 2337 2518 2389 Item
2552 2350 2673 2387 eum
2705 2333 2902 2386 dicitur
2929 2344 3152 2400 magnus
3176 2329 3260 2384 vel
3291 2328 3571 2393 maximus,
3603 2343 3773 2396 quan-

2196 2430 2400 2481 titatem
2429 2426 2643 2495 quidem
2673 2422 2975 2491 signiﬁcare
2999 2420 3389 2483 videnturhsed
3416 2436 3527 2474 eam
3554 2434 3669 2488 qum
3699 2418 3771 2472 sit

2197 2519 2311 2586 ipsa
2335 2517 2638 2570 substant'a
2682 2514 2802 2566 talis
2832 2518 3043 2581 qua'em
3074 2526 3192 2565 esse
3214 2511 3445 2565 diximus
3486 2510 3621 2563 ultra
3647 2509 3775 2562 sub-

2195 2610 2442 2661 stantiam
2480 2625 2490 2657 :
2526 2605 2668 2658 idem
2706 2613 2788 2658 est
2818 2603 2961 2657 enim
2992 2615 3113 2655 esse
3152 2602 3261 2656 Deo
3283 2601 3420 2669 quod
3450 2614 3664 2668 magno.
3699 2598 3781 2653 De

2198 2695 2364 2749 forma
2418 2694 2560 2749 enim
2590 2694 2720 2763 ejus
2758 2691 3004 2759 superius
3036 2691 3461 2744 demonstratum
3493 2696 3584 2742 est
3604 2729 3617 2752 ,
3648 2702 3784 2757 quo—

2199 2786 2340 2839 niam
2372 2786 2414 2836 is
2455 2786 2524 2837 sit
2548 2781 2714 2835 forma
2745 2791 2800 2835 et
2831 2796 2993 2833 tuum:
3024 2794 3167 2843 vere,
3205 2794 3304 2833 nec
3332 2778 3433 2831 ulli
3484 2778 3780 2846 pluralitas.

2200 2877 2307 2933 Sed
2339 2881 2449 2929 nec
2483 2873 2891 2944 przcdicamenta
2924 2871 3045 2926 talia
3079 2880 3222 2937 sunt,
3257 2880 3343 2936 ut,
3392 2870 3443 2924 in
3489 2886 3595 2939 quo
3626 2877 3779 2933 sunt,

2204 2968 2375 3036 ipsum
2428 2981 2547 3020 esse
2580 2966 2775 3018 faciant
2812 2962 2952 3031 quod
2985 2962 3209 3025 dicitur;
3241 2963 3414 3015 divise
3463 2962 3678 3030 quidem
3733 2962 3785 3016 in

2202 3057 2434 3120 caeteris,
2482 3056 2545 3109 in-
2566 3054 2673 3109 Deo
2705 3068 2832 3107 vero
2861 3051 3146 3121 coniuncte
3172 3063 3330 3120 atque
3384 3052 3657 3120 copulate,
3687 3052 3789 3106 hoc

514 3162 595 3209 est
622 3150 884 3219 ejusdem,
934 3161 1041 3200 non
1102 3157 1321 3197 numera
1352 3142 1404 3194 io
1446 3140 1822 3194 diversorum:
1858 3135 2003 3189 velut
2050 3133 2092 3187 si
2124 3148 2169 3208 ρ
2203 3151 2360 3204 modo
2398 3160 2562 3201 :na‘m
2603 3161 2723 3200 cum
2756 3144 2985 3199 dicimus
3020 3143 3348 3205 substantia.
3396 3154 3453 3196 ul
3503 3144 3664 3197 homo
3705 3143 3787 3198 νεῖ

514 3245 587 3299 ita
617 3244 807 3302 dicam,
844 3238 948 3302 sol,
973 3236 1074 3301 sol,
1105 3235 1206 3298 sol,
1242 3249 1345 3285 non
1378 3240 1489 3284 tres
1513 3230 1656 3283 soles
1678 3226 1976 3287 eﬂecerim,
2002 3223 2095 3277 sed

517 3331 583 3387 de
613 3347 718 3386 uno
765 3328 922 3381 toties
954 3321 1377 3394 przedicavcrim.
1423 3319 1538 3373 Non
1589 3320 1744 3389 igitur
1776 3317 1823 3371 si
1853 3320 1917 3371 de
1940 3315 2099 3369 l‘atre

515 3438 578 3477 ac
607 3420 743 3476 Filio
791 3428 843 3471 et
872 3416 1075 3485 Spiritu
1116 3422 1301 3467 sancto
1360 3410 1520 3466 tertio
1580 3409 1901 3478 praedicatur
1933 3407 2097 3466 Deus,

517 3513 721 3568 idcirco
770 3507 907 3561 trina
952 3502 1265 3573 prtedicatia
1304 3516 1583 3553 numerum
1625 3499 1749 3551 facit
1788 3515 1800 3550 :
1832 3498 1933 3550 huc
1959 3496 2098 3548 enim

518 3604 647 3665 illis,
673 3610 729 3654 ut
757 3598 957 3651 dictum
1003 3601 1105 3659 est,
1138 3592 1402 3653 imminet,
1453 3588 1544 3655 qui
1568 3589 1735 3641 inter
1761 3602 1855 3640 eos
1901 3587 2100 3638 distan-

521 3696 646 3748 tiam
671 3690 866 3744 l’aeiunt
897 3686 1230 3739 meritorum.
1259 3679 1553 3734 Catliolicis
1574 3694 1703 3733 vero
1730 3678 1784 3732 in
1803 3674 2051 3731 didereut
2074 3690 2102 3728 a

522 3780 997 3844 constituentibus,
1030 3777 1308 3847 ipsamque
1332 3774 1583 3836 formam,
1615 3781 1670 3825 ut
1697 3780 1801 3835 est,
1852 3783 1973 3824 esse
2004 3784 2099 3837 po—

522 3875 797 3940 nentib-ts,
825 3886 994 3940 neque
1014 3869 1157 3924 aliud
1180 3882 1302 3921 esse
1336 3878 1495 3936 quam
1527 3874 1609 3920 est
1646 3865 1818 3933 ipsum
1852 3863 1994 3932 quod
2027 3869 2109 3916 est

522 3964 884 4037 opinantibus,
916 3970 1061 4016 recte
1090 3956 1336 4027 repetitio
1358 3957 1426 4011 de
1448 3955 1657 4020 eodem,
1693 3968 1854 4024 quam
1885 3967 2109 4007 enume-

522 4064 656 4116 ratio
684 4058 876 4111 diversi
910 4055 1116 4110 videtur
1147 4067 1264 4107 esse
1307 4067 1428 4106 cum
1474 4051 1689 4116 dicitur,
1739 4051 1877 4105 Deus
1927 4048 2107 4113 Pater,

527 4154 665 4208 Deus
691 4149 880 4214 Filius,
907 4146 1047 4201 Deus
1072 4146 1303 4212 Spiritus
1326 4155 1569 4208 sanctus,
1598 4152 1765 4213 atque
1790 4143 1904 4198 [nec
1928 4142 2101 4196 Trini-

526 4254 608 4298 tas
639 4258 772 4296 unus
799 4241 959 4302 Deus,
990 4237 1154 4292 veluti
1188 4236 1333 4290 ensis
1382 4246 1541 4304 atque
1576 4250 1787 4299 mucro,
1820 4248 1958 4287 unus
1990 4234 2103 4303 gla-

529 4337 681 4391 dius:
706 4331 969 4397 velutsol,
1003 4331 1103 4395 Sol,
1139 4328 1240 4395 sill,
1277 4342 1413 4380 unus
1443 4326 1546 4379 sol.
1591 4327 1704 4381 Sed
1738 4326 1841 4379 hoc
1895 4325 2109 4378 interim

528 4428 595 4483 ad
617 4440 733 4480 eam
759 4424 955 4477 dictum
987 4421 1056 4474 sit
1083 4418 1524 4488 signiﬁcationem
1561 4414 2111 4470 demonSll‘alinltelll-

2205 3244 2361 3310 Deus,
2390 3242 2509 3295 hoc
2541 3240 2608 3293 ita
2642 3238 2836 3292 dicitur
2866 3235 3015 3306 quasi
3060 3235 3189 3289 iiind
3221 3237 3289 3289 de
3329 3248 3436 3303 quo
3470 3235 3792 3302 praedicatur

2205 3336 2379 3404 ipsum
2431 3334 2493 3385 sit
2542 3329 2861 3394 substantia,
2899 3338 2954 3382 ut
2982 3327 3280 3382 substantia
3324 3326 3485 3380 homo
3514 3328 3597 3381 vel
3631 3326 3787 3380 Deus.

2205 3428 2309 3481 Sed
2327 3426 2508 3490 distat,
2527 3425 2776 3493 quoniam
2797 3422 2957 3476 homo
2977 3436 3080 3475 non
3102 3421 3306 3490 integre
3324 3422 3499 3489 ipsum
3513 3417 3788 3484 homoest,

2206 3536 2266 3572 ac
2288 3534 2380 3587 per
2414 3518 2512 3570 hoc
2536 3532 2632 3570 uec
2657 3517 2980 3570 substantia.
3003 3515 3153 3580 Quod
3176 3524 3257 3567 νει
3280 3514 3449 3579 enim,
3468 3512 3584 3566 aliis
3608 3512 3790 3577 debet,

2206 3623 2325 3677 qua;
2353 3624 2457 3661 non
2485 3616 2607 3659 sunt
2640 3606 2801 3660 homo
2831 3622 2846 3660 :
2876 3606 3017 3660 Deus
3034 3602 3184 3672 vero,
3205 3605 3307 3659 hoc
3339 3603 3507 3672 ipsum
3535 3602 3678 3671 quod
3709 3610 3795 3657 est.

2211 3701 2351 3754 Deus
2366 3709 2467 3762 est;
2495 3697 2620 3751 nihil
2647 3719 2657 3747 ι
2679 3697 2787 3750 nim
2813 3697 2951 3750 aliud
2976 3706 3056 3750 cst
3075 3695 3173 3749 nisi
3212 3694 3352 3765 quod
3370 3702 3471 3757 est,
3496 3706 3554 3745 ac
3577 3707 3669 3762 per
3687 3691 3791 3746 hoc

2218 3793 2392 3860 ipsum
2419 3790 2558 3843 Deus
2581 3798 2680 3843 est.
2704 3789 2934 3855 Rursus,
2957 3789 3148 3857 justus,
3174 3788 3314 3857 quod
3338 3800 3415 3841 est
3437 3786 3682 3856 qualitas,
3716 3786 3791 3839 ita

2166 3922 2167 3925 η
2211 3880 2407 3936 dicitur
2430 3880 2580 3949 quasi
2610 3879 2725 3948 ipse
2758 3880 2856 3932 hoc
2879 3880 2945 3932 sit
2972 3878 3038 3932 de
3069 3894 3172 3946 quo
3204 3876 3541 3946 prtedicatur,
3562 3875 3612 3928 id
3638 3885 3719 3929 est
3749 3877 3794 3930 si

2212 3972 2474 4033 dicamus.
2509 3969 2883 4039 ltontojnstus,
2918 3968 3000 4021 vel
3030 3968 3385 4035 Deusjustus,
3419 3965 3591 4035 ipsum
3621 3965 3796 4017 homi-

2220 4078 2339 4117 nem
2375 4063 2457 4116 vel
2493 4063 2660 4115 Deum
2687 4059 2861 4129 justos
2884 4073 3003 4112 csse
3035 4058 3419 4127 proponimus;
3469 4058 3561 4109 sed
3593 4055 3793 4121 dilTert,

2215 4154 2464 4222 quoniam
2483 4154 2643 4206 homo
2667 4151 2824 4216 alter,
2849 4151 2981 4205 aiter
3002 4159 3083 4203 est
3100 4150 3305 4218 justus;
3330 4149 3467 4201 Deus
3485 4163 3637 4209 vero,
3657 4147 3797 4199 idem

2218 4252 2388 4313 ipsum
2417 4255 2497 4298 est
2520 4244 2657 4312 quod
2706 4253 2789 4295 est
2813 4244 3038 4310 justum.
3072 4242 3291 4309 Magnus
3322 4240 3481 4293 etiam
3504 4224 3507 4229 ’
3529 4239 3688 4291 homo
3717 4236 3800 4290 vel

2220 4335 2263 4388 D
2299 4351 2359 4387 ns
2402 4333 2619 4395 dicitur,
2654 4342 2814 4401 atque
2858 4330 2933 4383 ita
2958 4331 3109 4400 quasi
3142 4332 3255 4397 ipse
3285 4331 3353 4383 sit
3385 4330 3547 4382 homo
3579 4344 3801 4396 magnus

2224 4427 2305 4479 vel
2341 4425 2479 4478 Deus
2512 4436 2762 4491 magnus;
2796 4424 2888 4476 sed
2929 4424 3088 4475 homo
3117 4429 3325 4474 trin'um
3357 4436 3613 4489 magnus,
3664 4420 3805 4475 Deus

530 4532 653 4588 que,
678 4532 778 4585 qua
814 4511 1113 4567 osenditnr
1150 4525 1253 4562 non
1283 4522 1495 4561 Omnem
1528 4505 1789 4560 unitatem
1836 4503 2115 4573 repetitio-
2142 4494 2193 4551 ’1)
2227 4533 2351 4571 κει-υ
2383 4516 2554 4584 ipsum
2594 4531 2818 4584 magnus
2864 4514 3064 4568 ρχίειίι,
3102 4515 3323 4583 κριηυει
3352 4528 3481 4569 γοιο
3523 4531 3695 4583 neque
3740 4515 3806 4564 de

534 4626 654 4663 ιιοιιιι
693 4619 971 4661 numerum
1015 4604 1477 4670 plurafitatemque
1517 4597 1800 4666 perlicere.
1842 4598 1954 4649 Non
1986 4612 2115 4650 vero

533 4702 604 4755 ita
634 4698 848 4762 dicitur,
878 4694 1035 4749 Pater
1060 4707 1124 4746 ac
1152 4690 1318 4751 Filius
1342 4698 1397 4745 et
1426 4690 1661 4756 Sp‘ritus
1686 4698 1906 4744 sanctus
1953 4686 2114 4756 quasi

536 4789 879 4846 multivocum
917 4783 1207 4853 quiddam:
1238 4796 1358 4835 nam
1388 4797 1574 4836 mucro
1600 4789 1656 4835 et
1692 4779 1843 4834 ensis
1895 4786 1948 4831 et
2003 4779 2118 4847 ipse

535 4890 618 4935 est
646 4890 699 4934 et
722 4876 896 4939 idem;
931 4874 1084 4928 Pater
1112 4886 1240 4925 vero
1268 4887 1329 4923 ac
1359 4869 1521 4925 Filius
1546 4880 1599 4926 et
1620 4870 1849 4939 Spiritus
1875 4878 2118 4928 sanctus.

537 4973 679 5029 idem
702 4970 946 5040 equidem
962 4976 1066 5035 est,
1093 4982 1197 5021 non
1225 4980 1351 5019 vero
1381 4966 1517 5033 ipse.
1546 4965 1598 5017 lu
1631 4978 1735 5034 qua
1760 4980 1815 5018 re
1848 4964 2120 5032 paulisper

537 5064 982 5121 considerandum
1028 5072 1130 5116 est.
1178 5058 1588 5129 Ilequireutibus
1634 5057 1798 5121 enim,
1861 5054 1980 5124 lpse
2040 5062 2123 5109 est

543 5158 699 5211 Pater
725 5154 816 5225 qui
857 5152 1067 5208 Filius?
1113 5151 1351 5213 Minime,
1386 5148 1653 5216 inquiunt.
1701 5147 1937 5211 Rursus,
1982 5145 2034 5200 ld
2074 5162 2122 5199 ιιι

541 5247 679 5301 alter
705 5246 794 5316 qui
824 5244 996 5301 alter?
1024 5253 1265 5312 negatur.
1293 5240 1407 5296 Non
1438 5250 1522 5294 est
1552 5239 1711 5308 igitur
1744 5240 1882 5293 inter
1937 5253 2033 5294 eos
2068 5242 2119 5293 in

540 5337 690 5392 otnni
737 5353 796 5391 rc
848 5336 1221 5391 indilierentia.
1290 5334 1467 5397 Quare
1519 5331 1784 5386 subintrat
1839 5346 2121 5395 numerus,

543 5447 702 5502 quem
732 5445 795 5484 ex
847 5429 1211 5499 subiectorum
1254 5426 1562 5480 diversitate
1605 5424 1822 5494 codici,
1879 5425 2125 5494 superius

544 5524 882 5589 explanatum
905 5530 1003 5573 est.
1038 5521 1111 5573 De
1136 5535 1237 5587 qua
1270 5534 1327 5573 re
1368 5519 1602 5573 breviter
1626 5532 1655 5572 c
1678 5518 2120 5579 msiderabimue,

546 5613 590 5667 si
616 5611 760 5678 prius
791 5610 941 5673 illud,
989 5608 1379 5677 qnemadmodu
1405 5626 1435 5660 ιι
1465 5609 1531 5663 de
1563 5609 1672 5662 Deo
1706 5613 2126 5678 nnttmqnnltlue

552 5702 890 5772 prrcdicatur,
930 5702 1367 5771 l'rrctniscrimus.
1703 5701 1706 5704 ’

2226 4612 2352 4671 Deo,
2382 4624 2553 4677 neque
2589 4608 2655 4663 de
2685 4608 2898 4662 cmtcris
2929 4606 3287 4676 pr:ecJ.cantur
3331 4625 3343 4659 :
3381 4622 3533 4662 nam.
3568 4605 3695 4666 ubi,
3727 4606 3809 4656 Vt'l

2224 4701 2290 4755 de
2324 4701 2454 4764 Deo,
2479 4702 2559 4755 vel
2589 4702 2655 4755 de
2687 4700 2903 4754 homine
2930 4700 3069 4768 ιιι*ωά
3095 4699 3204 4754 cari
3236 4708 3440 4768 potest;
3465 4700 3531 4753 de
3562 4698 3807 4759 homine,

2228 4804 2280 4845 nt
2305 4794 2354 4846 iu
2390 4793 2534 4857 loro;
2565 4793 2632 4846 de
2664 4794 2798 4856 Deo,
2831 4803 2887 4845 ut
2913 4791 3109 4858 ultique
3142 4807 3156 4843 :
3188 4788 3281 4843 sed
3312 4790 3406 4856 ita,
3441 4798 3497 4841 ut
3525 4805 3629 4841 non
3661 4788 3813 4855 quasi

2228 4886 2342 4953 ipsa
2371 4886 2440 4937 sit
2464 4900 2553 4938 res
2580 4883 2629 4937 id
2658 4882 2797 4952 quod
2828 4882 3168 4951 pra-dicatur,
3204 4879 3270 4933 de
3308 4895 3408 4947 qua
3435 4878 3649 4931 dicitur.
3697 4876 3813 4933 Non

2228 4978 2370 5032 enim
2413 4979 2483 5030 ita
2532 4976 2694 5030 homo
2723 4977 2917 5031 dicitur
2949 4976 2999 5028 in
3032 4975 3147 5027 loro
3177 4986 3329 5036 esse,
3362 4970 3813 5040 quemadmodum

2228 5083 2350 5123 esse
2376 5069 2527 5123 albus
2557 5068 2639 5122 vel
2682 5066 2872 5134 longus
2891 5107 2906 5129 ,
2943 5082 3039 5118 nec
3067 5064 3219 5133 quasi
3251 5061 3610 5117 circumfusus
3638 5068 3686 5113 et
3721 5058 3816 5112 ἁθ-

2232 5160 2548 5212 terminatus
2579 5156 2904 5227 proprietate
2933 5156 3133 5220 aliqua,
3168 5168 3269 5221 qua
3302 5151 3572 5219 designari
3618 5162 3817 5201 secun-

2230 5249 2357 5301 dum
2384 5263 2443 5302 se
2487 5249 2687 5315 possit,
2722 5247 2816 5300 sed
2851 5256 3055 5298 tantum
3085 5243 3226 5311 quod
3258 5242 3328 5295 sit
3350 5240 3480 5294 illud
3508 5239 3627 5293 aliis
3652 5236 3819 5291 infor-

2234 5349 2437 5395 matum
2486 5341 2646 5394 rebus
2669 5380 2682 5401 .
2726 5354 2819 5407 per
2852 5338 2988 5391 hanc
3028 5333 3461 5404 prwdicationcm
3499 5328 3818 5385 ostenditur.

2238 5432 2312 5487 De
2344 5432 2451 5485 Deo
2478 5448 2605 5486 vero
2635 5447 2737 5485 non
2772 5433 2840 5483 ita
2874 5447 2886 5483 :
2922 5446 3041 5483 nam
3075 5426 3213 5497 quod
3248 5428 3445 5496 ubique
3474 5436 3578 5487 cst,
3612 5425 3684 5477 ita
3713 5421 3822 5478 dici

2237 5526 2465 5588 videtur,
2496 5541 2601 5577 non
2633 5524 2772 5593 quod
2802 5525 2852 5574 in
2887 5524 3031 5575 ounti
3066 5521 3132 5575 sit
3168 5523 3283 5574 loco
3315 5518 3555 5589 {omnino
3595 5515 3735 5571 enim
3765 5514 3822 5567 in

2240 5619 2358 5672 loeti
2386 5632 2504 5669 csse
2539 5634 2641 5667 non
2676 5614 2893 5683 potest),
2926 5614 3016 5667 sed
3048 5612 3191 5681 quod
3225 5611 3273 5664 ri
3301 5609 3476 5664 omnis
3506 5610 3655 5662 locus
3684 5603 3826 5659 adsit

2245 5710 2307 5760 ad
2333 5724 2567 5774 emncap
2592 5723 2658 5760 en
2682 5708 2809 5767 lum,
2838 5722 2959 5757 ruzn
2993 5708 3102 5773 ipse
3135 5719 3236 5757 non
3270 5698 3665 5771 snseip‘aturin
3688 5696 3824 5757 loco;
