4274 6272
427 352 563 429 ηδτ,

1671 358 1757 415 DE
1796 351 2155 412 TlllNlT.\TE
2197 352 2393 407 LIBER

2100 202 2126 219 Ι

3533 344 3671 401 ίὲὅαδ

424 498 583 555 atque
624 483 743 539 ideo
790 496 1048 550 nusquam
1081 480 1131 533 in
1173 480 1290 532 loco
1322 489 1439 531 esse
1484 470 1697 534 dicitur,
1742 472 1988 538 quoniam
2026 470 2067 524 Α
2103 474 2157 516 ιιι
2190 464 2479 516 secundum
2511 474 2571 515 Sc
2600 461 2666 521 είι
2697 459 3003 530 βτωὸῖοτιιῖο
3024 498 3038 522 ν
3074 474 3140 512 an
3171 458 3411 513 minime.
3444 458 3600 528 Atqui
3624 459 3670 513 Si

426 580 622 645 ubique
666 586 745 630 est
771 616 786 641 ,
834 576 924 629 sed
956 590 1059 626 non
1103 573 1153 624 in
1188 572 1325 623 loco.
1376 564 1599 631 Quando
1636 577 1765 614 vt-ro
1805 562 1919 612 eod.
1944 575 1992 611 nt

426 669 744 735 prcedicatur
776 666 953 729 modo,
989 662 1129 714 ntde
1155 661 1388 721 homine,
1421 654 1537 708 heri
1562 653 1738 715 venit;
1770 653 1837 706 de
1868 654 1995 711 Deo,

427 772 641 824 semper
673 765 774 810 εει.
811 755 902 808 llic
929 765 1140 821 quoque
1171 764 1274 801 non
1298 746 1445 813 quasi
1474 759 1594 798 esse
1624 742 1822 811 aliquid
1868 741 1999 793 dici-

430 861 514 900 tur
547 848 674 900 illud
723 849 891 914 ipsum
943 844 1009 896 de
1039 855 1142 909 quo
1176 839 1457 892 ltcslcrutts
1489 836 1682 887 dicitur
1712 835 1921 886 adventi
1949 848 1997 895 ε,

428 939 523 994 sed
556 939 679 1007 quid
704 938 751 991 ei
787 934 1075 989 secundum
1104 939 1313 997 tempus
1345 927 1636 981 accesserit
1659 924 1997 992 praedicatur.

429 1030 578 1096 Quod
604 1043 728 1081 vero
754 1025 817 1078 de
844 1025 951 1077 Deo
977 1022 1191 1085 dicitur,
1216 1034 1429 1085 semper
1456 1026 1561 1079 est;
1592 1030 1753 1067 unum
1785 1015 1997 1086 quidem

432 1119 712 1187 significat,
746 1115 896 1183 quasi
929 1115 1073 1166 omni
1107 1128 1138 1179 p
1172 1111 1376 1163 :eterito
1412 1110 1588 1174 fuerit,
1619 1106 1761 1159 omni
1794 1120 2001 1173 quoque

431 1207 587 1260 modo
615 1205 682 1257 sit
714 1220 803 1270 pri
824 1207 958 1256 senti
979 1242 992 1265 ,
1026 1202 1169 1254 omni
1215 1201 1387 1252 ftttnro
1429 1198 1550 1251 erit.
1583 1196 1732 1263 Quod
1767 1196 1833 1249 de
1863 1195 2000 1248 cmlo

429 1309 483 1352 et
530 1299 597 1350 de
647 1295 856 1349 eteteris
906 1292 1291 1345 immortalibus
1340 1287 1654 1354 corporibus
1707 1286 1997 1339 secundum

433 1389 778 1457 pllllOSOpltOS
805 1386 907 1437 dici
938 1392 1129 1452 potest.
1182 1383 1247 1434 At
1273 1381 1339 1433 de
1371 1381 1477 1431 Deo
1510 1394 1612 1430 non
1647 1377 1746 1441 ita,
1789 1391 2002 1445 semper

430 1480 573 1534 enim
602 1489 702 1537 est,
736 1493 875 1543 quon
900 1490 984 1527 am
1011 1488 1223 1540 semper
1259 1471 1536 1539 pra-sentis
1564 1478 1644 1521 est
1678 1470 1726 1521 in
1775 1483 1840 1521 co
1872 1480 2003 1519 tem-

434 1550 609 1638 poris,
643 1575 952 1633 tantumque
984 1565 1121 1616 inter
1168 1575 1465 1615 nostrarum
1509 1574 1686 1621 rerum
1734 1570 1999 1626 prmsens,

430 1666 572 1735 quod
603 1674 704 1724 est,
754 1676 915 1723 nunc,
953 1659 1015 1712 ad
1048 1658 1344 1710 dixinarum
1370 1694 1383 1715 ,
1415 1653 1554 1723 quod
1598 1661 1833 1704 nosttum
1864 1664 2001 1701 nunc

434 1754 582 1823 quasi
614 1765 836 1807 currens
858 1760 1067 1815 tempus
1099 1747 1221 1799 facil
1245 1754 1299 1799 et
1321 1746 1733 1810 sempiternum;
1767 1741 1999 1792 divinum

435 1859 564 1897 vero
610 1855 747 1895 nunc
801 1853 1151 1907 permanens,
1218 1848 1388 1901 neque
1424 1847 1640 1883 movens
1678 1844 1797 1881 sese
1847 1837 2005 1895 alque

434 1930 755 1992 consistens,
800 1927 1154 1982 teternitatcm
1190 1923 1333 1977 facit.
1365 1921 1456 1973 Cui
1492 1918 1758 1972 nominisi
1789 1916 2008 1985 adjicias

434 2038 670 2091 semper,
702 2021 862 2074 facies
891 2020 1007 2087 ejus
1030 2017 1170 2088 quod
1193 2029 1275 2070 est
1305 2014 1641 2082 nuncjngetn
1668 2011 2009 2064 indefessum-

436 2127 541 2180 que
569 2127 629 2163 ac
660 2126 753 2179 per
779 2109 881 2162 hoc
910 2115 1221 2177 perpetuunt
1253 2120 1491 2165 cursum,
1528 2104 1668 2172 quod
1702 2111 1783 2157 est
1811 2103 2007 2169 setnpi-

436 2201 678 2254 ternitas.
716 2199 917 2252 Rursus
938 2238 952 2261 ,
1000 2197 1193 2251 habere
1233 2196 1312 2250 vel
1345 2195 1552 2259 facere,
1585 2195 1771 2247 eodem
1804 2194 1960 2245 modo
1991 2209 2004 2244 :

436 2290 661 2347 dicitnus
688 2289 855 2350 enim,
908 2288 1075 2339 currit
1105 2287 1327 2339 vestitus
1353 2325 1368 2350 ,
1408 2286 1472 2339 de
1499 2285 1744 2347 hom'ne;
1786 2284 1852 2337 de
1877 2284 2003 2343 Deo,

400 2393 623 2436 'cuncta
648 2380 931 2451 possidens
958 2381 1111 2448 regit.
1158 2379 1360 2432 llursus
1394 2377 1525 2431 nihil
1560 2378 1623 2429 de
1670 2390 1735 2429 co
1765 2375 1903 2444 quod
1929 2382 2005 2428 cst

433 2488 553 2526 esse
580 2470 645 2524 de
676 2470 914 2537 utrisque
944 2469 1144 2521 dictum
1173 2476 1272 2523 est.
1310 2466 1416 2521 Sed
1451 2467 1564 2520 lucc
1599 2467 1771 2517 onmis
1819 2464 2010 2532 prmdi-

434 2560 576 2615 catio
592 2560 948 2615 exterioribus
964 2558 1142 2623 datur,
1166 2559 1447 2625 omniaque
1470 2556 1584 2609 haec
1606 2556 2009 2623 quodammodo

436 2649 741 2705 referuntur
761 2650 825 2703 ad
846 2650 1021 2713 aliud;
1049 2650 1201 2716 cujus
1227 2647 1620 2718 praedicationis
1650 2645 2006 2699 differentiam

437 2745 519 2796 sic
557 2743 759 2796 facilius
786 2742 1194 2798 internoscimus
1228 2758 1240 2793 :
1274 2741 1360 2809 qtti
1395 2744 1553 2791 homo
1580 2748 1682 2801 est,
1721 2741 1801 2790 vel
1836 2738 2006 2804 Deus,

438 2833 669 2886 refertur
694 2832 757 2884 ad
786 2832 1138 2885 substantiam
1168 2846 1269 2899 qua
1297 2840 1378 2883 est
1407 2828 1629 2897 aliquid,
1656 2828 1706 2881 id
1738 2837 1821 2883 est
1853 2832 2010 2880 homo

442 2910 527 2977 vel
558 2923 729 2987 Deus;
758 2939 787 2990 q
831 2922 1039 2987 ijustus
1066 2932 1168 2985 cst,
1202 2920 1432 2975 refertur
1462 2920 1525 2971 ad
1553 2921 1885 2988 qualitatem,
1910 2932 2010 2985 qua

374 3040 377 3047 ~
440 3011 645 3064 scilicet
693 3019 774 3063 est
821 3008 1040 3077 aliquid,
1082 3008 1131 3061 id
1163 3017 1241 3061 est
1268 3008 1477 3077 justus;
1522 3009 1608 3076 qui
1655 3021 1911 3075 magnus,
1947 3006 2011 3060 ad

442 3104 813 3169 quantitatem,
842 3117 947 3169 qua
972 3111 1054 3154 est
1080 3100 1298 3169 aliquid,
1332 3100 1384 3154 id
1417 3112 1497 3155 est
1524 3117 1767 3170 magnus.
1800 3099 1927 3153 Nam
1960 3100 2011 3153 itt

442 3193 655 3246 Cancris
683 3191 1150 3259 pra'dit-ationibus
1174 3191 1301 3243 nihil
1333 3191 1434 3243 tale
1458 3202 1557 3243 est.
1584 3190 1680 3255 Qui

442 3298 564 3340 esse
594 3285 824 3352 aliquem
859 3286 910 3335 iu
951 3283 1088 3344 foro,
1124 3282 1205 3336 vel
1238 3282 1460 3350 ubique,
1494 3281 1657 3336 tefert
1688 3281 1899 3349 quidem
1946 3279 2012 3332 ad

444 3376 921 3445 praedicamcntum
951 3374 1088 3443 quod
1122 3384 1202 3427 est
1234 3374 1319 3426 ttbi
1344 3414 1359 3435 ,
1402 3373 1495 3427 sed
1540 3389 1639 3425 non
1677 3390 1780 3443 quo
1816 3372 2013 3440 aliquid

444 3478 549 3532 est,
597 3467 738 3521 velut
787 3467 992 3534 justitia
1024 3466 1220 3534 justus.
1271 3465 1543 3518 ltetncum
1587 3464 1707 3517 dico
1740 3464 1906 3517 currit
1936 3464 2014 3516 vel

444 3558 598 3627 regit,
628 3558 710 3610 vel
747 3572 886 3610 nunc
917 3567 1021 3622 est,
1052 3557 1131 3609 vel
1163 3570 1378 3622 semper
1404 3567 1505 3617 est,
1541 3555 1767 3609 refertur
1800 3554 2013 3622 quidem

445 3650 526 3702 vel
560 3649 623 3701 ad
657 3648 863 3713 facere,
889 3649 971 3701 vel
1002 3648 1066 3700 ad
1095 3657 1333 3715 tempus:
1366 3647 1407 3697 si
1437 3655 1612 3698 tamen
1640 3647 1715 3699 int
1754 3648 1888 3710 rint,
1938 3646 2043 3713 di-r

446 3737 624 3790 vinum
654 3738 780 3791 illud
804 3751 1040 3805 semper,
1066 3746 1274 3804 tempus
1294 3735 1396 3789 dri
1422 3745 1616 3803 potest,
1637 3735 1731 3788 scd
1761 3751 1863 3788 non
1889 3751 2014 3804 quo,

450 3840 506 3881 ut
533 3829 710 3897 aliquo
730 3869 745 3892 ,
772 3828 968 3896 aliquid
997 3837 1106 3890 est,
1135 3828 1278 3880 velut
1321 3827 1688 3895 magnitudine
1713 3842 1962 3896 magnum
2000 3842 2015 3880 :

449 3935 571 3973 nam
598 3921 754 3971 situm
779 3922 1120 3987 passionemq
1147 3934 1193 3972 :e
1223 3918 1421 3986 requiri
1448 3920 1496 3970 in
1525 3920 1631 3971 Deo
1656 3932 1759 3972 non
1784 3927 2017 3987 oportet;

451 4029 621 4083 neque
652 4014 793 4066 enim
845 4022 988 4065 sunt.
1040 4012 1229 4065 .Iatnne
1262 3993 1406 4079 patet
1446 4026 1561 4077 una:
1610 4010 1907 4065 differentia
1951 4013 2023 4066 sit

453 4102 931 4173 prtetliCatiomnn?
962 4102 1100 4170 quod
1126 4102 1243 4154 alite
1270 4101 1485 4170 quidem
1518 4104 1671 4170 quasi
1717 4117 1829 4155 rem
1866 4120 2021 4156 mon—

452 4205 643 4258 strant,
675 4195 792 4246 alite
823 4208 947 4246 vero
987 4192 1136 4260 quasi
1169 4194 1598 4246 circumstantias
1624 4195 1730 4257 rei;
1774 4197 2021 4262 quodque

455 4284 546 4338 illa
570 4286 783 4354 quidem
814 4283 881 4336 ita
914 4283 1291 4352 praedicantir,
1320 4292 1374 4334 ut
1406 4297 1525 4337 esse
1553 4283 1753 4350 aliquid
1790 4300 1900 4337 rem
1938 4299 2026 4337 os-

457 4380 676 4431 tendant
703 4396 715 4430 :
742 4378 829 4432 illa
852 4394 1006 4440 vero,
1023 4384 1081 4430 ut
1106 4391 1207 4428 non
1233 4391 1374 4440 esse,
1393 4378 1486 4431 sed
1506 4378 2026 4446 potiuscxtrinsecus

457 4470 653 4535 aliquid
685 4473 913 4539 quodam
939 4469 1096 4521 made
1125 4468 1360 4537 alligant.
1396 4468 1484 4521 llla
1504 4468 1662 4538 igitur
1680 4486 1797 4539 qua:
1826 4471 1893 4523 ali
1920 4468 2024 4536 ,uid

455 4575 574 4614 esse
602 4561 882 4629 designant
913 4560 1201 4613 secnndmn
1233 4575 1365 4621 rem,
1406 4561 1809 4629 prmdicationes
1834 4577 2027 4614 Vticen-

460 4661 563 4712 tur,
594 4666 711 4718 qua:
740 4666 859 4703 cum
883 4651 948 4705 de
986 4650 1145 4704 rebus
1186 4650 1441 4719 subjectis
1469 4652 1737 4713 dicuntur,
1767 4661 2028 4706 vocantur

459 4741 749 4794 accidentia
769 4783 783 4807 ,
813 4744 1106 4797 secundum
1139 4759 1249 4796 rem
1270 4760 1306 4811 ;.
1335 4758 1452 4796 cum
1498 4757 1623 4795 vero
1664 4743 1730 4795 de
1761 4743 1891 4809 Deo,
1935 4741 2027 4810 qu‘

459 4834 725 4902 t-nbjecuts
757 4850 860 4888 non
892 4846 995 4901 est,
1029 4834 1319 4889 secundum
1347 4833 1697 4887 substantiam
1723 4835 1796 4885 rei
1839 4833 2028 4900 prad-

460 4926 600 4979 ratio
627 4937 979 4995 nuneupatur.

1079 5078 1302 5133 CAPUT
1348 5078 1407 5130 V.

844 5170 1109 5234 Quomodo
1143 5167 1279 5221 Deus
1308 5170 1359 5219 in
1391 5168 1654 5221 relatione.

534 5284 642 5349 Age
697 5294 833 5333 nunc
882 5272 1231 5333 tle'relativis
1280 5280 1634 5348 speculenmr,
1693 5294 1787 5345 pr.)
1840 5278 2031 5345 quibus

461 5387 619 5422 otnne
645 5370 780 5438 quod
814 5370 1009 5422 dictum
1040 5382 1115 5423 est
1147 5372 1471 5439 sumpsimus
1500 5370 1562 5421 ad
1596 5368 2027 5436 disputationem.

464 5460 686 5514 Maxime
716 5461 855 5514 cnim
902 5463 1014 5512 hrcc
1047 5475 1152 5513 non
1183 5461 1424 5513 videntttr
1453 5460 1740 5513 seeundum
1774 5473 1832 5511 se
1865 5458 2036 5510 farch

455 5550 928 5615 pnedicationetn,
980 5565 1099 5616 que
1147 5553 1423 5616 perspicue
1470 5567 1530 5601 ex
1581 5550 1754 5604 alieno
1805 5549 2031 5602 adventu

465 5654 711 5698 constare
744 5644 1154 5712 perspiciuntur.
1195 5644 1301 5709 Age
1344 5646 1481 5697 enim
1513 5645 1759 5712 quoniam
1790 5644 2035 5699 dominus

466 5750 525 5788 ac
554 5751 738 5789 servus
784 5735 1003 5789 relativa
1046 5744 1164 5787 sunt
1190 5774 1203 5796 ,
1238 5734 1504 5786 vidcannu
1544 5746 1788 5789 utrumne
1833 5737 1899 5790 ita
1933 5740 2030 5799 sit,

2100 553 2309 605 auferas
2355 565 2602 612 servum,
2656 551 2937 604 abstuleris
2985 558 3036 602 ct
3096 549 3406 613 dominum;
3463 558 3518 603 at
3566 562 3674 603 non

2101 642 2307 694 etiamsi
2352 640 2631 694 abstuleris
2673 640 3004 703 albcdinem,
3037 638 3318 691 abstuleris
3359 651 3567 705 quoque
3596 636 3673 689 al-

2102 731 2247 781 lmm.
2281 730 2386 784 Sed.
2433 730 2683 785 interest.
2716 730 2853 797 quod
2885 728 3077 782 albedo
3116 728 3316 781 accidit
3362 727 3520 791 albo,
3569 742 3671 793 qua

2102 819 2306 871 sublata
2354 820 2489 886 perit
2518 820 2764 871 nimirum
2797 819 2995 871 album.
3024 818 3091 870 At
3120 817 3173 870 in
3201 819 3420 871 domino
3442 858 3456 880 ,
3486 817 3531 869 si
3556 831 3672 870 ser-

2102 924 2223 961 vum
2254 909 2461 961 auferas
2480 948 2494 969 ,
2528 908 2664 975 perit
2694 907 3015 960 vocabulum
3041 922 3147 974 quo
3184 908 3428 959 dominus
3448 906 3675 969 vocaba-

2103 1006 2205 1049 tur.
2243 995 2346 1050 Sed
2381 1010 2483 1048 non
2516 995 2708 1047 accidit
2731 1006 2918 1047 servus
2948 994 3191 1058 domino,
3226 1003 3283 1046 ut
3308 994 3497 1046 albedo
3528 993 3671 1048 albo.

2102 1087 2196 1139 sed
2251 1095 2483 1153 potestas
2533 1084 2773 1151 qnazdam
2820 1099 2920 1152 qua
2973 1098 3160 1136 servus
3215 1093 3509 1143 coercetur,
3557 1098 3675 1148 qua:

2106 1176 2355 1244 quoniam
2380 1175 2588 1227 sublato
2615 1175 2826 1242 deperit
2852 1187 3043 1235 servo,
3072 1180 3280 1225 constat
3304 1185 3409 1225 non
3433 1185 3549 1223 eam
3582 1185 3676 1238 per

2103 1281 2161 1319 se
2194 1266 2410 1319 domino
2437 1266 2709 1329 accidere,
2736 1264 2827 1317 sed
2860 1280 2950 1330 per
2979 1276 3255 1316 servorum
3282 1260 3675 1331 quodammodo

2102 1358 2440 1411 extrinsecus
2470 1370 2762 1410 accessum.
2797 1356 2908 1408 Non
2943 1357 3100 1423 igitur
3127 1354 3231 1408 dici
3264 1362 3440 1422 potest
3478 1351 3675 1422 pratdi-

2102 1444 2367 1497 cationem
2400 1443 2676 1497 relativam
2718 1444 3001 1511 quidquam
3044 1441 3117 1498 rei
3146 1441 3212 1496 de
3238 1456 3338 1510 qua
3370 1440 3563 1495 dicitur
3591 1453 3676 1491 se-

2104 1535 2338 1589 cundum
2366 1548 2424 1588 se
2451 1578 2465 1601 ,
2500 1534 2583 1588 vel
2627 1534 2862 1594 addere,
2910 1537 2987 1586 ve!
3034 1534 3274 1586 minuere
3318 1531 3399 1584 vel
3447 1538 3675 1593 mutare.

2102 1625 2232 1692 Quae
2260 1633 2366 1677 tota
2397 1639 2500 1677 non
2532 1624 2582 1675 in
2613 1638 2677 1676 eo
2706 1625 2844 1689 quod
2875 1638 2915 1674 et
2937 1630 2953 1674 t
2978 1636 3096 1675 esse
3116 1620 3378 1688 eunsistit,
3410 1620 3501 1673 sed
3532 1619 3585 1673 in
3611 1635 3679 1672 eo

2106 1717 2247 1787 quod
2298 1727 2380 1771 est
2428 1718 2478 1769 in
2526 1716 2816 1779 crttttpatztfi
2858 1730 2923 1767 ne
2953 1714 3130 1782 aliquo
3159 1713 3317 1767 modo
3349 1728 3407 1766 se
3449 1711 3677 1774 habere;

2039 1824 2077 1881 [ς
2109 1824 2207 1863 nec
2246 1822 2460 1876 semper
2508 1808 2573 1859 ad
2621 1804 2793 1869 aliud,
2821 1805 2912 1857 sed
2955 1804 3233 1872 aliquoties
3273 1803 3338 1856 ad
3382 1802 3540 1856 idem.
3570 1803 3680 1868 Age

2108 1901 2249 1952 enim
2278 1907 2380 1950 stet
2406 1896 2682 1965 quisquam
2706 1935 2719 1956 ,
2745 1895 2793 1947 ei
2827 1894 2982 1963 igitur
3004 1894 3048 1946 si
3073 1892 3319 1946 accedam
3344 1891 3550 1952 dexter,
3579 1888 3682 1942 erit

2111 1990 2200 2043 ille
2230 1988 2446 2041 sinister
2490 1985 2555 2038 ad
2606 1999 2689 2038 me
2728 1991 3098 2051 comparatus,
3141 1997 3244 2035 non
3276 1981 3415 2048 quod
3448 1979 3537 2032 ille
3568 1980 3681 2047 ipse

2110 2079 2326 2132 sinister
2351 2079 2451 2141 sit,
2483 2075 2575 2128 St'd
2602 2074 2740 2143 quod
2772 2089 2869 2140 ego
2897 2072 3085 2125 dexter
3110 2070 3447 2125 accesserim.
3479 2069 3682 2122 Rursus

2109 2183 2208 2236 ego
2251 2168 2465 2221 sinister
2511 2165 2735 2227 accedo,
2767 2166 2891 2216 item
2940 2165 2995 2214 fit
3029 2164 3116 2215 il!e
3163 2163 3373 2224 dexter,
3403 2174 3506 2213 non
3538 2158 3681 2226 quod

2114 2260 2184 2309 ita
2214 2257 2285 2309 sit
2308 2271 2399 2323 per
2419 2269 2475 2308 se
2497 2255 2706 2315 dexter,
2739 2253 2877 2305 velut
2908 2253 3056 2303 albus
3088 2265 3147 2303 ac
3180 2252 3394 2317 longus,
3419 2248 3509 2301 sed
3542 2246 3680 2316 quod

2111 2362 2196 2401 me
2241 2346 2524 2400 accedente
2571 2344 2629 2396 lll
2669 2346 2875 2404 dexter,
2917 2351 3073 2410 atque
3106 2341 3324 2408 idqued
3364 2349 3479 2401 est,
3521 2353 3549 2391 a
3598 2354 3683 2390 tne

2109 2448 2164 2492 et
2192 2454 2255 2492 ex
2288 2454 2370 2490 me
2399 2448 2475 2489 est
2502 2478 2515 2501 ,
2550 2436 2768 2488 tninitne
2799 2449 2927 2487 vero
2962 2450 3025 2487 ex
3054 2449 3211 2487 sese.
3247 2436 3423 2498 Quare
3453 2446 3572 2501 qua:
3600 2446 3684 2483 se-

2110 2529 2341 2582 cundum
2389 2530 2460 2580 rei
2507 2526 2764 2594 alicujus.
2802 2526 2852 2577 in
2893 2540 2957 2578 eo
2986 2524 3125 2590 qttod
3160 2525 3268 2592 ipsa
3300 2534 3378 2575 est
3400 2565 3413 2587 ,
3448 2522 3683 2591 proprie-

2111 2628 2306 2682 tatem,
2340 2632 2443 2670 non
2498 2615 2696 2670 faciunt
2741 2613 2884 2683 pratd
2909 2614 3204 2678 cationem,
3251 2613 3376 2665 nihil
3420 2613 3686 2665 alternare

2112 2707 2192 2760 vel
2236 2716 2441 2759 mutare
2489 2714 2723 2773 queunt.
2758 2704 3060 2770 nullamque
3102 2702 3316 2755 cumino
3362 2702 3568 2753 variare
3598 2717 3687 2753 es-

2110 2797 2356 2851 sentiam.
2399 2795 2656 2860 Quocirca
2699 2794 2744 2847 si
2795 2794 2947 2846 l‘ater
2987 2808 3047 2846 ac
3078 2794 3239 2846 Filius
3269 2793 3332 2844 ad
3364 2794 3558 2860 aliquid
3599 2792 3689 2843 di-

2113 2896 2327 2950 cuntur,
2357 2885 2589 2953 nihilque
2620 2886 2793 2946 aliud,
2824 2895 2873 2936 ut
2906 2884 3100 2935 dictum
3126 2894 3235 2945 est,
3269 2882 3520 2935 differunt
3543 2921 3556 2940 ,
3589 2881 3688 2932 nisi

2112 2978 2225 3030 sola
2272 2976 2551 3039 relatione,
2584 2975 2774 3027 relatio
2805 2990 2931 3027 vero
2963 2990 3065 3025 non
3096 2972 3411 3040 pranlicatur
3439 2972 3503 3023 ad
3534 2969 3583 3023 id
3623 2971 3690 3023 de

2113 3082 2217 3136 quo
2266 3066 2585 3136 praedicatr
2629 3064 2777 3132 quasi
2812 3065 3024 3131 ipsa'sit
3066 3074 3119 3116 et
3145 3062 3437 3115 secundum
3474 3076 3584 3113 rem
3624 3062 3692 3113 de

1712 3150 1853 3244 ὦῶ
1885 3150 2013 3247 (λεὼ
2041 3176 2085 3239 C
2117 3171 2218 3226 qua
2266 3154 2484 3219 dicitur,
2532 3170 2635 3205 non
2693 3154 2847 3205 .aciet
2877 3152 3087 3204 altcrila
3114 3166 3196 3204 em
3244 3165 3453 3215 rerum,
3482 3150 3549 3203 de
3588 3163 3691 3216 qua

2119 3248 2331 3313 dicitur,
2383 3245 2506 3308 sed,
2558 3244 2602 3298 si
2653 3244 2755 3303 dici
2804 3252 3006 3310 potest,
3056 3257 3160 3310 quo
3205 3240 3415 3309 quidem
3447 3240 3604 3292 modo
3641 3240 3691 3292 id

2119 3336 2261 3405 quod
2296 3336 2378 3388 vix
2412 3334 2635 3401 intelligi
2668 3333 2829 3399 potuit
2850 3371 2865 3394 ,
2899 3332 3299 3397 interpretatum
3331 3340 3410 3382 est
3444 3343 3725 3397 ρει-εοιιειο.

2118 3443 2258 3482 rum.
2292 3426 2520 3480 Omnino
2546 3427 2685 3479 enim
2717 3439 2900 3489 manna
2935 3423 3130 3490 regulae
3159 3431 3242 3474 est
3268 3424 3485 3485 veritas,
3521 3421 3570 3472 in
3610 3436 3693 3473 re-

2120 3519 2218 3573 bus
2250 3516 2673 3584 ittCorporalibus
2695 3556 2708 3576 ,
2741 3517 2856 3566 dist.
2882 3517 3017 3566 ntias
3055 3512 3193 3564 effici
3219 3511 3528 3565 differentiis
3549 3553 3562 3577 ,
3590 3528 3693 3564 non

2122 3610 2274 3666 locis.
2294 3610 2472 3675 Neque
2493 3607 2780 3661 accessisse
2808 3604 2909 3657 dici
2934 3612 3106 3673 potest
3130 3602 3328 3670 aliquid
3361 3603 3488 3665 Deo,
3520 3612 3572 3653 ut
3602 3602 3699 3653 Pa-

2122 3712 2202 3756 ter
2245 3701 2424 3763 fieret;
2471 3715 2575 3752 non
2621 3699 2761 3752 enim
2799 3698 2960 3764 C(Bpll
3002 3711 3121 3753 esse
3164 3710 3394 3762 unquam
3425 3692 3600 3755 Pater,
3633 3707 3698 3745 eo

2123 3794 2260 3858 quod
2294 3791 2657 3846 substanttals
2688 3787 2900 3856 quidem
2933 3786 2980 3840 ei
3011 3796 3093 3840 est
3125 3784 3402 3853 productio
3431 3782 3583 3845 Filii,
3615 3797 3699 3835 re-

2127 3885 2281 3935 lativa
2313 3898 2438 3935 vero
2466 3879 2772 3947 praedicatio
2802 3878 2992 3931 l'atris.
3035 3877 3110 3930 Ac
3140 3876 3182 3927 si
3217 3874 3555 3928 meminimus
3581 3887 3697 3926 om-

2128 3973 2271 4023 nium
2304 3971 2355 4023 in
2397 3968 2575 4038 priori
2604 3984 2664 4020 us
2705 3967 2771 4019 de
2815 3967 2921 4019 Deo
2961 3965 3375 4027 sententiarum,
3407 3966 3473 4016 ita
3504 3965 3700 4032 Cogite-

2130 4076 2244 4114 tnus
2266 4102 2280 4123 ,
2310 4059 2633 4126 processisse
2656 4055 2870 4124 qualem
2892 4070 2954 4108 ex
2982 4055 3089 4107 Deo
3112 4053 3267 4107 Patre
3295 4052 3479 4106 Filium
3513 4054 3696 4117 Deum,

2129 4160 2182 4204 et
2209 4166 2271 4204 ex
2306 4150 2545 4215 utrisque
2577 4145 2831 4214 Spiritum
2862 4150 2958 4196 san
2995 4153 3128 4197 tum.
3163 4145 3299 4205 llos,
3329 4144 3576 4211 quoniam
3616 4146 3699 4195 itt-

2127 4238 2430 4307 corporales
2457 4237 2594 4299 sint,
2636 4234 2851 4288 minime
2882 4234 3011 4288 locis
3040 4233 3263 4297 distare,
3291 4233 3539 4300 quoniam
3571 4248 3700 4286 vero

2134 4334 2286 4385 Pater
2312 4331 2449 4383 Deus
2474 4338 2527 4382 et
2558 4327 2721 4380 Filius
2754 4327 2891 4379 Deus
2933 4337 2986 4380 et
3027 4325 3257 4392 Spiritus
3285 4333 3499 4377 sant-tus
3526 4325 3664 4379 Deus
3683 4365 3699 4386 ,

2135 4423 2270 4474 lteus
2298 4433 2423 4472 vero
2456 4417 2624 4469 nullas
2652 4416 2807 4467 habet
2839 4414 3163 4468 differentias
3208 4414 3396 4481 quibus
3437 4413 3643 4466 differat
3674 4431 3700 4465 a

2056 4514 2270 4600 DDeo,
2320 4526 2347 4564 a
2399 4511 2543 4563 nullo
2591 4525 2775 4567 eorum
2826 4507 3020 4561 differt.
3074 4506 3393 4559 l)ilferentia:
3439 4508 3566 4559 vero
3617 4509 3701 4559 ubi

2135 4606 2360 4663 absunt,
2393 4600 2544 4654 abest
2577 4598 2761 4666 plurali
2791 4612 2877 4659 as;
2924 4597 3009 4650 tibi
3040 4598 3189 4650 abest
3231 4597 3377 4665 pluta
3405 4599 3530 4658 itas,
3557 4598 3706 4651 adest

2138 4693 2311 4746 unitas
2343 4707 2357 4743 :
2391 4689 2517 4743 nihil
2560 4699 2733 4741 autem
2764 4689 2905 4740 aliud
2950 4687 3089 4757 gigni
3128 4690 3294 4755 potuit
3337 4704 3399 4741 ex
3436 4689 3574 4751 Deo,
3608 4691 3705 4741 nisi

2139 4783 2305 4842 Deus,
2353 4790 2407 4832 ct
2450 4782 2500 4832 in
2541 4780 2701 4831 rebus
2740 4779 3153 4831 numerabilibus
3179 4779 3424 4846 repetitio
3447 4780 3705 4832 unitatnm

2138 4892 2241 4931 non
2282 4876 2405 4929 facit
2450 4876 2621 4927 modis
2653 4872 2899 4926 omnibus
2926 4872 3304 4941 pluralitatcm.
3336 4871 3513 4924 Trium
3553 4872 3708 4939 igitur

2137 4969 2328 5022 idonee
2356 4964 2641 5019 con~titota
2673 4974 2753 5018 est
2784 4962 2871 5016 uni
2898 4977 2977 5015 as.

2745 5070 2969 5127 CAPUT
3003 5070 3085 5124 \‘l.

2412 5167 2677 5231 Quomodo
2705 5167 2874 5218 attigas
2909 5175 2954 5217 et
2986 5164 3184 5218 trinitas
3215 5162 3266 5214 in
3311 5160 3434 5217 Deo.

2208 5278 2313 5333 Sed
2340 5281 2584 5348 quoniam
2631 5281 2769 5333 nulla
2813 5279 2997 5331 relatio
3038 5278 3101 5329 ad
3146 5279 3375 5344 scipsum
3406 5274 3591 5328 referti
3622 5288 3712 5341 po-

2145 5381 2278 5433 test,
2312 5370 2443 5424 ideir
2478 5389 2509 5423 ο
2539 5372 2678 5437 quod
2709 5388 2766 5422 ea
2801 5369 3089 5422 secundum
3121 5369 3351 5435 scipsum
3398 5374 3479 5420 est
3523 5364 3713 5433 prtcdi-

2144 5464 2281 5513 ratio
2304 5477 2421 5528 qua:
2448 5463 2703 5514 relatione
2730 5471 2875 5514 caret
2895 5502 2908 5523 ,
2950 5462 3081 5512 facta
3111 5460 3323 5528 quidem
3353 5469 3431 5512 est
3466 5457 3714 5509 trinitatis

2145 5554 2494 5607 numerositas
2538 5553 2586 5605 in
2630 5568 2713 5606 co.
2740 5552 2879 5620 quod
2926 5566 3003 5604 est
3054 5550 3363 5619 praedicatio
3408 5548 3714 5603 relationis:

2145 5653 2350 5699 servata
2386 5659 2510 5695 vero
2542 5647 2715 5695 unitas
2746 5643 2796 5693 in
2842 5657 2906 5694 eo
2943 5642 3081 5711 quod
3127 5650 3210 5699 est
3250 5639 3601 5693 indifferentia
3633 5638 3715 5691 vel

2145 5738 2484 5798 substantim,
2530 5734 2607 5787 vel
2641 5734 3000 5803 operationis,
3049 5735 3128 5787 vel
3173 5732 3390 5788 omnino
3435 5730 3552 5799 ejus
3599 5744 3716 5797 qua:
