4274 6272
665 361 801 416 ηδε

1837 355 1901 409 IN
1942 354 2197 410 LIBRUM
2238 354 2324 410 DE
2362 354 2734 412 TRINITATE

3776 363 3797 414 l
3806 360 3914 417 26‘.)

664 479 1112 538 occultationem.
1161 474 1511 540 qnzestionein
1566 475 1718 528 Istam
1771 487 1831 527 se
1876 471 2227 543 investigasse
2257 478 2299 533 Α
2326 473 2536 542 jecerit.
2579 474 2833 543 Quisquis
2872 478 3001 542 ergo
3060 475 3412 544 philosOphiai
3460 489 3665 533 secreta
3714 482 3911 536 talibus

662 551 958 606 diutissime
986 556 1130 600 recte
1158 544 1370 597 dixerit.

736 618 866 671 Eam
897 635 1011 685 ergo
1056 616 1328 685 formatam
1356 615 1674 676 rationibus,
1702 612 1835 684 etc.]
1859 615 2096 681 Qua-stio
2142 615 2225 667 in-

665 690 850 746 formis
877 684 979 751 est,
1006 684 1129 739 dum
1154 688 1327 739 adhuc
1357 687 1405 737 in
1441 686 1714 755 incognito
1737 684 1853 738 loco
1888 700 2111 739 manens
2151 687 2231 738 in-

663 764 861 831 digesta
892 756 1274 831 inultiplicitas,
1302 756 1523 831 formant
1564 756 1820 831 veritatis,
1844 766 1904 810 ut
1933 756 2084 831 c_ujus
2111 771 2230 823 par-

665 825 1195 885 tis'contradictionis
1229 828 1298 879 sit
1322 827 1610 888 nesciatur.
1635 826 1924 881 obducunt.
1944 825 2075 879 Cum
2105 842 2230 880 vero

664 903 782 955 loco
807 900 1052 962 exposito
1074 901 1184 961 ipsa
1216 913 1423 965 quoque
1448 897 1513 950 de
1544 898 1643 949 loci
1676 896 2076 951 universalitate
2101 899 2232 949 edn-

664 974 824 1035 citur,
857 982 904 1021 et
933 985 1025 1036 per
1057 968 1372 1021 divisionem
1404 966 1718 1036 significatio
1750 980 1798 1019 et
1833 967 2020 1020 modus
2051 970 2227 1021 exeri—

666 1053 777 1103 tur;
806 1052 854 1093 et
879 1040 1011 1097 haec,
1037 1041 1117 1092 vel
1148 1054 1267 1105 qua:
1296 1048 1488 1092 caetera
1520 1037 1746 1090 ostendit
1782 1038 1971 1091 divisio
1994 1040 2229 1105 partibus

667 1112 975 1181 qumstioiiis
1006 1123 1275 1181 aptantur,
1307 1118 1363 1160 ut
1390 1107 1545 1181 plene
1568 1110 1813 1181 cognosci
1844 1111 2030 1174 possit,
2058 1108 2227 1181 forma

670 1178 903 1235 veritatis
926 1180 1243 1234 excluditur.
1276 1178 1489 1231 Accedit
1513 1186 1691 1231 tamen
1722 1178 1786 1229 ad
1822 1181 2042 1230 formam
2088 1179 2227 1247 quod

670 1256 783 1307 lure
815 1254 1039 1318 partium
1097 1248 1371 1302 divisionis
1414 1250 1658 1316 partibus
1695 1249 2005 1316 qumstionis
2036 1252 2232 1314 aptatio

670 1323 991 1393 argumentis
1024 1322 1284 1393 tinuatur.
1304 1318 1577 1393 ‘Convenit
1600 1321 1739 1393 enim
1768 1326 1823 1393 ut
1850 1322 2095 1393 quaestio,
2129 1321 2230 1373 sic-

670 1388 1085 1462 nt'argumentis
1108 1393 1158 1443 in
1193 1390 1573 1462 dubitationem
1599 1390 1899 1451 adducitur,
1927 1388 1996 1441 ita
2020 1406 2230 1458 quoque

670 1460 992 1535 argumentis
1016 1474 1160 1515 certa
1194 1460 1648 1535 reddatur_._llanc
1690 1462 1850 1535 igitur
1882 1463 2227 1535 qu-rstionem

668 1529 757 1591 sic'
789 1535 1178 1603 investigatum,
1215 1546 1343 1603 non
1373 1529 1585 1597 quidem
1616 1529 1778 1603 quod
1826 1530 2230 1597 investigatione

665 1605 919 1676 quidquid
951 1601 1015 1656 ad
1057 1602 1173 1672 ejus
1216 1602 1505 1676 pertineret
1540 1601 1873 1676 solutionem
1910 1603 2225 1663 invenerim,

666 1671 759 1731 sed
792 1671 993 1729 tantum
1024 1682 1275 1741 quantum
1310 1673 1400 1724 lux
1446 1671 1623 1723 divina
1660 1672 1873 1739 dignata
1910 1682 1992 1724 est
2032 1682 2229 1724 nostra:

669 1748 860 1800 mentis
890 1744 1201 1813 igniculum,
1235 1742 1284 1795 id
1324 1750 1403 1813 est
1433 1749 1705 1813 quantum
1737 1741 1961 1813 naturali
2017 1741 2229 1807 ingenio

667 1834 784 1871 meo
808 1811 982 1868 divina
1015 1816 1179 1883 gratia
1218 1812 1512 1883 spteudore
1532 1826 1628 1863 suo
1657 1811 1873 1881 dignum
1902 1812 2113 1864 duxerit
2143 1827 2231 1865 os-

668 1887 915 1950 tendere;
948 1882 1105 1942 hanc.
1132 1884 1367 1950 inquam,
1419 1882 1734 1946 rationibus,
1766 1883 1992 1949 qualiter
2028 1882 2226 1935 dictum

665 1969 767 2019 est,
796 1957 1097 2015 formatam.
1122 1955 1415 2020 litterisque
1440 1952 1760 2011 mandatam,
1789 1954 1836 2005 id
1855 1952 2227 2018 estscriptam,

666 2029 818 2079 vobis
847 2027 1201 2086 oﬂerendam,
1234 2037 1547 2088 mecumque
1587 2023 2089 2076 communicandum
2132 2038 2229 2076 cu-

667 2099 798 2153 ravi.
823 2098 1059 2163 Qualiter
1082 2105 1257 2148 autem
1296 2102 1346 2145 ct
1374 2108 1536 2161 (ιιιιιο
1574 2094 2066 2145 Communicandam
2101 2107 2227 2161 snp-

668 2168 818 2237 ponit
835 2162 859 2217 τί
877 2178 983 2223 tant
1009 2165 1170 2219 vestri
1192 2164 1411 2237 cupidus
1439 2162 1647 2237 iudicii,
1672 2164 1721 2216 id
1746 2174 1833 2237 est
1858 2166 2229 2237 circumspecti

666 2234 926 2293 examinis
951 2280 965 2301 ,
1000 2251 1156 2306 quam
1209 2236 1393 2306 nostri
1430 2234 1698 2306 studiosus
1744 2236 1965 2306 inventi.
2020 2236 2231 2300 Quanto

665 2310 864 2365 etenim
904 2304 1078 2361 studio
1117 2306 1183 2359 ad
1222 2304 1597 2359 inveniendum
1632 2320 1724 2372 per
1762 2305 1885 2374 quid
1934 2305 2069 2357 hanc
2124 2308 2231 2358 Sol-

668 2395 849 2435 verem
907 2378 1255 2447 quaastionem
1330 2391 1415 2429 me
1469 2375 1745 2443 applicui,
1815 2384 1955 2447 tanta
2025 2377 2230 2447 cupidi-

669 2461 775 2505 tate
803 2446 996 2505 vestra:
1012 2446 1341 2503 auctoritatis
1362 2450 1682 2500 sententiam
1705 2460 1865 2515 super
1894 2446 2004 2499 haec
2028 2446 2225 2502 habere

666 2522 834 2575 volui.

742 2592 857 2657 Qua
883 2590 935 2642 in
954 2603 1027 2651 re,
1050 2585 1180 2657 etc.]
1203 2587 1392 2640 Diceris
1414 2585 1808 2656 investigatant,
1839 2595 1893 2639 et
1910 2585 2226 2652 diutissime,

665 2674 720 2715 et
759 2659 1053 2714 rationibus
1085 2660 1392 2713 lormitam.
1440 2660 1513 2709 rei
1561 2658 1925 2721 magnitudine
1976 2662 2228 2712 attentio-

669 2746 789 2783 nem
823 2740 1021 2783 movet.
1056 2728 1153 2783 Hic
1180 2727 1603 2781 benevolentiam
1629 2737 1901 2794 comparat
1929 2743 1955 2778 a
1985 2743 2078 2781 sua
2113 2745 2229 2798 per-

668 2817 820 2868 sona,
846 2803 912 2854 de
932 2800 1080 2853 lactis
1109 2810 1163 2853 et
1183 2800 1248 2851 de
1275 2799 1498 2866 negoti:s
1528 2797 1635 2849 suis
1657 2799 1770 2851 sine
1798 2797 2122 2865 arrogantia,
2145 2800 2227 2853 di-

668 2890 816 2936 cens,
843 2873 1015 2942 quasi,
1042 2870 1205 2942 Vobis
1233 2868 1935 2942 continuoicatidanipll'ero.
1953 2868 2147 2942 _Qua;in
2172 2887 2228 2923 re

669 2946 792 3014 quid
824 2938 1008 3005 animi,
1035 2941 1087 2995 id
1112 2951 1193 2995 est
1220 2939 1339 3010 quis
1368 2938 1576 3014 animus
1599 2938 1729 2992 mihi
1758 2939 1845 3004 sit,
1871 2938 2228 3014 scilicetquof

672 3010 785 3069 i'uin
833 3014 1067 3067 favorem
1098 3026 1355 3081 qnmram,
1387 3011 1598 3076 quoties
1628 3010 1945 3081 commendo
1975 3013 2112 3077 stylo
2132 3052 2146 3074 ,
2178 3012 2226 3063 id

667 3098 750 3140 est
776 3086 985 3156 quoties
1009 3080 1187 3137 scribo
1218 3082 1393 3151 aliqua
1426 3081 1516 3156 diu
1548 3080 1843 3156 excogitata
1879 3124 1894 3147 ,
1935 3090 2107 3146 potest
2149 3084 2227 3156 iii-

670 3150 834 3224 telligi
859 3172 979 3210 cum
1022 3171 1087 3209 ex
1131 3169 1243 3221 ipsa
1275 3151 1514 3224 materia,
1545 3150 1649 3224 hoc
1675 3159 1781 3216 est,
1804 3167 1925 3203 cum
1954 3166 2129 3204 rerum
2160 3153 2228 3206 de

2335 546 2533 610 pandit,
2565 550 2717 618 ut_ita
2745 547 2969 618 dicatur.
3006 544 3480 618 ipsamprostitttit
3502 590 3515 609 .
3558 558 3614 603 et
3640 564 3903 618 quantum

2335 622 2383 667 in
2416 630 2473 667 Se
2503 628 2582 667 est
2612 616 2922 681 dignitatem
2968 616 3085 683 ejus
3127 617 3302 670 minus
3339 616 3707 673 admirabilem
3760 622 3905 675 facit.

2331 685 2483 750 Quod
2512 687 2758 751 quoniam
2792 687 3121 752 multiloqnis
3146 698 3200 740 et
3220 702 3473 743 sermone
3505 692 3662 743 trivio
3696 695 3908 745 contin-

2332 771 2456 824 gere
2484 757 2642 819 solet,
2674 756 2874 810 idcirco
2903 757 3098 826 styliiin
3128 758 3387 812 brevitate
3410 762 3693 827 contraho,
3723 764 3774 816 id
3797 776 3904 826 est,

2332 827 2473 893 quod
2498 829 2563 878 de
2593 828 2691 879 hac
2721 828 2896 880 sentio
2917 830 3234 895 quaestione,
3261 830 3415 897 plena
3442 834 3781 897 expositione
3803 852 3909 886 non

2331 896 2565 962 explico,
2596 897 2688 949 sed
2727 897 3018 951 decurtatis
3043 896 3325 965 scriptura:
3357 902 3499 955 notis
3518 896 3775 958 'sicniﬁco
3805 922 3821 959 :
3854 918 3907 958 et

2332 974 2540 1033 sumpta
2565 983 2628 1019 ex
2658 967 3011 1036 philosophia:
3037 968 3351 1035 disciplinis,
3388 986 3491 1024 non
3519 973 3642 1026 dico
3673 978 3911 1028 exterio-

2333 1037 2479 1110 ribus
2509 1040 2759 1110 physicae,
2785 1041 2864 1091 vel
2894 1038 3241 1093 interioribus
3268 1043 3679 1110 mathematicae,
3709 1046 3804 1098 sed
3832 1048 3911 1100 in-

2336 1106 2481 1159 timis
2506 1109 2806 1176 theologize,
2842 1124 3098 1162 novorum
3144 1112 3424 1165 verborum
3458 1117 3615 1166 novis
3645 1106 3910 1177 signiﬁca-

2336 1179 2567 1251 tionibus
2590 1179 2917 1247 velo,qualia
2940 1190 3082 1241 sunt,
3105 1180 3263 1233 homo
3282 1198 3384 1235 non
3409 1194 3491 1236 est
3511 1184 3560 1236 id
3575 1186 3712 1251 quod
3725 1201 3827 1249 esu
3856 1200 3908 1243 et

2334 1250 2494 1324 homo
2513 1262 2733 1315 magnos
2752 1265 2854 1324 non
2875 1259 2957 1303 est
2971 1250 3140 1324 ipsum
3158 1252 3337 1318 homo,
3358 1268 3456 1307 nec
3472 1250 3643 1319 ipsum
3662 1271 3906 1324 magnus.

2338 1318 2431 1370 llic
2460 1329 2640 1370 movet
2659 1323 3003 1372 attentionem
3031 1337 3044 1371 :
3074 1321 3181 1374 Hac
3199 1332 3380 1377 autem
3413 1332 3466 1377 et
3496 1318 3909 1382 brevitate'con-

2335 1390 2511 1446 traho,
2538 1399 2590 1463 et
2616 1391 2852 1463 novitate
2882 1396 2998 1463 velo
3017 1406 3045 1463 ξε
3084 1402 3139 1442 ιιι
3172 1394 3307 1457 haec,
3334 1396 3596 1463 scriptura
3624 1398 3905 1453 brevitatis

2332 1460 2704 1534 etunovitatis,
2730 1460 2855 1534 mihi
2909 1461 3162 1534 vobisque
3195 1470 3397 1516 taninm
3424 1460 3457 1527 ,⁷
3486 1470 3528 1516 si
3587 1469 3801 1534 quando
3838 1472 3906 1521 ab

2332 1527 2452 1580 aliis
2479 1529 2668 1581 studiis
2697 1532 2883 1583 vestris
2915 1532 2978 1583 ad
3002 1546 3062 1584 ea
3082 1527 3396 1587 convenitis
3423 1527 3633 1598 oculos,
3660 1554 3763 1591 non
3796 1550 3903 1593 tam

2334 1608 2457 1651 nota
2487 1614 2642 1665 quam
2698 1609 2825 1653 nutu
2857 1602 3248 1668 colloquantur.
3274 1602 3513 1658 Caeteros
3540 1621 3667 1659 Vero
3712 1610 3780 1661 ab
3824 1611 3907 1664 his

2335 1668 2404 1746 ita
2433 1669 2811 1746 siibmovetiius
2852 1672 3084 1746 scriptis,
3112 1684 3169 1725 ut
3197 1690 3499 1741 quicunque
3530 1678 3821 1746 semiplena
3852 1691 3907 1735 et

2336 1738 2584 1814 inusitata
2607 1741 3004 1814 significatione
3031 1738 3304 1805 commoti,
3334 1738 3684 1814 nequiverint
3715 1765 3775 1803 ea
3811 1765 3902 1804 ea-

2336 1823 2463 1875 pere
2493 1812 2802 1883 intellectui,
2834 1827 2938 1863 non
2968 1827 3034 1865 eo
3057 1828 3213 1881 quem
3243 1812 3441 1883 scripta
3466 1817 3685 1882 lacuiut,
3715 1824 3807 1872 sed
3838 1837 3907 1876 eo

2337 1882 2509 1945 potius
2536 1882 2888 1959 cx_quu_facta
2910 1892 3065 1959 sunt,
3082 1886 3147 1937 ad
3176 1900 3235 1937 ea
3271 1882 3381 1959 non
3408 1888 3567 1939 modo
3593 1889 3900 1959 iudicanda,

2334 1964 2514 2002 verum
2549 1951 2955 2029 etiamdegenda
2986 1954 3266 2008 videantur
3296 1956 3519 2029 indigni.
3550 1951 3672 2010 'I‘ria
3701 1951 3900 2029 quippei

2332 2030 2476 2083 sunt,
2504 2036 2608 2079 res,
2634 2030 2688 2073 et
2714 2021 3108 2085 intellectus,et
3130 2040 3327 2080 si-rmo.
3352 2021 3454 2080 uss
3478 2028 3604 2080 intel
3629 2021 3747 2083 ectu
3771 2021 3902 2084 con-

2331 2091 2545 2157 cipitur,
2579 2105 2827 2165 sermone
2873 2095 3220 2161 signiﬁcatur.
3262 2099 3366 2150 Sed
3415 2113 3586 2165 neque
3633 2104 3898 2154 sermonis

2333 2172 2455 2238 nota
2482 2163 2732 2238 quidquid
2758 2178 2845 2238 res
2871 2176 2952 2217 eet
2979 2174 3153 2231 potest
3194 2163 3512 2229 ostendere,
3538 2185 3709 2238 neque
3737 2171 3895 2225 intel-

2334 2231 2563 2309 ligentize
2600 2233 2859 2309 _actus_i_n
2900 2238 3076 2287 omnia
3126 2252 3454 2304 quaacunque
3499 2231 3637 2291 sunt'
3660 2240 3900 2309 ejusdem

2334 2302 2411 2375 [ei
2436 2301 2710 2356 oll‘etidere
2732 2344 2745 2366 ,
2780 2304 3003 2372 ideoque
3031 2320 3128 2359 nec
3147 2301 3440 2375 conceptus
3465 2313 3643 2362 omnia
3689 2301 3897 2367 ienere.

2332 2370 2486 2425 Circa
2531 2383 2843 2440 conceptum
2876 2370 3035 2428 etiam
3083 2370 3333 2430 remanet
3357 2393 3553 2431 sermo.
3585 2380 3698 2433 Non
3750 2384 3896 2435 enim

2333 2451 2534 2516 tantum
2568 2444 2642 2496 rei
2674 2445 3062 2516 signiticatione
3091 2461 3195 2499 vox
3225 2448 3424 2515 prodit,
3452 2460 3700 2516 quantum
3733 2451 3894 2505 intel-

2332 2512 2545 2587 ligentia
2569 2516 2817 2587 concipit.
2843 2515 3103 2569 Similiter
3124 2528 3176 2569 et
3196 2512 3808 2587 scripttirte'Signilicatio
3825 2524 3893 2575 ad

2330 2584 2560 2637 auctoris
2592 2585 2672 2637 sui
2705 2596 3021 2652 conceptum
3052 2601 3111 2640 se
3149 2584 3330 2641 habet.
3362 2587 3509 2643 Unde
3545 2584 3894 2645 manifestum

2332 2663 2432 2728 e~t_
2465 2655 2605 2728 quod
2646 2655 2735 2723 qui
2776 2657 2924 2708 audit
2969 2657 3049 2710 vel
3091 2660 3243 2728 legit,
3274 2659 3499 2712 oratoris
3527 2662 3742 2728 quidem
3796 2677 3897 2717 seu

2331 2724 2611 2797 scriptoris
2654 2736 2972 2793 eoiiceptttm
2996 2744 3060 2781 ex
3088 2727 3169 2780 his
3200 2744 3317 2796 qua:
3365 2724 3681 2796 signiﬁcatio
3719 2734 3898 2797 prodit

2334 2796 2633 2863 perpendit,
2664 2797 2755 2849 sed
2788 2803 2856 2848 de
2912 2813 2970 2850 re
3018 2814 3121 2851 non
3154 2800 3251 2851 nisi
3299 2816 3365 2853 ex
3395 2798 3638 2867 ejusdem
3668 2796 3896 2856 oratoris

2331 2879 2425 2917 seu
2461 2866 2736 2939 scriptoris
2762 2884 2919 2939 sensu
2940 2881 3085 2939 recte
3107 2871 3363 2922 decernit.
3396 2866 3518 2924 Ideo
3540 2872 3608 2925 ab
3633 2872 3791 2939 hujus
3812 2873 3895 2929 sui

2334 2944 2589 3011 tractatus
2621 2936 2848 2991 lectione
2896 2937 3016 2990 illos
3063 2940 3252 2992 merito
3282 2951 3456 3003 arcet,
3487 2944 3577 3009 qui
3614 2936 3892 3011 scriptoris

2334 3006 2657 3058 intellectum
2685 3049 2700 3072 ,
2734 3023 2797 3060 ex
2846 3023 2951 3073 quo
2983 3011 3040 3061 lit
3069 3025 3245 3063 sermo
3284 3011 3397 3063 sive
3427 3006 3695 3078 scriptura
3722 3006 3893 3073 ,con-

2333 3084 2597 3138 temnunt,
2627 3088 2681 3131 et
2702 3080 2765 3129 ad
2795 3078 2871 3131 rei
2893 3079 3147 3145 judicmin
3178 3082 3618 3148 Signihcationem
3653 3083 3896 3138 Sufﬁcere

2334 3157 2549 3213 putant;
2580 3151 2660 3201 vel
2685 3149 2729 3200 si
2757 3150 2880 3215 quid
2916 3152 2981 3201 ad
3001 3151 3139 3215 quod
3163 3151 3478 3216 signiﬁcatio
3500 3164 3645 3206 certa
3679 3170 3783 3206 non
3812 3156 3897 3207 di-

668 3216 860 3295 quilfus
890 3242 1103 3294 semper
1131 3216 1309 3295 scribo
1361 3222 1704 3295 dilliculiate,
1740 3234 1848 3275 tum
1880 3238 1943 3295 ex
1965 3237 2047 3295 ‘eo
2086 3228 2223 3292 quod
2255 3219 2298 3280 C
2334 3216 2518 3295 rigitur
2547 3220 3111 3295 atteiidu_nt,_iioo_tam
3136 3221 3334 3274 referre
3356 3238 3474 3295 qua:
3504 3224 3713 3277 veritati
3735 3240 3891 3293 quani

668 3292 942 3365 colloquor
972 3292 1107 3349 raris
1132 3339 1145 3363 ,
1193 3293 1243 3347 id
1275 3301 1356 3347 est
1407 3293 1557 3365 vobis
1588 3302 1789 3365 tantum
1819 3332 1832 3351 ,
1886 3292 1977 3345 tibi
2031 3296 2235 3365 scilicet

668 3362 1012 3430 Symmacho,
1044 3367 1127 3419 cui
1170 3365 1282 3418 fere
1313 3363 1489 3415 omnia
1513 3362 1708 3430 scripta
1734 3378 1847 3415 mea
1880 3363 2232 3417 examinanda

669 3432 857 3498 offero,
881 3446 1043 3502 atque
1087 3435 1201 3487 aliis
1234 3432 1582 3502 prudentibus
1616 3433 1816 3498 paucis.
1858 3432 2038 3501 Neque
2089 3440 2230 3489 enim

668 3506 966 3560 excitamur
1018 3506 1082 3558 ad
1113 3504 1309 3569 aliquid
1359 3506 1561 3569 optime
1596 3504 1893 3555 I'ai-ienduin
1943 3505 2232 3567 jactadone

673 3589 824 3629 tamin
839 3576 1149 3629 etiiianibus
1170 3574 1495 3626 clamoribus
1516 3572 1651 3638 vulgi
1671 3591 1680 3622 :
1704 3578 1800 3625 hac
1826 3572 2025 3625 scilicet
2048 3588 2227 3640 causa,

671 3656 726 3699 ut
752 3645 889 3698 fama
921 3655 1099 3697 nostra
1140 3643 1203 3695 ad
1235 3651 1449 3696 exteros
1481 3651 1731 3703 transeat,
1755 3652 1808 3696 et
1830 3643 1969 3694 inter
1997 3656 2225 3710 tmslrtis,

670 3718 809 3772 sicut
829 3719 963 3770 solet
995 3715 1170 3768 facere
1198 3713 1434 3765 comicos
1486 3721 1539 3764 ct
1569 3722 1795 3765 caeteros
1837 3714 1923 3779 qui
1964 3710 2227 3767 delectare

668 3788 1080 3854 voluntpoctas,
1122 3784 1365 3837 scenicos
1407 3797 1503 3854 nos
1539 3784 2226 3854 etgtheatrahs»applansiis

668 3852 905 3911 extollat.
928 3857 1161 3909 Sensus:
1190 3855 1302 3907 Non
1325 3853 1580 3906 exteriori
1601 3852 1798 3919 favme,
1830 3852 1922 3906 sed
1954 3854 2226 3908 coiiscien-

670 3930 755 3981 tite
780 3935 986 3981 secreto
1016 3925 1275 3979 delector.
1304 3925 1407 3978 Sed
1440 3934 1493 3994 et
1521 3925 1563 3975 si
1589 3923 1703 3988 quis
1732 3933 1814 3975 est
1845 3924 1996 3994 nobis
2026 3926 2225 3980 [ructus

673 4000 903 4052 exterior
929 4013 992 4050 ex
1024 3994 1246 4049 aliorum
1290 3993 1515 4062 judicio,
1545 3994 1630 4046 hic
1659 4009 1762 4047 non
1806 4005 1976 4061 potest
2004 4010 2223 4063 sperare

669 4069 831 4122 aliam
852 4067 1167 4121 sententiam
1202 4067 1301 4119 nisi
1323 4066 1548 4117 similem
1584 4068 1850 4125 materize,
1892 4067 1941 4117 id
1982 4077 2082 4131 est,
2118 4082 2220 4121 non

669 4148 841 4206 potest
866 4152 1080 4207 sperare
1097 4153 1160 4191 ex
1188 4136 1791 4207 aliquorumsententia,
1819 4136 1913 4187 nisi
1943 4150 2004 4189 ex
2041 4138 2217 4190 talium

669 4205 825 4277 quale
854 4205 935 4262 est
965 4209 1078 4275 ipsa
1105 4224 1284 4261 rerum
1310 4208 1374 4259 die
1404 4205 1594 4277 quibus
1617 4216 1785 4277 agitur
1817 4210 2057 4271 materia,
2086 4210 2221 4261 scili-

664 4276 749 4333 cet
774 4295 995 4349 quorum
1011 4278 1303 4349 :tl'ClOl‘ilali
1326 4276 1564 4349 qutedam
1586 4276 1812 4342 dignitas
1837 4276 2007 4349 inesse
2020 4292 2217 4345 cogno-

669 4346 863 4415 scittir,
894 4366 959 4403 ex
990 4348 1198 4401 virtutis
1244 4348 1557 4401 excellentia
1603 4357 1760 4412 atque
1806 4346 2171 4413 sittguluritate
2202 4367 2212 4401 :

668 4422 807 4475 sicut
840 4420 1070 4473 materia:
1094 4418 1337 4487 quietiam
1371 4418 1505 4470 inest
1542 4415 1771 4484 dignitas
1800 4433 1865 4469 ex
1896 4419 1973 4468 sui
2018 4420 2213 4486 magni-

671 4493 849 4544 tudine
889 4502 942 4542 et
982 4487 1381 4555 incomparabili
1407 4490 1746 4555 proprietate.
1794 4488 1888 4539 llic
1931 4498 2105 4552 captat
2152 4489 2216 4542 :ih

669 4561 877 4613 illorum
908 4561 1099 4628 quibus
1122 4559 1307 4611 scribit
1335 4571 1555 4623 persona
1589 4556 2009 4628 benevolentiam
2038 4575 2049 4609 :
2082 4575 2212 4623 qui»-

668 4648 785 4685 rum
819 4627 1184 4685 auctoritatem
1219 4628 1399 4681 volens
1431 4627 1651 4696 intelligi
1680 4628 2014 4696 singulariter
2044 4646 2125 4683 cxi
2146 4631 2213 4682 el-

668 4708 887 4766 lettteiii,
908 4704 1013 4753 ait:
1455 4708 1461 4714 ’

739 4774 1047 4839 Quocunque
1072 4772 1256 4840 igitur,
1278 4768 1419 4839 etc.]
1443 4767 1622 4834 Quasi,
1640 4766 1705 4821 Ut
1732 4767 1966 4819 materia:
1995 4768 2219 4823 similem

668 4844 861 4909 possim
891 4856 1106 4908 sperare
1135 4843 1471 4901 sententiain,
1498 4840 1648 4892 vobis
1673 4848 1873 4891 tantum
1902 4841 2215 4907 colloquor:

665 4913 732 4966 ab
760 4913 878 4966 aliis
907 4912 1063 4979 igitur
1087 4912 1276 4964 similis
1303 4911 1504 4977 sperari
1535 4925 1636 4962 non
1673 4920 1869 4975 poteSt.
1910 4910 2039 4961 Nam
2084 4926 2212 4976 quo-

664 4999 896 5051 ciinque,
922 4983 974 5036 id
1002 4993 1083 5033 est
1124 4982 1187 5032 ad
1235 4993 1579 5051 quoscunque
1599 4979 1772 5051 alios,
1810 4993 1944 5051 quos
1976 4994 2214 5033 meorum

666 5049 979 5106 tractatuum
1009 5050 1191 5103 faciam
1214 5050 1440 5116 judices,
1472 5064 1501 5101 a
1530 5050 1679 5101 vobis
1705 5064 1807 5100 nou
1839 5049 1959 5100 dico
1987 5064 2214 5103 Conver-

665 5125 724 5187 ii,
754 5124 847 5178 sed
873 5122 1039 5192 dejeci
1069 5139 1080 5174 :
1107 5122 1157 5174 id
1180 5131 1281 5184 est,
1310 5120 1571 5192 declinavi
1597 5118 1800 5192 oculos,
1829 5120 2215 5192 occurritmihi

666 5196 854 5256 partim
878 5188 1058 5262 ignava
1081 5193 1355 5261 segnities,
1382 5191 1430 5244 id
1451 5200 1530 5243 est
1560 5189 1798 5262 homines
1824 5188 2214 5262 segiiitieigna-

666 5266 735 5325 vi,
764 5276 819 5317 et
864 5260 1066 5331 ignavia
1114 5277 1339 5325 segnes;
1381 5262 1567 5329 partim
1611 5260 1833 5312 callidos
1865 5260 2016 5323 livor,
2051 5260 2101 5313 id
2132 5272 2214 5315 est

664 5336 838 5389 callidi
859 5330 911 5387 et
934 5333 1119 5398 invidi,
1143 5334 1277 5386 adeo
1318 5343 1375 5385 ut
1400 5331 1639 5385 videatur
1668 5330 2044 5383 contumeliam
2078 5333 2213 5384 irro-

660 5420 807 5473 gare,
836 5404 887 5458 id
916 5412 997 5457 cst
1022 5405 1217 5458 inl’erre
1238 5402 1427 5457 divinis
1458 5400 1787 5473 tractatibus,
1815 5400 2113 5469 quicunque
2138 5414 2213 5453 ιι-

665 5470 805 5531 libus
834 5489 939 5528 non
969 5474 1087 5528 dico
1134 5474 1460 5536 hominibus,
1493 5471 1585 5526 sed
1619 5470 1890 5523 hominum
1934 5472 2211 5540 monstris,

661 5561 794 5614 quos
822 5544 1023 5598 scilicet
1052 5544 1292 5610 corporis
1323 5544 1534 5614 quidem
1561 5542 1747 5614 ﬁgura
1778 5546 2008 5614 exterior
2039 5548 2209 5595 homi-

660 5613 754 5669 nes
774 5630 893 5670 esse
922 5616 1174 5677 ostendit,
1198 5614 1290 5667 sed
1319 5613 1654 5667 interioribus
1672 5627 1788 5681 qure
1815 5613 2062 5680 praedicta
2086 5627 2209 5665 sunt

662 5683 801 5738 vitiis
849 5684 1042 5739 mentis
1090 5684 1255 5753 magis
1311 5693 1435 5737 sunt
1474 5682 1693 5753 bellum,
1748 5682 1860 5734 hinc
1904 5697 2009 5735 non
2039 5696 2204 5749 agnu-

659 5753 873 5817 scenda,
916 5753 966 5806 id
993 5763 1074 5807 est
1112 5752 1461 5807 examinanda
1493 5752 1665 5819 potius
1693 5764 2013 5819 apposuertt,
2042 5767 2198 5819 quam

662 5833 908 5887 tanquam
932 5825 1101 5889 θοι-εὶς
1133 5823 1502 5892 pici-ulcinda,
1533 5822 1580 5873 id
1610 5833 1687 5873 est
1714 5824 1742 5873 d
1785 5822 2048 5890 ~picieuda
2078 5837 2196 5891 pro-

2337 3288 2527 3341 atferre
2562 3305 2681 3353 «piae
2730 3290 3098 3356 signiﬁcationi
3143 3288 3461 3344 cooveniant
3506 3288 3766 3361 gestiunt:
3787 3297 3891 3348 Sed

2334 3371 2385 3409 ei
2408 3362 2657 3425 quoniam
2686 3360 2921 3429 adusque
2950 3364 3021 3413 rei
3052 3363 3434 3426 plenitudinem
3469 3360 3769 3418 intellectus
3798 3379 3893 3419 ne-

2335 3444 2446 3493 quit
2478 3433 2757 3498 attingere,
2790 3432 2947 3483 etiam
2987 3432 3105 3483 illos
3147 3431 3237 3500 qui
3261 3448 3325 3485 ex
3351 3436 3584 3487 auctoris
3619 3435 3890 3490 intellectu

2337 3501 2493 3550 verba
2529 3503 2608 3553 vel
2638 3503 2830 3569 scripta
2860 3502 3169 3569 ilijudicant,
3223 3513 3403 3557 monet
3444 3519 3511 3557 ne
3549 3504 3700 3557 illum
3736 3506 3803 3559 de
3829 3521 3894 3561 re

2336 3569 2563 3642 perfecte
2588 3570 2885 3638 scripsisse,
2910 3584 2963 3625 et
2992 3571 3243 3640 quidquid
3268 3573 3380 3642 ipsa
3411 3582 3494 3627 est
3539 3577 3760 3637 dixisse,
3780 3579 3892 3631 exi-

2332 3637 2581 3711 stiment;
2614 3637 2708 3693 sed
2729 3656 2790 3693 ex
2820 3642 2899 3693 his
2925 3637 3044 3709 qua:
3064 3637 3266 3709 concipi
3291 3637 3518 3707 possunt
3572 3649 3887 3711 scriptorum

2331 3710 2712 3785 SCILdiCltlrllnl
2744 3714 3119 3778 perfectionem
3152 3714 3460 3766 metiantur.
3487 3717 3571 3769 Ait
3601 3710 3764 3785 ergo:

2401 3778 2505 3833 Sed
2536 3782 2580 3831 et
2609 3792 2823 3845 tantum,
2858 3786 2962 3846 vel,
2997 3792 3362 3848 sancientum,
3413 3786 3521 3849 vel,
3552 3788 3638 3838 sed
3661 3778 3742 3839 ἠε
3781 3798 3889 3840 tan-

2328 3857 2452 3924 tum,
2479 3850 2620 3922 etc.]
2652 3854 2810 3924 Quasi
2844 3870 2855 3903 :
2888 3854 3011 3905 Illos
3038 3854 3415 3907 submovemus
3455 3856 3622 3909 abhis
3646 3858 3886 3924 scriptis,

2328 3920 2414 3996 qui
2445 3936 2503 3996 ea
2551 3920 2818 3976 intellectu
2848 3938 3041 3996 capere
3072 3924 3393 3991 nequierint.
3421 3928 3523 3979 Sed
3555 3938 3606 3980 et
3646 3920 3769 3980 illis'
3796 3920 3887 3996 qui

2330 3989 2598 4045 intellectu
2627 4006 2819 4058 Capere
2839 3989 3111 4061 potuerint
3137 3989 3383 4057 dicimus,
3410 4013 3477 4049 ne
3505 4006 3729 4061 tantum,
3755 3989 3886 4061 etc.;

2326 4062 2430 4125 vel,
2479 4077 2609 4115 sane
2664 4073 2886 4124 tantum,
2918 4073 3067 4126 etc.;
3110 4066 3212 4127 vel,
3245 4068 3337 4119 sed
3384 4082 3488 4131 ne,
3524 4071 3573 4119 id
3616 4079 3717 4129 est,
3770 4081 3887 4120 tan-

2326 4140 2457 4208 tum,
2482 4141 2587 4185 etc.
2605 4135 2707 4208 _Est
2730 4135 2878 4208 enini
2897 4136 2997 4208 hoc
3033 4138 3148 4187 loco
3171 4152 3233 4208 ne
3259 4138 3619 4190 conﬁrmativa
3649 4138 3881 4208 conjun-

2323 4203 2431 4255 ctio
2460 4221 2471 4253 :
2495 4206 2721 4273 qualiter
2743 4215 2792 4257 et
2823 4205 3068 4273 Virgilius
3096 4207 3261 4273 ponit,
3290 4208 3502 4260 dicetis:

2446 4354 2664 4424 Iantane
2689 4372 2767 4424 me
2794 4361 2955 4424 tenuit
2978 4361 3195 4415 vivendi,
3218 4367 3349 4420 nate,
3376 4361 3613 4424 voluptas,

2448 4415 2509 4466 Ut
2532 4431 2617 4478 pro
2638 4432 2716 4465 tne
2742 4420 2900 4468 hostili
2925 4428 3123 4481 paterer
3146 4415 3466 4471 succutit-here
3486 4415 3710 4475 dedre?

2254 4602 2295 4658 υ
2326 4566 2597 4658 ll'ic‘e'nim~
2616 4583 2678 4647 ne
2708 4583 2826 4658 pro
2862 4569 3012 4621 etiam
3066 4569 3355 4658 dicuntain
3402 4571 3641 4658 pluribus
3668 4588 3880 4658 quoque

2329 4637 2448 4689 aliis
2470 4638 2600 4690 locis
2628 4638 2899 4691 invenitur
2920 4657 2981 4691 ne
3010 4640 3393 4693 conﬁrmativa.
3419 4642 3506 4693 Sic
3530 4637 3754 4697 iititttret
3782 4637 3883 4695 hoc

2330 4709 2444 4760 loco
2473 4710 2832 4760 conlirmativa
2859 4712 3086 4775 ponitur,
3108 4724 3161 4761 nt
3185 4712 3254 4761 sit
3281 4728 3472 4764 sensus
3499 4728 3510 4763 :
3535 4712 3640 4767 Sed
3670 4729 3735 4765 ne
3762 4722 3875 4763 tau-

2329 4786 2459 4839 tum,
2482 4778 2583 4850 hoc
2613 4790 2713 4843 est,
2739 4781 2829 4832 sed
2860 4781 3015 4832 etiam
3051 4790 3251 4834 tantum
3282 4783 3446 4845 qua-ri
3474 4798 3500 4831 a
3536 4784 3689 4834 nobis
3718 4798 3877 4850 opor-

2327 4857 2420 4909 tet,
2451 4849 2498 4901 id
2526 4860 2625 4910 est,
2656 4866 2747 4902 eos
2780 4851 2866 4917 qui
2910 4862 3103 4917 seripta
3146 4863 3327 4903 nostra
3359 4854 3649 4912 intellectu.
3681 4849 3881 4920 ex’quo

2322 4928 2443 4970 sunt
2472 4922 2688 4986 scripta,
2712 4935 2901 4985 capere
2934 4931 3202 4988 poterunt,
3229 4930 3429 4974 tantum
3462 4926 3708 4975 convenit
3728 4938 3755 4975 a
3785 4939 3879 4977 tio-

2324 4989 2403 5041 his
2431 5005 2689 5057 qumrere,
2719 5004 2970 5058 quantum
3002 4992 3219 5044 intuitus
3249 4994 3493 5044 humanae
3536 4995 3759 5045 rationis
3786 5008 3873 5046 va-

2321 5058 2393 5111 let
2419 5062 2778 5113 conscendere
2813 5062 2877 5112 ad
2910 5066 3049 5115 celsa
3082 5062 3375 5132 llivinitatis
3395 5103 3408 5123 ,
3438 5066 3609 5128 quasi,
3664 5064 3729 5117 ad
3759 5078 3879 5132 qua

2321 5144 2424 5180 tiott
2446 5134 2663 5202 omnino
2685 5133 2903 5202 aspirat,
2927 5131 3024 5184 etsi
3052 5130 3246 5199 aliquid
3279 5133 3345 5185 de
3369 5134 3477 5199 ipsa
3505 5141 3751 5202 tanquam
3778 5130 3879 5201 per

2318 5200 2587 5263 speculum
2612 5199 2779 5254 videt.
2812 5201 2959 5267 Quod
2985 5203 3176 5269 scripto
3205 5199 3721 5267 cornnietidare,_est
3742 5199 3873 5258 scri-

2320 5268 2476 5321 bendi
2523 5270 2755 5322 ol‘liciutn
2806 5274 2985 5323 debito
3034 5268 3137 5323 line
3168 5273 3447 5337 perlicere.
3481 5272 3591 5326 lloc
3637 5285 3813 5327 autem
3845 5292 3876 5328 ο

2317 5340 2526 5411 czeteris
2557 5340 2776 5406 intelligi
2811 5352 3002 5408 potest.
3036 5343 3165 5394 Nam
3192 5345 3398 5395 ueteris
3427 5359 3637 5411 quoque
3672 5345 3876 5396 aitibiiI

2319 5410 2455 5481 idem
2484 5412 2633 5477 quasi
2664 5412 2875 5480 quidam
2921 5412 3037 5463 linis
3068 5422 3152 5465 est
3196 5410 3520 5465 constitutus
3558 5410 3586 5466 κε
3640 5429 3875 5481 eousque

2317 5480 2520 5532 scilicet
2548 5492 2667 5534 actu
2716 5483 2981 5550 prosequi,
3008 5497 3283 5550 quousque
3326 5487 3405 5536 via
3451 5483 3671 5537 rationis
3702 5480 3876 5549 potest

2313 5552 2590 5605 accedere.
2621 5554 2737 5616 Quo
2776 5562 2893 5605 actu
2923 5554 3021 5605 etsi
3053 5553 3274 5605 minime
3301 5554 3349 5605 iil
3394 5564 3610 5619 propter
3647 5553 3787 5616 quod
3819 5554 3876 5606 ﬁt

2312 5622 2508 5685 evenit,
2535 5638 2638 5674 non
2665 5634 2839 5675 tamen
2864 5622 3036 5675 minus
3062 5638 3149 5675 ars
3174 5624 3331 5676 linem
3359 5624 3515 5676 habet
3543 5623 3727 5677 ol'licii.
3757 5625 3873 5678 Non

2314 5690 2497 5753 enim,
2559 5693 2695 5744 sicut
2756 5692 3158 5746 Marcomannus
3205 5694 3385 5746 rhetor
3436 5694 3729 5758 existimat,
3781 5710 3874 5747 cu-

2303 5758 2522 5821 juslibet
2564 5766 2696 5814 artis
2737 5764 2852 5814 linis
2906 5765 3166 5832 putandus
3214 5775 3291 5815 est
3350 5780 3467 5818 esse
3517 5767 3593 5819 rei
3644 5775 3873 5820 eventue

2304 5841 2518 5898 propter
2546 5847 2699 5899 quem
2731 5837 2804 5885 tit.
