4274 6272
408 348 538 407 1961

1392 348 1707 401 (ςιιυειιίἰ
1753 348 2099 401 ΡΟΒΙΗκΤλΕ
2138 348 2656 402 ΟυΜΜΕΝΪΑΙὶΙΑ.

3516 354 3651 413 126⁸2

478 467 660 537 Neque
700 468 834 521 enim
874 466 1126 537 medicina
1153 480 1346 530 semper
1372 464 1529 537 iegris
1552 459 1701 537 u/I'ert
1732 462 1967 537 salutem,
2008 467 2049 519 Α
2080 463 2383 537 sentire,_ct
2412 462 2549 537 quod
2587 461 2996 537 Δνεε-ζε-ειιξιιιῦτιιιι
3015 500 3031 525 ,
3064 464 3382 537 tiieol0gicis
3427 468 3647 524 rationi-

409 532 885 608 propterquamﬁt.
902 536 1007 590 Sed
1024 536 1165 589 nulla
1186 537 1279 587 erit
1296 535 1447 608 culpa
1470 532 1757 599 medentis!
1787 532 1835 581 Id
1865 545 1969 608 est,

406 604 683 664 arshabe‘t
721 608 954 661 debitum
1004 612 1182 669 tinem,
1209 612 1251 658 sl
1282 604 1411 658 nihil
1464 618 1647 654 eorum
1687 616 1804 669 quae
1859 604 1969 653 ﬁeri

407 681 705 753 oportebat,
738 678 788 731 id
834 688 1059 753 estquae
1091 691 1178 753 ars
1220 675 1456 753 iacienda
1494 671 1973 753 dpcebat,lomise-

406 745 493 803 rit.
529 750 778 815 Idemque
806 757 887 801 est
916 750 965 799 iii
993 748 1200 800 caeteris
1230 748 1451 798 artibus.
1493 745 1644 796 Sicut
1676 745 1815 815 enim
1858 756 1971 815 tne-

404 821 596 873 diciiia:
644 812 874 872 ofﬁcium
918 827 1001 870 est
1044 830 1313 883 apponere
1358 816 1424 867 ad
1454 816 1698 872 salutem,
1733 813 1810 865 sic
1854 812 1973 865 ﬁnis

406 890 565 943 ofﬁcii
609 899 687 941 est
736 906 837 940 non
870 902 1060 939 satiare
1102 888 1367 943 absolute.
1415 884 1507 936 sed
1540 884 1844 949 appositura
1888 898 1973 934 sa-

405 975 555 1012 nare.
583 959 839 1012 Similiter
865 966 919 1010 et
950 957 1035 1009 hic
1057 956 1291 1007 auctoris
1322 954 1555 1006 ofﬁcium
1584 964 1685 1014 est,
1721 953 1971 1016 multipli-

405 1030 617 1083 citateiii
647 1043 749 1094 qua
778 1030 1120 1093 quaastiouein
1147 1026 1452 1091 iuiplicitam
1480 1026 1775 1075 intellectus
1806 1022 1966 1083 videt,

406 1101 469 1151 ad
495 1114 609 1151 eam
641 1096 1032 1150 dissolvendam
1064 1096 1323 1148 dividere.
1358 1094 1502 1147 Finis
1530 1107 1703 1146 autem
1746 1104 1828 1144 est
1866 1109 1969 1145 non

404 1168 717 1236 simpliciter
738 1167 857 1220 dico
884 1166 1198 1227 dissolvere,
1223 1167 1315 1218 sed
1348 1165 1613 1216 (IiViSiOIle
1643 1164 1968 1236 dissulvcre;

405 1250 458 1289 et
488 1234 538 1289 iii
568 1240 773 1291 caeteris
813 1236 1049 1304 quidem,
1076 1239 1118 1287 si
1164 1252 1321 1301 quem
1373 1235 1777 1287 Marcomannus
1809 1234 1967 1285 ﬁneui

407 1317 575 1371 putat,
606 1323 709 1359 non
749 1308 949 1369 evenit,
1014 1316 1197 1359 auctor
1246 1306 1485 1358 faciendo
1533 1306 1675 1371 quod
1721 1308 1968 1357 convenit

401 1391 611 1430 veniam
647 1388 1000 1443 promeretur.
1035 1379 1099 1429 At
1143 1386 1339 1445 quanto
1382 1376 1492 1426 hinc
1521 1373 1743 1445 qiizestio
1782 1373 1971 1445 difﬁci-

400 1445 501 1500 lior
530 1457 632 1511 est,
667 1450 787 1511 quia
819 1444 1171 1499 occultarum
1200 1447 1509 1498 diversitate
1559 1444 1821 1495 rationum
1872 1444 1967 1496 iiii-

404 1516 607 1584 plicita,
643 1526 787 1569 tanto
820 1517 1022 1570 facilior
1069 1518 1227 1568 debet
1274 1532 1391 1568 esse
1435 1515 1497 1566 ad
1545 1516 1772 1565 veniam.
1811 1513 1969 1567 Vobis

404 1595 613 1641 tamen:
639 1589 813 1655 quasi.
846 1588 888 1639 si
920 1589 968 1639 iii
994 1603 1050 1640 re
1079 1588 1213 1639 adeo
1237 1585 1438 1638 difﬁcili
1468 1599 1555 1636 ars
1579 1594 1726 1637 caret
1754 1597 1968 1648 eventu,

405 1655 579 1709 facilis
607 1658 757 1709 venia
783 1658 909 1709 milii
955 1657 1199 1710 debetur.
1233 1657 1346 1709 Non
1380 1666 1554 1707 tamen
1590 1670 1654 1707 ex
1688 1655 1819 1707 meis
1857 1670 1968 1705 oni-

401 1727 489 1780 nia
521 1743 636 1794 qua:
658 1729 721 1779 ad
757 1729 892 1781 hanc
916 1729 1262 1795 quaestionem
1286 1725 1593 1779 siilvetidatti
1628 1726 1963 1776 inducuntur.

404 1795 569 1849 Vobis
598 1798 737 1849 enim
766 1798 922 1850 etiam
960 1798 1085 1851 illud
1121 1797 1506 1864 inspiciendum
1537 1805 1615 1848 est
1646 1808 1696 1847 et
1722 1796 1965 1846 attentis-

401 1868 538 1920 sitne
579 1868 888 1930 notandum,
920 1884 983 1920 an
1027 1870 1253 1931 seiuiiia,
1291 1867 1340 1920 id
1367 1877 1450 1919 est
1494 1866 1750 1931 principia
1797 1866 1961 1917 ratio-

404 1952 529 1989 nuiii
550 1940 810 1990 venientia
833 1939 884 1991 iii
906 1954 999 1990 nos
1018 1954 1081 1990 ex
1101 1938 1313 2004 scriptis
1334 1937 1472 1990 beati
1496 1937 1960 2003 Augustiuicxtu-

404 2006 567 2060 ierint
616 2008 821 2076 aliquos
878 2008 1080 2061 fructus
1124 2028 1134 2059 :
1186 2012 1354 2075 quasi,
1404 2017 1619 2059 auctore
1669 2005 1964 2076 Augustino

402 2077 615 2144 scripsi.
661 2075 795 2131 Nam
847 2094 1177 2147 qiizpciinque
1224 2079 1292 2131 de
1342 2075 1802 2147 liacuquaestione
1832 2076 1959 2139 dixi,

402 2152 646 2214 quamvis
675 2150 739 2201 :ib
768 2145 883 2216 ejus
912 2145 1102 2201 verbis
1136 2149 1344 2201 dicendi
1391 2145 1637 2198 dill'eraiit
1684 2146 1961 2213 qualitate,

401 2231 563 2270 sensu
620 2231 792 2272 tamen
840 2220 1177 2280 com-enituit,
1223 2228 1272 2271 et
1318 2234 1385 2271 ex
1439 2218 1713 2270 intellectu
1758 2230 1862 2281 quo
1907 2232 1963 2267 se

400 2290 681 2355 scripsisse
726 2290 987 2359 signiﬁcat
1027 2292 1247 2342 deducta
1292 2298 1434 2342 sunt.
1468 2291 1545 2340 Ac
1582 2288 1648 2341 de
1696 2286 1961 2355 pr0posita

405 2359 699 2426 quaestione
726 2360 849 2413 hinc
878 2375 1146 2412 sumamus
1172 2360 1398 2411 iiiitiuin.

474 2426 777 2482 Christiana:
817 2430 1095 2499 religionis,
1128 2428 1265 2499 etc.]
1302 2428 1503 2496 lteligio
1525 2427 1663 2499 juris
1708 2426 1964 2479 naturalis

401 2499 568 2565 piima
597 2500 804 2567 species
831 2518 860 2553 a
900 2496 1140 2566 ptui-ibus
1186 2496 1418 2566 ponitur,
1467 2496 1757 2550 secundum
1806 2512 1961 2564 quam

403 2585 456 2621 in
481 2571 723 2623 humanis
754 2570 940 2623 ofﬁciis
964 2570 1183 2638 justitiae
1214 2569 1380 2622 virttis
1433 2567 1650 2621 exhibet
1690 2568 1797 2620 Deo
1824 2568 1962 2634 quod

406 2639 471 2691 ad
504 2640 667 2704 ipsius
695 2640 1019 2705 singularem
1064 2640 1292 2708 pertinet
1336 2640 1646 2706 dignitatem
1682 2656 1694 2687 :
1728 2642 1867 2690 sicut
1910 2638 1961 2690 iii

402 2709 602 2762 eisdem
641 2712 851 2772 eadem,
895 2714 1181 2763 secundum
1207 2722 1429 2763 caeteras
1472 2708 1712 2774 ejusdem
1755 2709 1964 2777 generis

403 2782 631 2845 species,
665 2798 784 2844 qua:
812 2792 953 2842 sunt,
987 2784 1187 2846 pietas,
1220 2782 1404 2847 gratia,
1442 2778 1747 2834 vindicaliu.
1775 2779 1962 2831 obser-

404 2848 604 2909 vantia,
636 2854 855 2912 veritas,
890 2852 1059 2903 reddit
1095 2851 1400 2903 hominibus
1443 2850 1582 2917 quod
1635 2850 1699 2901 ad
1746 2864 1961 2901 eorum-

406 2920 529 2971 deiii
561 2919 659 2972 sub
690 2922 802 2987 ipso
829 2922 1274 2973 ordiiiatissiinam
1316 2922 1547 2985 pertinet
1574 2920 1961 2973 diversitatem.

407 2987 677 3060 lnquibus
707 3002 882 3043 tamen
904 2992 1149 3045 omnibus
1180 2993 1291 3059 ipsa
1316 2991 1540 3060 justitia.
1562 2990 1850 3042 secundum
1878 2992 1964 3055 jus

406 3058 702 3126 religionis,
736 3076 946 3114 causam
981 3062 1143 3115 refert
1169 3058 1233 3114 ad
1277 3058 1462 3121 Deum,
1494 3070 1549 3111 et
1571 3061 1654 3112 hic.
1685 3074 1821 3112 unus
1847 3061 1957 3112 olli-

406 3131 607 3183 cioruin
657 3133 892 3185 omnium
941 3132 1060 3186 ﬁnis
1117 3132 1375 3199 quaslibet
1418 3130 1554 3199 juris
1617 3142 1791 3195 partes
1842 3132 1965 3183 facit

405 3215 527 3253 esse
563 3211 801 3254 Virtutes.
838 3204 891 3254 lii
933 3204 1190 3271 religione
1224 3204 1388 3268 prima
1410 3212 1489 3254 est
1521 3201 1673 3262 lidi's,
1703 3216 1820 3268 qua:
1849 3202 1963 3269 qui-

408 3272 527 3323 dem
559 3272 873 3335 generaliter
913 3284 993 3327 est
1024 3273 1259 3325 veritatis
1287 3272 1568 3340 cujuslibet
1611 3276 1683 3322 rei
1731 3286 1850 3323 t'llm
1881 3287 1963 3323 as-

406 3341 659 3395 sensione
685 3346 978 3409 perceptio:
1002 3344 1095 3397 sed
1118 3346 1181 3395 ad
1205 3343 1550 3410 quorumdam
1584 3340 1812 3394 maxime
1843 3356 1962 3407 per—

407 3413 705 3477 ceptionem
738 3412 1075 3467 invisibilium
1135 3416 1233 3467 hoc
1260 3428 1450 3465 nomen
1482 3427 1571 3477 per
1600 3412 1963 3465 excellentiam

409 3497 538 3534 usus
566 3487 852 3543 comraxit,
884 3495 936 3537 ut
958 3485 1160 3538 scilicet
1184 3485 1317 3536 ﬁdes
1346 3484 1571 3544 dicatur,
1603 3498 1704 3547 qua
1735 3484 1965 3534 rationa-

407 3551 473 3606 lis
503 3568 652 3605 mens
676 3570 798 3607 vere
826 3562 882 3608 et
916 3570 1032 3608 eum
1083 3554 1395 3609 assensione
1442 3552 1664 3619 percipit
1722 3552 1773 3603 id
1825 3566 1961 3620 quoi

407 3632 491 3693 est
516 3627 751 3676 omnium
772 3639 913 3688 esse,
947 3637 999 3679 et
1025 3642 1144 3679 eum
1196 3641 1301 3693 quo
1328 3626 1395 3676 ali
1424 3624 1674 3675 omnibus
1702 3621 1965 3676 lionoran.

404 3692 504 3746 dus
535 3703 615 3747 est
667 3700 885 3759 cultum,
917 3707 970 3748 et
993 3712 1107 3762 qua:
1137 3692 1319 3749 Grirce
1358 3694 1521 3761 ipsius
1550 3693 1765 3760 prauuia
1793 3694 1964 3746 culto-

406 3778 524 3817 rum
556 3766 726 3818 uiiitas
755 3775 951 3833 spei-at.
987 3768 1080 3819 Est
1121 3768 1279 3820 etiam
1315 3766 1366 3817 iii
1397 3764 1651 3832 religione
1697 3772 1871 3815 metus
1913 3773 1966 3814 et

409 3835 602 3886 caritas
631 3836 829 3897 divina,
859 3847 912 3888 et
941 3837 1238 3903 liujusmodi
1268 3836 1391 3895 alia,
1428 3852 1476 3885 in
1521 3834 1713 3902 quibus
1740 3834 1851 3899 ipsa
1884 3848 1965 3886 re-

408 3903 534 3970 ligio
554 3904 852 3957 Christiana
879 3908 1097 3957 tnultutn
1129 3915 1213 3958 est
1257 3904 1567 3958 reverenda.
1603 3905 1705 3956 Sed
1735 3905 1849 3970 ejus
1883 3918 1966 3956 ie-

410 3987 701 4026 vereniiam
735 3975 911 4041 plures
936 3984 1210 4041 usurpant,
1255 3976 1492 4027 dicentes
1517 3989 1574 4027 se
1612 3973 1964 4025 Christianam

410 4042 721 4109 religionem
753 4046 968 4109 habere,
999 4062 1103 4097 non
1131 4045 1290 4097 modo
1326 4059 1431 4096 non
1460 4047 1705 4097 timentes
1733 4044 1964 4095 divinam

409 4127 571 4179 super
604 4128 662 4166 se
704 4122 1034 4181 potestatem,
1064 4123 1155 4167 aut
1183 4128 1285 4167 non
1316 4125 1555 4166 amantes
1585 4114 1818 4165 divinam
1843 4128 1964 4181 erga

410 4198 470 4238 se
491 4184 809 4249 bonitatem;
843 4200 1025 4237 verum
1047 4189 1205 4237 etiam
1232 4186 1296 4236 de
1326 4184 1407 4236 liis
1427 4199 1543 4249 qua:
1572 4182 1637 4235 ad
1671 4184 1824 4235 ﬁdem
1851 4200 1967 4249 per-

413 4254 583 4308 tinent
631 4271 733 4307 nou
762 4267 905 4307 recte
925 4256 1222 4309 credentes.
1249 4256 1353 4307 Sed
1387 4264 1445 4307 ut
1468 4257 1535 4307 de
1561 4253 1768 4306 caeteris
1792 4264 1966 4308 tacea-

412 4339 549 4388 mus,
581 4339 643 4377 ea
676 4326 802 4378 ﬁdes
833 4328 1061 4379 maxime
1086 4342 1146 4379 ac
1171 4327 1407 4379 solitarie
1456 4326 1649 4391 pollet,
1693 4325 1818 4377 item
1859 4342 1965 4377 siu-

412 4395 579 4517 g}ulari
608 4409 668 4447 ac
695 4410 901 4449 summa
945 4398 1198 4464 dignitate
1246 4405 1328 4450 est
1373 4398 1690 4457 reverenda,
1738 4411 1855 4463 qua:
1884 4397 1964 4449 vel

465 4480 597 4517 raece
632 4467 875 4517 καθολικῂ.
925 4469 1007 4517 νει
1047 4471 1231 4517 Latine
1279 4466 1593 4517 universalis
1640 4480 1886 4517 vocatur:
1915 4480 1964 4517 et

465 4480 597 4517 raece
632 4467 875 4525 καθολική,
925 4469 1007 4519 vel
1047 4471 1231 4520 Latine
1279 4466 1593 4520 universalis
1640 4480 1886 4527 vocatur;
1915 4480 1967 4518 et

416 4537 515 4587 huc
533 4536 736 4628 duabus
755 4539 819 4589 de
844 4538 1016 4628 caus'is
1041 4580 1054 4598 ,
1088 4547 1203 4618 tuiii_
1226 4538 1428 4628 scilicet
1462 4547 1674 4604 propter
1704 4548 1963 4628 praeCepta
1999 4570 2045 4628 Β

415 4607 786 4658 universalium
834 4610 1152 4674 regularum,
1195 4610 1244 4661 id
1275 4621 1356 4661 est
1393 4619 1608 4673 pr0pter
1638 4607 1965 4660 universales

416 4678 623 4741 regulas
655 4691 1038 4745 praceptorum
1069 4696 1082 4731 :
1110 4696 1225 4746 qua:
1260 4681 1358 4731 hoc
1385 4679 1500 4731 loco
1547 4679 1793 4730 dicuntur
1841 4680 1962 4730 uni-

414 4748 665 4810 versales,
691 4748 810 4814 quia
844 4764 945 4801 non
977 4751 1063 4801 iitii
1099 4750 1310 4815 populo,
1341 4750 1481 4801 sicut
1508 4747 1586 4799 lex
1618 4748 1739 4800 liliis
1771 4750 1962 4809 Israel;

415 4832 513 4870 nec
547 4816 633 4868 iiiii
663 4820 831 4879 sexui,
860 4820 996 4871 sicut
1023 4821 1354 4872 curcuiiicisio
1385 4817 1666 4879 masculis;
1697 4818 1790 4870 sed
1820 4832 1964 4870 omni

415 4888 631 4955 populo,
662 4890 802 4941 omni
832 4890 996 4951 sexui,
1026 4894 1167 4942 omni
1201 4890 1427 4956 denique
1456 4890 1618 4949 aitait,
1657 4899 1815 4955 atque
1839 4902 1964 4939 coii-

414 4956 603 5009 ditioui
634 4958 951 5012 indicuntur.
984 4960 1093 5013 Uita
1123 4959 1262 5012 enim
1296 4962 1448 5019 lides,
1482 4972 1642 5010 utiutn
1684 4958 1963 5024 baptisma,

417 5043 549 5079 unus
574 5028 817 5081 saeiilicii
847 5032 997 5094 ritus,
1021 5047 1121 5082 una
1162 5040 1377 5093 cantas,
1408 5042 1509 5081 una
1555 5042 1679 5093 spes
1718 5028 1967 5081 omnibus

415 5100 731 5164 priedicatur
757 5116 771 5151 :
800 5102 989 5167 quibus
1034 5102 1230 5169 regulis
1273 5105 1661 5167 praeceptorum
1727 5099 1966 5165 ejusdem

413 5169 731 5221 Christiana:
765 5171 1033 5238 ieligiunis
1058 5171 1401 5237 intelligatur,
1435 5170 1483 5220 id
1514 5180 1592 5221 εει
1621 5170 1838 5236 intelligi
1872 5184 1969 5237 po-

418 5248 545 5305 test,
576 5251 888 5305 auctoritas,
920 5242 968 5293 id
1000 5252 1082 5293 est
1128 5241 1261 5308 prin.
1281 5240 1509 5308 ipalitas.
1538 5238 1669 5290 Tmn
1693 5244 1969 5306 propterea

414 5314 554 5376 quod
582 5308 697 5377 ejus
746 5312 864 5363 ﬁdei
906 5312 1099 5369 cultus.
1130 5327 1234 5379 quo
1265 5310 1471 5363 scilicet
1498 5309 1630 5361 ﬁdes
1674 5312 1803 5361 illud
1853 5322 1973 5361 esse

414 5394 480 5432 ex
500 5394 605 5447 quo
632 5392 732 5442 est,
763 5381 1013 5449 quidquid
1045 5392 1143 5442 est,
1174 5390 1474 5443 veneratur,
1508 5394 1600 5445 per
1629 5394 1814 5432 omnes
1842 5393 1975 5441 pene

416 5451 595 5501 mundi
631 5460 885 5504 terminos
913 5452 1198 5513 emanavit.
1231 5451 1282 5504 id
1313 5462 1415 5516 est,
1438 5463 1606 5518 usque
1632 5450 1699 5502 ad
1731 5452 1862 5503 ﬁnes
1891 5465 1976 5501 or-

414 5518 497 5573 bis
524 5521 781 5586 pervenit.

488 5590 649 5660 Cujus
668 5590 799 5653 lucc,
829 5595 965 5655 etc.]
1003 5590 1426 5644 Christianorum
1459 5590 1561 5643 ﬁde
1589 5587 1975 5660 commendata,

416 5662 542 5730 quid
558 5658 639 5714 de
672 5662 843 5713 Patris
872 5674 924 5714 et
950 5661 1064 5714 Filii
1093 5672 1147 5714 et
1174 5663 1403 5730 Spiritus
1428 5664 1705 5713 amborum
1750 5658 1978 5711 essentia

417 5741 472 5784 et
498 5732 911 5800 proprietatibus
958 5730 1060 5789 ipsi
1103 5735 1355 5791 sentiant,
1385 5732 1537 5785 dicit.
1572 5731 1635 5781 Et
1665 5731 1835 5800 primo
1872 5732 1981 5783 sin-

419 5799 657 5872 gularem
682 5814 735 5855 et
756 5802 1046 5871 supplicem
1075 5819 1193 5857 esse
1238 5803 1390 5855 trium
1418 5801 1702 5854 essentiam
1728 5799 1866 5853 dicit
1892 5815 1982 5852 eos

2080 531 2176 606 bus
2207 532 2411 606 probat.
2441 532 2600 597 Quasi
2626 531 3173 606 :AFides_universalis
3193 551 3429 606 maxime
3458 541 3643 606 pollet.

2076 601 2236 665 Cujus
2270 605 2388 655 ﬁdei
2430 604 2695 655 sententia
2738 605 2803 654 de
2827 603 3121 664 Trinitatis,
3154 605 3201 657 id
3233 616 3315 658 est
3351 601 3506 662 triiiin
3543 628 3639 662 nii-

2078 688 2227 747 inero
2257 675 2591 747 diversarum
2617 688 2985 739 personarum,
3015 676 3234 737 unitate,
3270 677 3318 727 id
3350 690 3431 729 est
3462 684 3640 747 singn-

2078 741 2285 814 laritate
2318 745 2608 796 secundum
2642 748 2949 803 essentiam,
2981 746 3079 795 hnc
3110 756 3210 802 est.
3234 762 3351 814 qua:
3381 741 3639 813 sequitur.

2079 812 2480 878 liiqniiiiiteniin
2504 814 2719 867 ﬁdeles:
2748 814 2900 866 Pater
2919 826 2994 865 νει
3022 815 3182 878 Deus,
3203 812 3364 871 Filius
3381 812 3467 871 est
3483 820 3641 876 Deus.

2072 882 2308 958 Spiritus
2350 894 2567 958 satirtus
2608 892 2697 958 est
2736 884 2907 958 Deus;
2952 895 3113 951 atque
3158 886 3385 938 inferunt
3421 905 3435 940 :
3481 889 3642 958 Igitur

2076 951 2255 1017 Pater,
2294 964 2345 1007 ει
2377 954 2563 1017 Filius,
2587 963 2640 1007 et
2679 955 2907 1018 Spiritus
2938 968 3174 1016 sanctus,
3203 968 3325 1008 sunt
3356 951 3643 1013 iiiius'siii-

2072 1025 2355 1089 gularilate
2384 1026 2632 1078 essentia:
2665 1023 2823 1085 Deus,
2856 1041 2957 1075 non
3004 1034 3109 1077 tres
3150 1026 3247 1083 Dii.
3285 1030 3332 1078 id
3373 1038 3486 1093 est,
3518 1044 3642 1085 sunt

2074 1110 2233 1147 unum
2276 1095 2513 1147 omnium
2543 1110 2689 1154 εδει»,
2719 1110 2822 1146 non
2863 1094 2980 1145 tria.
3019 1095 3081 1147 Et
3120 1098 3333 1150 attende
3363 1101 3502 1166 quod
3536 1118 3637 1153 nou

2072 1166 2367 1219 secundum
2396 1167 2733 1235 naturalium.
2767 1166 2859 1217 sed
2887 1166 3178 1217 secundum
3220 1168 3635 1235 theologicorum

2075 1237 2339 1301 prOpi-iam
2394 1238 2653 1288 rationem
2712 1234 2825 1287 huic
2876 1236 3125 1288 inferunt.
3170 1235 3297 1289 Nam
3345 1244 3637 1294 secundum

2074 1307 2394 1358 naturalium
2452 1307 2731 1361 rationem.
2764 1320 2883 1371 qua:
2921 1314 3002 1358 est
3043 1322 3266 1360 numero
3306 1309 3636 1366 diversorum

2072 1375 2312 1430 diversas
2360 1392 2581 1429 numero
2632 1390 2751 1427 esse
2783 1387 3016 1438 naturas,
3046 1392 3231 1429 contra
3280 1382 3490 1443 evenit,
3540 1394 3637 1441 ut:

2074 1444 2223 1498 Plato
2260 1456 2341 1499 est
2393 1447 2570 1509 homo,
2611 1447 2799 1498 Cicero
2838 1458 2919 1498 est
2966 1447 3155 1510 homo,
3201 1449 3515 1505 Aristoteles
3554 1470 3638 1509 est

2074 1514 2252 1567 homo.
2284 1518 2444 1583 Igitur
2495 1517 2666 1577 Plato,
2717 1524 2771 1568 et
2814 1516 3022 1576 Cicero,
3066 1532 3115 1570 et
3162 1523 3473 1573 Aristoteles
3514 1539 3631 1577 sunt
3670 1520 3681 1531 ’

2072 1595 2182 1638 tres
2226 1587 2485 1650 homines,
2522 1603 2626 1639 non
2677 1601 2811 1639 unus
2860 1588 3224 1654 siiigiilaritate
3278 1592 3637 1649 subsistentia:

2073 1662 2250 1707 homo.
2278 1656 2408 1709 Cum
2439 1660 2579 1710 enim
2602 1657 2823 1709 dicitur:
2851 1657 3001 1709 Plato
3024 1668 3103 1709 est
3138 1659 3315 1720 homo,
3342 1664 3529 1718 Cicero
3558 1680 3640 1719 est

2075 1726 2253 1785 homo,
2289 1729 2601 1780 Aristoteles
2631 1735 2713 1779 est
2754 1726 2933 1781 homo.
2970 1742 3073 1779 non
3102 1730 3274 1781 solum
3297 1733 3361 1783 de
3390 1734 3516 1795 alio,
3544 1742 3635 1790 sed

2071 1805 2121 1847 ct
2152 1798 2519 1865 singularitate
2567 1797 2683 1859 sui,
2719 1797 2873 1850 aliter
2899 1797 3091 1851 dicitur
3134 1802 3365 1855 secunda
3402 1806 3638 1860 al‘ﬁrma-

2072 1866 2215 1942 tione
2283 1884 2438 1942 quam
2490 1870 2692 1932 prima,
2744 1880 2797 1920 et
2829 1867 2989 1942 aliter
3035 1871 3185 1942 tertia
3222 1886 3379 1938 quam
3436 1878 3636 1942 prima,

2071 1936 2153 1989 vel
2186 1940 2436 2011 secunda.
2471 1942 2723 2001 Quanms
2754 1939 2896 1991 enim
2928 1940 3163 1993 secunda
3194 1936 3251 1994 et
3278 1936 3636 2011 tertia‘primml

2070 2009 2462 2071 prmdieativum
2494 2018 2737 2074 repetant
2768 2022 2962 2063 nomen
2982 2050 2996 2071 ,
3027 2024 3137 2063 rem
3176 2022 3351 2067 tamen
3387 2009 3639 2078 pra-dica-

2070 2085 2175 2148 tam
2210 2094 2314 2130 non
2343 2089 2614 2145 repetunt;
2666 2078 2760 2131 sed
2811 2081 3054 2146 quamvis
3100 2083 3423 2148 conformes,
3460 2096 3633 2144 tamen

2067 2146 2305 2201 diversas
2330 2167 2343 2202 :
2374 2151 2479 2202 imo
2499 2151 2619 2218 quia
2643 2148 2968 2211 conformes,
3000 2165 3127 2218 ergo
3157 2167 3378 2205 numero
3398 2146 3636 2213 diversas

2067 2232 2093 2265 ει
2122 2231 2181 2269 se
2215 2220 2437 2272 invicem
2472 2232 2688 2272 naturas
2720 2220 2786 2271 de
2826 2235 3050 2275 numero
3081 2236 3107 2271 a
3150 2236 3208 2273 se
3238 2225 3461 2278 diversis
3490 2227 3634 2281 afﬁr-

2069 2298 2235 2353 utaut,
2264 2300 2316 2341 et
2354 2292 2465 2342 lucc
2502 2291 2660 2342 trium
2709 2289 2775 2342 de
2798 2291 2966 2342 tribus
2997 2292 3399 2357 praedicatorum
3447 2312 3635 2355 neces-

2066 2359 2202 2431 saria
2236 2358 2530 2414 diﬁ'erentia
2565 2376 2687 2431 non
2715 2361 2909 2425 patitur
2955 2362 3087 2412 hanc
3131 2363 3545 2431 aduiiatiouem,
3579 2382 3634 2423 ut

2068 2426 2287 2492 dicatur,
2324 2431 2504 2492 Plato,
2546 2439 2601 2484 et
2631 2430 2849 2494 Cicero,
2883 2440 2936 2483 et
2964 2430 3311 2490 Arismteles.
3347 2446 3469 2489 sunt
3499 2426 3633 2494 unus

2064 2497 2404 2575 singulariter
2432 2502 2609 2554 homo.
2639 2502 2768 2575 Cum
2788 2500 3144 2575 verodicititr,
3180 2503 3332 2575 Pater
3356 2516 3439 2559 est
3465 2509 3632 2575 Deus,

2068 2566 2230 2646 Filius
2258 2582 2341 2623 est
2372 2571 2789 2646 Deus,_Spiritus
2818 2572 3093 2623 amborum
3124 2584 3202 2646 est
3235 2574 3373 2627 Deus
3406 2593 3420 2629 :
3452 2566 3635 2646 quam;

2069 2637 2147 2689 vis
2168 2639 2234 2717 de
2257 2657 2479 2717 numero
2500 2637 2750 2717 diversis,
2776 2650 2957 2717 tamen
2987 2658 3091 2717 non
3117 2642 3323 2717 diversa
3350 2637 3631 2717 dicuntur;

2066 2717 2120 2784 et
2149 2712 2285 2763 sicut
2322 2714 2551 2765 nominis
2576 2754 2590 2775 ,
2626 2716 2693 2765 ita
2720 2714 2879 2766 etiam
2913 2712 3001 2784 rei
3049 2715 3344 2779 prazdicatae
3389 2712 3636 2784 repetitio

2066 2776 2296 2857 ςδειιτιιεει
2321 2799 2336 2847 ;
2358 2793 2412 2857 et
2431 2784 2545 2837 limc
2567 2785 2725 2857 unius
2752 2785 2816 2857 de
2842 2782 3008 2857 tribus
3029 2776 3299 2857 praediciti
3333 2776 3630 2845 necessaria

2069 2851 2726 2927 indilferentiapermittit,
2760 2855 2866 2927 into
2896 2855 3078 2927 eaigit.
3104 2854 3289 2927 eadem
3320 2858 3417 2909 tria
3444 2862 3507 2913 ad
3533 2862 3632 2915 bu-

2061 2922 2148 2997 jus
2179 2931 2259 2999 ter
2284 2924 2580 2999 pradicant:
2610 2924 2857 2999 essentia:
2906 2922 3325 2999 singularitatem
3356 2934 3629 2999 conjungi,

2068 2990 2139 3041 ita
2166 3008 2177 3041 :
2212 2992 2388 3057 Pater,
2421 2994 2603 3058 Filius,
2632 2994 2910 3046 amborum
2940 2994 3189 3059 Spiritus,
3216 3005 3338 3049 sunt
3361 2990 3493 3051 unus
3522 2990 3631 3055 siné

2066 3059 2319 3126 gularitet‘
2351 3064 2506 3116 Deus.
2557 3064 2716 3116 liccte
2756 3078 2885 3131 ergo
2915 3063 3051 3115 hanc
3082 3062 3309 3119 ﬁdelium
3340 3066 3635 3125 illation‘em

2068 3144 2134 3182 ex
2172 3131 2587 3202 tlieologicorum
2624 3133 2833 3202 propria
2862 3131 3230 3189 indifferentia:
3256 3140 3460 3193 ratione
3485 3155 3627 3194 enni-

1995 3197 2039 3259 C
2070 3202 2328 3255 mendatis
2354 3197 2430 3255 ait
2460 3221 2471 3253 :

2139 3269 2321 3342 Cujus,
2355 3271 2483 3342 etc.]
2519 3273 2714 3336 Quasi:
2749 3271 2959 3325 Fideles
2986 3273 3195 3325 divisiin
3226 3275 3443 3332 dicunt:
3477 3282 3632 3337 Pater

2068 3351 2149 3393 est
2173 3342 2309 3396 Deus
2334 3360 2347 3402 ;
2376 3344 2500 3397 item
2533 3344 2697 3395 Fiiius
2732 3353 2816 3395 est
2868 3343 3047 3405 Deus;
3077 3345 3202 3399 item
3242 3348 3467 3413 Spiritus
3510 3366 3634 3405 san-

2068 3421 2295 3487 ctus_est
2330 3416 2490 3487 Deus.
2518 3413 2836 3487 Atqueiiide
2862 3413 3188 3480 conjunctim
3220 3416 3490 3473 inierunt:
3525 3423 3628 3487 lgi-

2070 3491 2155 3533 tur
2185 3481 2358 3546 Pater,
2395 3483 2583 3546 Filius,
2610 3484 2837 3550 Spiritus
2879 3493 3103 3537 sanctus
3146 3496 3269 3538 sunt
3300 3502 3436 3540 unus
3471 3481 3627 3547 Deus.

2070 3551 2398 3627 Uti-quinm,
2434 3555 2803 3627 silwrmionc.
2840 3554 3036 3627 quippe
3065 3553 3215 3627 cujus
3241 3556 3630 3627 ciiiij'unctioni!

2072 3625 2206 3695 ratio
2221 3622 2229 3691 l
2244 3620 2409 3691 Supp.
2429 3624 2518 3694 sit]
2538 3625 2676 3678 illius
2690 3638 2848 3692 quam
2864 3620 3172 3678 dedivérsis
3193 3620 3397 3695 agendo
3413 3631 3626 3686 divisim

2068 3692 2135 3767 de
2159 3694 2287 3760 ipsis
2308 3692 2575 3767 afﬁrmant
2594 3696 2844 3767 essentia:
2866 3697 3017 3749 uiiiiis
3040 3692 3414 3767 iudiii'ereiitia.
3431 3702 3628 3767 Quam-

2073 3766 2149 3814 vis
2177 3766 2336 3841 aliqui
2382 3769 2490 3841 sint
2515 3766 2602 3831 qui
2631 3766 2861 3841 diverSIs
2905 3766 3361 3841 enuiitiiiioiiibus
3390 3766 3493 3824 illis
3524 3788 3623 3841 pii-

2072 3844 2180 3912 t.in_t
2202 3835 2430 3912 sicut_de
2458 3836 2802 3912 diversis-ita
2853 3840 3062 3903 Quoque
3112 3836 3321 3912 diversa
3354 3842 3453 3894 dici
3479 3860 3495 3895 :
3524 3835 3624 3912 'qui

2070 3906 2293 3967 scilicet,
2320 3905 2512 3958 Filium
2536 3915 2625 3957 aut
2646 3904 2900 3976 Spiritum
2926 3916 3168 3959 sanctum
3196 3909 3507 3976 opinantur,
3537 3904 3629 3967 aut

2069 3975 2231 4026 alium
2256 3990 2286 4026 a
2325 3976 2501 4037 Patre,
2546 3984 2635 4025 aut
2677 3975 2831 4026 aliter
2878 3989 3032 4041 quam
3068 3977 3275 4029 Patrem
3311 3980 3470 4033 Deum
3495 3975 3627 4039 dici.

2073 4045 2174 4118 Eos
2195 4044 2343 4118 enim
2362 4046 2539 4118 procul
2562 4045 2721 4097 dubio
2741 4043 2933 4118 comita
2964 4061 3023 4097 ur
3044 4046 3364 4109 dill‘erentia,
3396 4053 3484 4118 qui
3507 4068 3627 4107 cum

2068 4116 2227 4165 alium
2254 4113 2348 4167 alii
2376 4116 2677 4175 conferunt,
2699 4113 2780 4166 vel
2810 4126 3023 4179 augent,
3070 4120 3234 4168 alium
3265 4113 3493 4172 dicendo
3518 4138 3630 4175 ma-

2065 4186 2235 4249 jorem
2262 4199 2277 4247 ;
2310 4184 2389 4236 vel
2417 4184 2678 4246 minuunt,
2706 4184 2868 4236 alium
2899 4182 3125 4237 dicendo
3154 4188 3432 4243 minorem.
3468 4190 3630 4247 Verbi

2068 4264 2257 4321 gratia,
2293 4264 2345 4306 ut
2396 4254 2599 4317 Ariani,
2632 4255 2719 4320 qui
2760 4253 3101 4317 Trinitatem,
3137 4258 3185 4307 id
3243 4267 3324 4310 est
3375 4261 3472 4312 lios
3521 4273 3629 4315 tres

2070 4340 2295 4391 quorum
2328 4337 2464 4376 unus
2492 4322 2666 4386 Pater,
2698 4324 2838 4377 alius
2869 4322 3051 4385 Filius,
3090 4326 3223 4379 alius
3262 4328 3489 4393 Spiritus
3517 4346 3633 4384 san-

2071 4408 2186 4446 ctus
2219 4405 2457 4455 vocatur,
2482 4393 2750 4447 variantes
2774 4394 3092 4461 quibusdam
3121 4398 3377 4464 gradibus
3417 4402 3631 4455 merito-

2073 4482 2208 4525 rum,
2229 4477 2387 4532 atque
2417 4468 2656 4518 dicentes
2690 4465 2898 4517 Patrem
2949 4479 3068 4519 esse
3098 4482 3355 4533 majorem
3397 4470 3549 4535 Filio,
3580 4485 3635 4525 et

2074 4535 2473 4601 h‘iliuiuSpiritii
2501 4544 2701 4593 sancto,
2734 4534 3059 4599 distrahunt,
3101 4536 3151 4589 id
3191 4549 3294 4601 est,
3324 4555 3426 4592 non
3473 4544 3632 4596 modo

2072 4608 2427 4673 personalium
2458 4605 2859 4672 proprietatum,
2890 4620 3072 4658 verum
3110 4601 3269 4662 etiam
3321 4622 3632 4666 naturarum

2070 4691 2291 4728 iiuinero
2313 4675 2644 4741 distinguunt
2672 4692 2685 4725 ε
2706 4676 2961 4739 dicentes,
2981 4676 3151 4730 solum
3175 4678 3380 4732 Patrem
3405 4684 3626 4735 veritate

2068 4745 2317 4799 essentia:
2354 4745 2538 4806 Deum,
2571 4743 2760 4797 Filium
2788 4759 2916 4798 vero
2941 4757 3262 4813 creaturam,
3294 4759 3345 4802 et
3376 4750 3629 4817 Spiritum

2068 4825 2310 4868 sanctum
2336 4823 2594 4868 creaturae
2616 4825 2937 4869 creaturam.
2970 4818 3098 4881 Quae
3139 4819 3385 4872 nimirum
3406 4824 3630 4877 diversi—

2070 4896 2149 4959 tas
2171 4900 2235 4959 ex
2266 4886 2575 4959 meritorum
2593 4884 2847 4959 gradibus
2867 4888 3167 4941 necessario
3194 4889 3522 4959 intelligitur,
3543 4895 3631 4957 qui

2070 4956 2168 5009 nisi
2181 4958 2232 5008 in
2250 4946 2663 5019 diversiictia'm
2677 4956 2913 5022 ejusdem
2934 4960 3162 5023 generis,
3183 4946 3635 5015 naturauesse'nbn

2072 5035 2314 5099 passunt.
2334 5026 2513 5093 Neque
2533 5025 2674 5099 enim
2699 5027 2911 5080 homine
2936 5028 3094 5079 homo
3117 5030 3287 5096 major
3314 5038 3405 5083 aut
3429 5031 3640 5099 dignior

2071 5107 2236 5157 esset,
2267 5098 2365 5150 nisi
2390 5112 2591 5150 natura:
2618 5098 2923 5150 diversitate
2952 5102 3088 5150 alter
3108 5099 3175 5150 ab
3203 5102 3372 5154 altero
3392 5098 3535 5154 aliud
3558 5119 3637 5155 es»

2073 5176 2173 5220 set.
2193 5168 2325 5221 Cum
2351 5169 2509 5234 igitur
2534 5167 2715 5219 Ariani
2747 5167 3043 5227 Patrciii,et
3069 5169 3280 5237 Filium,
3307 5181 3360 5223 et
3382 5170 3641 5237 Spiritum

2074 5252 2317 5291 sanctum
2364 5238 2616 5305 gradibus
2667 5239 2872 5290 variant
2923 5248 3255 5303 meritorum,
3292 5243 3510 5293 eosdem
3542 5257 3639 5295 ne-

2077 5309 2313 5370 cessario
2357 5320 2664 5359 naturarum
2701 5307 2992 5359 iliﬂ'ereutia
3039 5307 3360 5370 distrahunt.
3398 5321 3555 5377 atque
3586 5313 3638 5365 in

2079 5393 2221 5438 eam,
2244 5394 2359 5443 que
2400 5378 2692 5430 secundum
2734 5379 2954 5429 turmam
2985 5376 3195 5444 generis
3224 5388 3325 5443 est,
3362 5376 3637 5442 pluralita-

2088 5458 2192 5501 teni
2228 5450 2501 5499 diducunt.
2554 5448 2768 5499 Illorum
2816 5448 2970 5515 igitur
3012 5448 3286 5514 opinione,
3317 5466 3439 5503 cum
3488 5452 3644 5504 Pater

2088 5518 2278 5570 dicitur
2306 5516 2465 5581 Deus,
2500 5530 2552 5570 et
2587 5515 2752 5568 Filius
2779 5517 2973 5569 dicitur
3006 5517 3165 5581 Deus,
3187 5530 3241 5572 et
3271 5520 3502 5585 Spiritus
3525 5538 3646 5573 sati-

2088 5598 2205 5642 ctus
2232 5585 2422 5640 dicitur
2455 5588 2616 5649 Deus,
2639 5586 2804 5639 Filius
2835 5588 3208 5655 intelligendus
3236 5601 3312 5643 est
3346 5592 3483 5645 alius
3510 5593 3647 5645 Dein.

2090 5674 2246 5730 quam
2298 5658 2481 5730 l’ater,
2513 5667 2567 5710 et
2610 5658 2839 5730 Spiritus
2877 5673 3091 5711 sanctus
3128 5660 3266 5711 alius
3316 5662 3451 5713 Deus
3493 5680 3646 5730 quam

2092 5728 2274 5788 Filius,
2303 5728 2381 5779 vel
2408 5727 2593 5791 Pater;
2628 5744 2797 5793 neque
2828 5727 2963 5780 hanc
2988 5745 3140 5789 posse
3174 5731 3288 5783 ﬁeri
3318 5727 3648 5798 conjunctio-

2091 5812 2233 5860 nein,
2265 5812 2362 5866 qui
2392 5798 2604 5859 dicitur,
2638 5798 2788 5851 Paler
2818 5810 2869 5851 et
2902 5799 3068 5853 Filius
3102 5811 3151 5852 ct
3183 5804 3409 5867 Spiritus
3437 5817 3647 5857 sani-tui
