4274 6272
647 351 782 406 {263

1827 347 1890 403 IN
1931 345 2184 401 LIBRUM
2224 343 2312 397 DE
2343 332 2706 396 TllthTATE

3755 349 3896 405 ηδε

642 476 765 520 sunt
795 479 928 518 unus
974 465 1140 527 Deus;
1183 464 1274 517 sed
1313 463 1483 517 lotelli
1525 464 1721 519 endum
1759 461 1902 532 quod
1951 462 2050 529 ipsi
2081 473 2202 515 sunt
2237 467 2282 522 Α
2309 463 2451 517 enim
2481 462 2658 531 plures
2680 462 2924 516 homines
2963 477 3100 516 uiuis
3145 463 3226 517 vel
3275 463 3413 518 idem
3447 464 3630 525 homo,
3656 472 3712 518 et
3739 465 3893 532 plura

645 537 824 588 ttlttl‘es
867 535 964 588 dii.
996 533 1421 588 quandoquidem
1465 480 1631 588 [ignitis
1689 534 1822 587 alter
1869 532 2009 586 Deus
2045 547 2204 588 etiam
2312 535 2556 586 animalia
2589 549 2748 586 unum
2796 534 2876 586 vel
2909 531 3048 586 idem
3085 535 3278 587 animal
3321 551 3439 588 esse
3492 534 3761 588 dicuntur.
3814 538 3893 588 Ah

645 537 824 600 plures
867 535 964 596 dii,
996 533 1421 603 quandoquidem
1465 532 1631 588 Filius
1689 534 1822 587 alter
1869 532 2009 586 Deus
2045 547 2204 601 quam

646 608 817 664 Pa'er,
845 613 900 658 et
946 605 1174 667 Spiritus
1212 619 1426 657 saucius
1465 606 1598 659 alter
1649 605 1787 658 Deus
1826 618 1983 671 quant
2017 603 2203 666 Filius,

644 678 722 730 vel
772 677 944 730 Pater.
991 675 1175 728 Omnis
1219 674 1363 729 enim
1411 691 1528 743 qua:
1574 690 1702 729 vero
1750 674 1964 727 nomine
2010 673 2207 726 dicitur

645 746 958 810 pluralitaiis
990 745 1305 814 principium
1335 756 1416 800 est
1441 745 1698 810 alteritas,
1723 751 1954 814 quaeest
1979 743 2206 797 dualitao

643 820 730 870 tis.
786 813 1174 869 Przeter'lianc’
1202 818 1345 870 enim
1392 816 1666 869 dualitatis
1710 813 2056 875 alteritatem,
2110 830 2206 867 nec

642 889 798 940 ctiam
852 885 1076 955 intelligi
1128 885 1456 955 potestquid
1501 885 1571 939 sit
1613 885 1891 952 pluralitas
1919 901 1930 934 :
1957 887 2206 952 quoniam

641 959 815 1009 omnis
844 957 1118 1022 pluralitas
1147 964 1237 1009 aut
1265 965 1374 1009 tota
1402 965 1484 1010 est
1509 956 1754 1015 dualitas.
1781 965 1871 1007 aut
1901 965 2111 1008 constat
2140 970 2202 1008 ex

643 1027 914 1081 dualitate.
963 1025 1206 1079 Binarius
1252 1027 1418 1090 enim,
1459 1041 1562 1080 non
1596 1027 1694 1079 nisi
1723 1039 1788 1078 ex
1821 1024 1927 1078 un‘o
1957 1036 2008 1077 et
2041 1025 2209 1078 altero

643 1107 880 1160 constat;
926 1099 1188 1150 tertiarius
1217 1110 1364 1158 vero,
1410 1112 1473 1149 ex
1515 1095 1722 1149 binario
1751 1107 1798 1148 et
1831 1110 1966 1158 uno;
1997 1107 2209 1164 quater-

645 1169 822 1221 narius
853 1177 1030 1221 autem
1063 1181 1126 1218 ex
1159 1165 1367 1219 duobus
1396 1167 1614 1220 binariis
1640 1183 1652 1217 :
1676 1178 1727 1219 et
1750 1166 2004 1234 deinceps
2033 1168 2210 1220 omnis

644 1253 896 1292 numerus
932 1251 1135 1304 partem
1173 1236 1329 1290 habet
1359 1236 1641 1290 binarium.

713 1308 890 1362 Trium
912 1322 1145 1376 namque,
1198 1307 1323 1376 etc.]
1390 1307 1642 1360 Dixerunt
1694 1304 2050 1374 pluralitatem
2091 1319 2210 1376 esse

642 1395 707 1435 ex
727 1379 1013 1432 alteritate.
1043 1375 1196 1431 Nunc
1223 1380 1515 1432 secundum
1557 1392 1676 1445 qua:
1706 1377 1773 1429 sit
1826 1376 2067 1429 alteritas
2096 1375 2208 1428 sive

645 1452 917 1513 pluralitas
961 1449 1014 1501 in
1064 1449 1394 1502 naturalibus
1421 1490 1435 1511 ,
1472 1449 1617 1513 juxta
1661 1461 1888 1513 quorum
1947 1448 2206 1499 rationem

640 1521 822 1574 Ariani
877 1519 1154 1591 Patremet
1190 1517 1379 1572 Filium
1419 1525 1473 1571 et
1521 1517 1778 1591 Spiritum
1818 1525 2057 1591 sanctum
2111 1531 2218 1591 nu:

642 1608 790 1645 mero
813 1590 1115 1644 distrahunt
1158 1598 1487 1647 naturarum,
1539 1589 1800 1641 divisione
1856 1587 2204 1638 demonstrat.

641 1663 803 1727 Quasi
835 1678 846 1712 :
884 1659 1166 1712 Pluralitas
1199 1668 1374 1712 estex
1408 1661 1673 1711 alteritate
1727 1677 1736 1707 :
1789 1656 2112 1727 vereaNam
2127 1658 2207 1709 vel

640 1726 703 1784 ex
732 1731 964 1801 generis,
996 1728 1078 1782 vel
1106 1744 1168 1781 ex
1199 1728 1419 1801 speciei,
1458 1730 1537 1779 vel
1568 1742 1636 1801 ett
1688 1727 1896 1801 numeri
1919 1726 2205 1801 alteritate.

641 1795 822 1853 Trium
847 1813 1105 1868 namque,
1134 1799 1220 1852 vel
1249 1807 1495 1866 quatuor,
1538 1799 1621 1850 vel
1649 1798 1904 1868 quinque,
1933 1795 2018 1849 vel
2047 1803 2206 1864 quot-

641 1867 1411 1926 libetrerumsuhsistentium
1467 1867 1747 1920 diversitas
1797 1873 2028 1929 constat,
2099 1875 2206 1918 tum

641 1954 855 2012 genere,
887 1951 996 1993 tum
1019 1938 1220 2012 _speci_e,
1255 1948 1364 2012 tum
1399 1952 1639 2012 numero.
1669 1939 1763 2012 Qui
1785 1936 1819 1989 d
1847 1950 2209 2012 excornpara-

641 2005 786 2066 tione
805 2009 1030 2079 Oppositi
1057 2005 1251 2076 probat
1273 2009 1376 2061 ita:
1404 2008 1620 2074 Quoiies
1649 2010 1786 2079 enim
1834 2005 2029 2059 diiitur
2048 2006 2206 2079 idem,

639 2083 796 2136 toties
819 2076 980 2136 etiam
1013 2081 1278 2132 diversum
1310 2081 1644 2144 pradicitur.
1691 2078 1830 2129 Ιάυιιι
1865 2091 1990 2128 vero
2017 2076 2210 2128 diritur

639 2153 808 2206 tribus
837 2150 1106 2217 praedictis
1140 2150 1309 2202 modis
1342 2166 1354 2200 :
1383 2149 1606 2210 scilicet,
1636 2147 1720 2202 vel
1750 2161 1966 2217 genere,
1991 2148 2069 2198 vel
2091 2161 2212 2212 spe-

639 2224 740 2283 cie,
765 2216 847 2276 vel
889 2236 1130 2274 numero.
1156 2217 1383 2281 Geuere,
1416 2229 1470 2269 ut
1514 2217 1651 2271 idem
1719 2228 1800 2270 est
1846 2216 2005 2269 homo
2070 2217 2208 2284 quod

637 2308 805 2360 equus
835 2311 846 2344 :
873 2293 993 2359 quia
1019 2290 1249 2342 uominis
1272 2300 1322 2344 et
1352 2288 1472 2357 equi
1503 2287 1641 2341 idem
1687 2299 1768 2342 est
1811 2302 2011 2360 genus,
2063 2289 2211 2340 verbi

637 2358 824 2429 gratia,
862 2358 920 2416 ut
944 2361 1159 2413 animal.
1194 2361 1427 2413 Diversa:
1455 2362 1650 2411 etenim
1701 2358 2080 2429 subisti-ptiar,
2141 2373 2208 2429 ex

639 2427 859 2500 qualium
881 2433 997 2485 aliis
1026 2432 1288 2491 homines,
1309 2439 1363 2484 et
1389 2445 1452 2483 ex
1475 2431 1592 2484 aliis
1617 2429 1760 2500 equi,
1785 2437 1909 2480 sunt
1933 2427 2209 2500 animalia,

639 2498 743 2556 non
786 2501 1115 2564 imitationis,
1149 2502 1230 2552 vel
1257 2500 1587 2568 imaginaria,
1620 2498 1713 2552 sed
1762 2498 2093 2550 substantiali
2139 2499 2213 2548 si-

639 2574 941 2627 militudine
997 2573 1142 2639 ipsos
1170 2571 1256 2638 qui
1315 2571 1606 2623 secundum
1661 2583 1752 2622 eas
1789 2568 2084 2639 subsistunt
2138 2568 2214 2619 fa-

640 2645 787 2697 ciunt
813 2657 931 2698 esse
959 2638 1281 2695 cniil‘ormes.
1335 2642 1460 2693 Item
1493 2640 1670 2705 Specie
1702 2639 1838 2691 idem
1863 2638 2094 2690 dicitur:
2130 2648 2204 2700 ut,

640 2714 778 2768 idem
809 2721 890 2768 est
917 2713 1044 2766 Cato
1083 2712 1222 2779 quod
1248 2711 1466 2773 Cicero,
1495 2712 1617 2777 quia
1645 2709 1868 2770 scilicet,
1919 2719 1971 2760 et
1993 2709 2210 2761 Catonis

641 2792 696 2838 et
723 2784 998 2838 Ciceronis
1030 2783 1214 2850 eadem
1246 2797 1455 2848 species
1484 2793 1584 2845 est,
1617 2779 1763 2834 verbi
1807 2783 1994 2847 gratia,
2030 2788 2089 2831 ut
2119 2780 2212 2830 bo-

631 2869 749 2908 mo.
780 2854 1011 2908 Diversa:
1051 2869 1279 2919 namque
1327 2852 1714 2910 subsistentiae,
1763 2864 1880 2918 qua:
1931 2864 2031 2902 una
2088 2859 2212 2902 sunt

640 2925 869 2994 species,
901 2939 1120 2994 quarum
1151 2924 1250 2976 alia
1308 2921 1459 2983 Cato,
1513 2923 1612 2994 alia
1655 2919 2044 2994 Qicerohomo
2108 2929 2209 2984 est,

641 2990 856 3051 eosdem
878 2990 1518 3049 substantialiterfaciunt
1556 2991 1780 3043 similes.
1832 2990 2066 3042 Numero
2117 3005 2212 3041 au-

641 3078 746 3121 tem
782 3067 919 3121 idem
951 3067 1166 3131 dicitur,
1221 3064 1357 3132 quod
1413 3063 1657 3132 quamvis
1691 3062 1868 3114 multis
1919 3061 2214 3132 appelletur

642 3139 966 3201 nmninibus,
999 3145 1174 3189 tamen
1223 3130 1513 3187 secundum
1551 3132 1792 3186 eamdem
1872 3130 2212 3198 singulariter

2312 535 2556 586 animalia
2589 549 2748 586 unum
2796 534 2876 586 vel
2909 531 3048 586 idem
3085 535 3278 587 animal
3321 551 3439 588 esse
3492 531 3761 588 dicuntur.
3814 538 3896 592 Ab

2314 603 2415 658 hoc
2441 620 2570 671 ergo
2600 619 2707 657 uno
2731 604 3001 656 diversum
3033 608 3149 670 quis
3183 608 3442 666 cegitans,
3472 616 3678 668 oportet
3708 615 3764 657 ut
3787 623 3890 660 non

2311 675 2468 726 modo
2495 683 2748 736 essentia,
2779 689 2961 727 verum
2994 677 3151 727 etiam
3207 676 3637 728 dissimilitudine
3665 681 3885 741 Opposi-

2313 752 2421 798 tum
2452 754 2746 812 camparet,
2775 756 2828 796 et
2862 745 3260 806 comparatione
3313 755 3545 814 opponat
3573 762 3586 796 :
3615 756 3666 796 ut
3699 763 3891 813 equum

2313 816 2536 874 homini,
2567 826 2620 870 et
2647 815 2872 880 lapidem
2902 815 3148 876 animali;
3176 827 3229 870 et
3259 817 3371 869 haec
3417 830 3616 880 genere
3658 818 3741 868 vel
3769 834 3895 881 spe-

2312 887 2394 939 cie
2425 887 2635 939 diversa
2661 886 2906 938 dicuntur
2934 894 2987 938 et
3016 885 3200 950 altera,
3244 886 3381 938 sicut
3406 888 3492 938 illa
3530 899 3650 952 qua:
3707 886 3891 940 diver-

2311 971 2489 1008 sarum
2523 967 2830 1009 naturarum
2870 955 3069 1007 adimat
3123 955 3492 1017 conformitas,
3554 971 3752 1024 genere
3803 957 3891 1011 vel

2311 1027 2493 1093 specie
2511 1042 2669 1080 unum
2697 1026 2966 1078 dicuntur.
3001 1025 3055 1077 lu
3089 1028 3220 1090 hac,
3263 1042 3416 1094 quam
3445 1026 3570 1078 facit
3601 1025 3743 1088 unio,
3771 1029 3894 1080 uni-

2313 1104 2420 1150 tate
2446 1111 2656 1163 semper
2677 1105 2759 1149 e-t
2795 1111 3065 1158 numerus,
3114 1111 3216 1149 non
3273 1095 3430 1150 modo
3469 1097 3892 1158 subsistentium,

2314 1181 2496 1220 verum
2523 1172 2683 1221 etiam
2714 1167 3194 1219 subsistentiarum.
3233 1165 3379 1220 Sicut
3438 1167 3580 1219 enim
3637 1183 3742 1219 non
3788 1167 3892 1222 nisi

2313 1252 2536 1290 numero
2556 1240 2788 1300 diversa,
2817 1236 2886 1288 ita
2915 1251 3017 1287 non
3051 1237 3153 1289 nisi
3202 1237 3493 1290 secundum
3538 1251 3786 1290 numeros
3812 1239 3896 1290 di-

2314 1321 2464 1360 versa
2500 1316 2722 1374 possunt
2760 1320 2882 1360 esse
2935 1308 3248 1360 conl'ormia.
3286 1307 3399 1360 Non
3455 1309 3596 1360 enim
3646 1308 3894 1363 similiter

2312 1389 2455 1430 esset
2486 1378 2643 1431 homo
2666 1376 2799 1430 Cato
2825 1377 2961 1429 sicut
2986 1377 3192 1443 Cicero,
3218 1377 3319 1431 nisi
3373 1377 3730 1431 subsistentia:
3773 1379 3894 1446 qui-

2314 1450 2413 1500 bus
2441 1457 2662 1514 uterque
2690 1446 2885 1514 aliquid
2899 1455 3010 1514 est,
3042 1456 3222 1500 essent
3270 1449 3430 1500 etiam
3456 1461 3677 1500 numero
3707 1447 3890 1500 diver-

2313 1532 2412 1580 sai,
2443 1532 2732 1586 earumque
2763 1519 3053 1570 numeralis
3083 1517 3363 1571 diversitas
3405 1533 3497 1570 eos
3543 1532 3763 1570 numero
3813 1517 3887 1571 la-

2312 1589 2384 1640 cit
2412 1603 2533 1642 esse
2561 1590 2824 1641 diversos.
2860 1587 3005 1640 llanc
3034 1597 3210 1642 autem
3242 1589 3294 1642 in
3341 1587 3673 1641 naturalibus
3702 1603 3887 1642 nume-

2311 1659 2477 1713 ralem
2511 1675 2614 1711 non
2649 1658 2808 1710 modo
2831 1658 3256 1724 subsistentium,
3301 1673 3483 1712 verum
3532 1657 3890 1712 etiamsubsi-

2311 1730 2622 1782 stentiarum
2686 1728 3048 1780 diversitatem
3074 1769 3088 1790 ,
3121 1743 3305 1782 eorum
3335 1742 3455 1796 qua:
3484 1730 3680 1781 adsunt
3708 1729 3888 1784 subsi-

2313 1800 2524 1852 stentiis
2593 1797 2697 1851 illis
2761 1798 2810 1850 iu
2886 1798 3088 1851 eisdem
3137 1799 3572 1864 subsistentibus,
3637 1799 3888 1852 acciden-

2318 1869 2444 1922 tium
2477 1867 2852 1921 dissimilitudo
2897 1883 2998 1920 non
3053 1868 3263 1934 quidem
3322 1868 3466 1933 facit,
3525 1869 3617 1922 sed
3667 1871 3886 1933 probat;

2315 1949 2367 1992 et
2395 1949 2569 1991 tamen
2600 1941 2721 2006 quia
2778 1937 3067 1990 numeralis
3119 1939 3446 1992 diversitalis
3467 1939 3762 2007 aliquorum
3794 1957 3882 1992 ac-

2313 2009 2604 2063 cidentium
2635 2008 3012 2062 dissimilitudo
3038 2023 3246 2077 semper
3268 2020 3351 2063 est
3371 2024 3574 2072 comes,
3631 2011 3742 2062 ba-c
3765 2009 3887 2078 jun-

2313 2080 2566 2132 CIissima:
2592 2079 2928 2147 proprietatis
2979 2080 3250 2133 consortio
3287 2095 3380 2146 pro
3429 2095 3494 2133 eo
3545 2079 3678 2148 quod
3707 2082 3886 2135 dicere

2313 2151 2494 2203 debuit
2537 2150 2744 2217 probat,
2796 2151 2942 2211 dict,
2997 2149 3166 2213 facit,
3238 2161 3558 2204 consecutus
3624 2149 3882 2219 adjniigit.

2315 2219 2416 2272 Sed
2439 2235 2554 2274 eam
2587 2236 2704 2286 quae
2729 2228 2812 2272 est
2841 2219 2892 2271 in
2949 2234 3170 2272 numero
3224 2219 3597 2277 differentiam,
3652 2221 3887 2274 dissimi-

2317 2291 2440 2342 lium
2465 2290 2816 2344 accidentium
2844 2291 3069 2341 varietas
3094 2288 3219 2342 facit
3252 2307 3264 2341 :
3295 2304 3438 2344 vere.
3470 2290 3597 2342 Nam
3626 2305 3883 2358 generum

2316 2361 2394 2413 vel
2434 2363 2732 2423 Specierum
2755 2359 3132 2412 dissimilitudo
3189 2361 3367 2414 taliter
3398 2361 3448 2413 in
3475 2361 3702 2427 ipsorum
3728 2363 3888 2413 unio-

2315 2447 2380 2484 ne
2407 2432 2617 2483 diiersa
2650 2446 2752 2481 non
2776 2429 2981 2482 dividit.
3023 2429 3178 2482 Verbi
3207 2432 3381 2496 gratia
3413 2471 3426 2494 ,
3488 2442 3590 2484 tres
3637 2431 3880 2484 lminines

2316 2518 2416 2552 non
2441 2501 2561 2553 dico
2591 2500 2949 2553 subsistentiis
2993 2499 3146 2552 unius
3203 2505 3425 2572 generis
3457 2503 3544 2572 vel
3575 2504 3726 2554 unius
3750 2517 3881 2567 spc-

2313 2572 2435 2633 ciei,
2459 2572 2549 2624 sed
2585 2586 2650 2623 ne
2671 2585 2755 2634 iue
2777 2585 2970 2636 genere
2994 2587 3164 2636 iii-que
3193 2571 3392 2634 specie,
3417 2571 3464 2623 id
3488 2581 3566 2622 est
3589 2573 3726 2624 nulla
3754 2574 3882 2623 sub-

2314 2642 2671 2695 sistentiarum
2703 2640 3156 2702 dissimilitudine,
3219 2645 3311 2694 sed
3367 2642 3476 2693 suis
3518 2642 3886 2696 accidentibus

2315 2711 2759 2766 dissimilitudinis
2783 2709 3002 2763 distant.
3036 2711 3164 2762 Nam
3183 2751 3198 2773 ,
3237 2712 3372 2765 sicut
3400 2713 3504 2778 jam
3553 2713 3750 2764 dictum
3779 2724 3886 2776 est,

2316 2793 2369 2834 ut
2392 2783 2567 2849 aliqua
2597 2782 2993 2833 subSisteniium
3023 2796 3215 2850 genere
3237 2787 3316 2835 vel
3349 2797 3526 2850 specie
3554 2783 3761 2835 diversa
3803 2784 3888 2835 di-
3933 2807 3937 2811 -

2315 2861 2522 2914 cantur,
2553 2861 2760 2917 oportet
2787 2865 2970 2903 eorum
2999 2852 3370 2905 sobsistentias
3411 2854 3568 2904 etiam
3617 2852 3888 2906 dissimili-

2316 2922 2500 2977 tudine
2551 2937 2668 2974 esse
2709 2921 2965 2974 divor-as.
3013 2921 3143 2974 Cum
3176 2932 3350 2975 autem
3375 2922 3578 2990 absque
3607 2923 3884 2978 dissimili-

2317 2993 2497 3046 tudine
2516 3002 2597 3044 est
2619 3007 2798 3044 earuiii
2826 2991 3125 3057 diversitas,
3148 2991 3298 3060 juxta
3329 2994 3536 3044 illarum
3573 3009 3882 3056 numerum,

2315 3065 2422 3116 imo
2442 3078 2507 3116 ex
2540 3061 2748 3114 illarum
2775 3075 2997 3114 numero
3026 3074 3108 3115 εει
3154 3065 3554 3115 subsistentium
3608 3078 3880 3116 numerus.

2315 3134 2443 3198 Quae
2465 3133 2713 3200 quoniam
2738 3130 2896 3186 etiam
2929 3133 3099 3195 aliqua
3124 3133 3555 3186 dissimilitudine
3577 3134 3783 3186 diversa
3806 3148 3886 3185 ac-

640 3209 969 3278 qualitatem,
1020 3218 1097 3269 ut,
1125 3206 1330 3278 Tullius
1355 3202 1804 3278 etCicerOpquia
1842 3201 2087 3254 viilelii-Ct
2124 3216 2205 3278 Aes
2241 3215 2283 3276 ρ
2313 3204 2541 3278 cidentia
2598 3203 3186 3278 semper_comitantur,
3225 3203 3723 3278 _liujus_coosortii,
3748 3207 3887 3278 sicut

643 3273 744 3333 tina
769 3279 1107 3347 singulariter
1133 3277 1386 3347 qualitate
1427 3290 1494 3328 ex
1533 3287 1632 3347 qua
1668 3274 1779 3325 hare
1826 3288 1913 3324 lllll
1969 3281 2092 3323 sunt
2123 3273 2203 3323 in.

643 3352 747 3400 dita
778 3343 1012 3409 nomina,
1069 3343 1318 3400 nondico
1363 3355 1507 3409 sunt,
1540 3343 1635 3397 sed
1686 3354 1767 3396 est
1819 3357 2045 3395 numero
2075 3356 2208 3394 unus

641 3419 725 3471 cui
750 3419 912 3471 indita
945 3429 1088 3468 Sttlll.

713 3489 903 3550 Quare.
925 3485 1054 3555 etc.]
1080 3487 1239 3552 Quasi
1268 3501 1284 3541 :
1317 3485 1537 3549 Quories
1567 3484 1728 3545 idem,
1754 3482 1906 3536 toties
1933 3480 2204 3555 diversum

641 3556 852 3610 dicitur.
885 3551 1224 3610 Idem—autem
1258 3557 1427 3608 tribus
1468 3555 1660 3607 modis.
1713 3554 1888 3618 Quare
1936 3551 2205 3604 diversmn

639 3629 798 3681 etiam
829 3628 1028 3680 eisdem
1059 3626 1247 3688 tribus,
1282 3625 1329 3678 id
1362 3634 1467 3684 est,
1521 3625 1600 3676 vel
1655 3638 1874 3691 genere,
1897 3622 1976 3673 vel
2001 3622 2200 3688 specie,

643 3700 723 3752 vel
749 3711 967 3750 numero
989 3696 1196 3748 dicitur.
1231 3695 1379 3749 Unde
1405 3695 1738 3746 manifestum
1769 3702 1854 3746 est
1884 3691 2023 3743 idem
2051 3701 2208 3757 atque

642 3784 824 3832 unum,
851 3767 1072 3835 ideoque
1098 3765 1365 3835 diversum
1405 3773 1458 3818 et
1511 3765 1735 3816 alterum
1767 3763 1839 3835 uin
1882 3761 2209 3835 naturalibus

643 3831 1002 3906 multipliciter
1029 3835 1154 3890 diei.
1197 3834 1367 3906 Unum
1397 3834 1535 3887 enim
1595 3835 1679 3887 vel
1729 3833 1866 3886 idem
1913 3831 2209 3906 subsistens

640 3902 924 3977 aliquando
982 3907 1174 3959 dicitur
1221 3905 1376 3959 unius
1424 3913 1646 3977 tantum
1678 3902 2208 3977 natiiraz_siiigi_il:iri-

643 3972 750 4032 tate
776 3995 789 4031 :
820 3986 894 4041 ut,
918 3977 1107 4030 Cicero
1136 3991 1272 4028 unus
1311 3977 1468 4029 homo
1499 3983 1553 4027 et
1599 3975 1736 4028 idem
1781 3972 1921 4040 quod
1978 3973 2203 4036 Tullius,

643 4054 751 4101 imo
781 4049 918 4102 idem
956 4047 1306 4115 qui'l‘ullius;
1353 4055 1406 4099 et
1461 4045 1610 4099 Plato
1650 4059 1787 4098 unus
1844 4045 2123 4106 rationale,
2156 4059 2207 4096 et

643 4121 778 4173 idem
812 4117 948 4185 quod
979 4132 1124 4178 suns,
1155 4119 1260 4170 imo
1288 4117 1377 4186 qui
1409 4131 1536 4168 suus
1574 4115 1807 4186 spiritus.
1865 4115 2122 4180 Quoniam
2155 4127 2208 4168 et

643 4189 792 4243 Plato
811 4200 864 4242 et
885 4203 1010 4242 suns
1057 4187 1194 4240 unde
1238 4185 1349 4256 ipse.
1395 4196 1600 4239 ronstat
1628 4185 1844 4253 spiritus
1895 4196 2018 4238 sunt
2048 4201 2206 4236 unum

642 4263 920 4323 rationale,
949 4275 1052 4312 non
1097 4260 1428 4311 diversarum
1486 4257 1926 4314 rationalitatum,
1983 4270 2206 4322 quarum

645 4345 745 4383 una
778 4330 1031 4391 Platonis,
1062 4330 1222 4380 altera
1253 4331 1457 4396 species
1484 4325 1599 4395 ejus
1629 4341 1750 4379 esse
1807 4328 2032 4393 tingatur
2075 4337 2208 4377 con-

643 4401 928 4461 formitaze,
959 4400 1051 4452 sed
1083 4399 1236 4451 unius
1264 4399 1610 4465 ejusdemque
1663 4396 2048 4463 singularitate.
2081 4397 2210 4458 Qum.

643 4475 816 4525 unitas
847 4484 1120 4523 numerum
1149 4468 1466 4522 collectione
1511 4467 1791 4527 uuitatmu,
1840 4465 2060 4517 rationis
2083 4479 2205 4528 pro-

643 4541 887 4607 portione
967 4539 1343 4607 corporalium,
1398 4538 1614 4592 omnino
1663 4551 1766 4588 non
1816 4535 2021 4607 recipit.
2075 4534 2203 4587 Nam

641 4604 844 4666 Tullius
871 4619 924 4664 et
969 4604 1154 4664 Cicero
1210 4625 1381 4674 neque
1424 4608 1529 4660 duo
1573 4621 1743 4674 neque
1797 4604 2006 4657 diversa
2059 4617 2202 4658 sunt.

646 4684 791 4735 l’lato
809 4696 934 4734 vero
960 4689 1015 4732 et
1039 4679 1156 4748 ejus
1185 4673 1403 4746 spiritus
1427 4673 1882 4748 diversa’quidem
1912 4683 2070 4748 sunt,
2111 4678 2202 4748 sed

647 4767 749 4804 non
779 4753 902 4804 duo.
938 4743 1148 4802 Diviirsa
1183 4743 1325 4811 vere,
1349 4750 1596 4817 quoniam
1624 4743 1772 4800 Plato
1823 4753 1922 4817 est
1949 4743 2203 4817 quidquid

642 4835 721 4875 est
744 4822 1051 4874 naturaliter
1073 4821 1292 4886 spiritus
1307 4815 1446 4888 ejus,
1477 4836 1576 4870 non
1629 4828 1806 4870 autem
1848 4815 2064 4888 spiritus
2089 4816 2204 4882 ejus

642 4902 724 4946 est
749 4891 999 4960 quidquid
1039 4901 1120 4942 est
1171 4886 1423 4960 ipseaet
1469 4889 1674 4941 ratione
1724 4887 1942 4960 omnino
1993 4886 2204 4960 diversa

643 4956 797 5026 sunt,
833 4956 952 5031 quia
980 4961 1130 5014 Plato
1156 4976 1220 5014 ex
1251 4959 1442 5028 spiritu
1466 4967 1696 5016 constat,
1715 4968 1770 5010 et
1799 4956 2070 5009 Platonem
2103 4957 2208 5022 spi-

644 5034 774 5086 ritus
793 5047 919 5085 suus
946 5031 1234 5084 constifuit.
1271 5032 1380 5082 Duo
1410 5044 1534 5083 vero
1575 5041 1789 5095 prorsus
1817 5041 1918 5077 non
1950 5036 2092 5085 sunt,
2139 5041 2205 5080 eo

643 5103 785 5170 quod
811 5101 1153 5156 similitudine
1180 5101 1495 5168 aliquorum,
1515 5113 1735 5166 quorum
1753 5096 2068 5170 alteru_m_de
2084 5095 2203 5170 Pla-

645 5165 788 5238 tone,
815 5174 1038 5226 alterum
1066 5171 1133 5224 de
1161 5165 1349 5236 spiritu
1381 5165 1544 5236 ipsius
1564 5171 1789 5229 dicatur,
1813 5166 1935 5233 quid
1965 5165 2071 5238 duo
2100 5167 2205 5218 sint

643 5235 901 5311 assignari
931 5258 1034 5296 non
1065 5235 1237 5308 potest
1261 5258 1273 5292 :
1297 5235 1413 5293 hate
1441 5255 1566 5293 vero
1601 5240 1772 5311 unitas
1805 5252 1908 5288 non
1963 5235 2086 5311 unio
2113 5250 2203 5311 vo-

643 5305 812 5367 catur.
840 5313 897 5368 Si
926 5314 1043 5382 quis
1067 5305 1231 5381 igitur
1252 5312 1319 5364 ab
1348 5311 1452 5382 hoc
1479 5324 1584 5363 uno
1614 5307 1879 5382 diversum
1931 5305 2201 5382 aliquidth

646 5377 972 5438 naturalibus
998 5377 1216 5451 cogitet.
1270 5381 1506 5451 rationis
1539 5379 1878 5451 proportione
1923 5377 2200 5451 convenit,

646 5465 700 5506 nt
724 5455 896 5507 omnis
923 5447 1284 5507 similitudinis
1311 5460 1363 5504 et
1383 5448 1825 5504 dissimilitudinis
1848 5447 2052 5500 ratione
2099 5463 2202 5500 se-

647 5537 807 5585 mota,
835 5523 976 5576 aliud
1003 5535 1206 5577 natura:
1225 5536 1436 5591 quoque
1453 5517 1815 5591 singularitale
1836 5534 1995 5591 unum
2021 5519 2092 5570 illi
2109 5532 2204 5591 opf

648 5607 806 5659 ponat
847 5603 947 5646 :ut
998 5594 1118 5648 huic
1143 5589 1364 5646 homini
1395 5593 1536 5644 hunc
1579 5590 1738 5643 alium
1778 5589 2066 5659 hominem,
2120 5589 2203 5659 vel

648 5657 786 5717 hunc
832 5663 1079 5729 lapidem.
1133 5663 1387 5716 Dicuntur
1429 5663 1589 5714 etiam
1635 5660 1796 5711 multa
1835 5657 2204 5729 subsistentia

645 5747 808 5786 unum
835 5726 897 5785 et
915 5733 1077 5797 idem,
1106 5746 1208 5785 neu
1241 5740 1441 5784 natura;
1469 5732 1623 5784 unius
1675 5727 2058 5796 siugularitate,
2102 5726 2204 5797 sed

647 5801 956 5867 multarum,
985 5795 1099 5870 quin
1139 5804 1342 5855 ratione
1365 5800 1724 5855 simiiitudiuis
1755 5795 1829 5862 tit,
1863 5797 2078 5850 unione.
2101 5795 2206 5850 llas

2316 3276 2515 3327 dictum
2556 3281 2640 3325 est
2667 3315 2680 3337 ,
2735 3272 2940 3326 ratione
2999 3273 3324 3326 numeralem
3355 3274 3755 3327 subsistentium
3785 3273 3887 3328 dir-

2311 3345 2610 3406 ferentiam,
2636 3343 2986 3395 accidentium
3015 3345 3245 3396 varietas
3277 3344 3571 3397 rectissime
3616 3345 3787 3396 facere
3806 3343 3888 3397 di-

2307 3416 2466 3476 citur,
2489 3414 2602 3465 sine
2626 3415 2815 3480 quibus
2848 3413 2898 3464 in
2927 3413 3340 3466 subsistentibus
3369 3417 3729 3467 subsistentia:
3769 3430 3881 3465 om-

2310 3487 2434 3537 nino
2463 3498 2584 3536 esse
2611 3499 2714 3535 non
2743 3494 2979 3548 possunt.
3006 3483 3162 3547 Nam,
3199 3495 3251 3536 ut
3278 3485 3327 3535 in
3355 3487 3566 3538 caeteris
3591 3486 3698 3551 jain
3729 3483 3882 3550 positi

2310 3555 2537 3621 exempli
2562 3554 2865 3605 inductione
2899 3553 2998 3605 hoc
3047 3557 3280 3619 apertius
3308 3564 3361 3606 et
3407 3555 3736 3619 probabilius
3787 3565 3877 3616 st,

2309 3624 2412 3677 etsi
2440 3637 2544 3675 non
2575 3624 2785 3691 quidem
2832 3639 2907 3685 rc,
2939 3624 3031 3677 sed
3083 3626 3186 3687 vel,
3243 3626 3290 3676 id
3333 3633 3415 3678 est
3461 3627 3650 3677 saltem
3680 3625 3879 3688 animo,

2309 3694 2488 3746 abhis
2535 3699 2738 3746 scilicet
2778 3695 2946 3746 tribus
2988 3695 3290 3747 hominibus
3336 3710 3644 3762 separemus
3692 3706 3880 3747 cuncta

2309 3765 2622 3826 accidentia,
2649 3768 2906 3830 tingentes
2935 3767 3011 3817 eis
3058 3766 3195 3816 milia
3248 3767 3466 3817 omnino
3507 3765 3606 3818 alia
3659 3765 3879 3817 iness»:

2311 3846 2484 3887 tamen
2512 3841 2655 3886 locus
2687 3850 2789 3887 non
2818 3837 3145 3903 quantitatis.
3179 3851 3281 3901 quo
3310 3835 3478 3888 locale
3527 3849 3620 3902 per
3679 3849 3735 3888 se
3779 3834 3883 3886 ali-

2309 3905 2432 3973 quid
2457 3904 2669 3966 dicitur,
2693 3905 2785 3957 sed
2822 3906 3122 3958 collationis
3171 3906 3435 3968 localium,
3489 3921 3594 3974 quo
3642 3905 3876 3972 ipsorum

2311 3975 2580 4042 quodlibet
2607 3976 2919 4028 collaturum
2955 3977 3196 4027 locatium
3249 3985 3395 4030 recte
3423 3976 3652 4028 locatum
3693 3978 3879 4042 appelo

2314 4047 2473 4110 latur,
2498 4048 2701 4098 cunctis
2723 4047 2880 4097 etiam
2935 4044 3386 4109 dissimilitudine,
3433 4046 3476 4098 si
3509 4062 3611 4099 non
3645 4048 3882 4114 generis,

2311 4117 2497 4171 saltem
2527 4117 2742 4180 speciei,
2773 4116 3017 4169 diversus
3044 4126 3146 4178 est,
3169 4132 3324 4183 quem
3376 4117 3520 4168 nullo
3551 4128 3708 4167 mouo
3759 4130 3883 4181 pos-

2311 4201 2494 4240 sumus
2525 4185 2740 4255 lingere,
2766 4188 2844 4238 vel
2875 4188 3072 4238 unitate
3098 4186 3494 4255 siogularitati-,
3546 4185 3628 4237 vel
3680 4186 3880 4238 unione

2312 4256 2706 4322 Specialissnnm
2731 4257 3094 4309 similitudinis
3124 4272 3307 4310 unum.
3340 4257 3447 4308 Duo
3473 4255 3614 4306 enim
3651 4269 3880 4320 corpora

2314 4341 2418 4379 non
2447 4325 2761 4379 obtinebunt
2785 4330 2956 4378 locum
2996 4326 3465 4395 singularitateaut
3488 4326 3665 4393 specie
3713 4340 3880 4377 unum

2312 4397 2413 4449 sibi
2443 4395 2666 4450 invicem
2692 4395 3024 4449 collaturum.
3071 4403 3240 4464 Atque
3270 4397 3388 4450 ideo
3413 4407 3518 4448 tres
3539 4410 3673 4462 quos
3698 4410 3881 4448 exem-

2315 4466 2384 4533 pli
2439 4465 2607 4534 gratia
2658 4466 2931 4534 posuimus
2977 4467 3217 4520 homines
3254 4477 3379 4519 sunt.
3432 4466 3880 4519 conformantium

2312 4538 2456 4603 ipsos
2494 4537 2954 4589 subsistentiaruui
2987 4553 3210 4590 munero
3247 4537 3459 4600 plures:
3488 4538 3738 4603 quoniam
3777 4539 3885 4589 sci-

2239 4583 2286 4641 D
2311 4583 2435 4659 licet
2465 4607 2727 4674 aliquibus
2743 4608 2900 4660 etiam
2930 4583 3357 4660 dissimilitudine
3379 4583 3606 4660 diveisis
3632 4606 3882 4659 acciden-

2311 4680 2450 4730 tibus
2479 4677 2654 4745 plures
2677 4678 2826 4736 liunt,
2854 4676 2903 4728 id
2944 4687 3046 4740 est,
3076 4678 3171 4730 hac
3189 4677 3543 4731 act-identiuin
3571 4677 3882 4730 diwrsitate

2308 4747 2544 4815 prepria,
2605 4746 2957 4800 adunatarum
2993 4748 3339 4802 similitudine
3390 4747 3878 4809 subsmtentiarum,

2309 4818 2490 4886 plures
2514 4831 2634 4870 esse
2661 4821 2968 4884 probantur.

2377 4887 2482 4956 Age
2503 4887 2698 4958 figitur,
2730 4887 2868 4958 etc.]
2913 4887 3082 4945 Supra
3135 4901 3254 4940 cuiu
3312 4887 3554 4949 dixisset,
3594 4885 3763 4958 Pater
3805 4897 3887 4958 est

2311 4957 2468 5018 Deus.
2500 4957 2666 5010 Filius
2693 4969 2774 5010 est
2805 4957 2961 5020 Deus,
2981 4959 3053 5025 Sp
3078 4959 3208 5010 l'llltS
3239 4970 3452 5009 sanctus
3479 4967 3561 5008 est
3593 4957 3750 5010 Deus,
3808 4957 3888 5008 in-

2308 5027 2628 5081 tulitdiceus
2663 5045 2675 5079 :
2710 5028 2868 5096 Igitur
2910 5029 3085 5091 Pater,
3119 5027 3302 5090 Filius,
3360 5027 3590 5087 Spiritus
3646 5035 3882 5086 Sanctus,

2305 5107 2430 5148 sunt
2450 5113 2583 5150 unus
2609 5097 2745 5150 Deus
2777 5115 2790 5149 :
2821 5109 2874 5152 et
2923 5097 3064 5165 quod
3117 5099 3216 5149 hoc
3268 5097 3560 5150 secundum
3603 5096 3885 5160 theologia:

2308 5167 2494 5220 fecerit
2549 5169 2854 5232 rationem,
2896 5169 3126 5220 ostendit
3193 5182 3311 5219 cum
3367 5169 3649 5233 supposuit
3683 5167 3886 5234 :Cujiis

2310 5237 2697 5303 conjunctiouis
2724 5239 2858 5290 ratio
2889 5249 2970 5290 est
3027 5236 3402 5290 indifferentia.
3437 5240 3663 5288 Arianos
3710 5249 3884 5288 autem

2310 5309 2443 5359 dixit
2475 5308 2523 5359 in
2550 5321 2690 5370 eam,
2721 5322 2838 5373 quae
2867 5309 2915 5359 in
2947 5309 3109 5360 forma
3160 5311 3391 5374 generis,
3442 5308 3548 5358 imo
3601 5308 3651 5358 in
3688 5321 3889 5372 genere

2310 5378 2496 5430 formae
2525 5388 2626 5435 est.
2653 5381 3033 5444 pluralitatem,
3068 5377 3300 5438 Patrem,
3338 5387 3391 5430 et
3422 5376 3636 5432 Filium.
3661 5388 3711 5429 et
3766 5377 3888 5442 Spi-

2311 5447 2469 5500 ritum
2500 5459 2738 5500 sanctum
2767 5449 3100 5511 distrahere;
3143 5451 3359 5516 etquod
3419 5447 3517 5499 hoc
3567 5463 3630 5498 ex
3674 5458 3887 5499 natura-

2312 5517 2437 5570 lium
2467 5518 2686 5571 l'ecerint
2711 5521 2936 5580 ratione,
2964 5520 3273 5581 declaravit,
3315 5534 3433 5570 cum
3466 5518 3598 5569 dixit
3632 5534 3643 5566 :
3684 5517 3888 5569 Princi-

2309 5587 2451 5654 pium
2484 5588 2796 5652 pluralitatis
2824 5590 3062 5642 alteritas
3083 5600 3185 5641 est.
3216 5594 3386 5653 Atque
3419 5594 3552 5639 hanc
3579 5588 3884 5639 siibsisteu-

2311 5657 2438 5708 tium
2466 5658 2781 5711 alteritatem
2809 5673 2872 5712 ex
2902 5660 3365 5712 sub-isteutiarum
3409 5657 3744 5709 dissimilium
3795 5671 3887 5708 seu

2311 5727 2560 5784 similium
2589 5729 2891 5782 diversitate
2921 5744 3039 5782 esse
3090 5730 3291 5796 docuit,
3343 5744 3463 5779 cum
3523 5742 3639 5781 eam
3665 5741 3883 5792 genere,

2313 5797 2393 5848 vel
2414 5797 2612 5864 specie,
2646 5800 2725 5852 vel
2759 5815 2976 5852 numero
3019 5809 3266 5853 constare
3317 5799 3610 5870 subjunxit.
3667 5798 3739 5850 Ex
3771 5798 3885 5865 qui-
