4274 6272
388 401 546 462 1265)

1375 397 1688 455 CILBERTI
1732 397 2072 454 PORRETAS
2107 397 2623 454 COMMENTARIA.

3493 410 3514 461 Ι
3524 405 3626 460 266

386 523 483 576 bus
514 521 792 592 theologia:
847 531 1005 590 atque
1051 520 1285 590 physica:
1324 519 1529 592 aliquas
1570 517 1952 592 ralitilleS__ﬂ'la-
1981 525 2025 576 Α
2058 516 2186 592 Nam
2219 524 2274 570 et
2301 516 2654 592 ipsre‘eorum
2707 534 2824 585 qua:
2871 519 2971 573 sibi
3024 520 3237 586 adsunt,
3275 531 3330 576 et
3367 525 3626 591 qundam-

387 592 640 646 nil'estum
671 587 749 647 est
776 607 894 644 esse
920 587 1184 644 divin-sas.
1214 592 1439 656 Ideoque
1468 587 1624 639 trium
1676 587 1953 652 pri-dicto-

385 678 522 725 rum,
553 663 602 715 id
635 674 710 716 est
745 663 934 724 Patris,
975 673 1027 712 et
1053 661 1189 719 li‘ilii.
1234 673 1284 712 et
1305 659 1532 725 Spiritus
1577 657 1771 720 sancti,
1800 674 1953 709 unam

385 734 704 800 singularem
730 749 789 785 ac
821 733 1117 798 simplicem
1149 738 1462 800 essentiam,
1517 742 1618 800 qua
1676 741 1957 800 unusquis-

384 796 494 870 que
520 804 854 864 illoruiiies',
885 796 936 852 id
992 800 1129 868 quod
1177 796 1627 870 estutlieologiris
1665 798 1956 850 rationibus

385 867 842 926 deinciistraturus
860 915 874 936 ,
900 884 989 923 eas
1019 886 1047 921 a
1072 867 1389 921 naturalium
1423 867 1713 920 rationibus
1741 883 1832 932 per
1857 870 1958 922 hoc

385 958 506 995 esse
529 943 764 995 divi-.rsas
787 939 1042 1002 ostendit,
1086 939 1222 1005 quod
1254 937 1343 990 alii
1400 936 1750 998 spcculationi
1806 947 1956 990 natu-

388 1013 538 1076 ralia,
562 1013 649 1064 alii
673 1011 967 1076 theologica
996 1010 1265 1074 supponit.
1298 1008 1448 1072 Quod
1503 1008 1752 1074 quoniam
1794 1023 1958 1076 expo-

387 1082 504 1135 sitis
527 1082 944 1146 siiet-iilationuin
975 1080 1210 1146 part.hiis
1250 1078 1442 1130 melius
1480 1077 1702 1143 intelligi
1752 1087 1954 1145 potest,

383 1161 516 1219 quot
565 1151 691 1218 ipsa;
722 1161 847 1202 sunt
875 1151 1020 1216 juxta
1061 1163 1238 1201 rerum
1269 1147 1370 1200 sibi
1397 1147 1796 1215 snlijunctarum
1831 1163 1954 1214 pro-

387 1228 638 1288 prietates
663 1228 962 1280 enumerat,
1005 1228 1057 1272 et
1087 1219 1153 1271 ad
1181 1219 1611 1288 Illlﬂlllipl'Opl'iai
1633 1219 1956 1288 tlieologico-

383 1287 504 1344 rum
537 1296 796 1357 pertineat
827 1291 968 1342 ratio
1006 1297 1287 1341 ni0iistiat.
1338 1287 1498 1352 Quasi
1533 1303 1548 1342 :
1579 1287 1868 1340 Catholica:
1900 1291 1957 1339 li-

383 1361 492 1426 dei,
521 1361 814 1416 secundum
836 1361 1118 1425 theologia!
1143 1359 1382 1424 proiirias
1405 1357 1662 1423 rationes,
1688 1359 1957 1412 sententia

385 1430 498 1484 haec
526 1441 628 1491 est.
683 1431 822 1497 quod
874 1437 931 1483 et
969 1430 1177 1482 divisim
1229 1443 1352 1482 vere
1389 1427 1620 1490 dicitur,
1665 1428 1819 1481 Pater
1876 1439 1958 1482 est

387 1501 546 1566 Dens,
587 1502 751 1554 Filius
781 1511 860 1552 est
887 1501 1044 1560 Deus,
1078 1500 1199 1565 Spir
1223 1508 1306 1551 lus
1338 1507 1555 1552 sanctus
1581 1507 1663 1552 est
1691 1497 1865 1561 Deus;
1904 1510 1958 1552 et

383 1571 708 1636 coniunctim
728 1612 744 1635 ,
781 1570 957 1633 Pater,
992 1569 1178 1634 Filius,
1203 1567 1430 1634 Spiritus
1459 1579 1674 1620 sanctus
1695 1568 1799 1622 sint
1823 1584 1957 1622 unus

387 1640 549 1695 Deus.
581 1641 897 1694 Arianorum
922 1655 1069 1701 vero,
1113 1640 1404 1692 secundum
1451 1639 1765 1690 naturalium
1792 1640 1954 1690 ratio-

385 1725 503 1779 nes,
533 1709 793 1764 sententia
827 1720 928 1774 est,
958 1711 1097 1778 quod
1123 1709 1293 1779 Pater,
1315 1707 1527 1775 quidem
1560 1708 1708 1760 soliis
1735 1711 1956 1761 veritate

383 1777 694 1835 substantie
746 1782 940 1833 dicitur
979 1777 1144 1843 Deus,
1204 1777 1298 1832 Sed
1350 1794 1522 1844 neque
1571 1779 1735 1831 Filius
1787 1794 1956 1846 neque

390 1851 622 1918 Spiritus
695 1860 912 1903 sanctus
957 1861 1178 1903 veritate
1239 1848 1550 1902 substantia:
1611 1849 1694 1901 vel
1743 1848 1951 1902 divisim

387 1921 550 1982 Deus,
584 1923 664 1976 vel
689 1923 1010 1987 coniunctim
1040 1934 1176 1972 unus
1221 1934 1341 1974 cum
1393 1919 1548 1971 Patre
1609 1918 1748 1971 Deus
1770 1919 1956 1972 dicun-

391 2003 495 2045 tur.
521 1993 630 2060 Age
662 1992 834 2060 igitur,
894 1991 1254 2058 ingrediamur
1281 1999 1335 2042 et
1359 1989 1744 2060 dispiciamus,_
1776 1989 1822 2040 id
1874 1999 1958 2042 est

385 2058 795 2128 incipiaiiius,et
821 2063 1046 2115 diversis
1091 2059 1400 2127 speculandi
1444 2059 1616 2111 modis
1637 2058 1955 2125 aspiciamus

390 2138 830 2200 unumquodque,
875 2133 922 2183 id
964 2141 1044 2184 est
1073 2132 1330 2183 naturalia
1361 2137 1414 2182 et
1459 2129 1777 2197 theologica,
1803 2140 1957 2196 prout

391 2214 559 2270 potest
589 2202 807 2269 intelligi
839 2213 996 2270 atque
1018 2204 1153 2269 capi,
1189 2200 1236 2253 id
1266 2211 1368 2264 est,
1401 2200 1661 2270 naturalia
1713 2216 1810 2270 suo
1839 2215 1939 2252 mo-

387 2268 564 2338 dof‘et
593 2268 884 2340 theologica
911 2268 1044 2336 suo;
1069 2268 1184 2324 etsi
1217 2272 1340 2337 quid
1373 2268 1514 2322 aliud
1559 2270 1621 2320 atl
1672 2269 1958 2336 perfeCIio-

389 2357 506 2395 nem
535 2343 615 2395 sui
644 2343 935 2394 continebit
972 2343 1392 2410 speculationum
1423 2340 1637 2410 divisio.
1669 2341 1820 2406 Quod
1853 2341 1954 2394 titi-

384 2427 488 2476 que
517 2411 590 2464 ita
623 2413 797 2465 facere
823 2411 1100 2465 debemus.
1157 2410 1312 2475 Nam,
1345 2409 1485 2463 sicut
1533 2409 1731 2478 optime
1757 2411 1953 2464 dictum

386 2479 594 2534 videtur
616 2497 645 2534 a
675 2482 958 2546 Cicerone,
989 2480 1179 2535 eruditi
1210 2491 1291 2533 est
1336 2479 1570 2534 hominis
1627 2483 1955 2547 unumquod-

384 2565 488 2620 que
518 2561 573 2604 iit
596 2554 767 2620 ipsmn
793 2561 895 2612 est,
941 2552 992 2604 id
1019 2558 1122 2618 est,
1151 2552 1288 2604 sicut
1339 2551 1415 2604 rei
1449 2551 1745 2619 proprietas
1773 2552 1953 2620 exigit,

385 2619 458 2674 ita
477 2621 541 2675 de
569 2619 634 2676 eo
666 2624 821 2676 tidem
853 2637 1044 2687 capere
1072 2631 1301 2688 tentare,
1334 2621 1385 2675 id
1414 2633 1515 2682 est.
1541 2637 1600 2674 ea
1625 2622 1842 2681 specula
1873 2619 1956 2675 io-

389 2705 456 2744 ne
477 2691 602 2744 illud
629 2693 990 2753 considerare,
1016 2693 1102 2744 cui
1133 2693 1302 2759 ipsum
1348 2692 1488 2758 quod
1507 2691 1953 2745 considerandum

391 2764 700 2828 proponitur
751 2773 912 2815 certae
940 2761 1235 2815 differentia
1262 2763 1479 2814 rationis
1516 2761 1807 2815 addicitur.
1838 2763 1956 2816 Non

389 2831 532 2884 enim
563 2834 848 2886 indiscrete
873 2832 1088 2886 cuilibet
1109 2831 1460 2898 Speculationi
1509 2832 1956 2901 qumlibchcrti-

393 2909 540 2955 nent.

462 2969 600 3023 Nam
639 2988 754 3024 cum
783 2982 879 3024 tres
900 2972 999 3025 sint
1029 2973 1347 3032 speculantur
1380 2982 1581 3039 partes,
1613 2969 1744 3042 ctc.]
1772 2973 1968 3027 Scien-.

393 3041 478 3096 tite
503 3043 785 3096 multorum
815 3055 931 3094 sinit
956 3057 1232 3112 generum.
1262 3044 1390 3095 Alia:
1413 3059 1640 3113 namque
1660 3041 1783 3096 sinit
1811 3044 1961 3097 theo-

391 3113 536 3178 i-ieae,
571 3114 620 3166 id
650 3121 732 3166 est
768 3113 1124 3182 speculativae,
1158 3124 1212 3166 ut
1244 3113 1346 3165 illa:
1375 3114 1564 3180 quibus
1597 3117 1862 3167 intuemur
1889 3129 1957 3167 an

390 3183 516 3248 sint,
545 3193 600 3238 et
625 3184 747 3250 quid
780 3189 905 3249 sint,
949 3193 1003 3237 et
1044 3184 1216 3251 qualia
1248 3183 1374 3246 sint,
1403 3196 1456 3237 et
1498 3188 1723 3239 cursim
1749 3186 1956 3252 singula

1987 1886 2034 1945 B

2063 587 2220 660 modo
2251 589 2421 653 potius
2449 587 2588 660 ip~_as
2616 601 2926 657 sequuntur,
2950 592 3198 646 dioiiiitur
3227 587 3479 660 subjectae
3511 613 3591 649 ni.i

2061 657 2252 730 terize;
2299 672 2364 710 eo
2392 657 2721 730 qiiodomne
2751 661 2888 725 quod
2919 677 2978 713 et
3028 657 3338 730 hujusmodi
3362 680 3478 717 esse
3519 679 3623 729 est,

2060 728 2256 794 aliquid
2289 729 2571 800 naturaah
2614 730 2799 783 eodem
2832 728 3120 799 contrahit,
3168 743 3225 787 ut
3273 728 3624 800 posteriorum

2059 800 2197 863 quod
2241 812 2335 862 per
2365 797 2494 848 illud
2527 801 2746 863 suscipit
2802 801 2870 852 sit
2921 797 3122 855 ratione
3173 797 3413 858 materia.
3465 803 3626 858 νει-ιιι

2060 870 2221 943 gratia
2256 885 2268 918 ί
2299 868 2546 934 quoniam
2595 871 2941 943 corporalitas
2973 887 3091 943 qua:
3122 884 3203 926 est
3241 888 3358 927 csse
3387 876 3628 943 corporis

2061 938 2114 988 in
2148 951 2250 1004 quo
2279 947 2380 999 est,
2410 947 2463 990 et
2498 953 2599 1004 qua
2650 939 2820 1004 ipsum
2853 947 2934 992 est
2965 941 3158 1008 aliquid
3208 938 3538 1006 naturaliter,
3573 945 3623 998 id

2058 1015 2141 1058 est
2171 1022 2372 1083 corpus
2399 1008 2570 1061 eidem
2612 1010 2818 1062 confert
2850 1053 2864 1077 ,
2915 1022 2967 1062 ut
3001 1014 3305 1083 figurarum,
3353 1023 3400 1066 et
3443 1015 3627 1083 hujus-

2060 1076 2203 1151 modi
2232 1079 2479 1140 aliorum,
2531 1095 2644 1143 quin
2689 1076 2858 1151 causa
2882 1076 3268 1147 corpoi'alitatis
3307 1095 3357 1136 et
3385 1076 3625 1151 eius'ad-

2059 1146 2196 1199 dicta
2220 1154 2466 1216 potestati
2501 1187 2518 1212 ,
2549 1165 2668 1202 cum
2696 1150 2880 1203 eadem
2905 1151 2954 1203 in
2981 1146 3046 1204 'se
3078 1151 3256 1215 habet,
3286 1153 3356 1207 sit
3383 1146 3622 1214 materia,

2061 1217 2171 1282 ipsa
2221 1231 2431 1285 quoque
2477 1221 2782 1272 earumdem
2843 1223 3062 1274 materia
3113 1222 3326 1275 dicitur.
3379 1221 3506 1278 ltide
3543 1236 3628 1277 est

2058 1285 2198 1352 quod
2229 1286 2500 1362 diflinitiva
2544 1287 2938 1362 demonstratio
2987 1291 3284 1362 hujusmodi
3334 1308 3454 1348 esse
3507 1294 3626 1360 pri-

2066 1372 2209 1408 mum
2251 1361 2438 1421 exerit,
2471 1359 2665 1412 deinde
2711 1377 2827 1425 qua:
2875 1362 3013 1415 illius
3055 1359 3457 1417 accommodata
3501 1359 3628 1417 Sunt.

2061 1428 2330 1500 potestati,
2361 1428 2597 1498 adiungit
2627 1446 2640 1480 :
2676 1430 2738 1484 Ut
2777 1430 2821 1483 si
2865 1447 3130 1498 qineratur
3169 1449 3288 1500 quae
3317 1442 3401 1486 est
3426 1446 3621 1500 statua,

2061 1497 2286 1568 primum
2328 1499 2520 1552 dicitur
2565 1514 2663 1562 ωε,
2697 1501 2778 1552 vel
2835 1497 3091 1566 marior,
3147 1497 3229 1556 vel
3279 1497 3621 1568 hujusniodi';

2058 1566 2254 1642 deinde
2301 1583 2418 1635 qua:
2467 1569 2592 1621 illud
2636 1571 2908 1638 quodlibet
2935 1586 3055 1624 esse
3103 1566 3442 1636 comitantur,
3475 1566 3622 1642 juxta

2059 1635 2198 1712 quod
2243 1648 2432 1712 statinc
2459 1655 2526 1692 ex
2559 1635 2956 1712 comparatione
2979 1642 3197 1695 alterius
3237 1635 3624 1712 quaesita'pro-

2062 1706 2874 1780 prietas_erigit,_gnumerantur.
2919 1709 3109 1764 Forma
3140 1706 3349 1780 quoque
3377 1706 3627 1780 multipli-

2060 1779 2195 1852 citer
2228 1777 2438 1852 dicitur.
2465 1778 2592 1852 Nam
2617 1781 2846 1852 essentia
2878 1781 2991 1843 Dei,
3022 1798 3127 1850 quo
3153 1777 3342 1849 opilice
3371 1796 3452 1836 est
3480 1777 3626 1852 quid-

2059 1846 2182 1913 quid
2211 1855 2298 1918 est
2335 1848 2551 1916 aliquid,
2603 1860 2654 1903 ct
2699 1850 2950 1918 quidquid
3002 1846 3249 1916 estesse,
3303 1854 3440 1906 unde
3498 1846 3622 1906 illud

2060 1917 2259 1991 aliquid
2291 1926 2389 1991 est,
2421 1929 2470 1972 et
2503 1934 2658 1973 omne
2687 1917 2824 1988 quod
2848 1917 2927 1974 Vsic
2969 1922 3103 1976 inest
3143 1923 3188 1976 ei
3246 1922 3384 1991 quod
3415 1931 3496 1977 est
3523 1925 3624 1976 ali-

2063 1986 2207 2059 qiiid,
2238 2000 2290 2038 ut
2320 1988 2366 2039 ei
2401 1991 2540 2056 quod
2569 2003 2645 2043 εει
2677 1986 2795 2044 esse
2821 1991 2980 2057 adsit,
3017 1993 3183 2059 prima
3213 1986 3379 2046 forma
3407 1995 3619 2047 dicitur.

2060 2057 2302 2121 Quatuor
2322 2074 2530 2132 quoque
2551 2063 2770 2114 sincerae
2797 2057 3123 2132 substantiae,
3147 2063 3302 2131 ignis,
3333 2078 3444 2128 aer,
3467 2080 3622 2132 aqua.

2062 2138 2198 2180 terra
2229 2143 2244 2180 :
2278 2145 2380 2180 non
2409 2129 2621 2196 quidem
2665 2146 2781 2198 qtize
2817 2131 2868 2184 iti
2899 2133 3027 2185 silva
3061 2129 3294 2186 mutuam
3321 2129 3624 2186 concretio-

2062 2198 2404 2270 tieirrhabere
2429 2201 2678 2267 prtedicta
2701 2211 2844 2262 sunt,
2876 2201 2969 2254 sed
2999 2219 3114 2270 quae
3138 2218 3198 2255 es
3229 2203 3359 2256 silva
3381 2214 3433 2256 et
3464 2205 3624 2258 intel-

2060 2267 2240 2339 ligibili
2269 2273 2446 2337 specie
2497 2279 2640 2334 sunt,
2687 2286 2718 2324 e
2761 2271 2951 2339 quibus
2997 2267 3210 2326 demum
3261 2274 3342 2326 ha:
3387 2278 3621 2327 materia:

2058 2338 2301 2402 sensiles,
2354 2339 2544 2408 igneae,
2581 2341 2760 2405 aeriat,
2797 2341 3072 2410 aquatiles,
3126 2351 3336 2406 terrem,
3383 2344 3622 2397 deducta!

2059 2418 2204 2473 sunt,
2234 2423 2516 2476 corporum
2559 2411 2781 2474 scilicet,
2825 2427 2945 2479 quae
2975 2413 3249 2466 nutricula:
3277 2415 3454 2466 omnia
3485 2430 3614 2470 cnn-

2063 2479 2518 2552 tineniissuscipit
2545 2485 2715 2552 sinus,
2753 2483 3073 2550 exemplaria
3102 2483 3407 2537 earumdem
3433 2500 3623 2552 corpo-

2059 2564 2198 2611 rum,
2229 2549 2382 2621 ςίδέαι
2408 2549 2610 2612 Graice,
2647 2551 2831 2604 Latine
2859 2549 2980 2604 iero
3025 2553 3208 2606 forma:
3237 2549 3622 2621 cognominauit:

2059 2629 2202 2672 sunt.
2232 2619 2356 2672 Illud
2379 2621 2534 2674 etiam
2559 2622 2908 2689 quorumlibet
2936 2619 3332 2677 subsistentium
3354 2625 3626 2692 quodlibet

2058 2704 2200 2762 esse,
2249 2706 2310 2743 ex
2360 2707 2465 2757 quo
2497 2693 2906 2760 unumquodque
2947 2709 3131 2747 eorum
3178 2704 3261 2748 est
3305 2693 3522 2762 aliquid.
3573 2704 3628 2749 et

2059 2760 2196 2834 quod
2226 2775 2408 2814 eorum
2437 2777 2554 2834 quae
2576 2763 2678 2815 sibi
2702 2764 2916 2828 adsunt,
2951 2773 3009 2817 ut
3048 2764 3356 2834 prmdictum
3384 2760 3484 2825 est,
3513 2780 3625 2817 nia-

2061 2832 2212 2894 teria,
2261 2831 2567 2885 eortnndem
2623 2831 3272 2887 subsistentiuin'dicitur
3323 2833 3520 2896 forma,
3568 2843 3627 2888 ut

2059 2900 2409 2967 corporalitas
2434 2903 2665 2955 omnium
2695 2917 3002 2968 corporum.
3031 2903 3230 2957 Dieitur
3259 2905 3420 2957 etiam
3452 2903 3618 2958 forma

2061 2970 2186 3042 illud
2214 2980 2458 3038 quartum
2485 2987 2651 3040 genus
2685 2974 2970 3042 qualitatis,
3023 2973 3160 3041 quod
3209 2983 3292 3028 est
3337 2989 3618 3042 corporum

2060 3040 2246 3107 figura,
2279 3050 2330 3094 et
2354 3051 2544 3095 caetera
2591 3040 2809 3111 qua-'ita
2862 3040 3270 3097 subsistentibus
3312 3040 3521 3106 insunt,
3569 3055 3625 3097 ut

2060 3125 2242 3182 eorum
2275 3111 2562 3179 potentiam
2590 3122 2899 3182 sequantur,
2933 3129 2997 3166 ex
3028 3115 3217 3180 quibus
3244 3114 3438 3182 aliquid
3470 3123 3614 3167 sunt.

2066 3180 2138 3233 Ex
2175 3181 2254 3234 his
2279 3181 2611 3238 manifestum
2654 3180 2735 3237 est
2787 3185 2924 3250 quod
2953 3184 3290 3237 materiarum
3331 3180 3430 3236 alia
3460 3184 3624 3238 infor-

389 3265 601 3318 creata;
630 3255 746 3307 alue
766 3271 888 3307 vero
909 3264 1032 3306 sunt
1055 3257 1319 3321 practicte,
1353 3254 1403 3306 id
1427 3266 1509 3309 est
1533 3262 1741 3319 activae,
1772 3269 1827 3308 ut
1853 3255 1953 3308 ille
1983 3252 2028 3314 C
2061 3253 2179 3313 mis,
2208 3261 2261 3304 et
2291 3253 2409 3306 ideo
2454 3253 2701 3322 simpleX,
2731 3265 2791 3308 ut
2818 3255 2909 3310 ὕλη
2939 3269 2952 3315 ;
3001 3255 3100 3306 alia
3151 3253 3393 3315 formata,
3427 3265 3479 3307 et
3506 3255 3623 3309 ideo

390 3326 579 3390 quibus
595 3328 766 3392 potius
787 3325 1166 3391 inspectionem
1184 3326 1377 3378 scimus
1394 3328 1603 3393 operari
1626 3343 1641 3380 :
1666 3339 1721 3380 ut
1743 3325 1954 3390 medici,

393 3394 554 3462 magi,
580 3404 634 3447 et
664 3396 964 3460 hujusmodi
995 3395 1101 3447 alii.
1138 3395 1202 3448 Ut
1222 3404 1398 3448 autem
1421 3401 1486 3447 de
1517 3397 1764 3462 praeticis
1786 3405 1956 3449 tacea-

391 3481 524 3526 mus,
557 3465 895 3532 speciilativa:
920 3480 982 3518 ex
1036 3466 1116 3518 his
1171 3481 1289 3534 qtize
1336 3481 1428 3532 per
1474 3466 1614 3532 ipsas
1649 3466 1956 3534 inspicimus

387 3541 706 3588 contrahunt
745 3536 1176 3603 appellationem,
1222 3545 1276 3588 et
1305 3546 1558 3588 vocantur
1585 3538 1702 3591 alia:
1741 3538 1953 3604 quidem

391 3605 640 3674 physicae,
674 3605 723 3664 id
757 3617 836 3658 est
869 3607 1132 3660 naturales
1154 3623 1167 3668 ;
1193 3605 1313 3659 alite
1347 3621 1470 3658 vero
1517 3609 1728 3672 etliicre,
1779 3607 1828 3660 id
1877 3615 1959 3661 est

389 3675 650 3744 tiiorales;
675 3677 788 3728 alia:
814 3687 986 3730 autem
1020 3676 1224 3744 logicae,
1252 3675 1302 3728 id
1330 3685 1410 3728 est
1443 3678 1727 3732 rationales
1761 3694 1773 3728 :
1819 3685 1873 3730 et
1902 3689 1956 3730 ut

391 3743 516 3797 item
549 3747 775 3798 murales
802 3759 958 3815 atque
989 3743 1274 3799 rationales
1308 3755 1704 3812 praetereamus,
1745 3747 1953 3800 illarum

389 3828 504 3884 qua:
526 3830 632 3868 uno
663 3816 876 3868 nomine
919 3817 1184 3869 naturales
1213 3817 1479 3877 dicuntur,
1509 3834 1626 3881 qua:
1657 3818 1814 3871 etiam
1860 3832 1956 3872 usu

390 3885 592 3950 majore
635 3887 972 3950 speculativa:
1009 3896 1282 3947 vocantur,
1328 3896 1437 3940 tres
1468 3897 1642 3951 partes
1665 3898 1818 3939 sunt:
1854 3902 1954 3940 una

391 3969 509 4022 qua:
554 3954 836 4007 universali
878 3957 1113 4007 omnium
1156 3956 1370 4007 ii0iiiine
1417 3958 1719 4020 specialiter
1764 3959 1959 4010 dicitur

395 4025 683 4094 naturalis;
713 4025 835 4087 alia,
864 4040 982 4089 qua:
1011 4024 1418 4085 mathematica;
1453 4029 1626 4089 tertia,
1662 4041 1781 4094 qua:
1811 4029 1959 4080 theo-

395 4093 582 4162 logica.
614 4093 718 4146 Has
748 4095 1000 4146 describit
1019 4103 1327 4160 permotum
1353 4103 1512 4162 atque
1541 4093 1954 4162 separationeni,

394 4177 446 4217 et
473 4180 654 4216 eorum
685 4165 973 4228 contraria,
1007 4165 1157 4218 binas
1191 4165 1241 4216 iii
1285 4165 1611 4231 singularum
1657 4167 1960 4220 iiiitioiiitius

392 4233 714 4288 differentias
747 4249 965 4303 ponetis.
1016 4235 1102 4286 Ait
1128 4250 1282 4303 ergo:
1315 4235 1576 4287 Naturalis
1614 4236 1807 4288 dicitur
1842 4254 1960 4302 qua:

392 4315 476 4359 est
517 4308 567 4357 in
598 4317 740 4357 iiintn
771 4314 931 4373 atque
978 4305 1317 4368 inuhstracta,
1346 4308 1483 4373 quod
1525 4306 1710 4360 Graece
1765 4307 1960 4360 dicitur

394 4377 716 4451 ézépw'ror,
747 4376 846 4428 hoc
890 4373 1386 4451 est__i_iiseparabilis.
1414 4377 1477 4428 Et
1507 4391 1672 4451 quare
1703 4377 1964 4451 inalistra-

393 4445 637 4506 etsi,'vet
690 4445 1079 4514 inseparabilis,
1134 4447 1418 4512 supponit:
1457 4448 1760 4501 considerat
1815 4448 1958 4500 enim

395 4529 671 4582 corporum
706 4518 902 4570 formis
929 4532 1048 4569 cum
1091 4517 1329 4580 materia,
1358 4522 1682 4585 qutel‘ormze
1713 4534 1741 4570 a
1771 4533 1960 4585 corpo-

397 4585 541 4637 ribus
585 4602 687 4638 iion
721 4597 937 4652 possunt
985 4588 1240 4650 separari.
1295 4583 1398 4638 non
1430 4583 1549 4640 dico
1593 4587 1817 4654 ratione,
1866 4583 1958 4641 Sed

395 4666 535 4708 actu.
571 4657 665 4709 llic
710 4656 992 4710 dicendum
1021 4657 1158 4724 quod
1202 4659 1421 4712 materia
1461 4659 1732 4725 multiplex
1767 4674 1959 4712 nomen

395 4737 496 4790 est,
534 4737 586 4779 ct
636 4730 800 4779 lorma
833 4728 1095 4780 similiter.
1129 4728 1289 4795 Origo
1320 4742 1544 4795 namque
1596 4729 1710 4782 sive
1753 4729 1963 4782 initium

397 4810 596 4862 rerum,
627 4800 764 4864 quod
801 4797 946 4848 Plato
974 4805 1128 4850 vocat.
1171 4797 1561 4858 neceSsitateiii,
1594 4808 1648 4851 et
1697 4797 1959 4860 fraudem,

395 4873 451 4919 et
479 4870 890 4932 receptaculutii,
919 4876 973 4920 et
1000 4868 1351 4932 matriculaiii,
1378 4877 1432 4920 et
1459 4871 1741 4935 gremium,
1771 4878 1824 4922 et
1852 4884 1962 4923 ina-

398 4945 553 4999 trem,
575 4950 622 4990 ei
657 4937 854 5000 sinuin,
892 4946 947 4991 et
978 4938 1148 4990 locum
1187 4940 1348 4990 totius
1389 4938 1779 5006 generatimiis;
1811 4937 1959 4991 andi-

397 5015 538 5060 tores
573 5023 693 5060 vero
721 5007 838 5075 ejus
866 5008 1130 5076 appellant
1175 5008 1312 5072 ὕλην,
1362 5006 1412 5060 id
1457 5019 1540 5060 est
1593 5010 1805 5074 silvam,
1853 5012 1963 5076 ipse

397 5076 545 5128 Plato
575 5079 812 5130 nominat
862 5084 1082 5144 primam
1139 5079 1448 5140 materiam;
1501 5093 1565 5133 eo
1610 5079 1749 5145 quod
1797 5081 1850 5131 in
1899 5095 1961 5132 ea

394 5146 694 5201 formantur
732 5164 1059 5216 quazcunque
1101 5151 1425 5214 recipiuntur
1483 5155 1548 5201 ab
1600 5165 1699 5202 ea:
1731 5165 1848 5201 cum
1879 5157 1960 5201 ta-

395 5231 514 5268 men
545 5219 652 5285 ipsa
703 5221 898 5270 nullam
931 5234 994 5272 ex
1027 5222 1105 5271 eis
1134 5219 1412 5272 contrahat
1446 5218 1691 5274 fortnam.
1731 5219 1966 5283 Quatuor

393 5287 552 5339 etiam
584 5289 718 5341 elem
759 5300 868 5349 iita,
895 5304 1012 5357 qu;e
1046 5303 1096 5340 in
1130 5291 1214 5340 illa
1242 5301 1476 5342 mutuam
1508 5290 1704 5342 habent
1740 5304 1964 5341 concre-

397 5369 615 5418 tionem,
645 5375 709 5411 ex
734 5359 949 5425 majoris
975 5370 1132 5426 atque
1153 5361 1442 5415 olitiiientis
1488 5370 1679 5413 ciiiicta
1709 5360 1966 5412 vocabulo

395 5432 841 5494 cognominantur
868 5433 1124 5491 materne,
1156 5441 1208 5482 et
1249 5439 1459 5482 caetera:
1496 5433 1748 5496 deinceps
1793 5429 1845 5482 in
1877 5444 1967 5497 ge—

397 5513 525 5551 nere
563 5514 846 5566 Corporiim
876 5501 1162 5551 secundum
1195 5500 1401 5566 species
1444 5514 1567 5552 suas
1594 5499 1819 5552 diversa:
1851 5515 1864 5551 :
1910 5509 1965 5550 ut

395 5583 489 5623 :L-s.
522 5583 667 5632 cera,
719 5569 873 5636 lapis,
923 5579 978 5621 et
1034 5586 1150 5635 qua:
1205 5571 1500 5636 hujusmodi
1556 5571 1675 5621 ali-.e
1719 5569 1966 5621 dicuntur

397 5640 653 5692 iiiaieriac.
689 5641 764 5692 Ad
815 5641 1092 5708 generales
1138 5655 1346 5706 quoque
1394 5649 1448 5692 et
1488 5640 1746 5706 speetales
1798 5638 1967 5708 subsi-

394 5712 636 5776 stetitias,
678 5727 795 5780 qua:
826 5707 1227 5764 ὲιιιηιὶειθιιιίιιιιι
1272 5712 1321 5780 iii
1354 5711 1542 5775 quibus
1573 5720 1697 5761 sum
1734 5707 1966 5780 esseAdio

395 5793 610 5846 cuntur,
639 5777 709 5834 eo
733 5781 884 5850 quod
904 5781 984 5834 eis
1017 5792 1072 5834 ιιι
1106 5781 1213 5833 sitit
1258 5779 1453 5848 aliquid
1483 5782 1786 5843 conferunt,
1827 5777 1968 5846 ejus-

391 5852 518 5904 dem
549 5853 807 5916 nominis,
859 5851 908 5904 nl
943 5865 1022 5904 εει
1055 5851 1309 5912 tiiaterite,
1343 5851 1442 5902 alia
1495 5851 1549 5904 fit
1581 5851 1959 5904 denominatio.

2061 3339 2163 3374 non
2196 3322 2441 3389 simplex,
2474 3332 2529 3375 ut
2567 3339 2808 3390 corpora.
2850 3323 3119 3392 Multiplex
3157 3325 3296 3378 enim
3328 3339 3446 3376 esse
3484 3325 3625 3392 ipso-

2058 3408 2195 3455 rtiiii,
2221 3403 2276 3446 et
2303 3410 2418 3460 qua:
2447 3395 2671 3461 plurima
2707 3394 2781 3447 illi
2811 3396 2999 3450 adsunt
3031 3393 3082 3447 in
3121 3395 3268 3458 ipsis,
3301 3395 3387 3447 illi
3423 3409 3623 3461 nequa-

2057 3479 2212 3530 quam
2242 3467 2422 3516 sinimt
2459 3479 2577 3518 esse
2607 3465 2865 3532 simplicia
2889 3506 2904 3529 ,
2938 3475 2990 3517 et
3027 3462 3139 3520 lucc
3168 3478 3389 3533 utraque
3417 3472 3620 3517 tantum

2061 3534 2294 3587 materia:
2325 3534 2676 3602 appellantur.
2711 3537 2838 3600 Qua:
2871 3551 2996 3589 vero
3026 3545 3151 3588 sunt
3178 3549 3296 3588 esse
3325 3533 3624 3589 subsisten-

2061 3603 2210 3667 tium,
2235 3613 2288 3658 et
2310 3606 2546 3658 materia:
2573 3605 2818 3659 dicuntur
2842 3614 2896 3658 et
2926 3606 3128 3671 formae,
3185 3606 3393 3658 divisim
3424 3614 3622 3666 tamen,

2058 3690 2242 3728 eorum
2292 3675 2492 3728 scilicet
2542 3691 2659 3740 qua:
2705 3675 2805 3729 sibi
2852 3677 3046 3732 adsunt
3074 3679 3329 3738 materiae,
3359 3685 3626 3729 eteorum

2058 3759 2172 3812 que
2217 3760 2278 3798 et
2312 3745 2390 3798 eis
2427 3757 2547 3798 sunt
2575 3745 2780 3814 aliquid
2808 3745 3008 3799 forma".
3042 3745 3294 3799 Similiter
3339 3745 3625 3799 formarum

2058 3815 2385 3868 alianulliiis
2413 3815 2672 3882 materiai,
2703 3825 2756 3868 et
2787 3816 2905 3870 ideo
2926 3815 3179 3884 simplex,
3215 3827 3270 3868 ut
3296 3815 3500 3884 opificis
3531 3831 3619 3870 es-

2058 3886 2252 3950 sentia,
2281 3902 2380 3952 qua
2414 3885 2526 3954 ipse
2566 3901 2691 3938 vere
2733 3897 2838 3942 eSI.
2870 3886 3048 3954 Neque
3087 3887 3227 3939 enim
3261 3887 3368 3954 ipsa
3400 3901 3462 3938 ex
3492 3886 3627 3939 mul-

2063 3959 2129 4008 tis
2159 3958 2408 4009 essentiis
2435 3970 2498 4007 io
2523 3965 2661 4018 istat,
2696 3971 2864 4023 neque
2894 3956 2963 4008 illi
2997 3957 3047 4008 iii
3080 3955 3273 4022 opifice
3304 3961 3496 4008 adsunt
3521 3957 3619 4008 ali-

2060 4040 2184 4092 qua,
2216 4041 2437 4092 quorum
2487 4024 2683 4090 opifex,
2714 4031 2792 4076 vel
2845 4027 2954 4091 ipsa
2997 4039 3134 4083 esse.
3163 4027 3246 4078 vel
3275 4026 3374 4077 dici
3423 4026 3628 4090 possint

2061 4095 2233 4162 aliqua
2266 4096 2468 4148 ratione
2523 4094 2764 4147 materia.
2833 4094 2938 4148 Illa:
2979 4108 3188 4160 quoque
3241 4097 3465 4147 sincera:
3505 4095 3630 4147 sub-

2063 4165 2271 4216 stantia:
2299 4181 2413 4228 quin
2441 4179 2722 4226 corporum
2759 4164 3087 4230 exemplaria
3132 4175 3274 4227 sunt,
3317 4179 3430 4216 sine
3462 4174 3630 4217 mate-

2064 4235 2137 4286 ria
2164 4233 2345 4286 l'orma:
2373 4243 2513 4297 sunt,
2546 4244 2598 4286 et
2639 4233 2759 4286 ideo
2788 4234 3075 4302 simplices.
3103 4237 3213 4286 .\on
3257 4234 3398 4296 enim
3425 4243 3548 4290 sunt
3576 4232 3626 4286 id

2061 4304 2202 4372 quod
2227 4319 2345 4358 esse
2370 4305 2614 4357 dicuntur
2643 4319 2705 4357 ex
2740 4305 3010 4370 niu'tiplici
3043 4303 3294 4367 essentia,
3337 4318 3430 4356 nec
3455 4304 3626 4358 eidem

2062 4383 2318 4428 asSistunt
2363 4374 2417 4426 in
2447 4390 2526 4427 eis
2581 4391 2803 4442 quorum
2851 4375 2952 4427 illze
2987 4375 3064 4426 vel
3101 4375 3211 4443 ipsa
3262 4372 3468 4442 possint
3507 4387 3628 4428 esse

2065 4447 2320 4498 materiae.
2356 4445 2481 4497 Nam
2512 4446 2648 4510 quod
2681 4445 2966 4498 sensilibus
3015 4444 3186 4497 inesse
3226 4444 3489 4506 dicuntur,
3525 4457 3628 4498 non

2068 4516 2186 4569 ideo
2215 4524 2298 4568 est
2353 4517 2490 4579 quod
2524 4516 2623 4567 ills
2650 4515 2825 4568 insunt
2871 4526 3029 4583 atque
3079 4518 3315 4567 lizereant
3371 4514 3628 4567 inabstra-

2068 4595 2173 4650 cte,
2224 4585 2452 4652 qualiter
2499 4588 2847 4652 corporalitas
2900 4584 3033 4637 inest
3078 4585 3342 4650 corpori,
3377 4583 3473 4636 sed
3504 4586 3628 4648 quia

2066 4671 2184 4707 cum
2217 4661 2284 4708 ab
2310 4657 2385 4708 eis
2413 4656 2691 4707 abstracta:
2723 4657 2849 4719 sint,
2891 4664 2944 4707 et
2990 4656 3068 4708 cis
3095 4655 3310 4707 minimo.
3341 4665 3627 4717 concrete,

2069 4736 2242 4779 tamen
2270 4729 2419 4792 quasi
2446 4742 2474 4776 e
2512 4725 2725 4793 regione
2755 4743 2802 4780 a.
2825 4725 3030 4791 positw,
3065 4733 3118 4776 ut
3150 4725 3350 4778 abillis
3383 4732 3628 4791 tanquam

2065 4796 2452 4862 exemplaribus
2500 4797 2710 4847 sensilia
2732 4808 2977 4862 tanquam
2994 4795 3245 4862 imagines
3258 4797 3322 4848 :ib
3338 4795 3527 4862 Opilice
3543 4793 3634 4846 de-

2069 4867 2347 4930 ducantur,
2371 4865 2702 4918 deductiouis
2717 4867 3004 4929 consortio,
3033 4881 3134 4918 non
3165 4866 3320 4918 modo
3350 4865 3634 4918 sensilibus

2067 4937 2217 5002 ipsm,
2249 4939 2338 4988 sed
2379 4947 2426 4988 et
2460 4938 2586 5002 ipsis
2613 4936 2823 4990 sensilia
2855 4937 3028 4990 inesse
3051 4937 3314 4989 dicuntur.
3345 4936 3472 5002 Quae
3499 4948 3627 4989 vero

2069 5017 2192 5058 sunt
2221 5005 2621 5059 subsisteiitiuiii
2653 5021 2792 5071 esse,
2838 5007 2974 5059 sicut
2998 5004 3105 5075 jani
3138 5007 3332 5058 dictum
3374 5014 3488 5075 est,
3531 5019 3633 5056 non

2068 5078 2441 5138 modoforniar,
2466 5079 2557 5129 sed
2583 5077 2740 5129 etiam
2770 5074 3411 5144 materiainuncupantur.
3429 5074 3636 5143 Figura

2070 5163 2192 5201 vero
2221 5148 2514 5212 SClIallium,
2555 5158 2606 5200 et
2636 5157 2824 5200 cetera
2854 5161 2972 5215 qua:
3005 5147 3057 5198 in
3099 5144 3509 5199 subsistentibus
3540 5157 3632 5215 eo,-

2069 5219 2310 5270 runidem
2360 5233 2476 5270 esse
2517 5228 2841 5285 sequuntur,
2875 5214 3080 5270 florum:
3122 5226 3321 5268 tantum
3369 5214 3637 5284 cognomi-

2071 5300 2282 5351 nantur,
2314 5300 2365 5340 ct
2396 5304 2498 5339 non
2549 5289 2802 5341 materiae.
2857 5287 2946 5338 llis
2991 5287 3164 5353 itaque
3194 5285 3398 5349 divisis,
3433 5285 3634 5336 adden-

2069 5357 2192 5409 dum
2225 5365 2305 5410 cst
2328 5358 2464 5424 quod
2510 5358 2752 5423 primaria
2799 5358 3038 5419 mali-ria,
3073 5357 3121 5408 id
3152 5368 3232 5407 Cal
3275 5355 3386 5417 ὕλη,
3418 5363 3469 5408 et
3525 5370 3634 5420 pri-

2071 5426 2252 5480 niarize
2297 5426 2501 5484 formae,
2554 5427 2602 5478 i.l
2653 5435 2732 5478 est
2789 5426 2943 5480 οὗσία
2987 5425 3208 5493 opilicis,
3253 5434 3304 5478 et
3355 5424 3632 5478 sensiliiim

2066 5495 2242 5561 εὶδέαι,
2300 5511 2364 5546 (⁸ο
2396 5497 2530 5560 quod
2581 5496 2851 5563 simplices
2893 5507 3014 5548 sunt
3064 5505 3116 5547 et
3149 5497 3426 5547 abstracta:
3464 5513 3475 5545 :
3528 5511 3633 5547 nun

2067 5569 2208 5620 cnim
2239 5566 2317 5617 vel
2350 5566 2434 5617 illa
2469 5567 2670 5623 liiriuis,
2703 5567 2783 5618 vel
2816 5568 2927 5617 ista:
2961 5566 3198 5618 materiis
3238 5565 3434 5618 debent
3490 5568 3632 5633 quod

2070 5649 2224 5689 sunt:
2254 5637 2396 5688 omni
2445 5645 2589 5687 motu
2620 5646 2823 5688 carent.
2862 5639 2990 5700 Qua:
3016 5650 3142 5688 vero
3173 5637 3490 5688 iuabstracta
3519 5650 3546 5686 a
3578 5649 3635 5686 so

2073 5707 2295 5759 invicem
2325 5717 2480 5774 atque
2511 5713 2756 5757 concreta
2780 5719 2922 5769 Sttltl,
2959 5706 3008 5760 iil
3051 5718 3128 5758 est
3154 5706 3390 5765 sensilia,
3422 5719 3634 5757 moven-

2076 5789 2182 5832 tur.
2237 5776 2444 5830 Fornnc
2477 5792 2600 5828 vero
2650 5777 2945 5835 sensiliinii.
2990 5779 3230 5842 quamvis
3277 5778 3631 5839 iiiahslractae,

2078 5848 2299 5916 ideoque
2348 5864 2546 5900 tiiii.uiii
2608 5844 2881 5911 habentes,
2916 5853 2956 5899 si
3002 5859 3172 5900 lai'tien
3215 5847 3521 5900 abstractiiii
3552 5855 3632 5899 al-
