4274 6272
645 377 776 432 HG?

1818 382 1874 435 ιῖκ
1921 382 2171 436 LIBRUM
2215 383 2298 436 υε
2338 382 2703 437 ΤΙΗΝΠΛῘΕ

3751 389 3884 446 1268

644 495 953 556 tendantur,
972 493 1107 571 __liac
1137 511 1296 571 vote“
1320 496 1469 548 abslr
1488 505 1712 571 tt‘ltllltlll
1758 497 2051 571 itiiitatione
2093 498 2208 550 sine
2239 502 2286 556 Α
2317 498 2510 571 cipitur
2535 513 2690 564 quam
2717 499 2796 552 vel
2827 498 3066 552 rationali
3095 499 3364 563 opinione.
3393 501 3498 554 imo
3523 503 3775 571 opinabili
3800 525 3880 563 ra-

643 575 786 616 motu
816 579 934 617 esse
953 565 1224 617 dicuntur.
1259 565 1370 617 Non
1416 566 1557 619 enim
1601 574 1802 619 tantum
1859 568 2014 620 sicuti
2068 577 2209 626 sunt,

646 648 824 686 verum
865 635 1022 686 etiam
1050 634 1202 688 aliter
1227 650 1382 700 quam
1413 637 1537 698 sint,
1563 652 1649 691 res
1693 639 1884 703 aliqua:
1914 653 2054 703 saepe
2083 653 2209 692 vi-re

641 704 1027 773 COl‘Cipltlnlltl‘.
1063 705 1285 766 Propter
1313 709 1451 773 quod
1486 708 1642 759 etiam
1687 709 1797 772 ips:i
1824 709 1983 759 animi
2023 723 2212 773 specu-

642 772 766 824 Iatio
811 773 1088 837 diiidittir,
1132 785 1182 827 et
1227 772 1414 828 vel'ex
1465 778 1545 828 hi~t
1583 793 1697 843 qua:
1748 777 1979 841 inspicit,
2022 772 2106 830 vel
2145 795 2207 830 ex

639 845 799 894 modo
832 844 1141 911 inspiciendi
1191 847 1616 912 cognominatur.
1647 848 1775 899 Cum
1813 849 1954 900 enim
2011 847 2209 911 nativa,

637 912 947 978 sicutsuiit,
1005 915 1054 967 id
1103 926 1185 970 est
1231 927 1479 969 concreta
1525 928 1576 968 et
1628 917 1968 978 inabstracta,
2027 919 2209 970 consi-

637 983 838 1055 derat,
905 1002 971 1038 ex
1033 1001 1126 1039 sua
1188 987 1399 1052 quidem
1460 989 1669 1055 propria
1746 997 2006 1054 potestate
2041 1028 2055 1051 ,
2107 1003 2205 1054 qua

640 1053 871 1124 humano
947 1057 1125 1109 animo
1202 1057 1380 1110 datum
1448 1053 1659 1110 est—ex
1746 1053 1996 1110 sensuum
2049 1053 2207 1124 ald"°

638 1122 1098 1199 imaginationumA
1132 1131 1490 1199 prireuntilins
1540 1126 1877 1182 adminiculis
1926 1129 2028 1181 reri
2058 1122 2207 1199 :sen-

636 1193 774 1254 silia,
819 1196 954 1247 ratio
1000 1193 1226 1259 dit-itur;
1259 1198 1354 1250 sed
1384 1215 1444 1249 ex
1492 1200 1571 1248 liis
1597 1213 1711 1261 qua:
1751 1193 2079 1259 considerat:
2111 1215 2205 1250 ua-

637 1262 759 1317 tivis
801 1265 1001 1318 scilicet
1044 1267 1384 1320 itiabstractis
1415 1275 1470 1320 et
1501 1277 1700 1320 motum
1744 1269 2083 1328 habentibus,
2113 1284 2205 1321 na-

639 1335 821 1384 turalis
895 1347 948 1388 et
998 1338 1049 1388 in
1102 1348 1247 1390 motu
1300 1347 1354 1390 et
1388 1340 1706 1390 inabSIracta
1748 1341 2199 1405 cognominatur:

633 1416 687 1456 et
726 1408 862 1470 quod
891 1422 956 1459 ex
991 1407 1090 1461 hac
1119 1423 1276 1460 causa
1307 1410 1370 1461 sit
1408 1407 1519 1460 liaic
1547 1412 1890 1475 nuncupatio,
1924 1412 2203 1464 manifeste

635 1475 1013 1547 demonstrat,
1071 1479 1300 1532 dicens:
1341 1478 1652 1531 Considerat
1718 1479 1857 1531 enim
1917 1495 2200 1547 corporum

637 1543 854 1617 formas.
878 1549 927 1600 id
951 1558 1033 1602 est
1057 1548 1268 1617 figuras,
1298 1559 1352 1601 et
1389 1548 1689 1616 hujusmodi
1718 1549 1869 1614 alias,
1905 1543 2202 1604 non—modo

635 1614 686 1666 in
732 1620 947 1668 materia
1004 1614 1336 1683 cui'insiint,
1370 1614 1470 1672 sed
1512 1627 1712 1672 etcum
1763 1622 1980 1673 materia
2017 1621 2102 1674 cui
2146 1621 2198 1675 in

634 1687 716 1736 illa
759 1689 986 1748 adsunt,
1035 1699 1194 1756 atque
1243 1705 1307 1742 ex
1355 1691 1454 1741 hoc
1503 1690 1901 1743 subsisteiitium
1960 1694 2194 1743 omnium

632 1759 902 1825 concretio
950 1759 1186 1813 .dicitur.
1245 1760 1456 1812 (Zreatio
1513 1775 1740 1825 namque
1794 1760 2192 1814 subsistentiani

631 1822 805 1897 inesse
849 1828 988 1890 facit,
1025 1839 1082 1882 ut
1113 1829 1161 1881 id
1191 1831 1271 1882 cui
1303 1830 1462 1895 inest,
1520 1833 1587 1882 ab
1609 1822 1669 1882 ea
1711 1830 1906 1897 aliquid
1936 1833 2023 1883 sit.
2053 1829 2194 1883 Con-

629 1896 796 1967 cretici
825 1914 952 1950 vero
987 1899 1158 1953 cidt-m
1209 1901 1566 1954 subsistentia:
1626 1896 1840 1954 naturas
1883 1901 2192 1967 posterioris

631 1966 849 2020 rationis
869 1970 1254 2035 accommodat,
1291 1979 1348 2023 ut
1375 1969 1424 2022 id
1454 1969 1538 2022 cui
1568 1984 1686 2022 Cum
1724 1970 1807 2022 illa
1838 1966 2034 2032 insunt,
2068 1972 2195 2024 sim-

632 2037 746 2097 plex
779 2055 880 2089 non
905 2040 994 2093 sit.
1018 2041 1145 2106 Qua:
1167 2040 1413 2106 quoniam
1441 2055 1560 2095 esse
1581 2056 1684 2093 non
1719 2052 1958 2105 possunt,
1991 2042 2093 2095 nisi
2117 2043 2193 2095 sic

627 2107 1038 2176 subsistentibus
1067 2111 1248 2171 insint.
1279 2122 1336 2164 ut
1362 2112 1671 2164 eorumdem
1717 2112 2077 2165 subsistentiis
2102 2113 2194 2164 ad-

627 2175 756 2250 sint,
809 2178 1146 2234 inabstractai
1203 2181 1473 2236 dicuntur.
1507 2183 1659 2236 [inde
1703 2181 1776 2234 ait
1806 2199 1818 2232 :
1845 2183 1974 2248 Qua!
2021 2197 2190 2250 posm-

627 2245 803 2322 riorisL
816 2250 1035 2322 rationis
1059 2252 1242 2305 formai
1270 2267 1298 2304 a
1326 2253 1638 2312 corporibus
1663 2266 1766 2305 non
1793 2245 2192 2322 possunt-sepa-

629 2318 759 2380 rari,
794 2335 896 2371 non
946 2320 1260 2389 disciplinali
1309 2323 1535 2388 ratione,
1584 2322 1676 2376 sed
1729 2333 1874 2384 actu,
1915 2324 1962 2374 id
2005 2318 2109 2386 est,
2139 2334 2193 2376 ιιι

625 2391 762 2458 quod
817 2400 941 2442 sunt
969 2392 1092 2444 dum
1136 2404 1400 2447 concreta:
1429 2405 1572 2455 sunt,
1606 2393 1869 2446 retineant
1910 2405 2188 2458 separatae.

627 2455 708 2509 Ex
765 2461 950 2514 eadem
1003 2465 1344 2516 concretione
1412 2465 1671 2531 contingit
1725 2455 2008 2527 corporum
2079 2480 2192 2518 mo-

627 2537 870 2591 ttts,eum
921 2532 1119 2586 scilicet
1165 2543 1445 2587 concretas
1488 2534 1795 2587 vicissitudo
1821 2535 2187 2588 decedendum

625 2599 1130 2670 sttccedentiumque
1159 2613 1470 2656 commutat.
1505 2605 1635 2670 Quae
1677 2606 1817 2656 enim
1849 2606 2190 2659 concretione

625 2682 727 2718 non
755 2669 1011 2736 simplzcia
1054 2683 1196 2736 sunt,
1226 2674 1310 2727 vid
1349 2674 1472 2728 licet
1501 2669 1744 2742 corpora,
1771 2675 1823 2727 in
1851 2686 1995 2728 motti
2023 2686 2147 2728 sunt
2174 2693 2186 2728 :

625 2749 681 2788 ut
727 2743 872 2792 verbi
902 2742 1092 2811 gratia,
1142 2745 1192 2797 in
1241 2755 1386 2797 motu
1418 2745 1509 2812 qui
1558 2755 1641 2798 est
1667 2745 1956 2799 secundum
1991 2747 2186 2811 locum,

623 2821 860 2884 apparet,
887 2827 1006 2884 cum
1037 2815 1446 2882 ponderositatis
1467 2830 1576 2868 sua:
1608 2816 1952 2884 proprietate,
1976 2826 2031 2870 et
2052 2827 2187 2871 terra

621 2879 867 2956 deorsum
899 2879 1083 2946 fertur,
1118 2893 1172 2939 et
1199 2886 1334 2956 ignis
1374 2879 1900 2954 sursum,vhabctque
1942 2879 2184 2950 motum;

622 2963 752 3022 non,
781 2951 868 3004 illa
918 2970 1032 3022 qui-
1063 2967 1144 3010 est
1174 2951 1747 3021 subsistentiumesse,
1817 2951 1956 3011 unde
2001 2974 2186 3010 unum-

619 3021 864 3097 quodque
892 3021 1075 3077 eorum
1123 3027 1317 3094 aliquid
1345 3039 1428 3081 est
1474 3028 1642 3095 prima
1674 3029 1916 3090 materia,
1948 3031 2040 3081 sed
2071 3044 2186 3097 qum

621 3088 693 3141 illi
744 3097 977 3148 "talaria:
1027 3098 1080 3149 in
1127 3088 1326 3151 eisdem
1383 3088 1507 3152 subs
1533 3097 1795 3151 stetitilius
1844 3088 2186 3152 concretione

620 3169 704 3214 est
732 3161 897 3238 forma
929 3168 1231 3238 conjuncta.
1261 3171 1376 3221 Alia
1409 3184 1536 3221 vero
1561 3169 1873 3238 spcculatio,
1905 3183 2024 3236 quae
2052 3173 2181 3222 nati-

620 3245 802 3304 vorum
838 3233 1186 3292 inabstractas
1218 3239 1416 3292 fortnas
1461 3233 1616 3292 aliter
1657 3254 1813 3304 quam
1861 3233 1986 3301 sint,
2021 3239 2072 3292 id
2103 3250 2183 3294 est
2212 3233 2255 3292 (ἶ

619 3301 924 3377 abstractim
957 3310 1278 3372 eoiisiderat,
1315 3326 1378 3362 ex
1419 3314 1520 3362 line
1543 3325 1648 3377 quo
1676 3301 1807 3361 illud
1829 3309 1968 3373 facit,
1997 3310 2181 3365 Grtcce

657 3370 830 3449 υίάθιιι
853 3377 1190 3449 μᾳθηματική,
1214 3370 1398 3433 Latine
1421 3396 1500 3432 vet
1516 3370 1915 3446 o'disciplinalis
1943 3370 2176 3433 vocatur.

668 3452 788 3496 ecte
833 3446 1035 3513 utique.
1067 3449 1198 3502 Cum
1247 3450 1388 3502 enim
1419 3454 1526 3502 sint
1554 3450 1916 3514 inalistractai,
1979 3451 2030 3503 id
2075 3461 2176 3514 est,

617 3524 736 3585 cum
787 3515 884 3566 nisi
937 3519 986 3568 iti
1019 3520 1363 3571 concretione
1417 3535 1518 3572 non
1572 3521 1699 3582 sint,
1731 3521 1854 3585 quid
1907 3533 2079 3572 tamen
2111 3522 2177 3573 ibi

619 3580 726 3658 sint
771 3595 982 3658 oportet
1013 3587 1231 3656 intelligi
1260 3607 1271 3640 :
1303 3605 1474 3658 neque
1501 3589 1643 3643 enim
1687 3580 1963 3642 rationalis
1993 3607 2180 3657 specu-

619 3651 744 3728 latio
775 3656 1007 3720 perfecte
1033 3659 1080 3711 id
1110 3651 1249 3727 quod
1278 3669 1359 3711 est
1381 3651 1498 3713 esse
1528 3660 1724 3724 aliquid
1748 3661 1914 3727 capit;
1948 3651 2176 3728 discipli-

619 3721 754 3774 nalis
780 3741 990 3791 quoque
1016 3729 1064 3779 id
1121 3721 1260 3782 unde
1290 3730 1417 3782 illiitl
1451 3742 1529 3782 est
1574 3721 1698 3796 quid
1745 3721 2183 3786 sit-firmiter'tc-

618 3803 771 3857 neat,
796 3796 944 3848 verbi
973 3801 1169 3865 gratia,
1200 3817 1302 3852 non
1343 3801 1622 3868 propendit
1651 3800 1786 3853 ratio
1806 3800 1928 3865 quid
1957 3804 2024 3854 sit
2061 3817 2180 3859 esse

616 3876 828 3936 corpus,
876 3875 929 3919 et
957 3884 1074 3922 esse
1103 3871 1395 3923 coloratum
1445 3882 1498 3924 et
1542 3885 1660 3924 esse
1692 3869 1890 3936 latum,
1944 3872 2043 3924 nisi
2074 3873 2180 3926 dis-

614 3933 813 4009 ciplina
861 3939 984 4005 quid
1018 3940 1088 3993 sit
1113 3943 1490 4009 corporalitas,
1535 3941 1660 4008 quid
1689 3933 1883 4004 color,’
1912 3943 2035 4009 quid
2063 3942 2177 3996 lati-

616 4006 743 4077 tudo
789 4021 1090 4075 cognoscit.
1126 4006 1276 4077 Quod
1332 4011 1442 4066 fieri
1503 4006 1608 4064 non
1661 4023 1854 4077 potest,
1912 4006 2008 4064 nisi
2068 4014 2178 4068 hinc

614 4075 932 4150 inabstracta
963 4090 1120 4148 atque
1149 4075 1432 4145 concreta,
1464 4093 1518 4135 et
1547 4083 1612 4136 ab
1639 4075 1702 4136 eo
1735 4083 1784 4134 in
1816 4098 1920 4150 quo
1950 4093 2095 4147 sunt,
2128 4097 2178 4137 et

613 4159 643 4222 _a
666 4161 724 4200 se
746 4148 967 4222 invicetti
999 4153 1274 4206 abstrahat
1294 4164 1347 4208 et
1363 4155 1649 4207 discernat.
1673 4152 1747 4205 Ex
1772 4148 1870 4205 hoc
1891 4169 2016 4221 ergo
2037 4157 2175 4222 quod

614 4216 986 4293 inseparabilia
1015 4223 1077 4275 :id
1109 4223 1208 4276 hoc
1239 4236 1472 4292 separat,
1501 4235 1558 4276 ιιι
1597 4239 1780 4275 eorum
1822 4216 2003 4276 natura
2054 4216 2175 4293 pcr-

612 4288 742 4360 spici
806 4299 860 4342 et
915 4293 1206 4360 proprietas
1257 4288 1425 4348 valeat
1471 4293 1873 4360 Comprehendi,
1924 4288 2179 4349 mathesis

611 4357 724 4432 sive
745 4357 1024 4432 disciplina
1054 4377 1269 4417 vocatur
1287 4405 1300 4428 ,
1336 4357 1658 4417 inabstt'ac'ta
1681 4357 1919 4430 quidem,
1948 4379 2012 4416 eo
2035 4370 2174 4432 quod

614 4430 982 4502 inseparabilis
1006 4445 1145 4492 sunt.
1174 4451 1290 4502 qua:
1325 4436 1422 4487 nisi
1451 4435 1737 4502 separatim
1765 4449 1870 4486 non
1905 4430 2173 4500 perspicit.

614 4499 736 4552 lltec
766 4502 907 4572 enim
933 4504 1126 4557 formas
1149 4499 1433 4572 corporum
1460 4499 1762 4572 speculatur
1785 4499 1912 4557 sine
1932 4499 2172 4569 materia,

609 4583 714 4621 non
746 4571 1197 4660 dico.speculatnr
1248 4571 1368 4656 esse
1406 4571 1540 4660 sine
1594 4577 1835 4638 materia,
1886 4575 2171 4660 siticinum
2209 4609 2252 4660 υ

610 4650 804 4692 tamen.
840 4642 896 4696 Si
922 4647 1062 4696 enim
1101 4647 1372 4700 concretio
1405 4647 1489 4698 bis
1518 4662 1635 4714 qua-
1665 4654 1790 4696 sunt
1831 4647 2035 4697 confert
2068 4663 2174 4698 lllO-

610 4722 742 4771 tum,
767 4717 1021 4767 convenit
1050 4727 1106 4768 ιιι
1133 4719 1400 4783 separatio
1432 4718 1511 4769 Itis
1557 4731 1621 4770 ex
1649 4717 1838 4784 quibus
1867 4727 1992 4768 sunt
2022 4718 2174 4770 tollat

611 4791 809 4854 motuin
843 4803 853 4835 :
885 4801 986 4836 non
1032 4799 1205 4840 tamen
1237 4787 1377 4854 quod
1421 4788 1689 4840 mutabilia
1735 4798 1949 4838 careant
2003 4799 2166 4851 motu,

606 4853 746 4926 sicut
765 4853 1084 4909 inabstracta
1120 4874 1222 4909 non
1248 4853 1469 4926 possunt
1489 4857 1746 4920 abstrahi,
1770 4860 1861 4908 sed
1877 4858 2037 4925 quod.
2059 4858 2168 4911 sic-

607 4937 656 4971 ιιι
689 4924 888 4977 dictum
931 4940 1035 4990 ρει,
1075 4924 1279 4980 niatlics
1302 4943 1328 4980 s
1355 4945 1414 4980 ea
1443 4929 1560 4981 sine
1590 4929 1806 4980 materia
1836 4924 2164 4995 speculatur,

603 5007 666 5064 {lc
710 5008 804 5062 per
836 4996 934 5048 hoc
977 5000 1282 5064 speculatur
1311 4999 1429 5051 sine
1457 5007 1622 5050 itiotu.
1653 4997 1748 5049 liei
1773 4999 1967 5049 etenim
2019 5009 2167 5051 actus

605 5061 801 5135 formas
822 5061 1034 5135 semper
1055 5069 1290 5122 contiut-t
1322 5071 1334 5120 i
1378 5069 1694 5121 abStractas.
1721 5065 1871 5120 Unde
1893 5070 2161 5132 supponit,

600 5150 716 5201 ulla:
748 5133 951 5190 formm‘
978 5154 1097 5192 cum
1147 5141 1196 5191 iii
1230 5143 1446 5192 materia
1476 5140 1603 5202 sint,
1650 5137 1700 5190 id
1733 5145 1816 5190 est
1846 5138 1898 5190 in
1927 5140 2163 5200 Corpori-

598 5204 720 5267 bus,
763 5209 831 5260 ab
861 5209 942 5261 liis
986 5211 1299 5274 corporibus
1325 5210 1562 5275 separari
1607 5223 1710 5260 non
1742 5222 1980 5275 possunt.
2012 5210 2163 5262 Ideo-

598 5292 700 5340 ipte
725 5279 863 5344 quod
891 5277 1258 5334 mathematica
1286 5279 1578 5348 speculatio
1602 5280 1816 5344 dicitur,
1844 5279 2162 5335 inabstracta

595 5350 661 5397 ab
693 5359 812 5401 actu
868 5351 973 5412 rei;
1002 5350 1143 5417 qttod
1195 5366 1317 5403 vero
1345 5354 1458 5402 sine
1490 5360 1657 5409 motu,
1689 5367 1717 5401 a
1767 5349 1923 5402 modo
1971 5365 2162 5417 spei-n-

597 5418 737 5489 latidi
768 5425 1124 5489 metutiyntica
1157 5424 1518 5474 denotnitiatio
1540 5432 1640 5474 est.
1675 5420 1853 5472 'I'erlia
1889 5434 2012 5472 \ero
2041 5436 2159 5488 spc-

593 5487 812 5551 iul.itio,
863 5487 979 5557 qua}
1017 5495 1190 5544 omnia
1251 5493 1424 5545 nativa
1477 5495 1882 5554 transcenderis,
1944 5491 1994 5543 iti
2049 5487 2162 5556 ipso

594 5573 776 5608 eorum
825 5562 1068 5627 quolibet
1121 5565 1402 5632 piincipio,
1435 5563 1641 5616 scilicet
1681 5562 1762 5614 vel
1811 5560 2022 5629 opiﬁce,
2057 5578 2164 5632 quo

593 5634 812 5701 auctore
843 5643 992 5693 sunt;
1026 5634 1105 5685 vi-l
1153 5631 1302 5696 idea,
1341 5649 1370 5685 a
1410 5648 1516 5700 qua
1565 5642 1815 5701 tanquam
1870 5631 2159 5701 exemplari

590 5697 816 5769 deducta
866 5714 1019 5764 sunt;
1061 5703 1141 5755 vel
1175 5705 1288 5762 ὕλη,
1339 5706 1388 5754 in
1420 5697 1518 5769 qua
1553 5697 1724 5755 Iocaia
1769 5708 1910 5759 sunt,
1941 5700 2052 5768 figit
2083 5702 2162 5751 in-

593 5768 803 5828 tuitum,
829 5783 922 5832 per
943 5773 1315 5824 excellentiam
1347 5768 1721 5824 intellectualis
1748 5780 1986 5824 Vocatur.
2011 5771 2160 5834 Qmid

592 5834 730 5886 enim
759 5836 978 5902 Simplex
1016 5842 1130 5892 sine
1171 5851 1313 5892 motu
1370 5850 1423 5893 et
1451 5857 1662 5906 semper
1705 5850 1809 5905 cst,
1833 5840 2012 5893 verius
2041 5856 2160 5908 per-

2319 569 2482 632 tione,
2514 585 2628 635 (pne
2663 584 2764 621 non
2792 583 3003 634 Semper
3028 580 3080 622 et
3111 571 3162 622 in
3188 579 3331 623 motu
3367 581 3511 632 Sunt,
3538 569 3752 629 setisilia
3777 583 3882 632 sci-

2317 639 2460 698 licet,
2515 639 2712 705 percipi
2756 649 3018 703 possunt;
3069 641 3151 692 vol
3201 640 3517 702 disciplinali
3571 649 3880 703 earumdem

2314 707 2498 781 fortine
2528 709 2883 767 inabstractai.
2933 709 3156 773 ideoque
3185 712 3247 781 in
3293 723 3458 781 motu,
3490 718 3774 781 separatim
3802 733 3879 770 at-

2311 793 2414 844 que
2447 779 2564 830 sine
2595 791 2736 830 motu
2762 781 2964 844 possint
2993 780 3218 832 attemli.
3245 780 3327 833 Ab
3375 779 3752 847 ipsitis'autetn
3801 795 3879 845 rei

2313 862 2431 924 una:
2461 850 2750 924 percipitur
2782 859 2988 912 natura,
3018 849 3312 924 theologica
3333 863 3441 924 ;A_et
3469 868 3498 905 a
3530 859 3874 924 proprietate,

2311 917 2428 990 sine
2450 928 2616 980 motu,
2642 922 3084 990 abstractaatque
3107 922 3419 986 separabilis
3447 917 3872 990 cognot'iiinatnr:

2313 986 2473 1040 Recte
2504 991 2703 1057 utique.
2736 988 2864 1042 Nam
2916 989 3003 1041 Dei
3037 991 3354 1053 substantia,
3412 992 3462 1044 id
3509 986 3592 1047 est
3622 995 3761 1048 Deus
3790 1003 3873 1054 vel

2310 1058 2582 1122 divinitas,
2613 1069 2665 1110 et
2695 1060 2917 1111 materia
2949 1069 3095 1113 caret
3119 1072 3166 1112 ct
3199 1072 3367 1122 tiiotu,
3399 1062 3452 1114 id
3475 1073 3577 1123 est,
3611 1081 3708 1120 nec
3739 1069 3874 1124 lictis

2311 1142 2410 1182 nec
2439 1127 2556 1202 ejus
2599 1129 2831 1180 essentia
2863 1138 3039 1202 potest
3067 1145 3188 1183 esse
3235 1132 3476 1202 materia.
3509 1133 3690 1202 Neque
3731 1156 3776 1187 ιιι
3802 1140 3870 1192 im

2307 1213 2365 1248 ea
2395 1214 2494 1265 qua
2542 1198 2657 1264 ipse
2685 1208 2770 1252 est
2795 1201 3048 1265 essentia,
3077 1216 3194 1267 qua:
3224 1200 3408 1254 Grtece
3453 1198 3619 1258 οὐσισί
3652 1206 3868 1267 dicitur,

2306 1276 2477 1338 potest
2505 1282 2624 1321 esse
2646 1283 2750 1321 non
2783 1268 3024 1334 simplex,
3056 1284 3223 1338 neque
3254 1271 3305 1323 in
3327 1287 3392 1323 eo
3422 1273 3594 1326 eidem
3623 1279 3871 1330 essentia:

2305 1337 2492 1409 adesse
2521 1338 2662 1390 aliud
2711 1339 2908 1406 aliquid
2940 1351 3112 1407 potest
3144 1337 3271 1406 quo
3313 1342 3425 1409 ipse
3452 1343 3544 1395 sit.
3575 1343 3688 1396 Non
3722 1360 3864 1401 enim

2309 1406 2454 1479 Dens,
2474 1409 2696 1474 simplex
2724 1421 2886 1472 esset,
2919 1406 2962 1463 si
2996 1410 3074 1461 vel
3104 1409 3220 1479 ejus
3243 1406 3471 1464 essentia
3503 1427 3768 1470 constaret
3792 1433 3862 1470 ex

2306 1476 2486 1530 ιιιιιΙιὶς
2515 1480 2784 1539 essentiis,
2816 1482 2898 1532 vel
2952 1476 3351 1534 eidem’formze
3379 1483 3631 1537 adessent
3657 1486 3706 1536 iii
3750 1486 3859 1548 illo,

2303 1562 2525 1610 quarum
2558 1553 2635 1600 vel
2691 1549 2802 1612 ipse
2828 1548 2965 1602 Dens
2995 1565 3119 1604 vere
3146 1562 3321 1612 esset,
3353 1553 3435 1604 vel
3485 1553 3602 1618 eius
3627 1557 3860 1609 essentia

2301 1618 2504 1670 ratione
2533 1618 2798 1672 diceretur
2825 1621 3081 1693 subjectae
3109 1622 3341 1693 materiae
3367 1637 3381 1674 :
3412 1631 3466 1675 et
3493 1623 3606 1677 lizec
3645 1626 3860 1693 quidem

2297 1697 2398 1760 est,
2427 1703 2492 1741 ex
2521 1703 2699 1760 rerum
2730 1705 2843 1759 qua:
2876 1691 3237 1758 percipiuntur
3265 1690 3591 1759 diversitate,
3620 1690 3861 1760 specula-

2300 1758 2499 1832 tionnm
2535 1758 2835 1832 diversitas.
2867 1762 3118 1832 Quamvis
3145 1761 3304 1832 igitur
3327 1777 3502 1815 rerum
3533 1758 3856 1832 speculatio-

2299 1828 2454 1901 iiibus
2485 1829 2841 1897 subjectarum
2881 1831 3070 1898 aliqua:
3110 1831 3216 1884 sint
3263 1833 3496 1887 rationes
3523 1828 3851 1901 communes,

2301 1899 2553 1975 plurimas
2599 1911 2772 1975 tamen
2806 1905 3213 1975 propriasAesse
3243 1917 3461 1957 necesse
3504 1918 3606 1957 est.
3643 1910 3716 1959 Ac
3760 1899 3857 1975 per

2298 1971 2475 2045 hocin
2518 1971 2864 2032 naturalibus,
2894 1971 3173 2045 qtia:_simit
3215 1983 3338 2025 sunt
3389 1975 3589 2045 percipi
3637 1971 3853 2045 debent,

2295 2038 2504 2113 scilicet
2548 2051 2795 2113 concreta
2812 2050 2882 2113 _et
2933 2042 3273 2113 inabstracta,
3317 2038 3583 2111 oportebit
3621 2038 3858 2113 philoso;

2298 2108 2458 2171 phum
2490 2112 2690 2164 versari
2726 2111 3113 2166 rationabiliter
3143 2128 3157 2166 :
3191 2124 3248 2165 ut
3289 2108 3492 2168 scilicet
3535 2108 3708 2180 posito
3757 2134 3856 2171 no-

2297 2180 2459 2255 mine,
2489 2193 2676 2255 quaet
2705 2181 2755 2234 id
2785 2180 2925 2248 quod
2955 2193 3037 2234 est
3090 2192 3144 2234 et
3175 2183 3362 2255 idquo
3388 2186 3849 2255 estsignitlratur,

2294 2261 2358 2300 ea
2385 2250 2431 2323 vi
2461 2251 2655 2323 mentis
2685 2265 2786 2318 qua
2810 2263 3057 2306 concreta
3087 2253 3190 2306 reri
3217 2252 3434 2316 debent,
3459 2250 3741 2323 diligenter
3768 2250 3852 2310 at;

2295 2320 2475 2372 tendat
2518 2321 2644 2392 quid
2677 2323 2892 2390 proprie
2917 2323 3044 2386 sibi,
3078 2323 3161 2377 vel
3206 2324 3346 2392 quod
3376 2334 3479 2388 est,
3508 2320 3586 2378 vel
3615 2342 3720 2390 quo
3743 2339 3846 2391 est,

2293 2390 2654 2464 concretionis
2708 2393 2978 2464 consortio
3031 2390 3238 2464 exigat,
3277 2405 3334 2447 et
3367 2396 3507 2464 quid
3538 2390 3847 2451 cieterarnni

2293 2461 2715 2526 speculationum
2768 2463 2898 2516 locis
2936 2461 3314 2518 communicet.
3362 2463 3418 2517 In
3462 2467 3846 2522 mathematicis

2294 2545 2422 2602 vero
2443 2531 2532 2584 ubi
2582 2532 2903 2586 inabstracta
2930 2535 3089 2586 aliter
3113 2549 3268 2602 quam
3299 2535 3424 2596 sint,
3457 2536 3505 2587 id
3532 2546 3611 2588 est
3632 2535 3848 2590 abstra-

2292 2600 2416 2674 ctitn
2444 2603 2809 2674 attenduntur,
2841 2603 3110 2671 oportebit
3136 2600 3281 2658 eum
3313 2606 3506 2659 versari
3535 2607 3848 2674 disciplina-

2293 2669 2489 2734 liiliter,
2519 2683 2571 2723 ut
2593 2672 2794 2725 scilicet
2816 2669 2934 2725 cuin
2965 2689 3026 2726 ea
3053 2690 3169 2739 quin
3217 2674 3316 2728 nisi
3341 2669 3741 2729 subsistentibus
3767 2677 3853 2731 in-

2291 2741 2415 2814 sint,
2444 2744 2660 2796 omnino
2691 2743 2820 2796 nihil
2848 2753 2972 2796 sttnt
2999 2746 3284 2811 separatim
3326 2747 3393 2797 ab
3430 2746 3507 2798 eis
3533 2763 3652 2814 cum
3685 2762 3848 2814 cepe-

2292 2812 2542 2883 rititzsic
2588 2827 2770 2866 eorum
2823 2814 3035 2883 propria
3064 2815 3131 2867 ad
3179 2817 3508 2883 disciplinam
3554 2811 3847 2873 faciendam

2289 2882 2548 2955 attendat,
2580 2895 2637 2936 ttt
2664 2882 2972 2937 communes
3000 2885 3098 2937 sibi
3131 2901 3251 2938 cum
3279 2882 3490 2940 cieteris
3531 2887 3847 2955 speculatio-

2290 2953 2443 3005 niliiis
2487 2955 2719 3007 rationes
2764 2955 2828 3005 ad
2884 2955 2998 3020 ipsa
3029 2955 3249 3009 minime
3277 2953 3576 3011 contrahat;
3609 2957 3662 3010 ln
3691 2969 3844 3012 natu-

2289 3023 2488 3075 ralibus
2533 3026 2674 3078 enim
2725 3025 2919 3078 dicitur
2967 3028 3127 3078 homo
3172 3027 3376 3092 species
3419 3028 3649 3091 generis,
3683 3027 3732 3080 id
3765 3039 3847 3084 est

2288 3095 2529 3147 animalis
2581 3105 2670 3147 aut
2717 3097 2978 3162 corporis.
3012 3096 3067 3148 lu
3125 3097 3514 3151 mathematicis
3570 3114 3694 3151 vero
3738 3114 3844 3152 non

2287 3166 2520 3231 generis.
2572 3166 2664 3218 sed
2714 3165 3099 3218 individuorum
3151 3176 3351 3218 tantum
3405 3169 3610 3234 species
3653 3169 3847 3222 dicitur

2291 3238 2470 3287 homo.
2516 3235 2748 3304 ideoque
2805 3237 3059 3290 naturalis
3105 3237 3461 3291 concretionis
3524 3249 3848 3305 prtipretate

2285 3305 2475 3358 dicitur
2498 3321 2664 3373 genus
2689 3305 2754 3358 de
2776 3307 2955 3371 Specie
2979 3307 3276 3372 praedicari.
3308 3308 3692 3361 Matliematicze
3718 3323 3846 3363 vero

2284 3377 2662 3429 abstracdonis
2688 3378 3009 3442 proprietate
3033 3393 3136 3430 non
3177 3393 3363 3444 genus,
3391 3378 3481 3431 sed
3517 3379 3728 3445 generis
3751 3394 3846 3445 ge.

2285 3461 2404 3504 nus.
2445 3447 2512 3499 de
2537 3461 2598 3499 ea
2641 3462 2758 3514 qua:
2789 3461 2891 3499 non
2922 3450 3153 3511 generis,
3183 3449 3274 3501 sed
3307 3449 3691 3500 individuorum
3725 3459 3845 3500 tan-

2285 3526 2394 3567 tum
2419 3518 2626 3580 Species
2655 3526 2757 3580 est,
2779 3532 2906 3570 vere
2926 3527 2979 3570 et
3004 3528 3392 3585 consequenter
3413 3516 3684 3585 przedicari
3710 3533 3842 3572 con-

2282 3589 2506 3639 ceditur.
2536 3587 2588 3639 In
2612 3587 2807 3640 divinis
2828 3603 3055 3656 quoque,
3081 3604 3195 3653 qua:
3219 3602 3325 3639 non
3353 3588 3507 3637 modo
3532 3588 3836 3653 disciplina,

2288 3669 2468 3708 verum
2501 3657 2658 3710 etiam
2710 3672 2767 3710 re
2796 3657 2906 3725 ipsa
2949 3659 3208 3711 abstracta
3241 3669 3380 3717 sunt,
3413 3657 3841 3713 intellectoaliter

2284 3729 2482 3780 versari
2513 3729 2800 3796 oportebit,
2827 3728 2880 3781 id
2905 3739 3007 3790 est,
3030 3742 3096 3781 ex
3125 3729 3351 3795 propriis
3373 3728 3668 3780 rationibus
3688 3727 3841 3781 theo-

2285 3797 2574 3863 logicorum
2608 3798 2698 3851 illa
2725 3799 3030 3865 concipere.
3063 3808 3116 3850 et
3146 3813 3248 3850 noii
3279 3814 3342 3850 ex
3368 3799 3676 3850 naturaliter
3704 3813 3840 3851 con-

2281 3878 2570 3930 cretorum,
2601 3879 2692 3921 aut
2735 3869 3136 3935 disciplinaliter
3178 3870 3565 3921 abstracturum
3601 3870 3842 3937 proprie-

2283 3939 2478 3990 tatibus
2513 3937 2775 4006 judicare.
2807 3942 2956 4003 Qitod
2989 3950 3163 3991 autem
3209 3941 3307 3991 hoc
3338 3939 3407 3992 ita
3438 3939 3565 3992 velit
3596 3940 3841 4006 intelligi,

2282 4010 2478 4074 aperit,
2527 4025 2646 4062 cum
2679 4009 2991 4078 subjutigit:
3030 4012 3210 4077 Neque
3238 4009 3506 4075 oportebit
3551 4010 3726 4062 diduci
3773 4013 3840 4062 ad

2282 4080 2455 4146 aliqua
2486 4089 2682 4140 creata,
2731 4095 2849 4144 qua:
2878 4095 3003 4133 vere
3047 4081 3390 4132 existenliuin
3422 4090 3544 4132 sunt
3575 4081 3835 4148 imagina-

2283 4151 2472 4212 tiones,
2509 4153 2600 4202 sed
2629 4152 2800 4215 potius
2825 4151 2991 4217 ipsam
3024 4166 3085 4204 ex
3116 4153 3226 4202 suis
3250 4151 3544 4203 rationibus
3577 4151 3844 4217 inspicere

2281 4220 2604 4286 singularem
2636 4234 2698 4273 ac
2729 4221 3026 4289 simplicem
3061 4224 3304 4272 fortnam.

2354 4291 2478 4352 Qua:
2515 4306 2646 4353 rere,
2670 4360 2678 4362 Α
2702 4287 2849 4362 ειι“.]’
2888 4291 3170 4360 lim-nsque
3199 4288 3560 4362 speculativtn
3605 4287 3844 4362 scientia

2283 4371 2480 4425 partes,
2513 4373 2571 4413 ct‘
2594 4360 2782 4423 quibus
2809 4359 2924 4426 qum
2953 4360 3211 4428 Speculaii
3243 4375 3376 4412 conv
3399 4363 3552 4418 ⁸ιιιειι,
3585 4359 3840 4414 ostendit.

2281 4431 2430 4484 Nunc
2459 4431 2597 4496 quod
2647 4431 2815 4483 Patris
2844 4443 2895 4483 et
2928 4431 3041 4484 Filii
3073 4444 3122 4482 et
3151 4430 3384 4497 Spiritus
3410 4431 3687 4482 amborum
3735 4445 3836 4482 una

2281 4501 2350 4551 sit
2376 4502 2659 4569 singularis
2681 4512 2734 4554 et
2761 4505 2986 4568 simplex
3008 4512 3259 4563 essentia,
3283 4516 3386 4570 qua
3411 4501 3524 4552 sola
3553 4500 3841 4566 unusquis-

2279 4585 2381 4638 que
2410 4573 2617 4624 illorum
2647 4584 2728 4624 εει
2761 4572 2809 4623 id
2841 4572 2980 4638 quod
3008 4581 3111 4634 est,
3145 4571 3441 4640 theologica
3471 4582 3626 4622 utens
3652 4585 3841 4636 specu-

2280 4643 2494 4701 latione,
2528 4644 2857 4695 demonstrat
2890 4659 2903 4692 :
2939 4652 2994 4692 ut
3044 4656 3137 4708 per
3185 4641 3286 4693 hoc
3333 4642 3608 4702 catholici,
3638 4655 3726 4709 qui
3755 4640 3836 4692 di-

2275 4721 2421 4771 cunt,
2454 4713 2609 4764 Pater
2636 4720 2719 4764 est
2750 4713 2905 4774 Deus,
2955 4711 3116 4764 Filius
3144 4719 3228 4764 est
3258 4711 3417 4773 Dens,
3447 4711 3678 4774 Spiritus
3717 4725 3841 4762 san-

2276 4794 2396 4835 ctus
2426 4795 2504 4835 est
2540 4783 2705 4844 Deus,
2737 4793 2792 4835 et
2825 4785 2944 4835 inde
2969 4783 3204 4833 inferunt
3237 4799 3252 4834 :
3284 4782 3443 4848 igitur
3470 4780 3648 4842 Pater,
3675 4789 3727 4832 et
3756 4779 3843 4832 ιτιο

2277 4852 2394 4912 lius,
2422 4863 2475 4905 et
2499 4853 2726 4920 Spiritus
2747 4865 2961 4906 sanctus
2983 4860 3108 4905 stitit
3130 4868 3262 4904 unus
3288 4851 3447 4911 De..s,
3473 4867 3577 4903 non
3605 4861 3710 4903 tres
3735 4850 3837 4911 Dii.

2277 4931 2419 4975 recte
2449 4923 2740 4976 secundum
2774 4925 3040 4990 proptiam
3067 4938 3252 4975 eorum
3285 4923 3353 4974 de
3393 4921 3586 4988 quibus
3618 4925 3840 4988 loquun-

2274 5001 2358 5044 tur
2384 4995 2642 5046 ratioueni
2677 4993 2874 5046 inferre
2903 4993 3289 5059 intelligantur.
3320 4992 3506 5057 Quasi,
3564 4993 3614 5043 in
3645 4991 3840 5043 divinis

2274 5065 2541 5129 oportebit
2591 5068 2755 5132 ipsam
2804 5063 3234 5116 intellectu-aliter
3273 5063 3543 5129 inspicere
3589 5061 3834 5122 fortnam,

2272 5149 2388 5199 quae
2419 5149 2542 5188 vere
2591 5139 2756 5187 forma
2789 5143 2892 5188 est.
2926 5137 2999 5186 Ac
3050 5133 3094 5185 si
3125 5133 3270 5186 dicat
3302 5149 3314 5185 :
3352 5133 3513 5186 Multa
3551 5142 3675 5184 sunt
3723 5146 3840 5199 qua:

2275 5216 2530 5257 vocantur
2561 5205 2767 5267 formae,
2797 5215 2852 5256 ut
2883 5219 3168 5272 corporum
3200 5205 3403 5271 figurat,
3429 5214 3484 5255 et
3509 5202 3611 5253 alia
3637 5217 3703 5269 qu
3723 5219 3752 5249 ι·
3787 5204 3838 5252 ιιι

2270 5277 2683 5328 sub~istentilius
2713 5285 2987 5328 creatione
3014 5291 3106 5326 seu
3135 5276 3478 5327 concretione
3532 5273 3684 5330 liitnt,
3717 5286 3839 5336 qut-

2273 5347 2368 5398 bus
2395 5347 2442 5398 id
2471 5347 2556 5399 cui
2607 5348 2805 5407 insunt,
2859 5358 2949 5398 aut
2979 5344 3178 5411 aliquid
3213 5355 3316 5404 est,
3367 5352 3457 5395 aut
3487 5343 3688 5410 aliquid
3716 5357 3839 5394 esse

2269 5419 2525 5468 doctrinas
2553 5419 2738 5470 ordine
2764 5417 3197 5477 demonstratur;
3233 5415 3324 5466 sed
3379 5414 3491 5465 lucc
3536 5414 3717 5464 omnia
3748 5426 3841 5478 per

2272 5503 2330 5540 se
2364 5488 2557 5540 habent
2581 5503 2675 5538 Sua
2703 5486 2984 5551 exquibus
3023 5488 3198 5552 aliqua
3250 5484 3452 5536 ratione
3482 5484 3836 5540 deducuntur,

2267 5566 2442 5609 antail
2489 5558 2574 5609 illa
2609 5567 2854 5624 spectant
2894 5555 3183 5625 principia,
3231 5554 3457 5625 ideoque
3487 5564 3740 5625 niutnata,
3770 5552 3840 5602 ab

2265 5632 2394 5690 alio,
2418 5627 2810 5694 nuncupatione
2829 5628 3003 5692 potius
3026 5639 3184 5694 quam
3210 5624 3428 5677 rationis
3450 5633 3695 5687 veritate,
3726 5624 3834 5670 for-

2268 5712 2368 5751 inte
2412 5700 2773 5750 nominantur.
2807 5697 3055 5772 Essentia
3084 5709 3208 5748 vero
3235 5710 3355 5772 qua:
3389 5695 3703 5772 principium
3731 5699 3834 5742 est.

2265 5771 2443 5821 omnia
2469 5777 2648 5821 creata
2682 5768 2953 5836 praecedit,
2983 5765 3088 5836 illis
3115 5765 3364 5836 omnibus
3420 5775 3474 5814 ut
3506 5777 3625 5815 esse
3653 5765 3835 5814 nican-

2268 5846 2354 5890 tur
2383 5834 2717 5905 impertiens,
2755 5847 2810 5892 et
2865 5853 2895 5888 τι
2943 5834 3086 5887 nullo
3107 5834 3213 5887 alio
3255 5842 3306 5886 ut
3337 5835 3451 5900 ipsa
3493 5835 3561 5886 sit
3599 5847 3841 5898 sumens,
