4274 6272
599 354 726 408 1271

1780 357 1842 410 ΙΝ
1886 355 2133 411 LIBRUM
2179 355 2262 408 DF.
2300 356 2667 410 ΤΙΗΝΙΤΑΤΕ

3701 328 3839 415 ista

597 472 776 525 multis
794 473 1080 540 generibus
1128 473 1288 525 etiam
1319 471 1658 541 singulariter
1686 487 1845 524 unum
1876 482 2015 522 Sunt.
2053 471 2162 523 luto
2192 476 2237 528 Λ
2267 471 2528 531 colorata,
2555 471 2647 523 sed
2681 487 2872 529 unum,
2910 487 3012 520 non
3040 472 3412 526 universahum
3437 475 3838 536 conformitate.

598 558 754 595 omne
780 558 948 610 genus
998 545 1158 606 partis
1185 543 1298 611 ejus
1339 544 1478 610 quod
1525 558 1587 596 ex
1629 557 1690 596 ea
1730 553 1935 594 Constat
1995 555 2162 606 genus

597 625 717 664 esise
746 627 964 667 necesse
987 624 1087 664 est.
1115 613 1240 665 Item
1266 614 1515 678 quidquid
1549 623 1631 665 est
1659 615 1879 676 alicujus
1901 627 2040 675 esse,
2077 621 2164 663 aut

595 690 677 732 est
706 692 810 733 tota
843 683 1135 735 substantia
1181 683 1321 736 illius
1351 685 1502 747 cujus
1531 685 1726 736 dicitur
1754 696 1896 745 esse,
1929 694 2011 731 aut
2043 697 2164 748 pars

597 753 712 816 ejus
750 752 890 818 quod
931 766 1012 805 εει
1054 764 1159 803 tota
1203 754 1531 814 substantia;
1565 762 1618 805 et
1661 763 1763 804 tota
1795 751 2007 818 quidem
2040 751 2165 802 sub-

538 843 539 848 π
601 821 790 874 stantia
824 825 1028 890 species
1068 839 1184 890 qua!
1206 825 1271 877 de
1293 839 1355 876 eo
1378 825 1570 876 dicitur
1622 833 1722 876 est.
1756 822 1883 873 Pars
1907 821 2164 888 vernejus

543 935 546 938 .
598 891 738 958 quod
777 902 859 945 est
902 902 1070 946 totum
1102 909 1242 953 esse,
1274 910 1438 958 genus
1469 905 1550 946 est
1579 905 1666 946 aut
1697 892 1990 945 differentia
2046 908 2164 958 qua:

601 962 833 1028 speciem
867 963 1033 1029 ipsam
1065 966 1356 1017 constituit.
1391 963 1541 1018 Nulla
1573 971 1748 1017 autent
1783 978 1904 1026 pars
1935 961 2049 1029 ejus
2074 976 2166 1012 cu-

523 1041 538 1078 .-'
598 1030 686 1098 jus
714 1042 794 1085 cst
821 1047 944 1100 pars
987 1036 1198 1100 species
1224 1044 1313 1085 aut
1351 1049 1516 1097 genus
1562 1043 1652 1085 aut
1698 1032 1997 1084 differentia
2047 1047 2168 1085 esse

601 1112 794 1168 potest.
838 1104 1066 1172 ideoque
1113 1106 1250 1157 nulla
1305 1120 1424 1171 pars
1463 1113 1545 1158 est
1585 1118 1705 1157 esse
1733 1104 1870 1154 illius
1904 1101 2056 1168 cujus
2085 1111 2167 1154 est

601 1186 745 1239 pars.
788 1173 919 1227 Cum
962 1190 1090 1241 ergo
1131 1176 1345 1237 dixerit,
1382 1176 1794 1240 unumquodque
1845 1173 2000 1224 habet
2047 1188 2182 1228 esse.

600 1257 755 1295 suum
787 1258 848 1297 ex
893 1245 975 1297 bis
1017 1262 1076 1295 ex
1110 1246 1299 1310 quibus
1331 1254 1433 1309 est,
1470 1245 1608 1311 (ιιιοᾶ
1642 1254 1784 1296 recte
1815 1251 1988 1310 potest
2011 1243 2168 1295 intel-

603 1311 712 1381 ligi,
743 1314 947 1367 scilicet
973 1331 1035 1368 ex
1064 1316 1260 1382 specie,
1285 1330 1402 1381 qua:
1429 1323 1512 1367 est
1540 1323 1702 1366 totum
1730 1326 1870 1375 esse,
1904 1321 1957 1365 et
1983 1327 2046 1364 ex
2079 1329 2171 1370 ee-

604 1398 750 1442 ttere.
785 1394 835 1437 et
865 1401 927 1438 ex
959 1384 1278 1447 differentia,
1329 1385 1468 1452 quod
1497 1384 1594 1438 etsi
1626 1401 1728 1435 tton
1761 1393 1958 1444 tntum,
1993 1392 2166 1435 tamen

602 1463 684 1506 est
714 1455 907 1522 aliquid
937 1470 1090 1519 esse;
1119 1469 1232 1514 cur,
1267 1465 1511 1522 tanquam
1559 1457 1657 1506 hoc
1687 1454 2002 1521 explanatis,
2039 1467 2162 1518 sup-

605 1525 776 1588 ponit,
803 1526 850 1577 id
893 1536 972 1578 est
996 1541 1055 1577 ex
1084 1526 1320 1592 partibus
1346 1525 1492 1577 suis?
1516 1524 1620 1579 Sed
1645 1524 1920 1577 videamus
1940 1537 2170 1589 sequen-

607 1593 708 1658 tia,
741 1594 960 1648 forsitan
996 1612 1087 1663 per
1117 1597 1201 1648 illa
1244 1597 1433 1649 melius
1467 1611 1533 1649 ex
1573 1610 1678 1661 quo
1710 1597 1822 1646 bch
1863 1593 2000 1647 dicta
2045 1604 2170 1647 :uut

604 1679 763 1718 sensu
797 1669 1010 1732 patebit.
1055 1667 1401 1734 Prosequitur
1430 1666 1624 1720 etenim
1655 1664 1838 1718 dicens
1873 1680 1886 1716 :

682 1735 746 1786 Et
776 1748 846 1787 εει
876 1737 968 1788 hoc
998 1747 1146 1804 atque
1181 1736 1317 1806 hoc.|
1343 1737 1491 1800 Quod
1515 1736 1637 1806 quis
1663 1736 2020 1806 interpretans
2041 1748 2162 1787 cono

604 1807 875 1860 venienter
907 1817 1082 1873 posset
1112 1804 1315 1872 dicere,
1341 1806 1389 1858 id
1421 1816 1521 1864 est,
1557 1805 1716 1859 habet
1740 1819 1858 1858 esse
1883 1820 1946 1858 ex
1982 1804 2060 1855 Itis
2087 1805 2166 1856 di-

610 1877 799 1935 versis,
833 1889 882 1929 et
907 1878 1241 1929 ltmcdiversa
1261 1877 1578 1944 intelligere,
1603 1877 1683 1927 vel
1712 1876 1918 1927 diversa
1947 1889 2165 1940 genera.

608 1945 686 1999 vel
729 1947 964 1999 diversas
992 1947 1315 2000 differentias
1341 1989 1354 2008 ,
1405 1948 1484 2000 vel
1518 1947 1757 1999 diversas
1805 1947 2031 2010 species,
2085 1949 2166 1998 vel

606 2032 772 2081 genus
821 2028 879 2071 et
918 2018 1302 2082 differentiam,
1358 2018 1440 2070 vel
1487 2019 1540 2070 in
1584 2016 1696 2085 ipsa
1729 2033 1846 2078 qua:
1890 2032 2054 2080 genus
2083 2026 2174 2069 aut

606 2087 834 2152 speciem
878 2089 1001 2141 facit
1032 2090 1245 2153 unione,
1289 2087 1616 2141 ttumeralem
1673 2087 1860 2140 saltem
1893 2086 2173 2138 diversita-

608 2164 712 2210 tem
755 2159 1072 2213 attenderet.
1105 2160 1209 2213 Sed
1244 2160 1355 2225 ipse
1398 2161 1586 2211 iterum
1629 2158 1741 2209 hate
1770 2173 1887 2223 quze
1920 2172 2022 2208 non
2052 2167 2174 2208 >υιιι

608 2229 798 2298 essein
817 2230 1191 2298 explanatione
1211 2230 1510 2292 nominans,
1540 2229 1630 2290 ait,
1651 2227 1700 2280 id
1721 2239 1801 2280 est
1836 2237 2010 2293 partes
2042 2242 2171 2280 suae.

609 2297 927 2371 Siveautem
953 2313 1124 2366 partes
1141 2300 1300 2371 (qUod
1323 2301 1500 2353 dicere
1517 2297 1860 2371 videtur)-sint
1877 2311 1994 2351 esse
2040 2298 2176 2371 illius

610 2369 749 2436 quod
780 2380 987 2423 constat
1014 2387 1075 2424 ex
1107 2369 1206 2439 eis.
1228 2372 1340 2424 sive
1369 2371 1493 2437 quid
1519 2370 1681 2430 aliud,
1705 2377 1908 2422 certum
1935 2382 2016 2420 «εει
2036 2370 2172 2435 quod

609 2440 834 2504 simplex
862 2451 954 2494 aut
984 2443 1276 2496 solitarium
1311 2458 1413 2492 non
1442 2451 1542 2496 est.
1571 2439 1719 2505 Quod
1747 2440 1855 2506 ipse
1888 2451 2029 2490 recte
2057 2454 2178 2491 Sen-

611 2510 769 2572 tiens,
801 2511 974 2570 addit,
1023 2513 1350 2580 conjunctae;
1381 2521 1431 2562 et
1465 2512 1601 2575 qttod
1634 2525 1698 2562 ex
1736 2510 1834 2562 hoc
1880 2523 2035 2580 sensu
2082 2511 2176 2560 ad-

611 2580 721 2644 dat,
753 2582 923 2648 aperit
943 2579 1163 2636 dicens:
1189 2583 1291 2635 Sed
1316 2597 1418 2634 non
1452 2581 1550 2632 hoc
1577 2582 1656 2633 vel
1691 2580 1791 2632 hoc
1813 2579 2175 2646 singulariter,

615 2649 676 2721 id
722 2661 838 2716 est,
894 2668 997 2704 non
1053 2653 1326 2721 quodlibet
1373 2653 1544 2704 solum
1597 2651 1721 2704 facit
1786 2650 1835 2701 id
1910 2649 2048 2715 quod
2099 2659 2180 2702 est

611 2719 806 2790 aliquid
851 2724 947 2783 sit,
983 2719 1090 2776 imo
1121 2723 1282 2775 multa
1332 2731 1456 2775 snnt
1498 2736 1720 2789 quorum
1769 2721 2181 2790 unumquodque

619 2790 718 2862 hoc
750 2789 894 2844 facit.
931 2795 994 2847 Et
1022 2809 1139 2862 qua:
1181 2795 1345 2846 multa
1379 2797 1619 2860 exempto
1657 2792 1848 2859 aperit.
1881 2792 1935 2843 In
1968 2808 2072 2857 qtto
2100 2789 2176 2842 Vsi-

616 2861 721 2912 rmtl
796 2863 998 2916 adverti
1041 2861 1248 2932 poterit
1300 2877 1362 2917 ex
1407 2878 1513 2930 quo
1553 2877 1710 2932 sensu
1756 2875 1874 2913 cum
1925 2861 2178 2922 dixisset,

617 2936 1027 3002 unumquodque
1057 2931 1212 2989 habet
1236 2947 1356 2988 esse
1378 2949 1532 2985 suum
1561 2947 1625 2986 ex
1655 2931 1735 2984 bis
1764 2945 1826 2984 ex
1861 2933 2048 3000 quibus
2077 2941 2176 2993 est,

616 3005 928 3072 supposuit,
958 3006 1008 3059 id
1037 3014 1118 3058 est
1169 3021 1234 3059 ex
1270 3005 1507 3072 partibus
1539 3003 1677 3067 suis;
1709 3012 1761 3056 et
1790 3003 1915 3054 item
1948 3016 2066 3055 cum
2100 3003 2180 3054 di-

611 3073 804 3140 xisset,
851 3087 937 3129 est
970 3079 1070 3130 hoc
1114 3084 1271 3145 atque
1319 3076 1437 3133 hoc.
1483 3074 1755 3135 subdidit,
1800 3073 1849 3125 id
1877 3083 1958 3125 est
2005 3082 2182 3141 partes

609 3155 741 3198 suae.
785 3146 874 3200 Ait
912 3149 1086 3207 enim,
1121 3158 1177 3200 ut
1212 3162 1330 3200 cum
1375 3145 1534 3198 homo
1577 3153 1820 3199 terrenus
1867 3153 2074 3196 constet
2116 3159 2180 3196 ex

609 3217 785 3287 anima
818 3206 1164 3287 corporeque,
1200 3216 1301 3271 hoc
1331 3227 1408 3270 est
1459 3217 1753 3268 subsistens
1782 3229 1847 3287 ex
1887 3213 2178 3287 subsisten-
2211 3206 2252 3266 C

613 3284 889 3365 tibus,est
918 3284 1076 3342 idem
1126 3288 1285 3340 homo
1331 3299 1384 3365 et_
1423 3301 1617 3354 corpus
1661 3295 1716 3337 et
1742 3284 2031 3365 anima,id
2077 3293 2181 3365 est,

612 3370 678 3407 eo
720 3358 862 3422 quod
893 3369 975 3411 est
1014 3373 1134 3412 esse
1173 3357 1438 3426 cciporis,
1470 3372 1534 3410 ex
1565 3370 1670 3423 quo
1709 3357 2035 3426 compositus
2065 3362 2179 3426 est,

611 3433 697 3477 est
739 3427 897 3479 etiam
950 3429 1064 3495 ipse
1105 3425 1333 3493 corpus,
1375 3437 1428 3480 et
1470 3443 1534 3479 eo
1585 3425 1725 3494 quod
1776 3434 1857 3478 est
1903 3438 2022 3476 esse
2065 3425 2182 3478 ani-

613 3509 746 3556 mae,
778 3504 863 3548 est
908 3498 1023 3561 ipse
1070 3512 1281 3564 quoque
1328 3499 1523 3549 anima.
1557 3495 1623 3547 Et
1668 3495 1766 3546 hoc
1805 3495 2050 3546 nimirum
2096 3509 2184 3546 vo-

615 3565 756 3617 lebat
811 3567 1028 3634 intelligi
1085 3582 1204 3620 cum
1251 3567 1492 3628 dicebat,
1538 3567 1951 3634 unumquodque
1996 3573 2077 3616 est
2119 3579 2182 3616 ex

616 3635 852 3700 partibus
888 3633 1019 3699 suis,
1063 3645 1117 3690 et
1144 3645 1225 3688 est
1255 3646 1430 3703 partes
1473 3650 1601 3687 suae.
1642 3635 1738 3696 Qui
1775 3633 2022 3697 loquendi
2058 3637 2184 3685 usus

613 3714 696 3758 est
733 3722 901 3772 sa-pe,
945 3721 1064 3760 cum
1110 3707 1422 3758 naturaliter
1491 3704 1811 3757 inabstracta
1867 3713 2020 3770 prout
2061 3714 2185 3756 sunt

613 3775 888 3828 rationalis
929 3780 1216 3845 speculata;
1263 3776 1518 3850 concipit.
1565 3772 1655 3850 Sic
1697 3776 1840 3827 enim
1867 3773 2183 3850 diciturnde

613 3849 791 3912 specie
833 3844 1072 3916 quaedam
1121 3848 1350 3901 secunda
1397 3846 1690 3899 substantia
1737 3844 2032 3916 praedicari.
2068 3844 2181 3897 Non

613 3918 756 3968 enim
803 3913 886 3972 hic
930 3917 1325 3982 intelligendum
1369 3926 1451 3969 est
1489 3918 1556 3968 de
1591 3930 1656 3968 eo
1684 3913 1821 3982 quod
1870 3928 2074 3981 SpeCtes
2102 3924 2184 3968 est

614 3986 811 4055 aliquid
844 3989 1151 4058 praedicari,
1177 3988 1268 4043 sed
1298 3989 1364 4041 de
1406 3988 1748 4058 subs‘stente
1773 3987 1950 4058 potius
1994 3985 2045 4038 in
2079 4000 2181 4053 quo

612 4068 694 4112 est
738 4055 1076 4113 subsistentia
1106 4060 1382 4128 specialis;
1415 4073 1513 4112 nec
1537 4059 1696 4128 deeo
1735 4056 1784 4109 id
1814 4055 1952 4128 quod
1983 4065 2068 4110 est
2097 4071 2182 4109 se-

612 4129 784 4208 cunda
809 4127 1512 4208 substantia,quodscilicet
1544 4127 1713 4208 solum
1746 4127 2042 4208 subsistens
2071 4138 2180 4208 est,

611 4200 750 4266 quod
781 4203 1000 4280 omnino
1031 4198 1368 4280 impossibile
1387 4212 1471 4280 est
1506 4198 1817 4280 prtedieari,
1846 4198 1936 4280 sed
1976 4213 2098 4280 qua:

611 4283 678 4324 eo
707 4283 786 4324 est
819 4273 1194 4334 subsistentia;
1225 4282 1278 4325 et
1307 4272 1368 4323 ad
1400 4271 1540 4324 ltuue
1590 4269 1802 4322 modum
1853 4268 2074 4335 plurima
2105 4268 2184 4320 di—

609 4351 821 4419 cuntur,
853 4355 909 4395 ut
934 4359 1052 4397 cum
1081 4343 1288 4419 dirersa
1331 4339 1761 4419 sin_t_e_sse,_et_id
1794 4338 1934 4418 quod
1964 4349 2084 4419 est,
2106 4338 2183 4419 alf

613 4411 780 4465 terius
813 4415 1028 4468 nomine
1056 4415 1248 4478 posito.
1280 4429 1384 4465 non
1419 4411 1501 4465 illi
1526 4410 1619 4463 sed
1663 4409 1813 4461 alteri
1861 4409 2179 4461 conveniam

612 4496 731 4548 qua:
759 4483 1022 4536 dicuntur.
1060 4485 1132 4536 Ex
1167 4485 1266 4537 hoe
1300 4483 1474 4551 itaque
1497 4479 1768 4551 consortio
1798 4479 1961 4542 dixit,
1992 4493 2182 4532 unum-

611 4553 860 4621 quodque
907 4556 1064 4608 habet
1105 4569 1228 4636 esse
1270 4550 1419 4605 suurn
1451 4568 1515 4633 ex
1557 4550 1796 4640 partibus
2211 4583 2260 4640 D

613 4619 790 4689 partes
836 4640 946 4678 sua:
973 4641 990 4681 :
1021 4625 1262 4699 quamvis
1307 4638 1435 4699 porr
1461 4624 1624 4690 ipsas,
1667 4619 1762 4699 sed
1807 4619 2177 4699 quaeipsarurn

607 4706 731 4763 sunt.
777 4709 899 4749 esse
944 4691 1078 4749 velit
1099 4695 1347 4763 intelligi,
1389 4694 1437 4746 id
1469 4705 1572 4756 ρει,
1621 4691 2023 4752 subsisterttias,
2060 4705 2178 4758 qua:

604 4761 750 4841 filius
778 4769 935 4818 etiam
957 4807 970 4825 ,
1000 4768 1136 4835 quod
1169 4782 1230 4820 ex
1275 4761 1534 4841 partibus
1563 4771 1844 4841 constant,
1868 4769 1994 4841 sunt
2032 4775 2176 4841 esse.

606 4833 872 4908 Quidquid
891 4833 1045 4908 enim
1069 4846 1151 4888 est
1180 4850 1301 4890 esse
1325 4833 1628 4902 cujuslibet,
1655 4833 1817 4900 partis
1844 4833 1962 4908 ejus
1993 4833 2175 4908 etiam,

605 4907 745 4982 quod
767 4902 834 4959 ex
870 4907 955 4959 illa
997 4919 1150 4982 parte
1192 4913 1539 4982 ems_tat,_est
1568 4919 1708 4966 esse,
1741 4914 1793 4954 et
1839 4902 1906 4954 de
1944 4918 2016 4982 eo.
2039 4904 2178 4953 sicut

605 4975 672 5028 de
702 4989 853 5046 parte
896 4993 1022 5030 vere
1050 4978 1261 5030 dicitur.
1293 4976 1442 5041 Quod
1488 4989 1550 5027 ex
1585 4988 1768 5046 eorum
1823 4975 2048 5046 propriis
2091 4988 2179 5036 pa-

608 5041 781 5100 ieuier
806 5049 1122 5101 05Ienditnr.
1155 5047 1314 5100 Color
1343 5048 1483 5099 enim
1518 5044 1605 5112 qui
1648 5042 1745 5096 soli
1793 5041 1944 5095 adest
1990 5057 2177 5108 cmpo-

607 5118 802 5172 talitati
820 5157 835 5183 ,
865 5130 968 5170 tam
993 5118 1058 5172 de
1084 5119 1297 5171 homine
1320 5119 1405 5191 qui
1429 5124 1637 5169 constat
1658 5130 1720 5166 ex
1747 5127 1989 5176 corpore.
2017 5127 2176 5191 quam

603 5189 671 5240 de
698 5190 814 5256 ipso
840 5194 978 5257 quod
1011 5205 1132 5262 eum
1165 5190 1440 5242 constituit
1469 5199 1714 5262 corpore,
1752 5198 1878 5235 vere
1926 5183 2180 5262 pra-dica-

602 5267 718 5321 tur;
747 5270 801 5312 et
833 5259 1166 5314 rationalitas
1192 5276 1308 5326 quae
1337 5271 1503 5327 genus
1532 5257 2096 5332 spirituumsequitur,
2128 5263 2181 5304 et

601 5330 826 5384 scientia
863 5333 961 5384 soli
996 5324 1359 5390 rationalitati'
1386 5327 1760 5403 accommoda,
1797 5324 2040 5403 siiii_rlitet-
2073 5334 2177 5375 tam

603 5403 670 5452 de
705 5402 920 5455 homine
956 5405 1043 5470 qui
1077 5411 1287 5454 censuit
1339 5413 1402 5453 ex
1434 5397 1653 5472 spiritu,
1679 5409 1841 5472 quam
1873 5393 1942 5472 de
1975 5395 2087 5461 ipso
2113 5411 2177 5472 ex

601 5485 707 5536 quo
733 5483 939 5525 eous-tat
975 5464 1204 5538 spiritu,
1237 5485 1362 5526 vere
1411 5468 1628 5522 dicitur.
1677 5465 1789 5518 Non
1820 5464 1991 5516 solum
2038 5468 2178 5538 enim

583 5535 794 5610 corpus
822 5559 885 5596 ex
919 5535 1024 5610 quo
1063 5535 1274 5596 constat
1319 5544 1477 5593 homo
1523 5538 1815 5610 coloratum
1859 5535 2089 5610 est,_sed
2129 5547 2181 5586 et

603 5609 764 5686 homo
805 5605 1034 5680 i-pse'qui
1078 5623 1284 5666 constat
1326 5627 1388 5686 ex
1422 5625 1485 5663 eo
1513 5609 1780 5662 coloratus
1807 5615 1924 5686 _est.
1960 5605 2022 5658 Et
2059 5619 2176 5686 cum

603 5680 764 5732 honto
799 5677 851 5736 et
895 5677 1088 5750 corpus
1119 5700 1180 5735 ex
1224 5699 1330 5750 quo
1381 5685 1494 5748 ipse
1538 5686 1750 5732 constat
1787 5677 1993 5727 diversa
2040 5677 2176 5736 Sint,

601 5751 735 5803 adeo
775 5753 916 5820 quod
967 5767 1160 5820 corpus
1205 5769 1268 5822 ex
1321 5767 1428 5821 quo
1474 5750 1634 5802 horno
1685 5755 1897 5801 comtat
1940 5760 2045 5822 non
2095 5756 2177 5796 est

602 5818 808 5887 hamo,—
827 5837 934 5873 non
964 5818 1138 5874 tanien
1171 5821 1293 5874 sunt
1321 5818 1526 5874 diw't'sa
1559 5833 1816 5886 corpora,
1846 5825 1934 5868 aut
1965 5818 2174 5868 diversa

2270 543 2373 591 imo
2397 541 2762 608 singular-itam
2790 541 3152 594 subsistentia:
3179 558 3394 607 corpus,
3420 557 3468 597 et
3504 562 3664 598 unum
3700 549 3839 600 acci-

2267 609 2441 662 dentis
2482 610 2846 675 singularitate
2885 613 3202 664 Coloratum.
3242 613 3500 667 Similiter
3533 633 3636 667 nou
3667 620 3837 670 Solum

2268 681 2485 745 spiritus
2533 697 2598 733 ex
2630 696 2735 747 quo
2769 690 2976 733 constat
3026 681 3184 735 homo
3226 686 3501 737 rationalis
3547 695 3639 739 aut
3666 688 3841 739 sciens

2267 765 2376 807 est,
2406 751 2496 802 sed
2535 762 2588 802 et
2635 754 2793 804 ltottto
2839 753 2926 819 qui
2974 768 3039 804 ex
3076 768 3139 803 eo
3168 763 3409 816 constat,
3445 757 3721 809 ratiomtlis
3751 770 3842 810 aut

2225 859 2228 868 .
2267 820 2441 872 sciens
2470 829 2571 873 est.
2605 821 2843 895 Cumque
2894 822 3051 895 homo
3097 832 3174 895 et_
3199 827 3419 891 Spiritus
3459 843 3523 879 ex
3549 843 3679 895 gquo
3731 830 3844 894 ipse

2267 899 2476 942 constat
2497 892 2690 943 diversi
2719 893 2853 951 sint,
2882 892 3015 943 adeo
3039 893 3177 960 quod
3209 895 3426 960 spiritus
3453 912 3515 949 ex
3543 892 3648 959 quo
3680 892 3841 950 hoino

2267 970 2475 1013 constat
2525 975 2629 1032 nott
2683 971 2764 1012 est
2792 963 2980 1027 homo,
3011 979 3114 1016 non
3149 973 3321 1017 tamen
3357 979 3479 1017 sunt
3507 967 3699 1019 diversi
3732 982 3842 1032 Spi-

2269 1032 2430 1103 ritus,
2476 1039 2567 1082 aut
2602 1031 2816 1103 diversi,
2853 1036 3167 1092 rationales,
3201 1048 3290 1086 aut
3340 1035 3539 1089 diversi
3581 1031 3832 1103 scientes,

2269 1102 2359 1152 sed
2393 1116 2548 1165 unus,
2581 1117 2684 1153 non
2732 1101 3108 1156 universalium
3141 1104 3530 1169 conforntitate,
3579 1107 3684 1159 imo
3715 1101 3838 1160 sub;

2268 1170 2525 1244 sisterttizc
2567 1173 2929 1239 siugttlaritate
2970 1175 3188 1240 spiritus
3223 1216 3237 1239 ,
3277 1185 3332 1228 et
3383 1179 3535 1230 uni-is
3589 1181 3839 1244 potentia:

2269 1239 2632 1313 singularitate
2683 1257 2817 1294 unus
2867 1239 3138 1313 rationalis
3168 1286 3181 1306 ,
3247 1255 3301 1298 et
3350 1250 3504 1298 unius
3549 1239 3837 1300 accidentis

2269 1311 2636 1377 singularitate
2694 1327 2827 1364 unus
2859 1311 3051 1368 sciens.
3099 1317 3184 1369 Illa
3220 1325 3395 1369 autem
3444 1318 3836 1370 dialecticormtt

2273 1381 2501 1432 maxima
2552 1383 2844 1449 propositio
2875 1400 2969 1450 per
2998 1399 3055 1437 se
3086 1396 3208 1437 nota
3239 1396 3348 1451 est,
3381 1404 3479 1448 qua
3513 1389 3732 1440 dicunt:
3767 1389 3840 1440 De

2271 1465 2588 1522 quocunque
2621 1453 2938 1515 prazdicatur
2966 1455 3014 1505 id
3052 1458 3188 1520 quod
3220 1457 3316 1508 soli
3349 1458 3501 1509 alicui
3535 1473 3565 1510 a
3587 1461 3685 1510 test
3717 1472 3837 1522 pto-

2272 1520 2474 1595 priunt,
2507 1523 2787 1595 de‘eodent
2821 1526 3043 1590 prmdica
3075 1543 3136 1576 ttr
3169 1527 3217 1578 id
3249 1526 3397 1594 cujus
3428 1537 3511 1581 est
3539 1520 3834 1595 proprium.

2271 1592 2531 1654 Quoniam
2579 1591 2739 1659 igitur
2785 1596 2934 1647 color
2966 1596 3051 1660 qui
3095 1598 3191 1648 soli
3241 1591 3327 1649 illi
3357 1598 3509 1650 adest
3541 1591 3700 1649 'unde
3757 1610 3840 1651 est

2270 1675 2464 1732 corpus
2518 1663 2772 1731 quidquid
2811 1679 2935 1718 vere
2975 1667 3166 1719 dicitur
3193 1682 3407 1732 corpus,
3442 1684 3544 1720 rtou
3576 1670 3732 1721 modo
3770 1669 3839 1722 de

2275 1730 2502 1804 hominis
2551 1730 2835 1804 illar’parte
2880 1751 2998 1803 qua!
3043 1745 3235 1804 Corpus
3279 1730 3400 1801 est,
3433 1741 3523 1790 sed
3572 1741 3732 1791 etiam
3771 1740 3841 1792 de

2276 1800 2488 1853 homine
2521 1803 2838 1870 prtedicatur
2862 1848 2876 1872 ,
2899 1800 3240 1861 necesse—est
3271 1822 3323 1860 ut
3355 1800 3510 1860 etiam
3553 1809 3678 1862 illud
3720 1825 3838 1862 esse

2274 1873 2541 1945 Corporis,
2567 1876 2650 1926 cui
2693 1874 2788 1926 soli
2839 1875 2991 1929 adest
3036 1879 3202 1939 color,
3238 1878 3287 1932 id
3335 1888 3418 1931 est
3466 1881 3836 1945 corporalitas,

2274 1956 2379 2015 non
2407 1943 2580 2015 modo
2607 1945 2673 1997 de
2717 1945 2949 1998 hominis
2992 1947 3074 1999 illa
3111 1964 3291 2015 parte,
3340 1965 3521 2002 verum
3564 1943 3720 2003 etiam
3769 1951 3840 2000 de

2277 2014 2488 2086 homine
2517 2015 2854 2080 prmdicetur.
2887 2018 2948 2068 lit.
2975 2014 3222 2084 quoniam
3254 2019 3576 2072 rationalitas
3601 2036 3714 2086 (pne
3737 2021 3840 2074 soli

2273 2080 2343 2133 ili
2385 2084 2542 2158 adest
2573 2087 2711 2137 ttnde
2749 2097 2831 2140 est
2883 2080 3104 2158 ,spir‘itus
3143 2090 3395 2158 quidquid
3431 2107 3552 2142 vere
3600 2080 3836 2158 spiritus,

2274 2159 2326 2202 et
2357 2153 2600 2212 scientia,
2657 2172 2774 2223 qute
2813 2153 2929 2210 stili
2965 2159 3034 2208 illi
3082 2153 3232 2210 adest
3284 2153 3422 2212 unde
3452 2173 3528 2212 est
3582 2153 3839 2214 rationale

2275 2223 2530 2293 quidquid
2577 2239 2719 2279 recte
2760 2229 2953 2281 dicitur
2986 2229 3261 2293 rationale,
3298 2246 3401 2283 non
3434 2229 3591 2282 tundo
3630 2231 3696 2283 de
3737 2237 3836 2281 Itu-

2279 2292 2432 2366 ntiuis
2473 2293 2558 2346 illa
2593 2306 2737 2363 parte
2767 2315 2884 2366 qua:
2913 2298 3128 2361 spiritus
3171 2292 3281 2363 est,
3311 2303 3403 2354 sed
3436 2314 3594 2353 etaim
3625 2303 3691 2354 de
3736 2301 3833 2352 ho-

2278 2363 2419 2414 mine
2451 2363 2808 2431 przedicatttr,
2841 2384 3061 2420 necesse
3091 2380 3169 2422 est
3197 2381 3255 2422 ut
3300 2374 3456 2423 etiam
3504 2373 3588 2422 illa
3637 2371 3838 2423 subsis-

2279 2435 2441 2508 tentia
2465 2437 2701 2508 spiritus,
2733 2439 2815 2490 cni
2847 2439 2946 2491 soli
2981 2440 3306 2492 ratiunalitas
3335 2443 3510 2504 adest,
3539 2441 3588 2494 id
3619 2455 3701 2494 est
3728 2443 3838 2508 ipsa

2282 2503 2347 2568 (si
2387 2505 2506 2581 quis
2548 2522 2663 2557 eam
2718 2508 2784 2581 ita
2835 2509 3110 2581 nominare
3144 2513 3289 2581 velit)
3337 2512 3698 2578 Spiritualitas,
3731 2503 3834 2564 non

2281 2573 2439 2653 tttodo
2466 2576 2531 2628 de
2572 2578 2798 2659 hominis
2841 2579 2930 2631 illa
2973 2593 3142 2659 parte,
3173 2573 3450 2659 sed'etiam
3484 2582 3549 2634 de
3581 2573 3694 2659 ipso
3739 2586 3837 2632 lto-

2282 2644 2423 2717 mine
2451 2656 2594 2698 recte
2626 2648 2962 2714 praidicctur.
2998 2651 3087 2702 Est
3117 2651 3275 2715 igitur
3303 2654 3456 2704 homo
3486 2644 3698 2717 Corpus.
3731 2666 3836 2704 non

2282 2713 2347 2765 sib
2368 2728 2432 2767 eo
2457 2730 2525 2769 ex
2555 2713 2657 2788 quo
2686 2720 2798 2785 ipse
2829 2730 3035 2772 constat
3063 2713 3306 2788 corpore,
3333 2725 3423 2774 sed
3457 2724 3523 2773 ab
3555 2713 3691 2774 ibitis
3721 2738 3839 2775 cur-

2288 2789 2430 2860 pnris
2457 2801 2596 2839 esse.
2632 2787 2726 2841 Est
2753 2800 2805 2841 et
2837 2791 2974 2842 idem
3006 2787 3168 2843 homo
3195 2793 3430 2860 spiritus,
3463 2809 3565 2844 non
3593 2794 3659 2845 ab
3685 2811 3748 2845 eo
3771 2807 3840 2847 ex

2283 2869 2388 2929 quo
2419 2857 2530 2923 ipse
2557 2868 2765 2929 conStat
2790 2861 3003 2924 spiritu,
3036 2865 3129 2913 sed
3163 2857 3236 2914 alr
3269 2864 3406 2916 illius
3438 2865 3658 2929 spiritus
3697 2879 3836 2917 esse.

2285 2925 2464 2993 Itaque
2493 2942 2612 2981 esse
2646 2928 2872 2982 hominis
2905 2947 3009 2982 non
3041 2935 3262 2999 simplex
3293 2945 3382 2985 attt
3411 2925 3706 2988 solitarium
3734 2945 3837 2989 est.

2289 2999 2584 3067 lustcnim,
2615 3004 2744 3049 sicut
2790 3003 2984 3052 dictum
3013 3011 3124 3065 est,
3149 3015 3194 3054 et
3228 3019 3420 3067 corpus
3449 3006 3514 3056 ab
3561 3021 3679 3057 esse
3720 3020 3840 3058 coro

2289 3065 2430 3138 poris
2469 3068 2578 3124 sui.
2615 3085 2678 3121 cx
2720 3087 2822 3138 quo
2871 3072 2982 3137 ipse
3021 3084 3260 3136 constat,
3291 3065 3343 3126 et
3386 3090 3562 3127 annua
3611 3077 3676 3128 ab
3722 3090 3839 3129 esse

2287 3137 2477 3188 anima.-
2507 3154 2638 3198 srne,
2667 3156 2728 3191 ex
2780 3156 2878 3207 qua
2921 3142 3126 3195 scilicet
3169 3143 3282 3210 ipse
3331 3157 3568 3207 constat,
3613 3162 3715 3197 non
3757 3148 3842 3199 vel

2285 3220 2725 3282 cttt‘ptts_t:tttluttt
2774 3213 2852 3263 vi-l
2903 3212 3075 3263 anima
3125 3223 3348 3267 tantum.
3397 3216 3588 3268 Putant
3631 3218 3840 3282 quidam

2289 3276 2519 3344 imperiti
2547 3295 2608 3353 ex
2643 3281 2762 3344 hoc,
2792 3283 2953 3353 quod
2974 3283 3046 3334 ait
3073 3298 3086 3334 :
3121 3285 3232 3335 Non
3265 3286 3345 3337 vel
3386 3302 3577 3353 corpus
3604 3276 3684 3339 vel
3726 3289 3842 3339 ant-

2288 3362 2404 3410 rtta,
2436 3350 2573 3416 quod
2608 3365 2706 3402 nec
2735 3351 2893 3403 etiam
2925 3351 3029 3404 dici
3064 3355 3247 3406 horum
3279 3350 3500 3408 alterum
3533 3359 3645 3407 sine
3675 3359 3843 3408 altero

2290 3419 2474 3492 liceat,
2505 3420 2554 3470 id
2586 3431 2663 3473 est
2686 3462 2698 3480 ,
2729 3422 2868 3490 quod
2903 3440 3005 3474 non
3037 3424 3104 3474 sit
3134 3441 3255 3476 vera
3303 3426 3483 3486 dictio,
3526 3427 3568 3477 si
3616 3429 3732 3492 quis
3763 3427 3843 3477 di-

2286 3497 2400 3549 cat,
2437 3488 2596 3541 ltorno
2626 3501 2707 3542 est
2733 3488 2948 3556 corpus,
2979 3508 3080 3544 nou
3114 3495 3332 3558 addens,
3361 3508 3411 3546 ct
3438 3488 3647 3556 animai
3674 3505 3764 3546 aut
3795 3496 3843 3549 si

2287 3558 2444 3619 dicat,
2479 3560 2636 3612 homo
2665 3570 2747 3613 est
2776 3564 2974 3627 anima,
3009 3578 3110 3614 non
3141 3564 3358 3626 addens,
3389 3574 3440 3617 et
3469 3579 3680 3630 corpus.
3713 3566 3844 3632 Upi-

2287 3637 2475 3700 nantes
2515 3634 2652 3696 quod
2692 3647 2757 3684 ex
2787 3648 2902 3700 quo
2950 3633 3184 3697 diversa,
3215 3644 3269 3685 ut
3309 3649 3467 3686 unum
3491 3645 3835 3700 eornponaut,

2285 3699 2569 3770 conjuncta
2595 3712 2750 3764 sunt,
2781 3699 2898 3756 esse
2929 3704 3201 3770 utriusque
3245 3705 3376 3756 adeo
3403 3708 3478 3756 sic
3506 3721 3568 3756 ex
3601 3699 3683 3756 illa
3712 3719 3840 3757 con-

2251 3753 2554 3831 ~junctione
2585 3753 2894 3838 confusum,
2936 3753 3164 3826 tit—sicut
3193 3789 3310 3827 cum
3343 3774 3517 3826 album
3550 3787 3600 3825 et
3633 3777 3839 3838 nigrum

2288 3837 2690 3913 permiscentur,
2721 3843 2860 3908 quod
2887 3860 2948 3897 ex
2977 3845 3079 3897 illis
3108 3845 3165 3896 fit
3195 3861 3287 3897 nec
3309 3847 3609 3898 albuuvnec
3639 3837 3840 3913 nigrum

2285 3907 2500 3971 dicitur,
2533 3913 2624 3964 sed
2674 3907 2950 3982 eujusdam
2997 3917 3217 3967 alterius
3247 3917 3441 3968 euloris
3483 3933 3547 3968 ex
3597 3917 3678 3968 illa
3696 3907 3838 3983 vper-

2289 3983 2545 4032 mixtione
2589 3987 2986 4050 provenientis:
3023 3985 3090 4037 ita
3139 3988 3278 4052 quod
3324 4003 3388 4038 ex
3445 3988 3668 4039 diversis
3714 4002 3846 4041 cott-

2287 4059 2420 4122 sta_t,
2457 4065 2694 4104 neutrius
2721 4057 2973 4122 deinceps
3003 4057 3254 4122 siiscipiat
3285 4073 3505 4119 nomen,
3537 4061 3626 4110 sed
3657 4061 3725 4109 sit
3753 4058 3848 4109 ali-

2285 4119 2410 4185 quid
2442 4136 2504 4172 ex
2538 4137 2603 4174 eo
2630 4125 2767 4189 quod
2799 4140 2861 4177 ex
2897 4119 3247 4191 perutinione
3278 4130 3547 4192 pri-venit;
3574 4139 3626 4181 et
3651 4145 3714 4180 ex
3747 4130 3847 4181 hoc

2286 4193 2670 4264 sensudiet-im
2698 4207 2838 4259 esse,
2887 4196 3045 4249 homo
3084 4206 3168 4249 est
3191 4208 3462 4264 corpusct
3505 4200 3700 4260 anima,
3736 4211 3840 4249 nun

2283 4261 2568 4334 quodipse
2598 4265 2666 4316 sit
2710 4281 2905 4331 corpus
2948 4269 3025 4319 vel
3057 4261 3404 4330 anituafscd
3448 4269 3583 4332 quod
3637 4268 3748 4334 ipse
3775 4267 3847 4319 sit

2284 4331 2534 4407 quiddam
2569 4334 2710 4407 quod
2743 4337 2981 4400 provenit
3007 4355 3074 4389 cx
3117 4339 3467 4404 permixtione
3493 4354 3610 4407 qua:
3633 4331 3696 4389 ex
3725 4352 3848 4389 cor-

2287 4403 2430 4464 poris
2474 4414 2526 4454 et
2573 4406 2768 4456 anima:
2813 4403 3189 4473 conjunctione
3235 4403 3522 4476 contingitf
3555 4408 3656 4462 Sed
3706 4407 3844 4473 quod

2285 4486 2389 4524 non
2421 4487 2633 4540 semper
2677 4479 2949 4543 contingat
2993 4494 3055 4530 ex
3104 4479 3314 4544 conjum
3335 4479 3477 4532 tione
3518 4480 3849 4532 confusionis

2287 4544 2590 4603 permixtio,
2624 4546 2675 4597 in
2716 4560 2780 4598 eo
2820 4547 2956 4601 libro
2997 4565 3151 4612 quem
3197 4561 3380 4601 contra
3432 4553 3568 4602 hunc
3610 4563 3845 4602 errorem

2288 4613 2542 4681 liutycbis
2572 4616 2786 4680 scribit,
2819 4617 2948 4672 satis
2991 4619 3364 4684 dis‘putatiitur.
3400 4620 3496 4671 llic
3543 4631 3717 4672 autem
3758 4621 3844 4670 ubi

2285 4683 2543 4757 simplex,
2581 4696 2680 4757 aut
2729 4703 2832 4738 non
2879 4683 3212 4750 solitarium,
3259 4690 3399 4742 unde
3441 4692 3848 4757 unumquodque

2284 4765 2367 4825 est
2396 4755 2591 4822 aliquid
2623 4758 3017 4811 demonstratur
3037 4803 3050 4825 ,
3078 4762 3303 4812 dicunus
3327 4763 3467 4825 quod
3497 4755 3632 4813 sicut
3657 4761 3723 4813 de
3755 4755 3848 4811 lto-

2286 4824 2460 4888 tnine,
2507 4838 2559 4876 et
2606 4827 2951 4895 conjunctiut,
3007 4830 3163 4882 homo
3214 4838 3296 4883 est
3347 4824 3622 4884 coloratus
3660 4841 3714 4883 et
3759 4845 3849 4882 sa-

2271 4899 2455 4960 ‘piens,
2488 4905 2540 4948 et
2568 4896 3072 4963 disjunctiut,homo
3101 4910 3179 4954 est
3209 4902 3500 4959 coloratus,
3535 4906 3656 4954 item
3691 4903 3857 4952 homo

2284 4973 2368 5018 est
2395 4968 2632 5033 sapiens,
2664 4983 2844 5020 verum
2875 4979 2987 5032 est;
3023 4971 3090 5022 ita
3123 4983 3174 5022 et
3203 4972 3554 5039 conjunctim,
3584 4975 3739 5024 homo
3769 4980 3851 5023 est

2286 5049 2480 5108 σοιῖιιιιε
2516 5046 2570 5091 ει
2616 5054 2818 5098 alitum.
2853 5051 2905 5092 et
2935 5042 3275 5106 disjunctim,
3319 5043 3479 5095 ltonto
3507 5055 3590 5093 est
3637 5057 3858 5108 corpus,

2286 5116 2340 5157 et
2375 5107 2497 5180 item
2546 5112 2703 5180 homo
2739 5121 2820 5162 est
2866 5112 3076 5173 anima,
3109 5128 3290 5166 verum
3343 5123 3420 5166 est
3465 5113 3614 5180 juxta
3662 5107 3854 5180 pra-di-

2287 5187 2424 5228 ctam
2456 5178 2853 5232 dialecticorum
2903 5184 3135 5250 regulam
3165 5199 3177 5234 :
3210 5185 3276 5238 de
3319 5178 3634 5250 quocunque
3665 5178 3857 5251 praedi-

2287 5259 2437 5323 catur
2477 5252 2781 5323 proprium,
2814 5260 2868 5323 et
2897 5252 3023 5304 illud
3063 5252 3214 5323 cujus
3253 5264 3335 5307 est
3375 5256 3670 5321 pr0prium.
3707 5253 3856 5306 Ideo-

2287 5318 2471 5392 querin
2515 5331 2580 5370 eo
2626 5321 2767 5385 quod
2811 5321 2922 5375 ait:
2957 5339 3062 5375 non
3095 5318 3175 5376 vel
3209 5325 3308 5377 hoc
3337 5318 3419 5377 vel
3465 5318 3585 5386 hoc,
3634 5337 3686 5378 et
3734 5339 3891 5392 ενα-ι

2289 5388 2495 5440 cialiter
2557 5405 2659 5441 non
2720 5392 2799 5444 vel
2865 5407 3059 5459 c0rpus
3111 5396 3192 5445 vel
3250 5398 3458 5452 anima,
3516 5412 3618 5446 non
3677 5388 3856 5448 ett—eo

2289 5473 2448 5532 sensu
2480 5459 2880 5532 intelligendum
2937 5474 3020 5514 κει
3056 5464 3196 5532 quod
3240 5481 3338 5515 una
3385 5464 3548 5516 dictio
3577 5466 3695 5518 sine
3723 5466 3859 5518 alte-

2289 5531 2399 5582 rius
2449 5531 2719 5584 addittoae
2775 5548 2893 5584 vera
2947 5531 3202 5598 nott'sit,
3252 5535 3343 5586 Sed
3393 5536 3530 5601 quod
3581 5550 3680 5589 nec
3729 5537 3862 5588 illud

2289 5616 2448 5652 unttttt
2481 5615 2578 5672 nec
2608 5603 2832 5656 alterum
2863 5603 2927 5654 ad
2964 5605 3259 5656 iaciendum
3303 5604 3594 5669 hominem,
3639 5608 3704 5658 de
3747 5622 3855 5672 quo

2287 5671 2445 5722 etiam
2485 5671 2723 5727 solitarie
2765 5675 2959 5726 dicitur
3001 5688 3120 5726 esse
3149 5675 3382 5742 aliquid,
3413 5677 3706 5728 sitlitarituu
3734 5671 3859 5731 esse

2286 5756 2388 5794 non
2424 5743 2607 5807 po-sit.
2637 5742 2963 5796 Alitld‘ellillt
2993 5759 3076 5798 est
3103 5747 3397 5799 solitarium
3429 5760 3571 5804 esse,
3603 5747 3741 5800 atiud
3765 5759 3858 5798 so-

2285 5811 2515 5865 litarium
2546 5813 2674 5865 dici.
2699 5812 2814 5868 Non
2848 5818 2985 5868 enim
3016 5816 3317 5870 solitarium
3346 5831 3464 5871 esse
3492 5833 3712 5872 incesse
3737 5825 3858 5883 est,
