  <div class='ocr_page' id='page_1' title='image "/cluster/home/n/w/nwhite01/storage/ocr_20150623/64/hvd.32044073505265/643.png"; bbox 0 0 4274 6272; ppageno 0'>
   <div class='ocr_carea' id='block_1_1' title="bbox 621 305 759 361">
    <p class='ocr_par' dir='ltr' id='par_1_1' title="bbox 621 305 759 361">
     <span class='ocr_line' id='line_1_1' title="bbox 621 305 759 361; baseline 0 0"><span class='ocrx_word' id='word_1_1' title='bbox 621 305 759 361; x_wconf 68' lang='grc' dir='ltr'><strong>η’ἲὸ</strong></span> 
     </span>
    </p>
   </div>
   <div class='ocr_carea' id='block_1_2' title="bbox 1804 289 2700 363">
    <p class='ocr_par' dir='ltr' id='par_1_2' title="bbox 1804 289 2700 363">
     <span class='ocr_line' id='line_1_2' title="bbox 1804 289 2700 363; baseline 0.001 -2"><span class='ocrx_word' id='word_1_2' title='bbox 1804 308 1866 362; x_wconf 52' lang='grc' dir='ltr'>ιχ</span> <span class='ocrx_word' id='word_1_3' title='bbox 1909 289 2159 363; x_wconf 67' lang='lat' dir='ltr'><strong>uenosi</strong></span> <span class='ocrx_word' id='word_1_4' title='bbox 2206 309 2291 361; x_wconf 79' lang='lat' dir='ltr'><strong>os</strong></span> <span class='ocrx_word' id='word_1_5' title='bbox 2332 308 2700 363; x_wconf 72' lang='lat' dir='ltr'><strong>TIllNITATE</strong></span> 
     </span>
    </p>
   </div>
   <div class='ocr_carea' id='block_1_3' title="bbox 3726 312 3861 366">
    <p class='ocr_par' dir='ltr' id='par_1_3' title="bbox 3726 312 3861 366">
     <span class='ocr_line' id='line_1_3' title="bbox 3726 312 3861 366; baseline 0.007 -1"><span class='ocrx_word' id='word_1_6' title='bbox 3726 312 3861 366; x_wconf 69' lang='lat'><strong>1275</strong></span> 
     </span>
    </p>
   </div>
   <div class='ocr_carea' id='block_1_4' title="bbox 614 422 3857 493">
    <p class='ocr_par' dir='ltr' id='par_1_4' title="bbox 614 422 3857 493">
     <span class='ocr_line' id='line_1_4' title="bbox 614 422 3857 493; baseline 0.003 -18"><span class='ocrx_word' id='word_1_7' title='bbox 614 438 777 478; x_wconf 88' lang='lat' dir='ltr'><strong>omne</strong></span> <span class='ocrx_word' id='word_1_8' title='bbox 822 438 961 477; x_wconf 81' lang='lat' dir='ltr'><strong>esse.</strong></span> <span class='ocrx_word' id='word_1_9' title='bbox 1010 423 1313 478; x_wconf 75' lang='lat' dir='ltr'><strong>Accidi-ntia</strong></span> <span class='ocrx_word' id='word_1_10' title='bbox 1349 439 1477 479; x_wconf 86' lang='lat' dir='ltr'><strong>vero</strong></span> <span class='ocrx_word' id='word_1_11' title='bbox 1505 425 1743 493; x_wconf 68' lang='lat' dir='ltr'><strong>quaedam</strong></span> <span class='ocrx_word' id='word_1_12' title='bbox 1776 440 1998 477; x_wconf 90' lang='lat' dir='ltr'><strong>numero</strong></span> <span class='ocrx_word' id='word_1_13' title='bbox 2026 426 2141 479; x_wconf 85' lang='lat' dir='ltr'><strong>solo</strong></span> <span class='ocrx_word' id='word_1_14' title='bbox 2168 440 2180 474; x_wconf 89' lang='lat'>:</span> <span class='ocrx_word' id='word_1_15' title='bbox 2217 427 2259 480; x_wconf 77' lang='grc' dir='ltr'><strong>Α</strong></span> <span class='ocrx_word' id='word_1_16' title='bbox 2288 430 2369 474; x_wconf 77' lang='lat' dir='ltr'><strong>est</strong></span> <span class='ocrx_word' id='word_1_17' title='bbox 2398 422 2460 474; x_wconf 84' lang='lat' dir='ltr'><strong>ad</strong></span> <span class='ocrx_word' id='word_1_18' title='bbox 2492 438 2553 475; x_wconf 90' lang='lat' dir='ltr'><strong>ea</strong></span> <span class='ocrx_word' id='word_1_19' title='bbox 2585 439 2647 475; x_wconf 77' lang='lat' dir='ltr'><strong>ex</strong></span> <span class='ocrx_word' id='word_1_20' title='bbox 2675 440 2900 490; x_wconf 89' lang='lat' dir='ltr'><strong>quorum</strong></span> <span class='ocrx_word' id='word_1_21' title='bbox 2927 423 3234 479; x_wconf 86' lang='lat' dir='ltr'><strong>diversitate</strong></span> <span class='ocrx_word' id='word_1_22' title='bbox 3268 427 3403 481; x_wconf 87' lang='lat' dir='ltr'><strong>solet</strong></span> <span class='ocrx_word' id='word_1_23' title='bbox 3432 442 3685 481; x_wconf 90' lang='lat' dir='ltr'><strong>numerus</strong></span> <span class='ocrx_word' id='word_1_24' title='bbox 3715 444 3857 486; x_wconf 85' lang='lat' dir='ltr'><strong>esse.</strong></span> 
     </span>
    </p>
   </div>
   <div class='ocr_carea' id='block_1_5' title="bbox 618 493 2182 563">
    <p class='ocr_par' dir='ltr' id='par_1_5' title="bbox 618 493 2182 563">
     <span class='ocr_line' id='line_1_5' title="bbox 618 493 2182 563; baseline 0 -17"><span class='ocrx_word' id='word_1_25' title='bbox 618 504 676 547; x_wconf 90' lang='lat' dir='ltr'><strong>ut</strong></span> <span class='ocrx_word' id='word_1_26' title='bbox 698 493 919 546; x_wconf 84' lang='lat' dir='ltr'><strong>duorum</strong></span> <span class='ocrx_word' id='word_1_27' title='bbox 943 493 1206 556; x_wconf 88' lang='lat' dir='ltr'><strong>alborum,</strong></span> <span class='ocrx_word' id='word_1_28' title='bbox 1232 496 1422 548; x_wconf 76' lang='lat' dir='ltr'><strong>albeilo</strong></span> <span class='ocrx_word' id='word_1_29' title='bbox 1439 505 1493 549; x_wconf 85' lang='lat' dir='ltr'><strong>et</strong></span> <span class='ocrx_word' id='word_1_30' title='bbox 1516 497 1739 555; x_wconf 70' lang='lat' dir='ltr'><strong>albedo;</strong></span> <span class='ocrx_word' id='word_1_31' title='bbox 1765 495 2005 563; x_wconf 65' lang='lat' dir='ltr'><strong>quaidam</strong></span> <span class='ocrx_word' id='word_1_32' title='bbox 2024 498 2182 546; x_wconf 76' lang='lat' dir='ltr'><strong>etiam</strong></span> 
     </span>
    </p>
   </div>
   <div class='ocr_carea' id='block_1_6' title="bbox 618 564 2186 635">
    <p class='ocr_par' dir='ltr' id='par_1_6' title="bbox 618 564 2186 635">
     <span class='ocr_line' id='line_1_6' title="bbox 618 564 2186 635; baseline 0.003 -22"><span class='ocrx_word' id='word_1_33' title='bbox 618 564 1066 635; x_wconf 64' lang='lat' dir='ltr'><strong>dissimilitudine,</strong></span> <span class='ocrx_word' id='word_1_34' title='bbox 1121 576 1172 617; x_wconf 84' lang='grc' dir='ltr'><strong>ιιι</strong></span> <span class='ocrx_word' id='word_1_35' title='bbox 1220 568 1327 620; x_wconf 89' lang='lat' dir='ltr'><strong>albi</strong></span> <span class='ocrx_word' id='word_1_36' title='bbox 1370 578 1421 618; x_wconf 80' lang='lat' dir='ltr'><strong>i-t</strong></span> <span class='ocrx_word' id='word_1_37' title='bbox 1453 568 1604 634; x_wconf 81' lang='lat' dir='ltr'><strong>nigri.</strong></span> <span class='ocrx_word' id='word_1_38' title='bbox 1640 568 1845 620; x_wconf 75' lang='lat' dir='ltr'><strong>Albedo</strong></span> <span class='ocrx_word' id='word_1_39' title='bbox 1871 577 1924 619; x_wconf 89' lang='lat' dir='ltr'><strong>et</strong></span> <span class='ocrx_word' id='word_1_40' title='bbox 1970 566 2186 635; x_wconf 69' lang='lat' dir='ltr'><strong>nigredo</strong></span> 
     </span>
    </p>
   </div>
   <div class='ocr_carea' id='block_1_7' title="bbox 617 632 2191 704">
    <p class='ocr_par' dir='ltr' id='par_1_7' title="bbox 617 632 2191 704">
     <span class='ocr_line' id='line_1_7' title="bbox 617 632 2191 704; baseline 0.002 -19"><span class='ocrx_word' id='word_1_41' title='bbox 617 632 824 685; x_wconf 76' lang='lat' dir='ltr'><strong>diversa</strong></span> <span class='ocrx_word' id='word_1_42' title='bbox 861 640 979 685; x_wconf 86' lang='lat' dir='ltr'><strong>sunt</strong></span> <span class='ocrx_word' id='word_1_43' title='bbox 1006 650 1018 696; x_wconf 91' lang='lat'><strong>;</strong></span> <span class='ocrx_word' id='word_1_44' title='bbox 1054 636 1323 689; x_wconf 83' lang='lat' dir='ltr'><strong>hominum</strong></span> <span class='ocrx_word' id='word_1_45' title='bbox 1381 632 1528 689; x_wconf 75' lang='lat' dir='ltr'><strong>vero</strong></span> <span class='ocrx_word' id='word_1_46' title='bbox 1552 650 1709 703; x_wconf 87' lang='lat' dir='ltr'><strong>atque</strong></span> <span class='ocrx_word' id='word_1_47' title='bbox 1740 652 1993 704; x_wconf 88' lang='lat' dir='ltr'><strong>equorum</strong></span> <span class='ocrx_word' id='word_1_48' title='bbox 2024 632 2191 695; x_wconf 70' lang='lat' dir='ltr'><strong>pluri-</strong></span> 
     </span>
    </p>
   </div>
   <div class='ocr_carea' id='block_1_8' title="bbox 622 705 2186 765">
    <p class='ocr_par' dir='ltr' id='par_1_8' title="bbox 622 705 2186 765">
     <span class='ocr_line' id='line_1_8' title="bbox 622 705 2186 765; baseline 0.003 -11"><span class='ocrx_word' id='word_1_49' title='bbox 622 718 761 754; x_wconf 91' lang='lat' dir='ltr'><strong>muni</strong></span> <span class='ocrx_word' id='word_1_50' title='bbox 784 717 901 754; x_wconf 74' lang='lat' dir='ltr'><strong>esse</strong></span> <span class='ocrx_word' id='word_1_51' title='bbox 930 705 1051 757; x_wconf 79' lang='lat' dir='ltr'><strong>etei</strong></span> <span class='ocrx_word' id='word_1_52' title='bbox 1076 708 1323 759; x_wconf 84' lang='lat' dir='ltr'><strong>accidens</strong></span> <span class='ocrx_word' id='word_1_53' title='bbox 1352 723 1453 758; x_wconf 92' lang='lat' dir='ltr'><strong>non</strong></span> <span class='ocrx_word' id='word_1_54' title='bbox 1487 710 1603 761; x_wconf 71' lang='lat' dir='ltr'><strong>solo</strong></span> <span class='ocrx_word' id='word_1_55' title='bbox 1633 724 1873 765; x_wconf 84' lang='lat' dir='ltr'><strong>numero.</strong></span> <span class='ocrx_word' id='word_1_56' title='bbox 1902 706 1992 759; x_wconf 87' lang='lat' dir='ltr'><strong>sed</strong></span> <span class='ocrx_word' id='word_1_57' title='bbox 2025 709 2186 759; x_wconf 87' lang='lat' dir='ltr'><strong>etiam</strong></span> 
     </span>
    </p>
   </div>
   <div class='ocr_carea' id='block_1_9' title="bbox 616 771 2187 845">
    <p class='ocr_par' dir='ltr' id='par_1_9' title="bbox 616 771 2187 845">
     <span class='ocr_line' id='line_1_9' title="bbox 616 771 2187 845; baseline 0.003 -22"><span class='ocrx_word' id='word_1_58' title='bbox 616 771 1046 845; x_wconf 71' lang='lat' dir='ltr'><strong>dis~imilitudine</strong></span> <span class='ocrx_word' id='word_1_59' title='bbox 1075 777 1340 829; x_wconf 80' lang='lat' dir='ltr'><strong>diversum</strong></span> <span class='ocrx_word' id='word_1_60' title='bbox 1364 786 1462 830; x_wconf 89' lang='lat' dir='ltr'><strong>est.</strong></span> <span class='ocrx_word' id='word_1_61' title='bbox 1499 778 1662 832; x_wconf 85' lang='lat' dir='ltr'><strong>Unius</strong></span> <span class='ocrx_word' id='word_1_62' title='bbox 1689 793 1901 845; x_wconf 90' lang='lat' dir='ltr'><strong>quoque</strong></span> <span class='ocrx_word' id='word_1_63' title='bbox 1932 786 1987 827; x_wconf 91' lang='lat' dir='ltr'><strong>ut</strong></span> <span class='ocrx_word' id='word_1_64' title='bbox 2016 776 2187 843; x_wconf 79' lang='lat' dir='ltr'><strong>rnjus-</strong></span> 
     </span>
    </p>
   </div>
   <div class='ocr_carea' id='block_1_10' title="bbox 619 842 2189 912">
    <p class='ocr_par' dir='ltr' id='par_1_10' title="bbox 619 842 2189 912">
     <span class='ocr_line' id='line_1_10' title="bbox 619 842 2189 912; baseline 0.001 -18"><span class='ocrx_word' id='word_1_65' title='bbox 619 842 753 895; x_wconf 64' lang='lat' dir='ltr'><strong>{ibet</strong></span> <span class='ocrx_word' id='word_1_66' title='bbox 774 843 1004 895; x_wconf 87' lang='lat' dir='ltr'><strong>hominis</strong></span> <span class='ocrx_word' id='word_1_67' title='bbox 1022 855 1073 897; x_wconf 86' lang='lat' dir='ltr'><strong>et</strong></span> <span class='ocrx_word' id='word_1_68' title='bbox 1101 861 1219 899; x_wconf 83' lang='lat' dir='ltr'><strong>esse</strong></span> <span class='ocrx_word' id='word_1_69' title='bbox 1253 848 1532 912; x_wconf 83' lang='lat' dir='ltr'><strong>plurimum</strong></span> <span class='ocrx_word' id='word_1_70' title='bbox 1557 857 1659 909; x_wconf 87' lang='lat' dir='ltr'><strong>est,</strong></span> <span class='ocrx_word' id='word_1_71' title='bbox 1681 842 1733 901; x_wconf 80' lang='lat' dir='ltr'><strong>et</strong></span> <span class='ocrx_word' id='word_1_72' title='bbox 1759 842 2051 900; x_wconf 75' lang='lat' dir='ltr'><strong>accidentia</strong></span> <span class='ocrx_word' id='word_1_73' title='bbox 2078 842 2189 911; x_wconf 88' lang='lat' dir='ltr'><strong>pln-</strong></span> 
     </span>
    </p>
   </div>
   <div class='ocr_carea' id='block_1_11' title="bbox 623 912 2188 985">
    <p class='ocr_par' dir='ltr' id='par_1_11' title="bbox 623 912 2188 985">
     <span class='ocr_line' id='line_1_11' title="bbox 623 912 2188 985; baseline 0.003 -21"><span class='ocrx_word' id='word_1_74' title='bbox 623 912 792 985; x_wconf 86' lang='lat' dir='ltr'><strong>rima:</strong></span> <span class='ocrx_word' id='word_1_75' title='bbox 831 928 938 985; x_wconf 77' lang='lat' dir='ltr'><strong>nec</strong></span> <span class='ocrx_word' id='word_1_76' title='bbox 972 916 1126 966; x_wconf 90' lang='lat' dir='ltr'><strong>modo</strong></span> <span class='ocrx_word' id='word_1_77' title='bbox 1173 934 1395 970; x_wconf 87' lang='lat' dir='ltr'><strong>t-uinero</strong></span> <span class='ocrx_word' id='word_1_78' title='bbox 1433 920 1532 970; x_wconf 88' lang='lat' dir='ltr'><strong>sub</strong></span> <span class='ocrx_word' id='word_1_79' title='bbox 1585 934 1691 971; x_wconf 90' lang='lat' dir='ltr'><strong>uno</strong></span> <span class='ocrx_word' id='word_1_80' title='bbox 1735 934 1951 985; x_wconf 82' lang='lat' dir='ltr'><strong>genere,</strong></span> <span class='ocrx_word' id='word_1_81' title='bbox 2013 932 2188 969; x_wconf 78' lang='lat' dir='ltr'><strong>verum</strong></span> 
     </span>
    </p>
   </div>
   <div class='ocr_carea' id='block_1_12' title="bbox 622 982 2187 1057">
    <p class='ocr_par' dir='ltr' id='par_1_12' title="bbox 622 982 2187 1057">
     <span class='ocr_line' id='line_1_12' title="bbox 622 982 2187 1057; baseline 0.002 -19"><span class='ocrx_word' id='word_1_82' title='bbox 622 983 784 1057; x_wconf 84' lang='lat' dir='ltr'><strong>etiam</strong></span> <span class='ocrx_word' id='word_1_83' title='bbox 812 982 1243 1039; x_wconf 70' lang='lat' dir='ltr'><strong>dissimilitudini-</strong></span> <span class='ocrx_word' id='word_1_84' title='bbox 1265 989 1561 1055; x_wconf 86' lang='lat' dir='ltr'><strong>aliquorum</strong></span> <span class='ocrx_word' id='word_1_85' title='bbox 1586 982 1839 1057; x_wconf 79' lang='lat' dir='ltr'><strong>generum</strong></span> <span class='ocrx_word' id='word_1_86' title='bbox 1856 1002 2071 1041; x_wconf 83' lang='lat' dir='ltr'><strong>Suorttm</strong></span> <span class='ocrx_word' id='word_1_87' title='bbox 2095 1002 2187 1039; x_wconf 87' lang='lat' dir='ltr'><strong>seu</strong></span> 
     </span>
    </p>
   </div>
   <div class='ocr_carea' id='block_1_13' title="bbox 618 1055 2191 1119">
    <p class='ocr_par' dir='ltr' id='par_1_13' title="bbox 618 1055 2191 1119">
     <span class='ocr_line' id='line_1_13' title="bbox 618 1055 2191 1119; baseline 0.001 -15"><span class='ocrx_word' id='word_1_88' title='bbox 618 1055 857 1106; x_wconf 89' lang='lat' dir='ltr'><strong>omnium</strong></span> <span class='ocrx_word' id='word_1_89' title='bbox 893 1068 1026 1107; x_wconf 81' lang='lat' dir='ltr'><strong>inter</strong></span> <span class='ocrx_word' id='word_1_90' title='bbox 1060 1072 1117 1108; x_wconf 83' lang='lat' dir='ltr'><strong>se</strong></span> <span class='ocrx_word' id='word_1_91' title='bbox 1167 1060 1374 1110; x_wconf 62' lang='lat' dir='ltr'><strong>diuersa</strong></span> <span class='ocrx_word' id='word_1_92' title='bbox 1412 1077 1423 1111; x_wconf 88' lang='lat'>:</span> <span class='ocrx_word' id='word_1_93' title='bbox 1456 1069 1514 1112; x_wconf 90' lang='grc' dir='ltr'><strong>ιιι</strong></span> <span class='ocrx_word' id='word_1_94' title='bbox 1538 1059 1813 1115; x_wconf 77' lang='lat' dir='ltr'><strong>anim‘alio.</strong></span> <span class='ocrx_word' id='word_1_95' title='bbox 1845 1057 2191 1119; x_wconf 84' lang='lat' dir='ltr'><strong>sensibilitas,</strong></span> 
     </span>
    </p>
   </div>
   <div class='ocr_carea' id='block_1_14' title="bbox 622 1124 2193 1194">
    <p class='ocr_par' dir='ltr' id='par_1_14' title="bbox 622 1124 2193 1194">
     <span class='ocr_line' id='line_1_14' title="bbox 622 1124 2193 1194; baseline 0.003 -18"><span class='ocrx_word' id='word_1_96' title='bbox 622 1124 973 1194; x_wconf 76' lang='lat' dir='ltr'><strong>rationalitas,</strong></span> <span class='ocrx_word' id='word_1_97' title='bbox 1004 1128 1230 1192; x_wconf 71' lang='lat' dir='ltr'><strong>colores,</strong></span> <span class='ocrx_word' id='word_1_98' title='bbox 1258 1130 1428 1192; x_wconf 53' lang='lat' dir='ltr'><strong>linem,</strong></span> <span class='ocrx_word' id='word_1_99' title='bbox 1461 1142 1513 1182; x_wconf 88' lang='lat' dir='ltr'><strong>et</strong></span> <span class='ocrx_word' id='word_1_100' title='bbox 1542 1129 1862 1194; x_wconf 84' lang='lat' dir='ltr'><strong>hujusniodi.</strong></span> <span class='ocrx_word' id='word_1_101' title='bbox 1900 1128 2039 1180; x_wconf 85' lang='lat' dir='ltr'><strong>Dens</strong></span> <span class='ocrx_word' id='word_1_102' title='bbox 2068 1143 2193 1182; x_wconf 66' lang='lat' dir='ltr'><strong>vero</strong></span> 
     </span>
    </p>
   </div>
   <div class='ocr_carea' id='block_1_15' title="bbox 624 1193 2191 1266">
    <p class='ocr_par' dir='ltr' id='par_1_15' title="bbox 624 1193 2191 1266">
     <span class='ocr_line' id='line_1_15' title="bbox 624 1193 2191 1266; baseline 0.003 -23"><span class='ocrx_word' id='word_1_103' title='bbox 624 1208 658 1266; x_wconf 58' lang='grc' dir='ltr'>ξ</span> <span class='ocrx_word' id='word_1_104' title='bbox 689 1193 815 1266; x_wconf 74' lang='lat' dir='ltr'><strong>Deo.</strong></span> <span class='ocrx_word' id='word_1_105' title='bbox 846 1194 895 1246; x_wconf 76' lang='grc' dir='ltr'><strong>ιιι</strong></span> <span class='ocrx_word' id='word_1_106' title='bbox 925 1206 1003 1249; x_wconf 90' lang='lat' dir='ltr'><strong>est</strong></span> <span class='ocrx_word' id='word_1_107' title='bbox 1035 1195 1196 1249; x_wconf 80' lang='lat' dir='ltr'><strong>Filius</strong></span> <span class='ocrx_word' id='word_1_108' title='bbox 1225 1209 1277 1249; x_wconf 88' lang='lat' dir='ltr'><strong>cl.</strong></span> <span class='ocrx_word' id='word_1_109' title='bbox 1304 1200 1536 1266; x_wconf 75' lang='lat' dir='ltr'><strong>Spiritus</strong></span> <span class='ocrx_word' id='word_1_110' title='bbox 1578 1193 1793 1253; x_wconf 83' lang='lat' dir='ltr'><strong>sanctus</strong></span> <span class='ocrx_word' id='word_1_111' title='bbox 1828 1214 1855 1249; x_wconf 88' lang='lat' dir='ltr'><strong>a</strong></span> <span class='ocrx_word' id='word_1_112' title='bbox 1892 1197 2066 1257; x_wconf 82' lang='lat' dir='ltr'><strong>Patre,</strong></span> <span class='ocrx_word' id='word_1_113' title='bbox 2112 1200 2191 1249; x_wconf 86' lang='lat' dir='ltr'><strong>vel</strong></span> 
     </span>
    </p>
   </div>
   <div class='ocr_carea' id='block_1_16' title="bbox 620 1260 2192 1332">
    <p class='ocr_par' dir='ltr' id='par_1_16' title="bbox 620 1260 2192 1332">
     <span class='ocr_line' id='line_1_16' title="bbox 620 1260 2192 1332; baseline 0.001 -13"><span class='ocrx_word' id='word_1_114' title='bbox 620 1260 857 1328; x_wconf 83' lang='lat' dir='ltr'><strong>Spiritus</strong></span> <span class='ocrx_word' id='word_1_115' title='bbox 900 1276 1115 1321; x_wconf 86' lang='lat' dir='ltr'><strong>sanctus</strong></span> <span class='ocrx_word' id='word_1_116' title='bbox 1160 1284 1187 1318; x_wconf 89' lang='lat' dir='ltr'><strong>a</strong></span> <span class='ocrx_word' id='word_1_117' title='bbox 1215 1260 1369 1330; x_wconf 65' lang='lat' dir='ltr'><strong>Filio,</strong></span> <span class='ocrx_word' id='word_1_118' title='bbox 1421 1270 1563 1322; x_wconf 91' lang='lat' dir='ltr'><strong>nullo</strong></span> <span class='ocrx_word' id='word_1_119' title='bbox 1596 1270 1783 1322; x_wconf 89' lang='lat' dir='ltr'><strong>horum</strong></span> <span class='ocrx_word' id='word_1_120' title='bbox 1815 1267 2007 1320; x_wconf 70' lang='lat' dir='ltr'><strong>diﬂ‘ert.</strong></span> <span class='ocrx_word' id='word_1_121' title='bbox 2041 1268 2192 1332; x_wconf 83' lang='lat' dir='ltr'><strong>Quod</strong></span> 
     </span>
    </p>
   </div>
   <div class='ocr_carea' id='block_1_17' title="bbox 626 1333 2196 1399">
    <p class='ocr_par' dir='ltr' id='par_1_17' title="bbox 626 1333 2196 1399">
     <span class='ocr_line' id='line_1_17' title="bbox 626 1333 2196 1399; baseline 0.001 -14"><span class='ocrx_word' id='word_1_122' title='bbox 626 1333 746 1385; x_wconf 85' lang='lat' dir='ltr'><strong>ideo</strong></span> <span class='ocrx_word' id='word_1_123' title='bbox 769 1336 910 1396; x_wconf 91' lang='lat' dir='ltr'><strong>dico,</strong></span> <span class='ocrx_word' id='word_1_124' title='bbox 945 1352 1010 1387; x_wconf 91' lang='lat' dir='ltr'><strong>ne</strong></span> <span class='ocrx_word' id='word_1_125' title='bbox 1042 1338 1179 1389; x_wconf 83' lang='lat' dir='ltr'><strong>Deus</strong></span> <span class='ocrx_word' id='word_1_126' title='bbox 1208 1348 1259 1391; x_wconf 91' lang='lat' dir='ltr'><strong>et</strong></span> <span class='ocrx_word' id='word_1_127' title='bbox 1292 1338 1431 1391; x_wconf 86' lang='lat' dir='ltr'><strong>Deus</strong></span> <span class='ocrx_word' id='word_1_128' title='bbox 1456 1340 1674 1399; x_wconf 79' lang='lat' dir='ltr'><strong>distent,</strong></span> <span class='ocrx_word' id='word_1_129' title='bbox 1710 1339 1759 1392; x_wconf 88' lang='lat' dir='ltr'><strong>id</strong></span> <span class='ocrx_word' id='word_1_130' title='bbox 1789 1349 1870 1391; x_wconf 91' lang='lat' dir='ltr'><strong>est</strong></span> <span class='ocrx_word' id='word_1_131' title='bbox 1896 1339 2092 1391; x_wconf 90' lang='lat' dir='ltr'><strong>distare</strong></span> <span class='ocrx_word' id='word_1_132' title='bbox 2116 1338 2196 1391; x_wconf 66' lang='lat' dir='ltr'><strong>ilh—</strong></span> 
     </span>
    </p>
   </div>
   <div class='ocr_carea' id='block_1_18' title="bbox 623 1404 2193 1475">
    <p class='ocr_par' dir='ltr' id='par_1_18' title="bbox 623 1404 2193 1475">
     <span class='ocr_line' id='line_1_18' title="bbox 623 1404 2193 1475; baseline 0.003 -18"><span class='ocrx_word' id='word_1_133' title='bbox 623 1404 952 1470; x_wconf 82' lang='lat' dir='ltr'><strong>telligantur,</strong></span> <span class='ocrx_word' id='word_1_134' title='bbox 984 1408 1246 1474; x_wconf 82' lang='lat' dir='ltr'><strong>aliquibus</strong></span> <span class='ocrx_word' id='word_1_135' title='bbox 1272 1410 1457 1475; x_wconf 77' lang='lat' dir='ltr'><strong>positis</strong></span> <span class='ocrx_word' id='word_1_136' title='bbox 1490 1414 1538 1462; x_wconf 91' lang='lat' dir='ltr'><strong>in</strong></span> <span class='ocrx_word' id='word_1_137' title='bbox 1568 1410 1677 1462; x_wconf 88' lang='lat' dir='ltr'><strong>Deo</strong></span> <span class='ocrx_word' id='word_1_138' title='bbox 1701 1419 1949 1475; x_wconf 88' lang='lat' dir='ltr'><strong>tanquam</strong></span> <span class='ocrx_word' id='word_1_139' title='bbox 1982 1409 2035 1461; x_wconf 92' lang='lat' dir='ltr'><strong>in</strong></span> <span class='ocrx_word' id='word_1_140' title='bbox 2066 1410 2193 1461; x_wconf 84' lang='lat' dir='ltr'><strong>sub-</strong></span> 
     </span>
    </p>
   </div>
   <div class='ocr_carea' id='block_1_19' title="bbox 623 1475 2198 1543">
    <p class='ocr_par' dir='ltr' id='par_1_19' title="bbox 623 1475 2198 1543">
     <span class='ocr_line' id='line_1_19' title="bbox 623 1475 2198 1543; baseline 0.004 -18"><span class='ocrx_word' id='word_1_141' title='bbox 623 1475 768 1540; x_wconf 90' lang='lat' dir='ltr'><strong>jecto</strong></span> <span class='ocrx_word' id='word_1_142' title='bbox 799 1495 810 1526; x_wconf 91' lang='lat'><strong>:</strong></span> <span class='ocrx_word' id='word_1_143' title='bbox 843 1475 1041 1529; x_wconf 85' lang='lat' dir='ltr'><strong>scilicet</strong></span> <span class='ocrx_word' id='word_1_144' title='bbox 1070 1494 1135 1531; x_wconf 88' lang='lat' dir='ltr'><strong>ne</strong></span> <span class='ocrx_word' id='word_1_145' title='bbox 1165 1479 1524 1543; x_wconf 66' lang='lat' dir='ltr'><strong>intelligantur</strong></span> <span class='ocrx_word' id='word_1_146' title='bbox 1545 1482 1743 1533; x_wconf 81' lang='lat' dir='ltr'><strong>diSIare</strong></span> <span class='ocrx_word' id='word_1_147' title='bbox 1766 1478 2084 1532; x_wconf 76' lang='lat' dir='ltr'><strong>dill&#39;erenliis</strong></span> <span class='ocrx_word' id='word_1_148' title='bbox 2106 1495 2198 1531; x_wconf 80' lang='lat' dir='ltr'><strong>cu-</strong></span> 
     </span>
    </p>
   </div>
   <div class='ocr_carea' id='block_1_20' title="bbox 624 1546 2196 1613">
    <p class='ocr_par' dir='ltr' id='par_1_20' title="bbox 624 1546 2196 1613">
     <span class='ocr_line' id='line_1_20' title="bbox 624 1546 2196 1613; baseline 0.006 -20"><span class='ocrx_word' id='word_1_149' title='bbox 624 1546 849 1613; x_wconf 85' lang='lat' dir='ltr'><strong>juslibet</strong></span> <span class='ocrx_word' id='word_1_150' title='bbox 869 1549 1106 1613; x_wconf 77' lang='lat' dir='ltr'><strong>rationis,</strong></span> <span class='ocrx_word' id='word_1_151' title='bbox 1139 1549 1239 1601; x_wconf 91' lang='lat' dir='ltr'><strong>hoc</strong></span> <span class='ocrx_word' id='word_1_152' title='bbox 1260 1559 1341 1603; x_wconf 71' lang='lat' dir='ltr'><strong>est</strong></span> <span class='ocrx_word' id='word_1_153' title='bbox 1358 1550 1439 1603; x_wconf 73' lang='lat' dir='ltr'><strong>vri</strong></span> <span class='ocrx_word' id='word_1_154' title='bbox 1461 1550 1827 1603; x_wconf 88' lang='lat' dir='ltr'><strong>accidentibus</strong></span> <span class='ocrx_word' id='word_1_155' title='bbox 1848 1551 1927 1602; x_wconf 82' lang='lat' dir='ltr'><strong>vel</strong></span> <span class='ocrx_word' id='word_1_156' title='bbox 1949 1549 2196 1603; x_wconf 74' lang='lat' dir='ltr'><strong>substan-</strong></span> 
     </span>
    </p>
   </div>
   <div class='ocr_carea' id='block_1_21' title="bbox 634 1616 2195 1687">
    <p class='ocr_par' dir='ltr' id='par_1_21' title="bbox 634 1616 2195 1687">
     <span class='ocr_line' id='line_1_21' title="bbox 634 1616 2195 1687; baseline 0.003 -20"><span class='ocrx_word' id='word_1_157' title='bbox 634 1616 847 1669; x_wconf 73' lang='lat' dir='ltr'><strong>tialibzis</strong></span> <span class='ocrx_word' id='word_1_158' title='bbox 879 1634 892 1669; x_wconf 90' lang='lat'>:</span> <span class='ocrx_word' id='word_1_159' title='bbox 923 1632 1053 1684; x_wconf 87' lang='lat' dir='ltr'><strong>quas</strong></span> <span class='ocrx_word' id='word_1_160' title='bbox 1093 1621 1342 1684; x_wconf 88' lang='lat' dir='ltr'><strong>quoniam</strong></span> <span class='ocrx_word' id='word_1_161' title='bbox 1374 1621 1509 1673; x_wconf 81' lang='lat' dir='ltr'><strong>sicut</strong></span> <span class='ocrx_word' id='word_1_162' title='bbox 1538 1632 1590 1673; x_wconf 88' lang='lat' dir='ltr'><strong>et</strong></span> <span class='ocrx_word' id='word_1_163' title='bbox 1631 1620 1920 1674; x_wconf 72' lang='lat' dir='ltr'><strong>accidentia</strong></span> <span class='ocrx_word' id='word_1_164' title='bbox 1971 1620 2195 1687; x_wconf 83' lang='lat' dir='ltr'><strong>alicujus</strong></span> 
     </span>
    </p>
   </div>
   <div class='ocr_carea' id='block_1_22' title="bbox 630 1688 2194 1757">
    <p class='ocr_par' dir='ltr' id='par_1_22' title="bbox 630 1688 2194 1757">
     <span class='ocr_line' id='line_1_22' title="bbox 630 1688 2194 1757; baseline 0.003 -19"><span class='ocrx_word' id='word_1_165' title='bbox 630 1688 761 1757; x_wconf 89' lang='lat' dir='ltr'><strong>certi</strong></span> <span class='ocrx_word' id='word_1_166' title='bbox 792 1689 1001 1752; x_wconf 81' lang='lat' dir='ltr'><strong>generis</strong></span> <span class='ocrx_word' id='word_1_167' title='bbox 1055 1693 1296 1754; x_wconf 71' lang='lat' dir='ltr'><strong>powstati</strong></span> <span class='ocrx_word' id='word_1_168' title='bbox 1346 1692 1478 1744; x_wconf 87' lang='lat' dir='ltr'><strong>ratio</strong></span> <span class='ocrx_word' id='word_1_169' title='bbox 1510 1690 1847 1757; x_wconf 87' lang='lat' dir='ltr'><strong>proprietatis</strong></span> <span class='ocrx_word' id='word_1_170' title='bbox 1894 1690 2112 1751; x_wconf 87' lang='lat' dir='ltr'><strong>addicit,</strong></span> <span class='ocrx_word' id='word_1_171' title='bbox 2144 1692 2194 1743; x_wconf 93' lang='lat' dir='ltr'><strong>in</strong></span> 
     </span>
    </p>
   </div>
   <div class='ocr_carea' id='block_1_23' title="bbox 626 1756 2196 1829">
    <p class='ocr_par' dir='ltr' id='par_1_23' title="bbox 626 1756 2196 1829">
     <span class='ocr_line' id='line_1_23' title="bbox 626 1756 2196 1829; baseline 0.004 -22"><span class='ocrx_word' id='word_1_172' title='bbox 626 1756 818 1829; x_wconf 82' lang='lat' dir='ltr'><strong>eodem</strong></span> <span class='ocrx_word' id='word_1_173' title='bbox 852 1757 901 1809; x_wconf 91' lang='lat' dir='ltr'><strong>in</strong></span> <span class='ocrx_word' id='word_1_174' title='bbox 932 1774 1037 1824; x_wconf 88' lang='lat' dir='ltr'><strong>quo</strong></span> <span class='ocrx_word' id='word_1_175' title='bbox 1066 1774 1233 1825; x_wconf 87' lang='lat' dir='ltr'><strong>genus</strong></span> <span class='ocrx_word' id='word_1_176' title='bbox 1268 1764 1436 1825; x_wconf 88' lang='lat' dir='ltr'><strong>ipsum</strong></span> <span class='ocrx_word' id='word_1_177' title='bbox 1469 1772 1565 1826; x_wconf 76' lang='lat' dir='ltr'><strong>ist,</strong></span> <span class='ocrx_word' id='word_1_178' title='bbox 1601 1772 1847 1829; x_wconf 83' lang='lat' dir='ltr'><strong>tanquam</strong></span> <span class='ocrx_word' id='word_1_179' title='bbox 1879 1760 1928 1812; x_wconf 91' lang='lat' dir='ltr'><strong>in</strong></span> <span class='ocrx_word' id='word_1_180' title='bbox 1958 1760 2196 1829; x_wconf 85' lang='lat' dir='ltr'><strong>subjecto</strong></span> 
     </span>
    </p>
   </div>
   <div class='ocr_carea' id='block_1_24' title="bbox 633 1827 2195 1899">
    <p class='ocr_par' dir='ltr' id='par_1_24' title="bbox 633 1827 2195 1899">
     <span class='ocr_line' id='line_1_24' title="bbox 633 1827 2195 1899; baseline 0.002 -21"><span class='ocrx_word' id='word_1_181' title='bbox 633 1840 751 1878; x_wconf 72' lang='lat' dir='ltr'><strong>esse</strong></span> <span class='ocrx_word' id='word_1_182' title='bbox 770 1827 1047 1885; x_wconf 88' lang='lat' dir='ltr'><strong>dicuntur.</strong></span> <span class='ocrx_word' id='word_1_183' title='bbox 1080 1831 1327 1898; x_wconf 82' lang='lat' dir='ltr'><strong>quamvis</strong></span> <span class='ocrx_word' id='word_1_184' title='bbox 1354 1844 1405 1884; x_wconf 88' lang='lat' dir='ltr'><strong>et</strong></span> <span class='ocrx_word' id='word_1_185' title='bbox 1439 1833 1584 1893; x_wconf 68' lang='lat' dir='ltr'><strong>ipsae,</strong></span> <span class='ocrx_word' id='word_1_186' title='bbox 1615 1827 1737 1899; x_wconf 91' lang='lat' dir='ltr'><strong>quia</strong></span> <span class='ocrx_word' id='word_1_187' title='bbox 1764 1831 1813 1883; x_wconf 90' lang='lat' dir='ltr'><strong>id</strong></span> <span class='ocrx_word' id='word_1_188' title='bbox 1840 1830 1977 1897; x_wconf 92' lang='lat' dir='ltr'><strong>quod</strong></span> <span class='ocrx_word' id='word_1_189' title='bbox 2009 1827 2088 1882; x_wconf 80' lang='lat' dir='ltr'><strong>est</strong></span> <span class='ocrx_word' id='word_1_190' title='bbox 2114 1842 2195 1883; x_wconf 68' lang='lat' dir='ltr'><strong>to-</strong></span> 
     </span>
    </p>
   </div>
   <div class='ocr_carea' id='block_1_25' title="bbox 632 1901 2199 1969">
    <p class='ocr_par' dir='ltr' id='par_1_25' title="bbox 632 1901 2199 1969">
     <span class='ocr_line' id='line_1_25' title="bbox 632 1901 2199 1969; baseline 0.003 -21"><span class='ocrx_word' id='word_1_191' title='bbox 632 1906 746 1948; x_wconf 85' lang='lat' dir='ltr'><strong>tum</strong></span> <span class='ocrx_word' id='word_1_192' title='bbox 773 1912 892 1969; x_wconf 71' lang='lat' dir='ltr'><strong>esse</strong></span> <span class='ocrx_word' id='word_1_193' title='bbox 934 1909 1280 1963; x_wconf 86' lang='lat' dir='ltr'><strong>eoiistiluunt,</strong></span> <span class='ocrx_word' id='word_1_194' title='bbox 1329 1904 1379 1954; x_wconf 92' lang='lat' dir='ltr'><strong>in</strong></span> <span class='ocrx_word' id='word_1_195' title='bbox 1410 1901 1649 1969; x_wconf 81' lang='lat' dir='ltr'><strong>subjecto</strong></span> <span class='ocrx_word' id='word_1_196' title='bbox 1678 1917 1796 1955; x_wconf 88' lang='lat' dir='ltr'><strong>esse</strong></span> <span class='ocrx_word' id='word_1_197' title='bbox 1827 1910 1973 1953; x_wconf 87' lang='lat' dir='ltr'><strong>recte</strong></span> <span class='ocrx_word' id='word_1_198' title='bbox 2004 1916 2199 1967; x_wconf 81' lang='lat' dir='ltr'><strong>negen-</strong></span> 
     </span>
    </p>
   </div>
   <div class='ocr_carea' id='block_1_26' title="bbox 634 1968 2200 2040">
    <p class='ocr_par' dir='ltr' id='par_1_26' title="bbox 634 1968 2200 2040">
     <span class='ocr_line' id='line_1_26' title="bbox 634 1968 2200 2040; baseline 0.004 -22"><span class='ocrx_word' id='word_1_199' title='bbox 634 1974 741 2040; x_wconf 82' lang='lat' dir='ltr'><strong>tur.</strong></span> <span class='ocrx_word' id='word_1_200' title='bbox 774 1968 902 2040; x_wconf 64' lang='lat' dir='ltr'><strong>Nam</strong></span> <span class='ocrx_word' id='word_1_201' title='bbox 933 1970 1071 2035; x_wconf 89' lang='lat' dir='ltr'><strong>quod</strong></span> <span class='ocrx_word' id='word_1_202' title='bbox 1120 1972 1169 2023; x_wconf 94' lang='lat' dir='ltr'><strong>in</strong></span> <span class='ocrx_word' id='word_1_203' title='bbox 1212 1972 1365 2026; x_wconf 80' lang='lat' dir='ltr'><strong>Patre</strong></span> <span class='ocrx_word' id='word_1_204' title='bbox 1396 1968 1763 2040; x_wconf 83' lang='lat' dir='ltr'><strong>necplurales</strong></span> <span class='ocrx_word' id='word_1_205' title='bbox 1805 1972 2069 2032; x_wconf 69' lang='lat' dir='ltr'><strong>essentne,</strong></span> <span class='ocrx_word' id='word_1_206' title='bbox 2102 1987 2200 2024; x_wconf 91' lang='lat' dir='ltr'><strong>nec</strong></span> 
     </span>
    </p>
   </div>
   <div class='ocr_carea' id='block_1_27' title="bbox 640 2036 2198 2106">
    <p class='ocr_par' dir='ltr' id='par_1_27' title="bbox 640 2036 2198 2106">
     <span class='ocr_line' id='line_1_27' title="bbox 640 2036 2198 2106; baseline 0.003 -17"><span class='ocrx_word' id='word_1_207' title='bbox 640 2036 859 2102; x_wconf 80' lang='lat' dir='ltr'><strong>pluralia</strong></span> <span class='ocrx_word' id='word_1_208' title='bbox 891 2041 1201 2105; x_wconf 67' lang='lat' dir='ltr'><strong>accidentia,</strong></span> <span class='ocrx_word' id='word_1_209' title='bbox 1249 2058 1347 2096; x_wconf 91' lang='lat' dir='ltr'><strong>nec</strong></span> <span class='ocrx_word' id='word_1_210' title='bbox 1383 2036 1631 2097; x_wconf 62' lang='lat' dir='ltr'><strong>accidens</strong></span> <span class='ocrx_word' id='word_1_211' title='bbox 1659 2058 1780 2095; x_wconf 92' lang='lat' dir='ltr'><strong>cum</strong></span> <span class='ocrx_word' id='word_1_212' title='bbox 1812 2042 2038 2094; x_wconf 79' lang='lat' dir='ltr'><strong>essentia</strong></span> <span class='ocrx_word' id='word_1_213' title='bbox 2071 2045 2198 2106; x_wconf 89' lang='lat' dir='ltr'><strong>sint,</strong></span> 
     </span>
    </p>
   </div>
   <div class='ocr_carea' id='block_1_28' title="bbox 638 2107 2201 2180">
    <p class='ocr_par' dir='ltr' id='par_1_28' title="bbox 638 2107 2201 2180">
     <span class='ocr_line' id='line_1_28' title="bbox 638 2107 2201 2180; baseline 0.006 -23"><span class='ocrx_word' id='word_1_214' title='bbox 638 2107 814 2180; x_wconf 83' lang='lat' dir='ltr'><strong>nullus</strong></span> <span class='ocrx_word' id='word_1_215' title='bbox 844 2109 1067 2174; x_wconf 78' lang='lat' dir='ltr'><strong>ignorat,</strong></span> <span class='ocrx_word' id='word_1_216' title='bbox 1092 2113 1178 2177; x_wconf 86' lang='lat' dir='ltr'><strong>qui</strong></span> <span class='ocrx_word' id='word_1_217' title='bbox 1208 2128 1306 2176; x_wconf 87' lang='lat' dir='ltr'><strong>qua</strong></span> <span class='ocrx_word' id='word_1_218' title='bbox 1338 2115 1544 2167; x_wconf 76' lang='lat' dir='ltr'><strong>ratione</strong></span> <span class='ocrx_word' id='word_1_219' title='bbox 1564 2113 1719 2165; x_wconf 78' lang='lat' dir='ltr'><strong>Pater</strong></span> <span class='ocrx_word' id='word_1_220' title='bbox 1740 2113 1789 2164; x_wconf 89' lang='lat' dir='ltr'><strong>id</strong></span> <span class='ocrx_word' id='word_1_221' title='bbox 1813 2111 1950 2180; x_wconf 90' lang='lat' dir='ltr'><strong>quod</strong></span> <span class='ocrx_word' id='word_1_222' title='bbox 1975 2120 2057 2163; x_wconf 89' lang='lat' dir='ltr'><strong>est</strong></span> <span class='ocrx_word' id='word_1_223' title='bbox 2081 2128 2201 2166; x_wconf 79' lang='lat' dir='ltr'><strong>esse</strong></span> 
     </span>
    </p>
   </div>
   <div class='ocr_carea' id='block_1_29' title="bbox 632 2176 2196 2247">
    <p class='ocr_par' dir='ltr' id='par_1_29' title="bbox 632 2176 2196 2247">
     <span class='ocr_line' id='line_1_29' title="bbox 632 2176 2196 2247; baseline 0.003 -16"><span class='ocrx_word' id='word_1_224' title='bbox 632 2176 861 2242; x_wconf 86' lang='lat' dir='ltr'><strong>dicatur,</strong></span> <span class='ocrx_word' id='word_1_225' title='bbox 888 2196 990 2233; x_wconf 93' lang='lat' dir='ltr'><strong>non</strong></span> <span class='ocrx_word' id='word_1_226' title='bbox 1023 2176 1207 2235; x_wconf 83' lang='lat' dir='ltr'><strong>neseit.</strong></span> <span class='ocrx_word' id='word_1_227' title='bbox 1239 2183 1376 2235; x_wconf 89' lang='lat' dir='ltr'><strong>Idem</strong></span> <span class='ocrx_word' id='word_1_228' title='bbox 1403 2194 1455 2236; x_wconf 91' lang='lat' dir='ltr'><strong>et</strong></span> <span class='ocrx_word' id='word_1_229' title='bbox 1477 2184 1545 2237; x_wconf 90' lang='lat' dir='ltr'><strong>de</strong></span> <span class='ocrx_word' id='word_1_230' title='bbox 1576 2182 1707 2237; x_wconf 84' lang='lat' dir='ltr'><strong>Filio</strong></span> <span class='ocrx_word' id='word_1_231' title='bbox 1728 2176 1863 2247; x_wconf 79' lang='lat' dir='ltr'><strong>eius,</strong></span> <span class='ocrx_word' id='word_1_232' title='bbox 1887 2189 1943 2235; x_wconf 87' lang='lat' dir='ltr'><strong>et</strong></span> <span class='ocrx_word' id='word_1_233' title='bbox 1962 2183 2026 2234; x_wconf 79' lang='lat' dir='ltr'><strong>de</strong></span> <span class='ocrx_word' id='word_1_234' title='bbox 2051 2192 2196 2236; x_wconf 84' lang='lat' dir='ltr'><strong>utro-</strong></span> 
     </span>
    </p>
   </div>
   <div class='ocr_carea' id='block_1_30' title="bbox 642 2251 2198 2320">
    <p class='ocr_par' dir='ltr' id='par_1_30' title="bbox 642 2251 2198 2320">
     <span class='ocr_line' id='line_1_30' title="bbox 642 2251 2198 2320; baseline 0.002 -19"><span class='ocrx_word' id='word_1_235' title='bbox 642 2264 867 2320; x_wconf 84' lang='lat' dir='ltr'><strong>rumque</strong></span> <span class='ocrx_word' id='word_1_236' title='bbox 914 2251 1110 2317; x_wconf 73' lang='lat' dir='ltr'><strong>Spiritu</strong></span> <span class='ocrx_word' id='word_1_237' title='bbox 1155 2254 1379 2320; x_wconf 74' lang='lat' dir='ltr'><strong>intelligi</strong></span> <span class='ocrx_word' id='word_1_238' title='bbox 1413 2264 1677 2307; x_wconf 55' lang='lat' dir='ltr'><strong>convenit.</strong></span> <span class='ocrx_word' id='word_1_239' title='bbox 1714 2254 2024 2320; x_wconf 80' lang='lat' dir='ltr'><strong>Ubicunque</strong></span> <span class='ocrx_word' id='word_1_240' title='bbox 2054 2267 2198 2316; x_wconf 89' lang='lat' dir='ltr'><strong>vero,</strong></span> 
     </span>
    </p>
   </div>
   <div class='ocr_carea' id='block_1_31' title="bbox 642 2318 2202 2391">
    <p class='ocr_par' dir='ltr' id='par_1_31' title="bbox 642 2318 2202 2391">
     <span class='ocr_line' id='line_1_31' title="bbox 642 2318 2202 2391; baseline 0.004 -22"><span class='ocrx_word' id='word_1_241' title='bbox 642 2318 689 2391; x_wconf 84' lang='lat' dir='ltr'><strong>id</strong></span> <span class='ocrx_word' id='word_1_242' title='bbox 722 2330 822 2382; x_wconf 69' lang='grc' dir='ltr'><strong>ρει,</strong></span> <span class='ocrx_word' id='word_1_243' title='bbox 849 2321 963 2373; x_wconf 58' lang='lat' dir='ltr'><strong>sive</strong></span> <span class='ocrx_word' id='word_1_244' title='bbox 996 2324 1043 2374; x_wconf 78' lang='lat' dir='ltr'><strong>in</strong></span> <span class='ocrx_word' id='word_1_245' title='bbox 1070 2338 1173 2374; x_wconf 91' lang='lat' dir='ltr'><strong>uno</strong></span> <span class='ocrx_word' id='word_1_246' title='bbox 1199 2326 1309 2375; x_wconf 89' lang='lat' dir='ltr'><strong>sive</strong></span> <span class='ocrx_word' id='word_1_247' title='bbox 1331 2318 1390 2377; x_wconf 81' lang='lat' dir='ltr'><strong>in</strong></span> <span class='ocrx_word' id='word_1_248' title='bbox 1416 2325 1617 2391; x_wconf 87' lang='lat' dir='ltr'><strong>multis,</strong></span> <span class='ocrx_word' id='word_1_249' title='bbox 1647 2324 1786 2377; x_wconf 86' lang='lat' dir='ltr'><strong>nulla</strong></span> <span class='ocrx_word' id='word_1_250' title='bbox 1809 2333 1890 2375; x_wconf 72' lang='lat' dir='ltr'><strong>est</strong></span> <span class='ocrx_word' id='word_1_251' title='bbox 1918 2318 1994 2375; x_wconf 79' lang='lat' dir='ltr'><strong>vel</strong></span> <span class='ocrx_word' id='word_1_252' title='bbox 2020 2338 2202 2376; x_wconf 88' lang='lat' dir='ltr'><strong>essen-</strong></span> 
     </span>
    </p>
   </div>
   <div class='ocr_carea' id='block_1_32' title="bbox 642 2389 2197 2457">
    <p class='ocr_par' dir='ltr' id='par_1_32' title="bbox 642 2389 2197 2457">
     <span class='ocr_line' id='line_1_32' title="bbox 642 2389 2197 2457; baseline 0.005 -18"><span class='ocrx_word' id='word_1_253' title='bbox 642 2389 728 2442; x_wconf 73' lang='lat' dir='ltr'><strong>Iitn</strong></span> <span class='ocrx_word' id='word_1_254' title='bbox 756 2399 808 2442; x_wconf 87' lang='lat' dir='ltr'><strong>et</strong></span> <span class='ocrx_word' id='word_1_255' title='bbox 838 2402 1104 2453; x_wconf 55' lang='lat' dir='ltr'><strong>essentne,</strong></span> <span class='ocrx_word' id='word_1_256' title='bbox 1138 2396 1214 2446; x_wconf 78' lang='lat' dir='ltr'><strong>vel</strong></span> <span class='ocrx_word' id='word_1_257' title='bbox 1243 2395 1530 2448; x_wconf 88' lang='lat' dir='ltr'><strong>accidentis</strong></span> <span class='ocrx_word' id='word_1_258' title='bbox 1558 2389 1613 2448; x_wconf 85' lang='lat' dir='ltr'><strong>et</strong></span> <span class='ocrx_word' id='word_1_259' title='bbox 1654 2394 1965 2457; x_wconf 84' lang='lat' dir='ltr'><strong>accidentis,</strong></span> <span class='ocrx_word' id='word_1_260' title='bbox 2010 2395 2088 2446; x_wconf 97' lang='lat' dir='ltr'><strong>vel</strong></span> <span class='ocrx_word' id='word_1_261' title='bbox 2117 2408 2197 2445; x_wconf 77' lang='lat' dir='ltr'><strong>es-</strong></span> 
     </span>
    </p>
   </div>
   <div class='ocr_carea' id='block_1_33' title="bbox 636 2460 2204 2525">
    <p class='ocr_par' dir='ltr' id='par_1_33' title="bbox 636 2460 2204 2525">
     <span class='ocr_line' id='line_1_33' title="bbox 636 2460 2204 2525; baseline 0.002 -15"><span class='ocrx_word' id='word_1_262' title='bbox 636 2460 824 2511; x_wconf 65' lang='lat' dir='ltr'><strong>sentiae</strong></span> <span class='ocrx_word' id='word_1_263' title='bbox 865 2470 918 2512; x_wconf 74' lang='lat' dir='ltr'><strong>et</strong></span> <span class='ocrx_word' id='word_1_264' title='bbox 969 2464 1255 2516; x_wconf 69' lang='lat' dir='ltr'><strong>accidentis</strong></span> <span class='ocrx_word' id='word_1_265' title='bbox 1296 2465 1590 2519; x_wconf 80' lang='lat' dir='ltr'><strong>dill&#39;erentia</strong></span> <span class='ocrx_word' id='word_1_266' title='bbox 1618 2505 1632 2525; x_wconf 85' lang='lat'><strong>,</strong></span> <span class='ocrx_word' id='word_1_267' title='bbox 1686 2465 1828 2518; x_wconf 88' lang='lat' dir='ltr'><strong>nulla</strong></span> <span class='ocrx_word' id='word_1_268' title='bbox 1860 2472 1944 2517; x_wconf 88' lang='lat' dir='ltr'><strong>est</strong></span> <span class='ocrx_word' id='word_1_269' title='bbox 1985 2463 2204 2517; x_wconf 83' lang='lat' dir='ltr'><strong>omnino</strong></span> 
     </span>
    </p>
   </div>
   <div class='ocr_carea' id='block_1_34' title="bbox 640 2531 2205 2600">
    <p class='ocr_par' dir='ltr' id='par_1_34' title="bbox 640 2531 2205 2600">
     <span class='ocr_line' id='line_1_34' title="bbox 640 2531 2205 2600; baseline 0.006 -21"><span class='ocrx_word' id='word_1_270' title='bbox 640 2531 781 2600; x_wconf 87' lang='lat' dir='ltr'><strong>unde</strong></span> <span class='ocrx_word' id='word_1_271' title='bbox 810 2537 887 2583; x_wconf 85' lang='lat' dir='ltr'><strong>vel</strong></span> <span class='ocrx_word' id='word_1_272' title='bbox 923 2533 1045 2584; x_wconf 75' lang='lat' dir='ltr'><strong>illud</strong></span> <span class='ocrx_word' id='word_1_273' title='bbox 1079 2550 1238 2586; x_wconf 90' lang='lat' dir='ltr'><strong>unum</strong></span> <span class='ocrx_word' id='word_1_274' title='bbox 1269 2536 1350 2588; x_wconf 88' lang='lat' dir='ltr'><strong>vel</strong></span> <span class='ocrx_word' id='word_1_275' title='bbox 1382 2538 1467 2587; x_wconf 87' lang='lat' dir='ltr'><strong>illa</strong></span> <span class='ocrx_word' id='word_1_276' title='bbox 1500 2536 1661 2589; x_wconf 87' lang='lat' dir='ltr'><strong>multa</strong></span> <span class='ocrx_word' id='word_1_277' title='bbox 1690 2535 2048 2600; x_wconf 85' lang='lat' dir='ltr'><strong>intelligantur</strong></span> <span class='ocrx_word' id='word_1_278' title='bbox 2086 2549 2205 2589; x_wconf 84' lang='lat' dir='ltr'><strong>esse</strong></span> 
     </span>
    </p>
   </div>
   <div class='ocr_carea' id='block_1_35' title="bbox 644 2598 2201 2672">
    <p class='ocr_par' dir='ltr' id='par_1_35' title="bbox 644 2598 2201 2672">
     <span class='ocr_line' id='line_1_35' title="bbox 644 2598 2201 2672; baseline 0.006 -24"><span class='ocrx_word' id='word_1_279' title='bbox 644 2598 939 2672; x_wconf 86' lang='lat' dir='ltr'><strong>pluralitas.</strong></span> <span class='ocrx_word' id='word_1_280' title='bbox 970 2603 1142 2669; x_wconf 48' lang='lat' dir='ltr'><strong>Quar&#39;</strong></span> <span class='ocrx_word' id='word_1_281' title='bbox 1172 2619 1267 2657; x_wconf 90' lang='lat' dir='ltr'><strong>nec</strong></span> <span class='ocrx_word' id='word_1_282' title='bbox 1294 2605 1484 2672; x_wconf 84' lang='lat' dir='ltr'><strong>aliquis</strong></span> <span class='ocrx_word' id='word_1_283' title='bbox 1537 2621 1720 2659; x_wconf 85' lang='lat' dir='ltr'><strong>eorum</strong></span> <span class='ocrx_word' id='word_1_284' title='bbox 1754 2598 1880 2669; x_wconf 59' lang='lat' dir='ltr'><strong>quae</strong></span> <span class='ocrx_word' id='word_1_285' title='bbox 1903 2606 1981 2657; x_wconf 88' lang='lat' dir='ltr'><strong>vel</strong></span> <span class='ocrx_word' id='word_1_286' title='bbox 2012 2605 2086 2657; x_wconf 92' lang='lat' dir='ltr'><strong>illi</strong></span> <span class='ocrx_word' id='word_1_287' title='bbox 2115 2606 2201 2657; x_wconf 92' lang='lat' dir='ltr'><strong>uni</strong></span> 
     </span>
    </p>
   </div>
   <div class='ocr_carea' id='block_1_36' title="bbox 644 2668 2201 2741">
    <p class='ocr_par' dir='ltr' id='par_1_36' title="bbox 644 2668 2201 2741">
     <span class='ocr_line' id='line_1_36' title="bbox 644 2668 2201 2741; baseline 0.004 -20"><span class='ocrx_word' id='word_1_288' title='bbox 644 2668 723 2741; x_wconf 76' lang='lat' dir='ltr'><strong>vel</strong></span> <span class='ocrx_word' id='word_1_289' title='bbox 775 2670 876 2722; x_wconf 87' lang='lat' dir='ltr'><strong>illis</strong></span> <span class='ocrx_word' id='word_1_290' title='bbox 907 2668 1083 2724; x_wconf 86' lang='lat' dir='ltr'><strong>multis</strong></span> <span class='ocrx_word' id='word_1_291' title='bbox 1114 2690 1230 2728; x_wconf 71' lang='lat' dir='ltr'><strong>esse</strong></span> <span class='ocrx_word' id='word_1_292' title='bbox 1257 2668 1397 2741; x_wconf 85' lang='lat' dir='ltr'><strong>quod</strong></span> <span class='ocrx_word' id='word_1_293' title='bbox 1438 2686 1561 2729; x_wconf 88' lang='lat' dir='ltr'><strong>sunt</strong></span> <span class='ocrx_word' id='word_1_294' title='bbox 1595 2668 1873 2729; x_wconf 80' lang='lat' dir='ltr'><strong>conferant</strong></span> <span class='ocrx_word' id='word_1_295' title='bbox 1928 2690 2201 2728; x_wconf 85' lang='lat' dir='ltr'><strong>numerus.</strong></span> 
     </span>
    </p>
   </div>
   <div class='ocr_carea' id='block_1_37' title="bbox 640 2738 2202 2813">
    <p class='ocr_par' dir='ltr' id='par_1_37' title="bbox 640 2738 2202 2813">
     <span class='ocr_line' id='line_1_37' title="bbox 640 2738 2202 2813; baseline 0.015 -26"><span class='ocrx_word' id='word_1_296' title='bbox 640 2738 807 2804; x_wconf 75' lang='lat' dir='ltr'><strong>igitur</strong></span> <span class='ocrx_word' id='word_1_297' title='bbox 829 2749 932 2793; x_wconf 66' lang='lat' dir='ltr'><strong>tam</strong></span> <span class='ocrx_word' id='word_1_298' title='bbox 958 2752 1240 2797; x_wconf 71' lang='lat' dir='ltr'><strong>niu’tormn</strong></span> <span class='ocrx_word' id='word_1_299' title='bbox 1275 2738 1433 2813; x_wconf 82' lang='lat' dir='ltr'><strong>quam</strong></span> <span class='ocrx_word' id='word_1_300' title='bbox 1463 2747 1618 2800; x_wconf 91' lang='lat' dir='ltr'><strong>unius</strong></span> <span class='ocrx_word' id='word_1_301' title='bbox 1651 2748 1827 2799; x_wconf 84' lang='lat' dir='ltr'><strong>unitas</strong></span> <span class='ocrx_word' id='word_1_302' title='bbox 1852 2751 2118 2809; x_wconf 67' lang='lat' dir='ltr'><strong>essentiw.</strong></span> <span class='ocrx_word' id='word_1_303' title='bbox 2152 2747 2202 2797; x_wconf 76' lang='grc' dir='ltr'>Μ</span> 
     </span>
    </p>
   </div>
   <div class='ocr_carea' id='block_1_38' title="bbox 639 2815 2206 2886">
    <p class='ocr_par' dir='ltr' id='par_1_38' title="bbox 639 2815 2206 2886">
     <span class='ocr_line' id='line_1_38' title="bbox 639 2815 2206 2886; baseline 0.006 -25"><span class='ocrx_word' id='word_1_304' title='bbox 639 2818 726 2886; x_wconf 73' lang='lat' dir='ltr'><strong>est</strong></span> <span class='ocrx_word' id='word_1_305' title='bbox 765 2827 878 2886; x_wconf 79' lang='lat' dir='ltr'><strong>una</strong></span> <span class='ocrx_word' id='word_1_306' title='bbox 895 2815 1123 2867; x_wconf 70' lang='lat' dir='ltr'><strong>essentia</strong></span> <span class='ocrx_word' id='word_1_307' title='bbox 1156 2825 1378 2878; x_wconf 83' lang='lat' dir='ltr'><strong>tantum,</strong></span> <span class='ocrx_word' id='word_1_308' title='bbox 1410 2832 1512 2886; x_wconf 88' lang='lat' dir='ltr'><strong>qua</strong></span> <span class='ocrx_word' id='word_1_309' title='bbox 1544 2818 1627 2871; x_wconf 86' lang='lat' dir='ltr'><strong>vel</strong></span> <span class='ocrx_word' id='word_1_310' title='bbox 1658 2819 1832 2877; x_wconf 83' lang='lat' dir='ltr'><strong>Pater,</strong></span> <span class='ocrx_word' id='word_1_311' title='bbox 1862 2816 1945 2869; x_wconf 83' lang='lat' dir='ltr'><strong>vel</strong></span> <span class='ocrx_word' id='word_1_312' title='bbox 1981 2816 2094 2885; x_wconf 85' lang='lat' dir='ltr'><strong>ejus</strong></span> <span class='ocrx_word' id='word_1_313' title='bbox 2123 2817 2206 2869; x_wconf 77' lang='lat' dir='ltr'><strong>Fi-</strong></span> 
     </span>
    </p>
   </div>
   <div class='ocr_carea' id='block_1_39' title="bbox 643 2880 2208 2953">
    <p class='ocr_par' dir='ltr' id='par_1_39' title="bbox 643 2880 2208 2953">
     <span class='ocr_line' id='line_1_39' title="bbox 643 2880 2208 2953; baseline 0.005 -22"><span class='ocrx_word' id='word_1_314' title='bbox 643 2880 765 2941; x_wconf 77' lang='lat' dir='ltr'><strong>iius.</strong></span> <span class='ocrx_word' id='word_1_315' title='bbox 802 2884 880 2936; x_wconf 85' lang='lat' dir='ltr'><strong>vel</strong></span> <span class='ocrx_word' id='word_1_316' title='bbox 908 2886 1182 2937; x_wconf 82' lang='lat' dir='ltr'><strong>amborum</strong></span> <span class='ocrx_word' id='word_1_317' title='bbox 1206 2880 1440 2953; x_wconf 71' lang='lat' dir='ltr'><strong>Spiritus</strong></span> <span class='ocrx_word' id='word_1_318' title='bbox 1460 2897 1514 2940; x_wconf 89' lang='lat' dir='ltr'><strong>et</strong></span> <span class='ocrx_word' id='word_1_319' title='bbox 1541 2898 1641 2952; x_wconf 84' lang='lat' dir='ltr'><strong>est,</strong></span> <span class='ocrx_word' id='word_1_320' title='bbox 1673 2897 1726 2941; x_wconf 86' lang='lat' dir='ltr'><strong>et</strong></span> <span class='ocrx_word' id='word_1_321' title='bbox 1740 2897 1821 2940; x_wconf 78' lang='lat' dir='ltr'><strong>est</strong></span> <span class='ocrx_word' id='word_1_322' title='bbox 1845 2880 2028 2947; x_wconf 68' lang='lat' dir='ltr'><strong>ttnuin,</strong></span> <span class='ocrx_word' id='word_1_323' title='bbox 2054 2894 2208 2940; x_wconf 87' lang='lat' dir='ltr'><strong>etest</strong></span> 
     </span>
    </p>
   </div>
   <div class='ocr_carea' id='block_1_40' title="bbox 641 2952 2205 3025">
    <p class='ocr_par' dir='ltr' id='par_1_40' title="bbox 641 2952 2205 3025">
     <span class='ocr_line' id='line_1_40' title="bbox 641 2952 2205 3025; baseline 0.004 -23"><span class='ocrx_word' id='word_1_324' title='bbox 641 2953 693 3002; x_wconf 77' lang='lat' dir='ltr'><strong>il</strong></span> <span class='ocrx_word' id='word_1_325' title='bbox 718 2952 855 3018; x_wconf 86' lang='lat' dir='ltr'><strong>quod</strong></span> <span class='ocrx_word' id='word_1_326' title='bbox 881 2966 981 3018; x_wconf 59' lang='grc' dir='ltr'><strong>εει,</strong></span> <span class='ocrx_word' id='word_1_327' title='bbox 999 2972 1096 3023; x_wconf 84' lang='lat' dir='ltr'><strong>qua</strong></span> <span class='ocrx_word' id='word_1_328' title='bbox 1121 2959 1277 3011; x_wconf 87' lang='lat' dir='ltr'><strong>etiam</strong></span> <span class='ocrx_word' id='word_1_329' title='bbox 1301 2958 1454 3012; x_wconf 88' lang='lat' dir='ltr'><strong>simul</strong></span> <span class='ocrx_word' id='word_1_330' title='bbox 1475 2968 1527 3012; x_wconf 88' lang='lat' dir='ltr'><strong>ct</strong></span> <span class='ocrx_word' id='word_1_331' title='bbox 1551 2957 1960 3025; x_wconf 68' lang='lat' dir='ltr'><strong>tequaliteripsi,</strong></span> <span class='ocrx_word' id='word_1_332' title='bbox 1986 2966 2038 3010; x_wconf 89' lang='lat' dir='ltr'><strong>et</strong></span> <span class='ocrx_word' id='word_1_333' title='bbox 2059 2966 2205 3020; x_wconf 90' lang='lat' dir='ltr'><strong>sunt,</strong></span> 
     </span>
    </p>
   </div>
   <div class='ocr_carea' id='block_1_41' title="bbox 644 3028 2207 3098">
    <p class='ocr_par' dir='ltr' id='par_1_41' title="bbox 644 3028 2207 3098">
     <span class='ocr_line' id='line_1_41' title="bbox 644 3028 2207 3098; baseline 0.003 -22"><span class='ocrx_word' id='word_1_334' title='bbox 644 3030 698 3098; x_wconf 64' lang='lat' dir='ltr'><strong>et</strong></span> <span class='ocrx_word' id='word_1_335' title='bbox 723 3035 846 3077; x_wconf 89' lang='lat' dir='ltr'><strong>sunt</strong></span> <span class='ocrx_word' id='word_1_336' title='bbox 873 3041 1055 3088; x_wconf 81' lang='lat' dir='ltr'><strong>unum,</strong></span> <span class='ocrx_word' id='word_1_337' title='bbox 1086 3039 1137 3081; x_wconf 92' lang='lat' dir='ltr'><strong>et</strong></span> <span class='ocrx_word' id='word_1_338' title='bbox 1162 3041 1285 3081; x_wconf 91' lang='lat' dir='ltr'><strong>sunt</strong></span> <span class='ocrx_word' id='word_1_339' title='bbox 1309 3028 1357 3081; x_wconf 90' lang='lat' dir='ltr'><strong>id</strong></span> <span class='ocrx_word' id='word_1_340' title='bbox 1381 3031 1518 3098; x_wconf 85' lang='lat' dir='ltr'><strong>quod</strong></span> <span class='ocrx_word' id='word_1_341' title='bbox 1544 3040 1687 3084; x_wconf 91' lang='lat' dir='ltr'><strong>sunt.</strong></span> <span class='ocrx_word' id='word_1_342' title='bbox 1719 3028 1957 3081; x_wconf 73' lang='lat' dir='ltr'><strong>Esst-nlia</strong></span> <span class='ocrx_word' id='word_1_343' title='bbox 1982 3042 2207 3095; x_wconf 81' lang='lat' dir='ltr'><strong>namque</strong></span> 
     </span>
    </p>
   </div>
   <div class='ocr_carea' id='block_1_42' title="bbox 644 3094 2207 3164">
    <p class='ocr_par' dir='ltr' id='par_1_42' title="bbox 644 3094 2207 3164">
     <span class='ocr_line' id='line_1_42' title="bbox 644 3094 2207 3164; baseline 0.007 -25"><span class='ocrx_word' id='word_1_344' title='bbox 644 3094 856 3147; x_wconf 82' lang='lat' dir='ltr'><strong>illorum</strong></span> <span class='ocrx_word' id='word_1_345' title='bbox 886 3113 1003 3164; x_wconf 68' lang='lat' dir='ltr'><strong>qua:</strong></span> <span class='ocrx_word' id='word_1_346' title='bbox 1034 3099 1217 3153; x_wconf 67' lang='lat' dir='ltr'><strong>Graece</strong></span> <span class='ocrx_word' id='word_1_347' title='bbox 1244 3094 1409 3155; x_wconf 50' lang='lat' dir='ltr'><strong>obuia!</strong></span> <span class='ocrx_word' id='word_1_348' title='bbox 1430 3102 1645 3164; x_wconf 88' lang='lat' dir='ltr'><strong>dicitur,</strong></span> <span class='ocrx_word' id='word_1_349' title='bbox 1671 3106 1727 3151; x_wconf 85' lang='lat' dir='ltr'><strong>et.</strong></span> <span class='ocrx_word' id='word_1_350' title='bbox 1765 3101 1996 3152; x_wconf 86' lang='lat' dir='ltr'><strong>essentia</strong></span> <span class='ocrx_word' id='word_1_351' title='bbox 2025 3094 2135 3162; x_wconf 78' lang='lat' dir='ltr'><strong>est,</strong></span> <span class='ocrx_word' id='word_1_352' title='bbox 2153 3107 2207 3153; x_wconf 88' lang='lat' dir='ltr'><strong>et</strong></span> 
     </span>
    </p>
   </div>
   <div class='ocr_carea' id='block_1_43' title="bbox 2232 1796 2275 1852">
    <p class='ocr_par' dir='ltr' id='par_1_43' title="bbox 2232 1796 2275 1852">
     <span class='ocr_line' id='line_1_43' title="bbox 2232 1796 2275 1852; baseline -0.047 0"><span class='ocrx_word' id='word_1_353' title='bbox 2232 1796 2275 1852; x_wconf 76' lang='grc' dir='ltr'><strong>Β</strong></span> 
     </span>
    </p>
   </div>
   <div class='ocr_carea' id='block_1_44' title="bbox 2288 495 3859 565">
    <p class='ocr_par' dir='ltr' id='par_1_44' title="bbox 2288 495 3859 565">
     <span class='ocr_line' id='line_1_44' title="bbox 2288 495 3859 565; baseline 0.006 -22"><span class='ocrx_word' id='word_1_354' title='bbox 2288 508 2485 565; x_wconf 81' lang='lat' dir='ltr'><strong>action</strong></span> <span class='ocrx_word' id='word_1_355' title='bbox 2534 495 2872 565; x_wconf 82' lang='lat' dir='ltr'><strong>advertamus</strong></span> <span class='ocrx_word' id='word_1_356' title='bbox 2912 498 2975 546; x_wconf 83' lang='lat' dir='ltr'><strong>ad</strong></span> <span class='ocrx_word' id='word_1_357' title='bbox 3009 496 3178 561; x_wconf 87' lang='lat' dir='ltr'><strong>ipsum</strong></span> <span class='ocrx_word' id='word_1_358' title='bbox 3237 500 3640 561; x_wconf 82' lang='lat' dir='ltr'><strong>numerationis,</strong></span> <span class='ocrx_word' id='word_1_359' title='bbox 3695 514 3859 565; x_wconf 84' lang='lat' dir='ltr'><strong>quare</strong></span> 
     </span>
    </p>
   </div>
   <div class='ocr_carea' id='block_1_45' title="bbox 2289 563 3857 631">
    <p class='ocr_par' dir='ltr' id='par_1_45' title="bbox 2289 563 3857 631">
     <span class='ocr_line' id='line_1_45' title="bbox 2289 563 3857 631; baseline 0.004 -17"><span class='ocrx_word' id='word_1_360' title='bbox 2289 563 2403 625; x_wconf 77' lang='lat' dir='ltr'><strong>ipsa</strong></span> <span class='ocrx_word' id='word_1_361' title='bbox 2435 572 2524 614; x_wconf 84' lang='lat' dir='ltr'><strong>aut</strong></span> <span class='ocrx_word' id='word_1_362' title='bbox 2554 564 2844 618; x_wconf 77' lang='lat' dir='ltr'><strong>imitatione</strong></span> <span class='ocrx_word' id='word_1_363' title='bbox 2877 566 3158 619; x_wconf 85' lang='lat' dir='ltr'><strong>multitudo</strong></span> <span class='ocrx_word' id='word_1_364' title='bbox 3209 571 3514 631; x_wconf 73' lang='lat' dir='ltr'><strong>exponitur.</strong></span> <span class='ocrx_word' id='word_1_365' title='bbox 3561 563 3857 621; x_wconf 77' lang='lat' dir='ltr'><strong>numerum.</strong></span> 
     </span>
    </p>
   </div>
   <div class='ocr_carea' id='block_1_46' title="bbox 2291 632 3859 706">
    <p class='ocr_par' dir='ltr' id='par_1_46' title="bbox 2291 632 3859 706">
     <span class='ocr_line' id='line_1_46' title="bbox 2291 632 3859 706; baseline 0.005 -22"><span class='ocrx_word' id='word_1_366' title='bbox 2291 632 2409 706; x_wconf 79' lang='lat' dir='ltr'><strong>Illic</strong></span> <span class='ocrx_word' id='word_1_367' title='bbox 2440 649 2605 706; x_wconf 78' lang='lat' dir='ltr'><strong>enim,</strong></span> <span class='ocrx_word' id='word_1_368' title='bbox 2656 634 2717 706; x_wconf 5' lang='lat' dir='ltr'><strong>id,</strong></span> <span class='ocrx_word' id='word_1_369' title='bbox 2750 650 2826 686; x_wconf 88' lang='lat' dir='ltr'><strong>est</strong></span> <span class='ocrx_word' id='word_1_370' title='bbox 2886 636 3267 688; x_wconf 84' lang='lat' dir='ltr'><strong>numeralionis</strong></span> <span class='ocrx_word' id='word_1_371' title='bbox 3316 639 3669 702; x_wconf 81' lang='lat' dir='ltr'><strong>expositione,</strong></span> <span class='ocrx_word' id='word_1_372' title='bbox 3719 654 3859 706; x_wconf 66' lang='lat' dir='ltr'><strong>saepe</strong></span> 
     </span>
    </p>
   </div>
   <div class='ocr_carea' id='block_1_47' title="bbox 2289 703 3861 776">
    <p class='ocr_par' dir='ltr' id='par_1_47' title="bbox 2289 703 3861 776">
     <span class='ocr_line' id='line_1_47' title="bbox 2289 703 3861 776; baseline 0.007 -26"><span class='ocrx_word' id='word_1_373' title='bbox 2289 703 2500 767; x_wconf 84' lang='lat' dir='ltr'><strong>quidem</strong></span> <span class='ocrx_word' id='word_1_374' title='bbox 2526 704 2808 757; x_wconf 75' lang='lat' dir='ltr'><strong>diversitas</strong></span> <span class='ocrx_word' id='word_1_375' title='bbox 2840 721 3015 758; x_wconf 90' lang='lat' dir='ltr'><strong>rerum</strong></span> <span class='ocrx_word' id='word_1_376' title='bbox 3055 707 3360 768; x_wconf 86' lang='lat' dir='ltr'><strong>multarum,</strong></span> <span class='ocrx_word' id='word_1_377' title='bbox 3392 710 3710 776; x_wconf 88' lang='lat' dir='ltr'><strong>quandoque</strong></span> <span class='ocrx_word' id='word_1_378' title='bbox 3738 703 3861 761; x_wconf 61' lang='lat' dir='ltr'><strong>vero</strong></span> 
     </span>
    </p>
   </div>
   <div class='ocr_carea' id='block_1_48' title="bbox 2292 776 3858 846">
    <p class='ocr_par' dir='ltr' id='par_1_48' title="bbox 2292 776 3858 846">
     <span class='ocr_line' id='line_1_48' title="bbox 2292 776 3858 846; baseline 0.004 -22"><span class='ocrx_word' id='word_1_379' title='bbox 2292 788 2445 846; x_wconf 69' lang='lat' dir='ltr'><strong>unus</strong></span> <span class='ocrx_word' id='word_1_380' title='bbox 2480 782 2681 825; x_wconf 88' lang='lat' dir='ltr'><strong>tantum</strong></span> <span class='ocrx_word' id='word_1_381' title='bbox 2715 776 2979 842; x_wconf 81' lang='lat' dir='ltr'><strong>repetitio,</strong></span> <span class='ocrx_word' id='word_1_382' title='bbox 3036 778 3320 839; x_wconf 84' lang='lat' dir='ltr'><strong>quemdam</strong></span> <span class='ocrx_word' id='word_1_383' title='bbox 3350 781 3499 846; x_wconf 86' lang='lat' dir='ltr'><strong>quasi</strong></span> <span class='ocrx_word' id='word_1_384' title='bbox 3531 781 3858 831; x_wconf 65' lang='lat' dir='ltr'><strong>diver«arum</strong></span> 
     </span>
    </p>
   </div>
   <div class='ocr_carea' id='block_1_49' title="bbox 2293 844 3860 915">
    <p class='ocr_par' dir='ltr' id='par_1_49' title="bbox 2293 844 3860 915">
     <span class='ocr_line' id='line_1_49' title="bbox 2293 844 3860 915; baseline 0.006 -22"><span class='ocrx_word' id='word_1_385' title='bbox 2293 844 2565 915; x_wconf 13' lang='lat' dir='ltr'><strong>unitatuml</strong></span> <span class='ocrx_word' id='word_1_386' title='bbox 2585 860 2858 897; x_wconf 78' lang='lat' dir='ltr'><strong>numerum</strong></span> <span class='ocrx_word' id='word_1_387' title='bbox 2894 846 3034 899; x_wconf 72' lang='lat' dir='ltr'><strong>facit.</strong></span> <span class='ocrx_word' id='word_1_388' title='bbox 3068 847 3120 899; x_wconf 87' lang='grc' dir='ltr'>Ιιι</span> <span class='ocrx_word' id='word_1_389' title='bbox 3150 862 3216 899; x_wconf 87' lang='lat' dir='ltr'><strong>eo</strong></span> <span class='ocrx_word' id='word_1_390' title='bbox 3240 844 3415 899; x_wconf 87' lang='lat' dir='ltr'><strong>autem</strong></span> <span class='ocrx_word' id='word_1_391' title='bbox 3448 850 3536 915; x_wconf 90' lang='lat' dir='ltr'><strong>qui</strong></span> <span class='ocrx_word' id='word_1_392' title='bbox 3561 866 3665 902; x_wconf 85' lang='lat' dir='ltr'><strong>non</strong></span> <span class='ocrx_word' id='word_1_393' title='bbox 3690 846 3860 902; x_wconf 74' lang='lat' dir='ltr'><strong>imiia-</strong></span> 
     </span>
    </p>
   </div>
   <div class='ocr_carea' id='block_1_50' title="bbox 2294 914 3859 992">
    <p class='ocr_par' dir='ltr' id='par_1_50' title="bbox 2294 914 3859 992">
     <span class='ocr_line' id='line_1_50' title="bbox 2294 914 3859 992; baseline 0.004 -28"><span class='ocrx_word' id='word_1_394' title='bbox 2294 914 2436 992; x_wconf 78' lang='lat' dir='ltr'><strong>tione</strong></span> <span class='ocrx_word' id='word_1_395' title='bbox 2466 914 2931 992; x_wconf 81' lang='lat' dir='ltr'><strong>d_icitttr_numero,</strong></span> <span class='ocrx_word' id='word_1_396' title='bbox 2968 917 3061 992; x_wconf 84' lang='lat' dir='ltr'><strong>sed</strong></span> <span class='ocrx_word' id='word_1_397' title='bbox 3100 932 3279 992; x_wconf 73' lang='lat' dir='ltr'><strong>rerum</strong></span> <span class='ocrx_word' id='word_1_398' title='bbox 3321 932 3444 992; x_wconf 77' lang='lat' dir='ltr'><strong>vera</strong></span> <span class='ocrx_word' id='word_1_399' title='bbox 3468 914 3535 971; x_wconf 79' lang='lat' dir='ltr'><strong>ex</strong></span> <span class='ocrx_word' id='word_1_400' title='bbox 3566 932 3859 992; x_wconf 66' lang='lat' dir='ltr'><strong>proprieta-</strong></span> 
     </span>
    </p>
   </div>
   <div class='ocr_carea' id='block_1_51' title="bbox 2296 982 3860 1053">
    <p class='ocr_par' dir='ltr' id='par_1_51' title="bbox 2296 982 3860 1053">
     <span class='ocr_line' id='line_1_51' title="bbox 2296 982 3860 1053; baseline 0.004 -20"><span class='ocrx_word' id='word_1_401' title='bbox 2296 982 2433 1033; x_wconf 66' lang='lat' dir='ltr'><strong>tibus</strong></span> <span class='ocrx_word' id='word_1_402' title='bbox 2474 984 2781 1037; x_wconf 68' lang='lat' dir='ltr'><strong>diversitate</strong></span> <span class='ocrx_word' id='word_1_403' title='bbox 2824 987 2875 1037; x_wconf 93' lang='lat' dir='ltr'><strong>in</strong></span> <span class='ocrx_word' id='word_1_404' title='bbox 2920 987 3075 1039; x_wconf 88' lang='lat' dir='ltr'><strong>tebus</strong></span> <span class='ocrx_word' id='word_1_405' title='bbox 3114 987 3243 1053; x_wconf 85' lang='lat' dir='ltr'><strong>ipsis</strong></span> <span class='ocrx_word' id='word_1_406' title='bbox 3305 1004 3366 1040; x_wconf 81' lang='lat' dir='ltr'><strong>ex</strong></span> <span class='ocrx_word' id='word_1_407' title='bbox 3413 989 3502 1041; x_wconf 87' lang='lat' dir='ltr'><strong>illa</strong></span> <span class='ocrx_word' id='word_1_408' title='bbox 3548 982 3860 1042; x_wconf 76' lang='lat' dir='ltr'><strong>diversiiate</strong></span> 
     </span>
    </p>
   </div>
   <div class='ocr_carea' id='block_1_52' title="bbox 2295 1053 3859 1125">
    <p class='ocr_par' dir='ltr' id='par_1_52' title="bbox 2295 1053 3859 1125">
     <span class='ocr_line' id='line_1_52' title="bbox 2295 1053 3859 1125; baseline 0.004 -20"><span class='ocrx_word' id='word_1_409' title='bbox 2295 1053 2711 1125; x_wconf 85' lang='lat' dir='ltr'><strong>numerabilibus</strong></span> <span class='ocrx_word' id='word_1_410' title='bbox 2740 1066 2967 1118; x_wconf 56' lang='lat' dir='ltr'><strong>constat,</strong></span> <span class='ocrx_word' id='word_1_411' title='bbox 2995 1058 3155 1121; x_wconf 87' lang='lat' dir='ltr'><strong>illam,</strong></span> <span class='ocrx_word' id='word_1_412' title='bbox 3190 1073 3306 1125; x_wconf 75' lang='lat' dir='ltr'><strong>qua:</strong></span> <span class='ocrx_word' id='word_1_413' title='bbox 3337 1073 3460 1111; x_wconf 82' lang='lat' dir='ltr'><strong>vere</strong></span> <span class='ocrx_word' id='word_1_414' title='bbox 3480 1070 3582 1123; x_wconf 78' lang='lat' dir='ltr'><strong>est,</strong></span> <span class='ocrx_word' id='word_1_415' title='bbox 3616 1068 3859 1125; x_wconf 61' lang='lat' dir='ltr'><strong>numero:</strong></span> 
     </span>
    </p>
   </div>
   <div class='ocr_carea' id='block_1_53' title="bbox 2294 1124 3858 1183">
    <p class='ocr_par' dir='ltr' id='par_1_53' title="bbox 2294 1124 3858 1183">
     <span class='ocr_line' id='line_1_53' title="bbox 2294 1124 3858 1183; baseline 0.006 -10"><span class='ocrx_word' id='word_1_416' title='bbox 2294 1137 2407 1174; x_wconf 86' lang='lat' dir='ltr'><strong>s:un</strong></span> <span class='ocrx_word' id='word_1_417' title='bbox 2447 1124 2805 1179; x_wconf 73' lang='lat' dir='ltr'><strong>divorsitatem</strong></span> <span class='ocrx_word' id='word_1_418' title='bbox 2842 1142 3016 1178; x_wconf 88' lang='lat' dir='ltr'><strong>rerum</strong></span> <span class='ocrx_word' id='word_1_419' title='bbox 3045 1142 3170 1180; x_wconf 91' lang='lat' dir='ltr'><strong>vere</strong></span> <span class='ocrx_word' id='word_1_420' title='bbox 3200 1128 3607 1181; x_wconf 82' lang='lat' dir='ltr'><strong>nuinerahilimn</strong></span> <span class='ocrx_word' id='word_1_421' title='bbox 3640 1124 3858 1183; x_wconf 82' lang='lat' dir='ltr'><strong>mitiii&#39;ne</strong></span> 
     </span>
    </p>
   </div>
   <div class='ocr_carea' id='block_1_54' title="bbox 2296 1192 3861 1263">
    <p class='ocr_par' dir='ltr' id='par_1_54' title="bbox 2296 1192 3861 1263">
     <span class='ocr_line' id='line_1_54' title="bbox 2296 1192 3861 1263; baseline 0.003 -18"><span class='ocrx_word' id='word_1_422' title='bbox 2296 1192 2418 1245; x_wconf 74' lang='lat' dir='ltr'><strong>[icit</strong></span> <span class='ocrx_word' id='word_1_423' title='bbox 2445 1195 2598 1246; x_wconf 89' lang='lat' dir='ltr'><strong>unius</strong></span> <span class='ocrx_word' id='word_1_424' title='bbox 2621 1198 2886 1262; x_wconf 75' lang='lat' dir='ltr'><strong>repetitio,</strong></span> <span class='ocrx_word' id='word_1_425' title='bbox 2929 1213 3047 1263; x_wconf 66' lang='lat' dir='ltr'><strong>qua:</strong></span> <span class='ocrx_word' id='word_1_426' title='bbox 3075 1198 3131 1250; x_wconf 84' lang='grc' dir='ltr'><strong>ιιι</strong></span> <span class='ocrx_word' id='word_1_427' title='bbox 3154 1208 3402 1263; x_wconf 80' lang='lat' dir='ltr'><strong>tanquam</strong></span> <span class='ocrx_word' id='word_1_428' title='bbox 3432 1203 3714 1252; x_wconf 88' lang='lat' dir='ltr'><strong>multarum</strong></span> <span class='ocrx_word' id='word_1_429' title='bbox 3743 1202 3861 1251; x_wconf 84' lang='lat' dir='ltr'><strong>uni-</strong></span> 
     </span>
    </p>
   </div>
   <div class='ocr_carea' id='block_1_55' title="bbox 2297 1264 3859 1334">
    <p class='ocr_par' dir='ltr' id='par_1_55' title="bbox 2297 1264 3859 1334">
     <span class='ocr_line' id='line_1_55' title="bbox 2297 1264 3859 1334; baseline 0.004 -19"><span class='ocrx_word' id='word_1_430' title='bbox 2297 1270 2476 1334; x_wconf 83' lang='lat' dir='ltr'><strong>latum</strong></span> <span class='ocrx_word' id='word_1_431' title='bbox 2501 1267 2813 1329; x_wconf 84' lang='lat' dir='ltr'><strong>numeratio,</strong></span> <span class='ocrx_word' id='word_1_432' title='bbox 2849 1278 3005 1334; x_wconf 80' lang='lat' dir='ltr'><strong>atque</strong></span> <span class='ocrx_word' id='word_1_433' title='bbox 3038 1278 3286 1334; x_wconf 83' lang='lat' dir='ltr'><strong>tanquam</strong></span> <span class='ocrx_word' id='word_1_434' title='bbox 3315 1285 3377 1321; x_wconf 77' lang='lat' dir='ltr'><strong>ex</strong></span> <span class='ocrx_word' id='word_1_435' title='bbox 3419 1284 3593 1322; x_wconf 89' lang='lat' dir='ltr'><strong>rerum</strong></span> <span class='ocrx_word' id='word_1_436' title='bbox 3635 1264 3859 1323; x_wconf 67' lang='lat' dir='ltr'><strong>diversi-</strong></span> 
     </span>
    </p>
   </div>
   <div class='ocr_carea' id='block_1_56' title="bbox 2299 1333 3855 1406">
    <p class='ocr_par' dir='ltr' id='par_1_56' title="bbox 2299 1333 3855 1406">
     <span class='ocr_line' id='line_1_56' title="bbox 2299 1333 3855 1406; baseline 0.004 -22"><span class='ocrx_word' id='word_1_437' title='bbox 2299 1344 2406 1406; x_wconf 75' lang='lat' dir='ltr'><strong>tate</strong></span> <span class='ocrx_word' id='word_1_438' title='bbox 2435 1333 2724 1396; x_wconf 74' lang='lat' dir='ltr'><strong>pluralilas.</strong></span> <span class='ocrx_word' id='word_1_439' title='bbox 2749 1333 2948 1403; x_wconf 75' lang='lat' dir='ltr'><strong>Qua~iz</strong></span> <span class='ocrx_word' id='word_1_440' title='bbox 2979 1339 3081 1391; x_wconf 82' lang='lat' dir='ltr'><strong>Sed</strong></span> <span class='ocrx_word' id='word_1_441' title='bbox 3113 1340 3287 1405; x_wconf 82' lang='lat' dir='ltr'><strong>potius</strong></span> <span class='ocrx_word' id='word_1_442' title='bbox 3310 1354 3485 1392; x_wconf 89' lang='lat' dir='ltr'><strong>reruni</strong></span> <span class='ocrx_word' id='word_1_443' title='bbox 3509 1341 3715 1394; x_wconf 84' lang='lat' dir='ltr'><strong>diversa</strong></span> <span class='ocrx_word' id='word_1_444' title='bbox 3739 1354 3855 1406; x_wconf 70' lang='lat' dir='ltr'><strong>pro:-</strong></span> 
     </span>
    </p>
   </div>
   <div class='ocr_carea' id='block_1_57' title="bbox 2299 1403 3860 1470">
    <p class='ocr_par' dir='ltr' id='par_1_57' title="bbox 2299 1403 3860 1470">
     <span class='ocr_line' id='line_1_57' title="bbox 2299 1403 3860 1470; baseline 0.003 -16"><span class='ocrx_word' id='word_1_445' title='bbox 2299 1403 2494 1470; x_wconf 87' lang='lat' dir='ltr'><strong>prietas</strong></span> <span class='ocrx_word' id='word_1_446' title='bbox 2524 1420 2858 1460; x_wconf 87' lang='lat' dir='ltr'><strong>numerosam</strong></span> <span class='ocrx_word' id='word_1_447' title='bbox 2890 1409 3009 1461; x_wconf 85' lang='lat' dir='ltr'><strong>iacit</strong></span> <span class='ocrx_word' id='word_1_448' title='bbox 3033 1403 3399 1461; x_wconf 78' lang='lat' dir='ltr'><strong>diversitatem</strong></span> <span class='ocrx_word' id='word_1_449' title='bbox 3430 1425 3627 1464; x_wconf 89' lang='lat' dir='ltr'><strong>ierum.</strong></span> <span class='ocrx_word' id='word_1_450' title='bbox 3673 1403 3750 1463; x_wconf 66' lang='lat' dir='ltr'><strong>bi</strong></span> <span class='ocrx_word' id='word_1_451' title='bbox 3777 1408 3808 1461; x_wconf 84' lang='lat' dir='ltr'><strong>l‘i</strong></span> <span class='ocrx_word' id='word_1_452' title='bbox 3835 1425 3860 1459; x_wconf 78' lang='grc' dir='ltr'><strong><em>ς</em></strong></span> 
     </span>
    </p>
   </div>
   <div class='ocr_carea' id='block_1_58' title="bbox 2299 1474 3855 1544">
    <p class='ocr_par' dir='ltr' id='par_1_58' title="bbox 2299 1474 3855 1544">
     <span class='ocr_line' id='line_1_58' title="bbox 2299 1474 3855 1544; baseline 0.004 -19"><span class='ocrx_word' id='word_1_453' title='bbox 2299 1474 2455 1540; x_wconf 81' lang='lat' dir='ltr'><strong>igitur</strong></span> <span class='ocrx_word' id='word_1_454' title='bbox 2481 1486 2722 1542; x_wconf 83' lang='lat' dir='ltr'><strong>apparet,</strong></span> <span class='ocrx_word' id='word_1_455' title='bbox 2754 1478 2894 1544; x_wconf 88' lang='lat' dir='ltr'><strong>quod</strong></span> <span class='ocrx_word' id='word_1_456' title='bbox 2926 1493 3046 1529; x_wconf 88' lang='lat' dir='ltr'><strong>cum</strong></span> <span class='ocrx_word' id='word_1_457' title='bbox 3079 1479 3405 1531; x_wconf 75' lang='lat' dir='ltr'><strong>numerando</strong></span> <span class='ocrx_word' id='word_1_458' title='bbox 3425 1480 3674 1541; x_wconf 91' lang='lat' dir='ltr'><strong>dicimus,</strong></span> <span class='ocrx_word' id='word_1_459' title='bbox 3700 1496 3855 1543; x_wconf 89' lang='lat' dir='ltr'><strong>unus,</strong></span> 
     </span>
    </p>
   </div>
   <div class='ocr_carea' id='block_1_59' title="bbox 2299 1548 3857 1619">
    <p class='ocr_par' dir='ltr' id='par_1_59' title="bbox 2299 1548 3857 1619">
     <span class='ocr_line' id='line_1_59' title="bbox 2299 1548 3857 1619; baseline 0.003 -23"><span class='ocrx_word' id='word_1_460' title='bbox 2299 1559 2452 1598; x_wconf 86' lang='lat' dir='ltr'><strong>unus.</strong></span> <span class='ocrx_word' id='word_1_461' title='bbox 2479 1551 2761 1619; x_wconf 14' lang='lat' dir='ltr'><strong>untis,lvel</strong></span> <span class='ocrx_word' id='word_1_462' title='bbox 2785 1548 2967 1619; x_wconf 78' lang='lat' dir='ltr'><strong>hoino,</strong></span> <span class='ocrx_word' id='word_1_463' title='bbox 3006 1549 3184 1611; x_wconf 88' lang='lat' dir='ltr'><strong>homo,</strong></span> <span class='ocrx_word' id='word_1_464' title='bbox 3218 1549 3394 1611; x_wconf 92' lang='lat' dir='ltr'><strong>homo,</strong></span> <span class='ocrx_word' id='word_1_465' title='bbox 3424 1551 3501 1602; x_wconf 89' lang='lat' dir='ltr'><strong>vel</strong></span> <span class='ocrx_word' id='word_1_466' title='bbox 3535 1552 3857 1619; x_wconf 81' lang='lat' dir='ltr'><strong>ltujnsmodi,</strong></span> 
     </span>
    </p>
   </div>
   <div class='ocr_carea' id='block_1_60' title="bbox 2297 1616 3857 1687">
    <p class='ocr_par' dir='ltr' id='par_1_60' title="bbox 2297 1616 3857 1687">
     <span class='ocr_line' id='line_1_60' title="bbox 2297 1616 3857 1687; baseline 0.006 -23"><span class='ocrx_word' id='word_1_467' title='bbox 2297 1624 2388 1665; x_wconf 89' lang='lat' dir='ltr'><strong>aut</strong></span> <span class='ocrx_word' id='word_1_468' title='bbox 2416 1629 2481 1667; x_wconf 90' lang='lat' dir='ltr'><strong>co</strong></span> <span class='ocrx_word' id='word_1_469' title='bbox 2525 1616 2794 1670; x_wconf 88' lang='lat' dir='ltr'><strong>intellectu</strong></span> <span class='ocrx_word' id='word_1_470' title='bbox 2834 1618 3159 1672; x_wconf 85' lang='lat' dir='ltr'><strong>diversarum</strong></span> <span class='ocrx_word' id='word_1_471' title='bbox 3210 1616 3857 1687; x_wconf 34' lang='lat' dir='ltr'><strong>proprietatum.‘quarum</strong></span> 
     </span>
    </p>
   </div>
   <div class='ocr_carea' id='block_1_61' title="bbox 2298 1688 3859 1755">
    <p class='ocr_par' dir='ltr' id='par_1_61' title="bbox 2298 1688 3859 1755">
     <span class='ocr_line' id='line_1_61' title="bbox 2298 1688 3859 1755; baseline 0.005 -20"><span class='ocrx_word' id='word_1_472' title='bbox 2298 1699 2510 1750; x_wconf 89' lang='lat' dir='ltr'><strong>semper</strong></span> <span class='ocrx_word' id='word_1_473' title='bbox 2547 1700 2727 1739; x_wconf 91' lang='lat' dir='ltr'><strong>comes</strong></span> <span class='ocrx_word' id='word_1_474' title='bbox 2759 1697 2839 1740; x_wconf 88' lang='lat' dir='ltr'><strong>est</strong></span> <span class='ocrx_word' id='word_1_475' title='bbox 2863 1688 3143 1743; x_wconf 85' lang='lat' dir='ltr'><strong>diversitas</strong></span> <span class='ocrx_word' id='word_1_476' title='bbox 3173 1690 3454 1753; x_wconf 84' lang='lat' dir='ltr'><strong>imitatum,</strong></span> <span class='ocrx_word' id='word_1_477' title='bbox 3488 1689 3588 1743; x_wconf 89' lang='lat' dir='ltr'><strong>hoc</strong></span> <span class='ocrx_word' id='word_1_478' title='bbox 3616 1692 3859 1755; x_wconf 77' lang='lat' dir='ltr'><strong>dicimus;</strong></span> 
     </span>
    </p>
   </div>
   <div class='ocr_carea' id='block_1_62' title="bbox 2300 1756 3651 1827">
    <p class='ocr_par' dir='ltr' id='par_1_62' title="bbox 2300 1756 3651 1827">
     <span class='ocr_line' id='line_1_62' title="bbox 2300 1756 3651 1827; baseline 0.006 -22"><span class='ocrx_word' id='word_1_479' title='bbox 2300 1756 2571 1827; x_wconf 82' lang='lat' dir='ltr'><strong>aut__unius</strong></span> <span class='ocrx_word' id='word_1_480' title='bbox 2605 1757 2918 1821; x_wconf 78' lang='lat' dir='ltr'><strong>repetitione</strong></span> <span class='ocrx_word' id='word_1_481' title='bbox 2942 1776 3059 1827; x_wconf 82' lang='lat' dir='ltr'><strong>qtt;e</strong></span> <span class='ocrx_word' id='word_1_482' title='bbox 3090 1774 3364 1812; x_wconf 89' lang='lat' dir='ltr'><strong>numerum</strong></span> <span class='ocrx_word' id='word_1_483' title='bbox 3398 1761 3651 1813; x_wconf 86' lang='lat' dir='ltr'><strong>imitatur.</strong></span> 
     </span>
    </p>
   </div>
   <div class='ocr_carea' id='block_1_63' title="bbox 2375 1823 3864 1897">
    <p class='ocr_par' dir='ltr' id='par_1_63' title="bbox 2375 1823 3864 1897">
     <span class='ocr_line' id='line_1_63' title="bbox 2375 1823 3864 1897; baseline 0.005 -22"><span class='ocrx_word' id='word_1_484' title='bbox 2375 1823 2633 1880; x_wconf 76' lang='lat' dir='ltr'><strong>Numerus</strong></span> <span class='ocrx_word' id='word_1_485' title='bbox 2656 1829 2787 1880; x_wconf 78' lang='lat' dir='ltr'><strong>enim</strong></span> <span class='ocrx_word' id='word_1_486' title='bbox 2807 1823 2995 1897; x_wconf 70' lang='lat' dir='ltr'><strong>ditplea:</strong></span> <span class='ocrx_word' id='word_1_487' title='bbox 3020 1841 3111 1893; x_wconf 77' lang='lat' dir='ltr'><strong>est,</strong></span> <span class='ocrx_word' id='word_1_488' title='bbox 3140 1830 3192 1881; x_wconf 88' lang='lat' dir='ltr'><strong>id</strong></span> <span class='ocrx_word' id='word_1_489' title='bbox 3212 1840 3283 1881; x_wconf 80' lang='lat' dir='ltr'><strong>est</strong></span> <span class='ocrx_word' id='word_1_490' title='bbox 3312 1832 3548 1897; x_wconf 75' lang='lat' dir='ltr'><strong>loquendi</strong></span> <span class='ocrx_word' id='word_1_491' title='bbox 3577 1848 3669 1883; x_wconf 78' lang='lat' dir='ltr'><strong>usti</strong></span> <span class='ocrx_word' id='word_1_492' title='bbox 3691 1833 3864 1893; x_wconf 84' lang='lat' dir='ltr'><strong>dupli-</strong></span> 
     </span>
    </p>
   </div>
   <div class='ocr_carea' id='block_1_64' title="bbox 2300 1895 3863 1970">
    <p class='ocr_par' dir='ltr' id='par_1_64' title="bbox 2300 1895 3863 1970">
     <span class='ocr_line' id='line_1_64' title="bbox 2300 1895 3863 1970; baseline 0.006 -24"><span class='ocrx_word' id='word_1_493' title='bbox 2300 1895 2429 1946; x_wconf 60' lang='lat' dir='ltr'><strong>citer»</strong></span> <span class='ocrx_word' id='word_1_494' title='bbox 2453 1898 2643 1949; x_wconf 83' lang='lat' dir='ltr'><strong>dicitur</strong></span> <span class='ocrx_word' id='word_1_495' title='bbox 2676 1913 2693 1952; x_wconf 92' lang='lat'><strong><em>:</em></strong></span> <span class='ocrx_word' id='word_1_496' title='bbox 2737 1895 3133 1970; x_wconf 19' lang='lat' dir='ltr'><strong>unus’quidem‘</strong></span> <span class='ocrx_word' id='word_1_497' title='bbox 3158 1895 3441 1954; x_wconf 75' lang='lat' dir='ltr'><strong>numeratio</strong></span> <span class='ocrx_word' id='word_1_498' title='bbox 3465 1942 3481 1962; x_wconf 90' lang='lat'><strong>,</strong></span> <span class='ocrx_word' id='word_1_499' title='bbox 3521 1918 3620 1970; x_wconf 83' lang='lat' dir='ltr'><strong>quo</strong></span> <span class='ocrx_word' id='word_1_500' title='bbox 3674 1904 3863 1955; x_wconf 77' lang='lat' dir='ltr'><strong>scilicet</strong></span> 
     </span>
    </p>
   </div>
   <div class='ocr_carea' id='block_1_65' title="bbox 2302 1968 3858 2038">
    <p class='ocr_par' dir='ltr' id='par_1_65' title="bbox 2302 1968 3858 2038">
     <span class='ocr_line' id='line_1_65' title="bbox 2302 1968 3858 2038; baseline 0.006 -23"><span class='ocrx_word' id='word_1_501' title='bbox 2302 1981 2659 2029; x_wconf 77' lang='lat' dir='ltr'><strong>numeramus;</strong></span> <span class='ocrx_word' id='word_1_502' title='bbox 2689 1970 2819 2021; x_wconf 78' lang='lat' dir='ltr'><strong>alter</strong></span> <span class='ocrx_word' id='word_1_503' title='bbox 2846 1986 2981 2033; x_wconf 80' lang='lat' dir='ltr'><strong>vero,</strong></span> <span class='ocrx_word' id='word_1_504' title='bbox 3009 1968 3136 2038; x_wconf 83' lang='lat' dir='ltr'><strong>ctc.]</strong></span> <span class='ocrx_word' id='word_1_505' title='bbox 3177 1970 3404 2025; x_wconf 86' lang='lat' dir='ltr'><strong>Dicendo</strong></span> <span class='ocrx_word' id='word_1_506' title='bbox 3434 1968 3570 2024; x_wconf 87' lang='lat' dir='ltr'><strong>unus</strong></span> <span class='ocrx_word' id='word_1_507' title='bbox 3609 1984 3659 2024; x_wconf 85' lang='lat' dir='ltr'><strong>et</strong></span> <span class='ocrx_word' id='word_1_508' title='bbox 3689 1974 3823 2024; x_wconf 74' lang='lat' dir='ltr'><strong>alter</strong></span> <span class='ocrx_word' id='word_1_509' title='bbox 3845 2016 3858 2032; x_wconf 80' lang='lat'><strong>,</strong></span> 
     </span>
    </p>
   </div>
   <div class='ocr_carea' id='block_1_66' title="bbox 2303 2039 3861 2110">
    <p class='ocr_par' dir='ltr' id='par_1_66' title="bbox 2303 2039 3861 2110">
     <span class='ocr_line' id='line_1_66' title="bbox 2303 2039 3861 2110; baseline 0.007 -25"><span class='ocrx_word' id='word_1_510' title='bbox 2303 2050 2407 2110; x_wconf 83' lang='lat' dir='ltr'><strong>non</strong></span> <span class='ocrx_word' id='word_1_511' title='bbox 2434 2039 2550 2089; x_wconf 86' lang='lat' dir='ltr'><strong>vult</strong></span> <span class='ocrx_word' id='word_1_512' title='bbox 2581 2039 2797 2102; x_wconf 70' lang='lat' dir='ltr'><strong>intelligi</strong></span> <span class='ocrx_word' id='word_1_513' title='bbox 2826 2056 2945 2092; x_wconf 84' lang='lat' dir='ltr'><strong>eum</strong></span> <span class='ocrx_word' id='word_1_514' title='bbox 2985 2056 3091 2107; x_wconf 89' lang='lat' dir='ltr'><strong>quo</strong></span> <span class='ocrx_word' id='word_1_515' title='bbox 3122 2056 3267 2093; x_wconf 58' lang='lat' dir='ltr'><strong>numt</strong></span> <span class='ocrx_word' id='word_1_516' title='bbox 3285 2056 3462 2095; x_wconf 87' lang='lat' dir='ltr'><strong>ramus</strong></span> <span class='ocrx_word' id='word_1_517' title='bbox 3489 2043 3557 2093; x_wconf 80' lang='lat' dir='ltr'><strong>ab</strong></span> <span class='ocrx_word' id='word_1_518' title='bbox 3597 2057 3662 2095; x_wconf 84' lang='lat' dir='ltr'><strong>eo</strong></span> <span class='ocrx_word' id='word_1_519' title='bbox 3696 2044 3783 2110; x_wconf 90' lang='lat' dir='ltr'><strong>qui</strong></span> <span class='ocrx_word' id='word_1_520' title='bbox 3811 2046 3861 2095; x_wconf 93' lang='lat' dir='ltr'><strong>in</strong></span> 
     </span>
    </p>
   </div>
   <div class='ocr_carea' id='block_1_67' title="bbox 2302 2107 3865 2179">
    <p class='ocr_par' dir='ltr' id='par_1_67' title="bbox 2302 2107 3865 2179">
     <span class='ocr_line' id='line_1_67' title="bbox 2302 2107 3865 2179; baseline 0.004 -20"><span class='ocrx_word' id='word_1_521' title='bbox 2302 2107 2908 2179; x_wconf 81' lang='lat' dir='ltr'><strong>relinsnnmeraliilibus</strong></span> <span class='ocrx_word' id='word_1_522' title='bbox 2935 2121 3166 2175; x_wconf 80' lang='lat' dir='ltr'><strong>constat,</strong></span> <span class='ocrx_word' id='word_1_523' title='bbox 3195 2111 3271 2164; x_wconf 89' lang='lat' dir='ltr'><strong>rei</strong></span> <span class='ocrx_word' id='word_1_524' title='bbox 3305 2113 3628 2179; x_wconf 82' lang='lat' dir='ltr'><strong>proprietate</strong></span> <span class='ocrx_word' id='word_1_525' title='bbox 3657 2107 3865 2176; x_wconf 73' lang='lat' dir='ltr'><strong>semper</strong></span> 
     </span>
    </p>
   </div>
   <div class='ocr_carea' id='block_1_68' title="bbox 2303 2177 3865 2248">
    <p class='ocr_par' dir='ltr' id='par_1_68' title="bbox 2303 2177 3865 2248">
     <span class='ocr_line' id='line_1_68' title="bbox 2303 2177 3865 2248; baseline 0.004 -19"><span class='ocrx_word' id='word_1_526' title='bbox 2303 2190 2423 2230; x_wconf 88' lang='lat' dir='ltr'><strong>esse</strong></span> <span class='ocrx_word' id='word_1_527' title='bbox 2453 2177 2740 2234; x_wconf 80' lang='lat' dir='ltr'><strong>diversum.</strong></span> <span class='ocrx_word' id='word_1_528' title='bbox 2771 2178 2846 2232; x_wconf 85' lang='lat' dir='ltr'><strong>Eo</strong></span> <span class='ocrx_word' id='word_1_529' title='bbox 2874 2195 3101 2248; x_wconf 86' lang='lat' dir='ltr'><strong>namque</strong></span> <span class='ocrx_word' id='word_1_530' title='bbox 3123 2177 3461 2235; x_wconf 81' lang='lat' dir='ltr'><strong>numeramus</strong></span> <span class='ocrx_word' id='word_1_531' title='bbox 3491 2184 3580 2247; x_wconf 85' lang='lat' dir='ltr'><strong>qui</strong></span> <span class='ocrx_word' id='word_1_532' title='bbox 3612 2184 3663 2235; x_wconf 92' lang='lat' dir='ltr'><strong>in</strong></span> <span class='ocrx_word' id='word_1_533' title='bbox 3708 2185 3865 2235; x_wconf 72' lang='lat' dir='ltr'><strong>rrbus</strong></span> 
     </span>
    </p>
   </div>
   <div class='ocr_carea' id='block_1_69' title="bbox 2304 2249 3860 2313">
    <p class='ocr_par' dir='ltr' id='par_1_69' title="bbox 2304 2249 3860 2313">
     <span class='ocr_line' id='line_1_69' title="bbox 2304 2249 3860 2313; baseline 0.004 -15"><span class='ocrx_word' id='word_1_534' title='bbox 2304 2249 2725 2301; x_wconf 88' lang='lat' dir='ltr'><strong>numerabilihus</strong></span> <span class='ocrx_word' id='word_1_535' title='bbox 2746 2261 2970 2303; x_wconf 90' lang='lat' dir='ltr'><strong>constat.</strong></span> <span class='ocrx_word' id='word_1_536' title='bbox 3001 2250 3105 2307; x_wconf 91' lang='lat' dir='ltr'><strong>Sed</strong></span> <span class='ocrx_word' id='word_1_537' title='bbox 3132 2252 3250 2305; x_wconf 90' lang='lat' dir='ltr'><strong>ideo</strong></span> <span class='ocrx_word' id='word_1_538' title='bbox 3271 2252 3456 2305; x_wconf 88' lang='lat' dir='ltr'><strong>dicunt</strong></span> <span class='ocrx_word' id='word_1_539' title='bbox 3481 2267 3613 2304; x_wconf 88' lang='lat' dir='ltr'><strong>unus</strong></span> <span class='ocrx_word' id='word_1_540' title='bbox 3634 2264 3686 2305; x_wconf 87' lang='lat' dir='ltr'><strong>et</strong></span> <span class='ocrx_word' id='word_1_541' title='bbox 3706 2255 3860 2313; x_wconf 74' lang='lat' dir='ltr'><strong>alter,</strong></span> 
     </span>
    </p>
   </div>
   <div class='ocr_carea' id='block_1_70' title="bbox 2303 2318 3862 2386">
    <p class='ocr_par' dir='ltr' id='par_1_70' title="bbox 2303 2318 3862 2386">
     <span class='ocr_line' id='line_1_70' title="bbox 2303 2318 3862 2386; baseline 0.005 -18"><span class='ocrx_word' id='word_1_542' title='bbox 2303 2318 2553 2385; x_wconf 87' lang='lat' dir='ltr'><strong>quoniam</strong></span> <span class='ocrx_word' id='word_1_543' title='bbox 2582 2320 2685 2372; x_wconf 86' lang='lat' dir='ltr'><strong>alia</strong></span> <span class='ocrx_word' id='word_1_544' title='bbox 2719 2322 2851 2373; x_wconf 89' lang='lat' dir='ltr'><strong>ratio</strong></span> <span class='ocrx_word' id='word_1_545' title='bbox 2887 2333 2966 2375; x_wconf 79' lang='lat' dir='ltr'><strong>est</strong></span> <span class='ocrx_word' id='word_1_546' title='bbox 3000 2337 3276 2374; x_wconf 87' lang='lat' dir='ltr'><strong>numerum</strong></span> <span class='ocrx_word' id='word_1_547' title='bbox 3310 2322 3467 2375; x_wconf 85' lang='lat' dir='ltr'><strong>rebus</strong></span> <span class='ocrx_word' id='word_1_548' title='bbox 3514 2326 3718 2386; x_wconf 83' lang='lat' dir='ltr'><strong>inesse,</strong></span> <span class='ocrx_word' id='word_1_549' title='bbox 3759 2324 3862 2376; x_wconf 82' lang='lat' dir='ltr'><strong>alia</strong></span> 
     </span>
    </p>
   </div>
   <div class='ocr_carea' id='block_1_71' title="bbox 2306 2390 3864 2461">
    <p class='ocr_par' dir='ltr' id='par_1_71' title="bbox 2306 2390 3864 2461">
     <span class='ocr_line' id='line_1_71' title="bbox 2306 2390 3864 2461; baseline 0.006 -23"><span class='ocrx_word' id='word_1_550' title='bbox 2306 2404 2392 2461; x_wconf 71' lang='lat' dir='ltr'><strong>res</strong></span> <span class='ocrx_word' id='word_1_551' title='bbox 2439 2390 2578 2461; x_wconf 87' lang='lat' dir='ltr'><strong>ipsas</strong></span> <span class='ocrx_word' id='word_1_552' title='bbox 2609 2405 2829 2461; x_wconf 84' lang='lat' dir='ltr'><strong>numero</strong></span> <span class='ocrx_word' id='word_1_553' title='bbox 2848 2393 3177 2456; x_wconf 73' lang='lat' dir='ltr'><strong>:nttmerare.</strong></span> <span class='ocrx_word' id='word_1_554' title='bbox 3223 2392 3609 2446; x_wconf 86' lang='lat' dir='ltr'><strong>Numeralionis</strong></span> <span class='ocrx_word' id='word_1_555' title='bbox 3649 2409 3864 2461; x_wconf 80' lang='lat' dir='ltr'><strong>quoque</strong></span> 
     </span>
    </p>
   </div>
   <div class='ocr_carea' id='block_1_72' title="bbox 2304 2457 3859 2530">
    <p class='ocr_par' dir='ltr' id='par_1_72' title="bbox 2304 2457 3859 2530">
     <span class='ocr_line' id='line_1_72' title="bbox 2304 2457 3859 2530; baseline 0.005 -23"><span class='ocrx_word' id='word_1_556' title='bbox 2304 2457 2499 2530; x_wconf 80' lang='lat' dir='ltr'><strong>dversi</strong></span> <span class='ocrx_word' id='word_1_557' title='bbox 2530 2460 2689 2519; x_wconf 89' lang='lat' dir='ltr'><strong>tnodi.</strong></span> <span class='ocrx_word' id='word_1_558' title='bbox 2736 2460 2795 2513; x_wconf 84' lang='lat' dir='ltr'><strong>lit</strong></span> <span class='ocrx_word' id='word_1_559' title='bbox 2833 2462 2973 2514; x_wconf 91' lang='lat' dir='ltr'><strong>enim</strong></span> <span class='ocrx_word' id='word_1_560' title='bbox 3005 2465 3300 2515; x_wconf 86' lang='lat' dir='ltr'><strong>numeratio</strong></span> <span class='ocrx_word' id='word_1_561' title='bbox 3339 2457 3859 2530; x_wconf 43' lang='lat' dir='ltr'><strong>quandoque-distri-</strong></span> 
     </span>
    </p>
   </div>
   <div class='ocr_carea' id='block_1_73' title="bbox 2306 2528 3867 2599">
    <p class='ocr_par' dir='ltr' id='par_1_73' title="bbox 2306 2528 3867 2599">
     <span class='ocr_line' id='line_1_73' title="bbox 2306 2528 3867 2599; baseline 0.005 -20"><span class='ocrx_word' id='word_1_562' title='bbox 2306 2528 2542 2591; x_wconf 88' lang='lat' dir='ltr'><strong>butione,</strong></span> <span class='ocrx_word' id='word_1_563' title='bbox 2572 2530 2889 2597; x_wconf 85' lang='lat' dir='ltr'><strong>quandoque</strong></span> <span class='ocrx_word' id='word_1_564' title='bbox 2914 2532 3246 2585; x_wconf 60' lang='lat' dir='ltr'><strong>collectione.</strong></span> <span class='ocrx_word' id='word_1_565' title='bbox 3297 2533 3423 2585; x_wconf 82' lang='lat' dir='ltr'><strong>Nam</strong></span> <span class='ocrx_word' id='word_1_566' title='bbox 3454 2542 3508 2587; x_wconf 88' lang='lat' dir='ltr'><strong>et</strong></span> <span class='ocrx_word' id='word_1_567' title='bbox 3546 2528 3634 2599; x_wconf 80' lang='lat' dir='ltr'><strong>qui</strong></span> <span class='ocrx_word' id='word_1_568' title='bbox 3673 2535 3867 2587; x_wconf 76' lang='lat' dir='ltr'><strong>dividit</strong></span> 
     </span>
    </p>
   </div>
   <div class='ocr_carea' id='block_1_74' title="bbox 2307 2601 3871 2669">
    <p class='ocr_par' dir='ltr' id='par_1_74' title="bbox 2307 2601 3871 2669">
     <span class='ocr_line' id='line_1_74' title="bbox 2307 2601 3871 2669; baseline 0.004 -18"><span class='ocrx_word' id='word_1_569' title='bbox 2307 2610 2578 2661; x_wconf 80' lang='lat' dir='ltr'><strong>numerat,</strong></span> <span class='ocrx_word' id='word_1_570' title='bbox 2610 2601 2750 2654; x_wconf 89' lang='lat' dir='ltr'><strong>unde</strong></span> <span class='ocrx_word' id='word_1_571' title='bbox 2776 2617 3030 2656; x_wconf 85' lang='lat' dir='ltr'><strong>numerus</strong></span> <span class='ocrx_word' id='word_1_572' title='bbox 3054 2603 3247 2656; x_wconf 90' lang='lat' dir='ltr'><strong>dicitur</strong></span> <span class='ocrx_word' id='word_1_573' title='bbox 3288 2603 3646 2669; x_wconf 86' lang='lat' dir='ltr'><strong>quorumlibet</strong></span> <span class='ocrx_word' id='word_1_574' title='bbox 3690 2606 3871 2658; x_wconf 85' lang='lat' dir='ltr'><strong>diver-</strong></span> 
     </span>
    </p>
   </div>
   <div class='ocr_carea' id='block_1_75' title="bbox 2306 2671 3867 2741">
    <p class='ocr_par' dir='ltr' id='par_1_75' title="bbox 2306 2671 3867 2741">
     <span class='ocr_line' id='line_1_75' title="bbox 2306 2671 3867 2741; baseline 0.003 -20"><span class='ocrx_word' id='word_1_575' title='bbox 2306 2683 2484 2721; x_wconf 88' lang='lat' dir='ltr'><strong>sorum</strong></span> <span class='ocrx_word' id='word_1_576' title='bbox 2513 2686 2577 2722; x_wconf 78' lang='lat' dir='ltr'><strong>ex</strong></span> <span class='ocrx_word' id='word_1_577' title='bbox 2607 2671 2831 2725; x_wconf 86' lang='lat' dir='ltr'><strong>diversis</strong></span> <span class='ocrx_word' id='word_1_578' title='bbox 2858 2673 2998 2725; x_wconf 87' lang='lat' dir='ltr'><strong>inter</strong></span> <span class='ocrx_word' id='word_1_579' title='bbox 3019 2688 3078 2726; x_wconf 87' lang='lat' dir='ltr'><strong>se</strong></span> <span class='ocrx_word' id='word_1_580' title='bbox 3111 2674 3525 2741; x_wconf 83' lang='lat' dir='ltr'><strong>proprietatibus</strong></span> <span class='ocrx_word' id='word_1_581' title='bbox 3552 2675 3867 2741; x_wconf 87' lang='lat' dir='ltr'><strong>multitudo;</strong></span> 
     </span>
    </p>
   </div>
   <div class='ocr_carea' id='block_1_76' title="bbox 2307 2740 3871 2813">
    <p class='ocr_par' dir='ltr' id='par_1_76' title="bbox 2307 2740 3871 2813">
     <span class='ocr_line' id='line_1_76' title="bbox 2307 2740 3871 2813; baseline 0.004 -22"><span class='ocrx_word' id='word_1_582' title='bbox 2307 2749 2359 2813; x_wconf 85' lang='lat' dir='ltr'><strong>et</strong></span> <span class='ocrx_word' id='word_1_583' title='bbox 2388 2742 2475 2813; x_wconf 84' lang='lat' dir='ltr'><strong>qui</strong></span> <span class='ocrx_word' id='word_1_584' title='bbox 2498 2740 2692 2801; x_wconf 67' lang='lat' dir='ltr'><strong>colligit</strong></span> <span class='ocrx_word' id='word_1_585' title='bbox 2720 2752 2996 2807; x_wconf 83' lang='lat' dir='ltr'><strong>numerat,</strong></span> <span class='ocrx_word' id='word_1_586' title='bbox 3028 2745 3167 2797; x_wconf 90' lang='lat' dir='ltr'><strong>unde</strong></span> <span class='ocrx_word' id='word_1_587' title='bbox 3208 2740 3462 2797; x_wconf 84' lang='lat' dir='ltr'><strong>numerus</strong></span> <span class='ocrx_word' id='word_1_588' title='bbox 3484 2745 3673 2796; x_wconf 89' lang='lat' dir='ltr'><strong>dicitur</strong></span> <span class='ocrx_word' id='word_1_589' title='bbox 3703 2760 3871 2813; x_wconf 82' lang='lat' dir='ltr'><strong>quan-</strong></span> 
     </span>
    </p>
   </div>
   <div class='ocr_carea' id='block_1_77' title="bbox 2310 2811 3871 2879">
    <p class='ocr_par' dir='ltr' id='par_1_77' title="bbox 2310 2811 3871 2879">
     <span class='ocr_line' id='line_1_77' title="bbox 2310 2811 3871 2879; baseline 0.004 -17"><span class='ocrx_word' id='word_1_590' title='bbox 2310 2811 2475 2862; x_wconf 88' lang='lat' dir='ltr'><strong>titatis</strong></span> <span class='ocrx_word' id='word_1_591' title='bbox 2498 2825 2719 2865; x_wconf 88' lang='lat' dir='ltr'><strong>acervus</strong></span> <span class='ocrx_word' id='word_1_592' title='bbox 2745 2823 2900 2879; x_wconf 89' lang='lat' dir='ltr'><strong>atque</strong></span> <span class='ocrx_word' id='word_1_593' title='bbox 2922 2816 3182 2866; x_wconf 86' lang='lat' dir='ltr'><strong>imitatum</strong></span> <span class='ocrx_word' id='word_1_594' title='bbox 3205 2815 3469 2866; x_wconf 87' lang='lat' dir='ltr'><strong>collectio.</strong></span> <span class='ocrx_word' id='word_1_595' title='bbox 3492 2811 3871 2869; x_wconf 76' lang='lat' dir='ltr'><strong>Dstributione</strong></span> 
     </span>
    </p>
   </div>
   <div class='ocr_carea' id='block_1_78' title="bbox 2310 2884 3873 2949">
    <p class='ocr_par' dir='ltr' id='par_1_78' title="bbox 2310 2884 3873 2949">
     <span class='ocr_line' id='line_1_78' title="bbox 2310 2884 3873 2949; baseline 0.004 -17"><span class='ocrx_word' id='word_1_596' title='bbox 2310 2896 2672 2949; x_wconf 84' lang='lat' dir='ltr'><strong>numeramus,</strong></span> <span class='ocrx_word' id='word_1_597' title='bbox 2702 2897 2821 2935; x_wconf 92' lang='lat' dir='ltr'><strong>cum</strong></span> <span class='ocrx_word' id='word_1_598' title='bbox 2869 2884 3092 2938; x_wconf 91' lang='lat' dir='ltr'><strong>dicimus</strong></span> <span class='ocrx_word' id='word_1_599' title='bbox 3124 2900 3294 2946; x_wconf 89' lang='lat' dir='ltr'><strong>unus,</strong></span> <span class='ocrx_word' id='word_1_600' title='bbox 3328 2902 3492 2947; x_wconf 85' lang='lat' dir='ltr'><strong>unus;</strong></span> <span class='ocrx_word' id='word_1_601' title='bbox 3524 2899 3577 2938; x_wconf 90' lang='lat' dir='ltr'><strong>et</strong></span> <span class='ocrx_word' id='word_1_602' title='bbox 3617 2887 3715 2938; x_wconf 84' lang='lat' dir='ltr'><strong>hoc</strong></span> <span class='ocrx_word' id='word_1_603' title='bbox 3743 2888 3873 2939; x_wconf 84' lang='lat' dir='ltr'><strong>duo-</strong></span> 
     </span>
    </p>
   </div>
   <div class='ocr_carea' id='block_1_79' title="bbox 2311 2949 3864 3023">
    <p class='ocr_par' dir='ltr' id='par_1_79' title="bbox 2311 2949 3864 3023">
     <span class='ocr_line' id='line_1_79' title="bbox 2311 2949 3864 3023; baseline 0.003 -21"><span class='ocrx_word' id='word_1_604' title='bbox 2311 2949 2415 3023; x_wconf 84' lang='lat' dir='ltr'><strong>bus</strong></span> <span class='ocrx_word' id='word_1_605' title='bbox 2440 2951 2631 3017; x_wconf 88' lang='lat' dir='ltr'><strong>modis,</strong></span> <span class='ocrx_word' id='word_1_606' title='bbox 2663 2953 2865 3021; x_wconf 74' lang='lat' dir='ltr'><strong>sciliCet</strong></span> <span class='ocrx_word' id='word_1_607' title='bbox 2893 2955 2973 3007; x_wconf 86' lang='lat' dir='ltr'><strong>vel</strong></span> <span class='ocrx_word' id='word_1_608' title='bbox 3006 2956 3223 3007; x_wconf 87' lang='lat' dir='ltr'><strong>unitatis</strong></span> <span class='ocrx_word' id='word_1_609' title='bbox 3253 2957 3439 3022; x_wconf 87' lang='lat' dir='ltr'><strong>ipsius,</strong></span> <span class='ocrx_word' id='word_1_610' title='bbox 3470 2958 3553 3009; x_wconf 86' lang='lat' dir='ltr'><strong>vel</strong></span> <span class='ocrx_word' id='word_1_611' title='bbox 3582 2956 3698 3023; x_wconf 84' lang='lat' dir='ltr'><strong>ejus</strong></span> <span class='ocrx_word' id='word_1_612' title='bbox 3725 2958 3864 3020; x_wconf 79' lang='lat' dir='ltr'><strong>quod</strong></span> 
     </span>
    </p>
   </div>
   <div class='ocr_carea' id='block_1_80' title="bbox 2310 3021 3875 3095">
    <p class='ocr_par' dir='ltr' id='par_1_80' title="bbox 2310 3021 3875 3095">
     <span class='ocr_line' id='line_1_80' title="bbox 2310 3021 3875 3095; baseline 0.003 -21"><span class='ocrx_word' id='word_1_613' title='bbox 2310 3021 2376 3095; x_wconf 68' lang='lat' dir='ltr'><strong>ab</strong></span> <span class='ocrx_word' id='word_1_614' title='bbox 2404 3021 2514 3095; x_wconf 86' lang='lat' dir='ltr'><strong>ipsa</strong></span> <span class='ocrx_word' id='word_1_615' title='bbox 2543 3038 2703 3077; x_wconf 88' lang='lat' dir='ltr'><strong>unum</strong></span> <span class='ocrx_word' id='word_1_616' title='bbox 2736 3035 2816 3077; x_wconf 86' lang='lat' dir='ltr'><strong>est</strong></span> <span class='ocrx_word' id='word_1_617' title='bbox 2838 3024 3241 3093; x_wconf 77' lang='lat' dir='ltr'><strong>signiﬁcatione.</strong></span> <span class='ocrx_word' id='word_1_618' title='bbox 3276 3021 3497 3080; x_wconf 88' lang='lat' dir='ltr'><strong>Unitatis</strong></span> <span class='ocrx_word' id='word_1_619' title='bbox 3521 3021 3690 3090; x_wconf 83' lang='lat' dir='ltr'><strong>ipsius</strong></span> <span class='ocrx_word' id='word_1_620' title='bbox 3715 3026 3875 3095; x_wconf 82' lang='lat' dir='ltr'><strong>signi-</strong></span> 
     </span>
    </p>
   </div>
   <div class='ocr_carea' id='block_1_81' title="bbox 2315 3091 3877 3164">
    <p class='ocr_par' dir='ltr' id='par_1_81' title="bbox 2315 3091 3877 3164">
     <span class='ocr_line' id='line_1_81' title="bbox 2315 3091 3877 3164; baseline 0.004 -22"><span class='ocrx_word' id='word_1_621' title='bbox 2315 3091 2562 3145; x_wconf 82' lang='lat' dir='ltr'><strong>ﬁcatione</strong></span> <span class='ocrx_word' id='word_1_622' title='bbox 2586 3108 2703 3146; x_wconf 90' lang='lat' dir='ltr'><strong>cum</strong></span> <span class='ocrx_word' id='word_1_623' title='bbox 2734 3096 2850 3159; x_wconf 86' lang='lat' dir='ltr'><strong>ipso</strong></span> <span class='ocrx_word' id='word_1_624' title='bbox 2880 3091 2995 3162; x_wconf 77' lang='lat' dir='ltr'><strong>ejus</strong></span> <span class='ocrx_word' id='word_1_625' title='bbox 3044 3097 3257 3149; x_wconf 85' lang='lat' dir='ltr'><strong>nomine</strong></span> <span class='ocrx_word' id='word_1_626' title='bbox 3298 3097 3574 3164; x_wconf 78' lang='lat' dir='ltr'><strong>plusquam</strong></span> <span class='ocrx_word' id='word_1_627' title='bbox 3606 3091 3877 3151; x_wconf 53' lang='lat' dir='ltr'><strong>seniel&#39;di-</strong></span> 
     </span>
    </p>
   </div>
   <div class='ocr_carea' id='block_1_82' title="bbox 648 3164 3875 3239">
    <p class='ocr_par' dir='ltr' id='par_1_82' title="bbox 648 3164 3875 3239">
     <span class='ocr_line' id='line_1_82' title="bbox 648 3164 3875 3239; baseline 0.002 -26"><span class='ocrx_word' id='word_1_628' title='bbox 648 3165 929 3239; x_wconf 60' lang='lat' dir='ltr'><strong>~i_ugulaiis</strong></span> <span class='ocrx_word' id='word_1_629' title='bbox 956 3179 1056 3232; x_wconf 75' lang='lat' dir='ltr'><strong>est,</strong></span> <span class='ocrx_word' id='word_1_630' title='bbox 1087 3181 1139 3224; x_wconf 76' lang='lat' dir='ltr'><strong>ei</strong></span> <span class='ocrx_word' id='word_1_631' title='bbox 1169 3172 1393 3238; x_wconf 62' lang='lat' dir='ltr'><strong>simplex</strong></span> <span class='ocrx_word' id='word_1_632' title='bbox 1420 3182 1520 3224; x_wconf 84' lang='lat' dir='ltr'><strong>cst.</strong></span> <span class='ocrx_word' id='word_1_633' title='bbox 1549 3173 1773 3239; x_wconf 87' lang='lat' dir='ltr'><strong>Ideoque</strong></span> <span class='ocrx_word' id='word_1_634' title='bbox 1798 3180 1852 3223; x_wconf 89' lang='lat' dir='ltr'><strong>et</strong></span> <span class='ocrx_word' id='word_1_635' title='bbox 1872 3170 2058 3221; x_wconf 87' lang='lat' dir='ltr'><strong>horum</strong></span> <span class='ocrx_word' id='word_1_636' title='bbox 2083 3171 2204 3237; x_wconf 80' lang='lat' dir='ltr'><strong>qui-</strong></span> <span class='ocrx_word' id='word_1_637' title='bbox 2234 3166 2279 3226; x_wconf 85' lang='lat' dir='ltr'><strong>C</strong></span> <span class='ocrx_word' id='word_1_638' title='bbox 2312 3164 2502 3239; x_wconf 75' lang='lat' dir='ltr'><strong>cimus,</strong></span> <span class='ocrx_word' id='word_1_639' title='bbox 2533 3178 2686 3239; x_wconf 82' lang='lat' dir='ltr'><strong>unus,</strong></span> <span class='ocrx_word' id='word_1_640' title='bbox 2719 3180 2877 3239; x_wconf 59' lang='lat' dir='ltr'><strong>unus,</strong></span> <span class='ocrx_word' id='word_1_641' title='bbox 2908 3165 2991 3239; x_wconf 81' lang='lat' dir='ltr'><strong>vel</strong></span> <span class='ocrx_word' id='word_1_642' title='bbox 3021 3168 3216 3239; x_wconf 80' lang='lat' dir='ltr'><strong>unitas,</strong></span> <span class='ocrx_word' id='word_1_643' title='bbox 3248 3168 3454 3239; x_wconf 87' lang='lat' dir='ltr'><strong>unitas;</strong></span> <span class='ocrx_word' id='word_1_644' title='bbox 3482 3168 3596 3235; x_wconf 85' lang='lat' dir='ltr'><strong>ejus</strong></span> <span class='ocrx_word' id='word_1_645' title='bbox 3636 3183 3760 3219; x_wconf 89' lang='lat' dir='ltr'><strong>vero</strong></span> <span class='ocrx_word' id='word_1_646' title='bbox 3805 3170 3875 3220; x_wconf 81' lang='lat' dir='ltr'><strong>si-</strong></span> 
     </span>
    </p>
   </div>
   <div class='ocr_carea' id='block_1_83' title="bbox 650 3234 2211 3304">
    <p class='ocr_par' dir='ltr' id='par_1_83' title="bbox 650 3234 2211 3304">
     <span class='ocr_line' id='line_1_83' title="bbox 650 3234 2211 3304; baseline 0.004 -18"><span class='ocrx_word' id='word_1_647' title='bbox 650 3234 778 3287; x_wconf 85' lang='lat' dir='ltr'><strong>ltbct</strong></span> <span class='ocrx_word' id='word_1_648' title='bbox 816 3252 908 3303; x_wconf 89' lang='lat' dir='ltr'><strong>per</strong></span> <span class='ocrx_word' id='word_1_649' title='bbox 927 3253 984 3291; x_wconf 91' lang='lat' dir='ltr'><strong>se</strong></span> <span class='ocrx_word' id='word_1_650' title='bbox 1011 3250 1061 3291; x_wconf 91' lang='lat' dir='ltr'><strong>ct</strong></span> <span class='ocrx_word' id='word_1_651' title='bbox 1088 3234 1444 3295; x_wconf 34' lang='lat' dir='ltr'><strong>omnes-simul</strong></span> <span class='ocrx_word' id='word_1_652' title='bbox 1472 3234 1742 3303; x_wconf 78' lang='lat' dir='ltr'><strong>dicuntur,</strong></span> <span class='ocrx_word' id='word_1_653' title='bbox 1766 3251 1819 3293; x_wconf 91' lang='lat' dir='ltr'><strong>et</strong></span> <span class='ocrx_word' id='word_1_654' title='bbox 1847 3252 1987 3304; x_wconf 81' lang='lat' dir='ltr'><strong>esse,</strong></span> <span class='ocrx_word' id='word_1_655' title='bbox 2019 3248 2073 3292; x_wconf 90' lang='lat' dir='ltr'><strong>et</strong></span> <span class='ocrx_word' id='word_1_656' title='bbox 2090 3234 2211 3293; x_wconf 82' lang='lat' dir='ltr'><strong>esse</strong></span> 
     </span>
    </p>
   </div>
   <div class='ocr_carea' id='block_1_84' title="bbox 649 3310 2209 3378">
    <p class='ocr_par' dir='ltr' id='par_1_84' title="bbox 649 3310 2209 3378">
     <span class='ocr_line' id='line_1_84' title="bbox 649 3310 2209 3378; baseline 0.006 -25"><span class='ocrx_word' id='word_1_657' title='bbox 649 3321 831 3378; x_wconf 80' lang='lat' dir='ltr'><strong>unum,</strong></span> <span class='ocrx_word' id='word_1_658' title='bbox 865 3320 911 3359; x_wconf 83' lang='lat' dir='ltr'><strong>et</strong></span> <span class='ocrx_word' id='word_1_659' title='bbox 947 3324 1067 3362; x_wconf 82' lang='lat' dir='ltr'><strong>esse</strong></span> <span class='ocrx_word' id='word_1_660' title='bbox 1100 3312 1147 3363; x_wconf 56' lang='lat' dir='ltr'><strong>ill</strong></span> <span class='ocrx_word' id='word_1_661' title='bbox 1196 3312 1333 3376; x_wconf 84' lang='lat' dir='ltr'><strong>quod</strong></span> <span class='ocrx_word' id='word_1_662' title='bbox 1376 3324 1517 3366; x_wconf 64' lang='lat' dir='ltr'><strong>sunt.</strong></span> <span class='ocrx_word' id='word_1_663' title='bbox 1573 3312 1681 3365; x_wconf 77' lang='lat' dir='ltr'><strong>Nec</strong></span> <span class='ocrx_word' id='word_1_664' title='bbox 1722 3321 1929 3363; x_wconf 80' lang='lat' dir='ltr'><strong>moveat</strong></span> <span class='ocrx_word' id='word_1_665' title='bbox 1978 3310 2209 3378; x_wconf 73' lang='lat' dir='ltr'><strong>aliquem</strong></span> 
     </span>
    </p>
   </div>
   <div class='ocr_carea' id='block_1_85' title="bbox 648 3375 2213 3442">
    <p class='ocr_par' dir='ltr' id='par_1_85' title="bbox 648 3375 2213 3442">
     <span class='ocr_line' id='line_1_85' title="bbox 648 3375 2213 3442; baseline 0.006 -19"><span class='ocrx_word' id='word_1_666' title='bbox 648 3375 787 3437; x_wconf 88' lang='lat' dir='ltr'><strong>quod</strong></span> <span class='ocrx_word' id='word_1_667' title='bbox 819 3378 953 3428; x_wconf 80' lang='lat' dir='ltr'><strong>sicut</strong></span> <span class='ocrx_word' id='word_1_668' title='bbox 979 3380 1027 3430; x_wconf 94' lang='lat' dir='ltr'><strong>in</strong></span> <span class='ocrx_word' id='word_1_669' title='bbox 1063 3381 1387 3434; x_wconf 77' lang='lat' dir='ltr'><strong>naturalibus</strong></span> <span class='ocrx_word' id='word_1_670' title='bbox 1409 3398 1528 3434; x_wconf 90' lang='lat' dir='ltr'><strong>cum</strong></span> <span class='ocrx_word' id='word_1_671' title='bbox 1569 3392 1678 3435; x_wconf 90' lang='lat' dir='ltr'><strong>tres</strong></span> <span class='ocrx_word' id='word_1_672' title='bbox 1700 3381 1828 3441; x_wconf 90' lang='lat' dir='ltr'><strong>sint,</strong></span> <span class='ocrx_word' id='word_1_673' title='bbox 1870 3379 2039 3442; x_wconf 85' lang='lat' dir='ltr'><strong>Plato,</strong></span> <span class='ocrx_word' id='word_1_674' title='bbox 2070 3375 2213 3433; x_wconf 67' lang='lat' dir='ltr'><strong>Aris-</strong></span> 
     </span>
    </p>
   </div>
   <div class='ocr_carea' id='block_1_86' title="bbox 651 3445 2215 3516">
    <p class='ocr_par' dir='ltr' id='par_1_86' title="bbox 651 3445 2215 3516">
     <span class='ocr_line' id='line_1_86' title="bbox 651 3445 2215 3516; baseline 0.006 -24"><span class='ocrx_word' id='word_1_675' title='bbox 651 3445 857 3516; x_wconf 79' lang='lat' dir='ltr'><strong>toteles,</strong></span> <span class='ocrx_word' id='word_1_676' title='bbox 886 3448 1095 3509; x_wconf 75' lang='lat' dir='ltr'><strong>Cicero,</strong></span> <span class='ocrx_word' id='word_1_677' title='bbox 1130 3460 1183 3502; x_wconf 85' lang='lat' dir='ltr'><strong>et</strong></span> <span class='ocrx_word' id='word_1_678' title='bbox 1208 3452 1355 3516; x_wconf 76' lang='lat' dir='ltr'><strong>juxta</strong></span> <span class='ocrx_word' id='word_1_679' title='bbox 1390 3453 1599 3505; x_wconf 87' lang='lat' dir='ltr'><strong>illorum</strong></span> <span class='ocrx_word' id='word_1_680' title='bbox 1649 3465 1929 3504; x_wconf 87' lang='lat' dir='ltr'><strong>numerum</strong></span> <span class='ocrx_word' id='word_1_681' title='bbox 1974 3454 2106 3502; x_wconf 88' lang='lat' dir='ltr'><strong>trina</strong></span> <span class='ocrx_word' id='word_1_682' title='bbox 2146 3455 2215 3504; x_wconf 90' lang='lat' dir='ltr'><strong>sit</strong></span> 
     </span>
    </p>
   </div>
   <div class='ocr_carea' id='block_1_87' title="bbox 654 3512 2214 3589">
    <p class='ocr_par' dir='ltr' id='par_1_87' title="bbox 654 3512 2214 3589">
     <span class='ocr_line' id='line_1_87' title="bbox 654 3512 2214 3589; baseline 0.009 -29"><span class='ocrx_word' id='word_1_683' title='bbox 654 3512 1252 3589; x_wconf 73' lang='lat' dir='ltr'><strong>boniitiisnnncupalin,</strong></span> <span class='ocrx_word' id='word_1_684' title='bbox 1307 3524 1556 3589; x_wconf 88' lang='lat' dir='ltr'><strong>quoniam</strong></span> <span class='ocrx_word' id='word_1_685' title='bbox 1589 3532 1643 3574; x_wconf 90' lang='lat' dir='ltr'><strong>et</strong></span> <span class='ocrx_word' id='word_1_686' title='bbox 1668 3521 1817 3573; x_wconf 82' lang='lat' dir='ltr'><strong>Plato</strong></span> <span class='ocrx_word' id='word_1_687' title='bbox 1844 3528 1925 3572; x_wconf 88' lang='lat' dir='ltr'><strong>est</strong></span> <span class='ocrx_word' id='word_1_688' title='bbox 1959 3521 2140 3585; x_wconf 85' lang='lat' dir='ltr'><strong>homo,</strong></span> <span class='ocrx_word' id='word_1_689' title='bbox 2162 3533 2214 3575; x_wconf 86' lang='lat' dir='ltr'><strong>et</strong></span> 
     </span>
    </p>
   </div>
   <div class='ocr_carea' id='block_1_88' title="bbox 652 3584 2217 3653">
    <p class='ocr_par' dir='ltr' id='par_1_88' title="bbox 652 3584 2217 3653">
     <span class='ocr_line' id='line_1_88' title="bbox 652 3584 2217 3653; baseline 0.006 -18"><span class='ocrx_word' id='word_1_690' title='bbox 652 3584 963 3637; x_wconf 61' lang='lat' dir='ltr'><strong>Aristoteles</strong></span> <span class='ocrx_word' id='word_1_691' title='bbox 1005 3584 1100 3640; x_wconf 64' lang='lat' dir='ltr'><strong>est</strong></span> <span class='ocrx_word' id='word_1_692' title='bbox 1125 3584 1406 3653; x_wconf 51' lang='lat' dir='ltr'><strong>liomo,&#39;et</strong></span> <span class='ocrx_word' id='word_1_693' title='bbox 1450 3590 1641 3644; x_wconf 86' lang='lat' dir='ltr'><strong>Cicero</strong></span> <span class='ocrx_word' id='word_1_694' title='bbox 1673 3599 1757 3644; x_wconf 86' lang='lat' dir='ltr'><strong>est.</strong></span> <span class='ocrx_word' id='word_1_695' title='bbox 1799 3590 1977 3652; x_wconf 90' lang='lat' dir='ltr'><strong>homo,</strong></span> <span class='ocrx_word' id='word_1_696' title='bbox 2009 3599 2064 3643; x_wconf 90' lang='lat' dir='ltr'><strong>et</strong></span> <span class='ocrx_word' id='word_1_697' title='bbox 2103 3591 2217 3646; x_wconf 62' lang='lat' dir='ltr'><strong>haec</strong></span> 
     </span>
    </p>
   </div>
   <div class='ocr_carea' id='block_1_89' title="bbox 652 3654 2217 3726">
    <p class='ocr_par' dir='ltr' id='par_1_89' title="bbox 652 3654 2217 3726">
     <span class='ocr_line' id='line_1_89' title="bbox 652 3654 2217 3726; baseline 0.006 -21"><span class='ocrx_word' id='word_1_698' title='bbox 652 3654 789 3705; x_wconf 86' lang='lat' dir='ltr'><strong>trina</strong></span> <span class='ocrx_word' id='word_1_699' title='bbox 831 3659 1152 3725; x_wconf 85' lang='lat' dir='ltr'><strong>nuncupatio</strong></span> <span class='ocrx_word' id='word_1_700' title='bbox 1204 3662 1252 3712; x_wconf 89' lang='lat' dir='ltr'><strong>iti</strong></span> <span class='ocrx_word' id='word_1_701' title='bbox 1303 3661 1586 3726; x_wconf 83' lang='lat' dir='ltr'><strong>quemdam</strong></span> <span class='ocrx_word' id='word_1_702' title='bbox 1644 3661 1742 3712; x_wconf 87' lang='lat' dir='ltr'><strong>sub</strong></span> <span class='ocrx_word' id='word_1_703' title='bbox 1772 3661 2217 3726; x_wconf 72' lang='lat' dir='ltr'><strong>eodeninoniine</strong></span> 
     </span>
    </p>
   </div>
   <div class='ocr_carea' id='block_1_90' title="bbox 650 3720 2213 3798">
    <p class='ocr_par' dir='ltr' id='par_1_90' title="bbox 650 3720 2213 3798">
     <span class='ocr_line' id='line_1_90' title="bbox 650 3720 2213 3798; baseline 0.006 -23"><span class='ocrx_word' id='word_1_704' title='bbox 650 3738 930 3798; x_wconf 83' lang='lat' dir='ltr'><strong>numerum</strong></span> <span class='ocrx_word' id='word_1_705' title='bbox 958 3720 1332 3791; x_wconf 55' lang='lat' dir='ltr'><strong>componatur,</strong></span> <span class='ocrx_word' id='word_1_706' title='bbox 1358 3732 1648 3783; x_wconf 88' lang='lat' dir='ltr'><strong>secundum</strong></span> <span class='ocrx_word' id='word_1_707' title='bbox 1675 3746 1833 3798; x_wconf 74' lang='lat' dir='ltr'><strong>quem</strong></span> <span class='ocrx_word' id='word_1_708' title='bbox 1876 3720 2020 3783; x_wconf 58' lang='lat' dir='ltr'><strong>t’ecte</strong></span> <span class='ocrx_word' id='word_1_709' title='bbox 2040 3730 2213 3793; x_wconf 62' lang='lat' dir='ltr'><strong>Plato,</strong></span> 
     </span>
    </p>
   </div>
   <div class='ocr_carea' id='block_1_91' title="bbox 651 3795 2215 3865">
    <p class='ocr_par' dir='ltr' id='par_1_91' title="bbox 651 3795 2215 3865">
     <span class='ocr_line' id='line_1_91' title="bbox 651 3795 2215 3865; baseline 0.004 -16"><span class='ocrx_word' id='word_1_710' title='bbox 651 3795 987 3859; x_wconf 69' lang='lat' dir='ltr'><strong>Aristoteles,</strong></span> <span class='ocrx_word' id='word_1_711' title='bbox 1016 3799 1223 3865; x_wconf 85' lang='lat' dir='ltr'><strong>Cicero,</strong></span> <span class='ocrx_word' id='word_1_712' title='bbox 1257 3810 1362 3854; x_wconf 89' lang='lat' dir='ltr'><strong>tres</strong></span> <span class='ocrx_word' id='word_1_713' title='bbox 1386 3802 1626 3854; x_wconf 90' lang='lat' dir='ltr'><strong>homines</strong></span> <span class='ocrx_word' id='word_1_714' title='bbox 1653 3795 1771 3853; x_wconf 58' lang='lat' dir='ltr'><strong>esst:</strong></span> <span class='ocrx_word' id='word_1_715' title='bbox 1799 3802 2045 3853; x_wconf 90' lang='lat' dir='ltr'><strong>dicuntur</strong></span> <span class='ocrx_word' id='word_1_716' title='bbox 2073 3819 2082 3853; x_wconf 91' lang='lat'><strong>:</strong></span> <span class='ocrx_word' id='word_1_717' title='bbox 2112 3819 2215 3855; x_wconf 92' lang='lat' dir='ltr'><strong>non</strong></span> 
     </span>
    </p>
   </div>
   <div class='ocr_carea' id='block_1_92' title="bbox 654 3869 2214 3938">
    <p class='ocr_par' dir='ltr' id='par_1_92' title="bbox 654 3869 2214 3938">
     <span class='ocr_line' id='line_1_92' title="bbox 654 3869 2214 3938; baseline 0.007 -26"><span class='ocrx_word' id='word_1_718' title='bbox 654 3875 832 3938; x_wconf 74' lang='lat' dir='ltr'><strong>tamen</strong></span> <span class='ocrx_word' id='word_1_719' title='bbox 888 3869 1131 3921; x_wconf 64' lang='lat' dir='ltr'><strong>similiter</strong></span> <span class='ocrx_word' id='word_1_720' title='bbox 1179 3872 1443 3937; x_wconf 78' lang='lat' dir='ltr'><strong>(quamvis</strong></span> <span class='ocrx_word' id='word_1_721' title='bbox 1488 3872 1595 3924; x_wconf 83' lang='lat' dir='ltr'><strong>sint</strong></span> <span class='ocrx_word' id='word_1_722' title='bbox 1645 3873 1774 3938; x_wconf 65' lang='lat' dir='ltr'><strong>tres)</strong></span> <span class='ocrx_word' id='word_1_723' title='bbox 1808 3871 1984 3935; x_wconf 81' lang='lat' dir='ltr'><strong>Pater,</strong></span> <span class='ocrx_word' id='word_1_724' title='bbox 2028 3870 2214 3934; x_wconf 86' lang='lat' dir='ltr'><strong>Filius,</strong></span> 
     </span>
    </p>
   </div>
   <div class='ocr_carea' id='block_1_93' title="bbox 652 3935 2217 4009">
    <p class='ocr_par' dir='ltr' id='par_1_93' title="bbox 652 3935 2217 4009">
     <span class='ocr_line' id='line_1_93' title="bbox 652 3935 2217 4009; baseline 0.006 -22"><span class='ocrx_word' id='word_1_725' title='bbox 652 3935 882 4009; x_wconf 82' lang='lat' dir='ltr'><strong>Spiritus</strong></span> <span class='ocrx_word' id='word_1_726' title='bbox 911 3950 1144 4001; x_wconf 81' lang='lat' dir='ltr'><strong>smclus,</strong></span> <span class='ocrx_word' id='word_1_727' title='bbox 1174 3935 1228 3994; x_wconf 82' lang='lat' dir='ltr'><strong>et</strong></span> <span class='ocrx_word' id='word_1_728' title='bbox 1249 3941 1398 4009; x_wconf 79' lang='lat' dir='ltr'><strong>juxta</strong></span> <span class='ocrx_word' id='word_1_729' title='bbox 1449 3940 1636 3995; x_wconf 87' lang='lat' dir='ltr'><strong>horum</strong></span> <span class='ocrx_word' id='word_1_730' title='bbox 1667 3935 1944 3994; x_wconf 84' lang='lat' dir='ltr'><strong>munerum</strong></span> <span class='ocrx_word' id='word_1_731' title='bbox 1989 3952 2107 3996; x_wconf 87' lang='lat' dir='ltr'><strong>actu</strong></span> <span class='ocrx_word' id='word_1_732' title='bbox 2135 3944 2217 3996; x_wconf 89' lang='lat' dir='ltr'><strong>di-</strong></span> 
     </span>
    </p>
   </div>
   <div class='ocr_carea' id='block_1_94' title="bbox 650 4006 2221 4079">
    <p class='ocr_par' dir='ltr' id='par_1_94' title="bbox 650 4006 2221 4079">
     <span class='ocr_line' id='line_1_94' title="bbox 650 4006 2221 4079; baseline 0.007 -24"><span class='ocrx_word' id='word_1_733' title='bbox 650 4006 830 4079; x_wconf 83' lang='lat' dir='ltr'><strong>cendi,</strong></span> <span class='ocrx_word' id='word_1_734' title='bbox 882 4010 1014 4063; x_wconf 89' lang='lat' dir='ltr'><strong>trina</strong></span> <span class='ocrx_word' id='word_1_735' title='bbox 1055 4012 1121 4062; x_wconf 92' lang='lat' dir='ltr'><strong>sit</strong></span> <span class='ocrx_word' id='word_1_736' title='bbox 1153 4006 1471 4075; x_wconf 80' lang='lat' dir='ltr'><strong>nuncupatio</strong></span> <span class='ocrx_word' id='word_1_737' title='bbox 1519 4014 1631 4077; x_wconf 90' lang='lat' dir='ltr'><strong>Dei,</strong></span> <span class='ocrx_word' id='word_1_738' title='bbox 1683 4012 1934 4079; x_wconf 81' lang='lat' dir='ltr'><strong>quoniam</strong></span> <span class='ocrx_word' id='word_1_739' title='bbox 1983 4024 2034 4065; x_wconf 90' lang='lat' dir='ltr'><strong>et</strong></span> <span class='ocrx_word' id='word_1_740' title='bbox 2066 4013 2221 4067; x_wconf 82' lang='lat' dir='ltr'><strong>Pater</strong></span> 
     </span>
    </p>
   </div>
   <div class='ocr_carea' id='block_1_95' title="bbox 652 4078 2219 4147">
    <p class='ocr_par' dir='ltr' id='par_1_95' title="bbox 652 4078 2219 4147">
     <span class='ocr_line' id='line_1_95' title="bbox 652 4078 2219 4147; baseline 0.005 -20"><span class='ocrx_word' id='word_1_741' title='bbox 652 4085 735 4127; x_wconf 88' lang='lat' dir='ltr'><strong>est</strong></span> <span class='ocrx_word' id='word_1_742' title='bbox 770 4078 822 4128; x_wconf 56' lang='lat' dir='ltr'><strong>lt.</strong></span> <span class='ocrx_word' id='word_1_743' title='bbox 845 4094 923 4139; x_wconf 88' lang='lat' dir='ltr'><strong>ns.</strong></span> <span class='ocrx_word' id='word_1_744' title='bbox 958 4093 1002 4133; x_wconf 91' lang='lat' dir='ltr'><strong>el</strong></span> <span class='ocrx_word' id='word_1_745' title='bbox 1040 4081 1203 4135; x_wconf 84' lang='lat' dir='ltr'><strong>Filius</strong></span> <span class='ocrx_word' id='word_1_746' title='bbox 1232 4092 1313 4136; x_wconf 90' lang='lat' dir='ltr'><strong>est</strong></span> <span class='ocrx_word' id='word_1_747' title='bbox 1348 4084 1503 4145; x_wconf 75' lang='lat' dir='ltr'><strong>lleus,</strong></span> <span class='ocrx_word' id='word_1_748' title='bbox 1552 4094 1607 4137; x_wconf 90' lang='lat' dir='ltr'><strong>et</strong></span> <span class='ocrx_word' id='word_1_749' title='bbox 1646 4078 1874 4147; x_wconf 78' lang='lat' dir='ltr'><strong>Spiritus</strong></span> <span class='ocrx_word' id='word_1_750' title='bbox 1900 4095 2113 4136; x_wconf 86' lang='lat' dir='ltr'><strong>sanctus</strong></span> <span class='ocrx_word' id='word_1_751' title='bbox 2139 4096 2219 4137; x_wconf 87' lang='lat' dir='ltr'><strong>est</strong></span> 
     </span>
    </p>
   </div>
   <div class='ocr_carea' id='block_1_96' title="bbox 658 4146 2221 4221">
    <p class='ocr_par' dir='ltr' id='par_1_96' title="bbox 658 4146 2221 4221">
     <span class='ocr_line' id='line_1_96' title="bbox 658 4146 2221 4221; baseline 0.006 -23"><span class='ocrx_word' id='word_1_752' title='bbox 658 4146 795 4199; x_wconf 80' lang='lat' dir='ltr'><strong>Dens</strong></span> <span class='ocrx_word' id='word_1_753' title='bbox 821 4165 833 4206; x_wconf 86' lang='lat'><strong>;</strong></span> <span class='ocrx_word' id='word_1_754' title='bbox 864 4166 995 4221; x_wconf 85' lang='lat' dir='ltr'><strong>non.</strong></span> <span class='ocrx_word' id='word_1_755' title='bbox 1028 4153 1264 4219; x_wconf 76' lang='lat' dir='ltr'><strong>inquam,</strong></span> <span class='ocrx_word' id='word_1_756' title='bbox 1300 4153 1435 4206; x_wconf 87' lang='lat' dir='ltr'><strong>trina</strong></span> <span class='ocrx_word' id='word_1_757' title='bbox 1466 4162 1578 4206; x_wconf 69' lang='lat' dir='ltr'><strong>iure</strong></span> <span class='ocrx_word' id='word_1_758' title='bbox 1610 4146 1930 4221; x_wconf 83' lang='lat' dir='ltr'><strong>nuncupatio</strong></span> <span class='ocrx_word' id='word_1_759' title='bbox 1974 4154 2221 4220; x_wconf 89' lang='lat' dir='ltr'><strong>componi</strong></span> 
     </span>
    </p>
   </div>
   <div class='ocr_carea' id='block_1_97' title="bbox 655 4219 2217 4290">
    <p class='ocr_par' dir='ltr' id='par_1_97' title="bbox 655 4219 2217 4290">
     <span class='ocr_line' id='line_1_97' title="bbox 655 4219 2217 4290; baseline 0.006 -21"><span class='ocrx_word' id='word_1_760' title='bbox 655 4225 833 4290; x_wconf 76' lang='lat' dir='ltr'><strong>potest</strong></span> <span class='ocrx_word' id='word_1_761' title='bbox 859 4219 910 4273; x_wconf 90' lang='lat' dir='ltr'><strong>in</strong></span> <span class='ocrx_word' id='word_1_762' title='bbox 938 4223 1164 4290; x_wconf 87' lang='lat' dir='ltr'><strong>aliquem</strong></span> <span class='ocrx_word' id='word_1_763' title='bbox 1196 4225 1295 4276; x_wconf 81' lang='lat' dir='ltr'><strong>stili</strong></span> <span class='ocrx_word' id='word_1_764' title='bbox 1326 4225 1424 4277; x_wconf 89' lang='lat' dir='ltr'><strong>hoc</strong></span> <span class='ocrx_word' id='word_1_765' title='bbox 1451 4225 1663 4277; x_wconf 91' lang='lat' dir='ltr'><strong>nomine</strong></span> <span class='ocrx_word' id='word_1_766' title='bbox 1692 4219 1968 4276; x_wconf 85' lang='lat' dir='ltr'><strong>numerum</strong></span> <span class='ocrx_word' id='word_1_767' title='bbox 1992 4264 2008 4286; x_wconf 94' lang='lat'><strong>,</strong></span> <span class='ocrx_word' id='word_1_768' title='bbox 2035 4235 2088 4276; x_wconf 89' lang='lat' dir='ltr'><strong>ut</strong></span> <span class='ocrx_word' id='word_1_769' title='bbox 2117 4225 2217 4278; x_wconf 84' lang='lat' dir='ltr'><strong>sci-</strong></span> 
     </span>
    </p>
   </div>
   <div class='ocr_carea' id='block_1_98' title="bbox 658 4288 2223 4360">
    <p class='ocr_par' dir='ltr' id='par_1_98' title="bbox 658 4288 2223 4360">
     <span class='ocr_line' id='line_1_98' title="bbox 658 4288 2223 4360; baseline 0.008 -24"><span class='ocrx_word' id='word_1_770' title='bbox 658 4288 781 4360; x_wconf 86' lang='lat' dir='ltr'><strong>licet</strong></span> <span class='ocrx_word' id='word_1_771' title='bbox 812 4301 953 4343; x_wconf 83' lang='lat' dir='ltr'><strong>recte</strong></span> <span class='ocrx_word' id='word_1_772' title='bbox 983 4288 1081 4346; x_wconf 84' lang='lat' dir='ltr'><strong>dici</strong></span> <span class='ocrx_word' id='word_1_773' title='bbox 1113 4298 1296 4359; x_wconf 86' lang='lat' dir='ltr'><strong>possit,</strong></span> <span class='ocrx_word' id='word_1_774' title='bbox 1325 4295 1502 4357; x_wconf 88' lang='lat' dir='ltr'><strong>Pater,</strong></span> <span class='ocrx_word' id='word_1_775' title='bbox 1522 4293 1705 4355; x_wconf 81' lang='lat' dir='ltr'><strong>Filius,</strong></span> <span class='ocrx_word' id='word_1_776' title='bbox 1734 4294 1963 4360; x_wconf 89' lang='lat' dir='ltr'><strong>Spiritus</strong></span> <span class='ocrx_word' id='word_1_777' title='bbox 1984 4305 2223 4358; x_wconf 89' lang='lat' dir='ltr'><strong>sanctus,</strong></span> 
     </span>
    </p>
   </div>
   <div class='ocr_carea' id='block_1_99' title="bbox 655 4358 2221 4432">
    <p class='ocr_par' dir='ltr' id='par_1_99' title="bbox 655 4358 2221 4432">
     <span class='ocr_line' id='line_1_99' title="bbox 655 4358 2221 4432; baseline 0.005 -24"><span class='ocrx_word' id='word_1_778' title='bbox 655 4358 763 4410; x_wconf 87' lang='lat' dir='ltr'><strong>sint</strong></span> <span class='ocrx_word' id='word_1_779' title='bbox 813 4370 921 4414; x_wconf 89' lang='lat' dir='ltr'><strong>tres</strong></span> <span class='ocrx_word' id='word_1_780' title='bbox 956 4363 1053 4417; x_wconf 85' lang='lat' dir='ltr'><strong>Dii.</strong></span> <span class='ocrx_word' id='word_1_781' title='bbox 1111 4364 1239 4418; x_wconf 78' lang='lat' dir='ltr'><strong>Nam</strong></span> <span class='ocrx_word' id='word_1_782' title='bbox 1294 4365 1431 4432; x_wconf 90' lang='lat' dir='ltr'><strong>quod</strong></span> <span class='ocrx_word' id='word_1_783' title='bbox 1463 4366 1528 4416; x_wconf 90' lang='lat' dir='ltr'><strong>de</strong></span> <span class='ocrx_word' id='word_1_784' title='bbox 1576 4365 1656 4416; x_wconf 80' lang='lat' dir='ltr'><strong>his</strong></span> <span class='ocrx_word' id='word_1_785' title='bbox 1689 4358 1788 4416; x_wconf 51' lang='grc' dir='ltr'>ιρι(</span> <span class='ocrx_word' id='word_1_786' title='bbox 1813 4365 2010 4416; x_wconf 89' lang='lat' dir='ltr'><strong>dicitur</strong></span> <span class='ocrx_word' id='word_1_787' title='bbox 2042 4365 2221 4431; x_wconf 80' lang='lat' dir='ltr'><strong>homo,</strong></span> 
     </span>
    </p>
   </div>
   <div class='ocr_carea' id='block_1_100' title="bbox 659 4432 2222 4503">
    <p class='ocr_par' dir='ltr' id='par_1_100' title="bbox 659 4432 2222 4503">
     <span class='ocr_line' id='line_1_100' title="bbox 659 4432 2222 4503; baseline 0.005 -23"><span class='ocrx_word' id='word_1_788' title='bbox 659 4444 875 4496; x_wconf 77' lang='lat' dir='ltr'><strong>prop&#39;er</strong></span> <span class='ocrx_word' id='word_1_789' title='bbox 915 4432 1227 4497; x_wconf 81' lang='lat' dir='ltr'><strong>formarum,</strong></span> <span class='ocrx_word' id='word_1_790' title='bbox 1280 4452 1396 4503; x_wconf 70' lang='lat' dir='ltr'><strong>qua:</strong></span> <span class='ocrx_word' id='word_1_791' title='bbox 1434 4435 1500 4488; x_wconf 90' lang='lat' dir='ltr'><strong>de</strong></span> <span class='ocrx_word' id='word_1_792' title='bbox 1533 4436 1634 4487; x_wconf 85' lang='lat' dir='ltr'><strong>illis</strong></span> <span class='ocrx_word' id='word_1_793' title='bbox 1681 4437 1729 4486; x_wconf 90' lang='lat' dir='ltr'><strong>in</strong></span> <span class='ocrx_word' id='word_1_794' title='bbox 1759 4448 1862 4487; x_wconf 88' lang='lat' dir='ltr'><strong>uno</strong></span> <span class='ocrx_word' id='word_1_795' title='bbox 1907 4436 2118 4487; x_wconf 86' lang='lat' dir='ltr'><strong>nomine</strong></span> <span class='ocrx_word' id='word_1_796' title='bbox 2139 4435 2222 4488; x_wconf 91' lang='lat' dir='ltr'><strong>di-</strong></span> 
     </span>
    </p>
   </div>
   <div class='ocr_carea' id='block_1_101' title="bbox 654 4504 2223 4573">
    <p class='ocr_par' dir='ltr' id='par_1_101' title="bbox 654 4504 2223 4573">
     <span class='ocr_line' id='line_1_101' title="bbox 654 4504 2223 4573; baseline 0.006 -24"><span class='ocrx_word' id='word_1_797' title='bbox 654 4510 867 4561; x_wconf 84' lang='lat' dir='ltr'><strong>cuntur.</strong></span> <span class='ocrx_word' id='word_1_798' title='bbox 919 4504 1303 4569; x_wconf 83' lang='lat' dir='ltr'><strong>diversitatem,</strong></span> <span class='ocrx_word' id='word_1_799' title='bbox 1359 4506 1651 4573; x_wconf 80' lang='lat' dir='ltr'><strong>singulares</strong></span> <span class='ocrx_word' id='word_1_800' title='bbox 1700 4520 1818 4572; x_wconf 73' lang='lat' dir='ltr'><strong>qua:</strong></span> <span class='ocrx_word' id='word_1_801' title='bbox 1848 4520 1939 4571; x_wconf 89' lang='lat' dir='ltr'><strong>per</strong></span> <span class='ocrx_word' id='word_1_802' title='bbox 1986 4519 2046 4557; x_wconf 87' lang='lat' dir='ltr'><strong>se</strong></span> <span class='ocrx_word' id='word_1_803' title='bbox 2074 4506 2223 4559; x_wconf 60' lang='lat' dir='ltr'><strong>factae</strong></span> 
     </span>
    </p>
   </div>
   <div class='ocr_carea' id='block_1_102' title="bbox 660 4573 2227 4644">
    <p class='ocr_par' dir='ltr' id='par_1_102' title="bbox 660 4573 2227 4644">
     <span class='ocr_line' id='line_1_102' title="bbox 660 4573 2227 4644; baseline 0.004 -23"><span class='ocrx_word' id='word_1_804' title='bbox 660 4584 779 4644; x_wconf 85' lang='lat' dir='ltr'><strong>sunt</strong></span> <span class='ocrx_word' id='word_1_805' title='bbox 812 4573 1194 4638; x_wconf 79' lang='lat' dir='ltr'><strong>appellat-oiies</strong></span> <span class='ocrx_word' id='word_1_806' title='bbox 1225 4586 1573 4644; x_wconf 29' lang='lat' dir='ltr'><strong>apgi‘egaiitur</strong></span> <span class='ocrx_word' id='word_1_807' title='bbox 1601 4576 1653 4628; x_wconf 93' lang='lat' dir='ltr'><strong>in</strong></span> <span class='ocrx_word' id='word_1_808' title='bbox 1682 4591 1980 4635; x_wconf 90' lang='lat' dir='ltr'><strong>numerum,</strong></span> <span class='ocrx_word' id='word_1_809' title='bbox 2014 4586 2068 4629; x_wconf 88' lang='lat' dir='ltr'><strong>ut</strong></span> <span class='ocrx_word' id='word_1_810' title='bbox 2097 4591 2227 4643; x_wconf 91' lang='lat' dir='ltr'><strong>quo-</strong></span> 
     </span>
    </p>
   </div>
   <div class='ocr_carea' id='block_1_103' title="bbox 662 4641 2225 4713">
    <p class='ocr_par' dir='ltr' id='par_1_103' title="bbox 662 4641 2225 4713">
     <span class='ocr_line' id='line_1_103' title="bbox 662 4641 2225 4713; baseline 0.008 -25"><span class='ocrx_word' id='word_1_811' title='bbox 662 4641 799 4713; x_wconf 85' lang='lat' dir='ltr'><strong>niam</strong></span> <span class='ocrx_word' id='word_1_812' title='bbox 856 4648 1217 4712; x_wconf 87' lang='lat' dir='ltr'><strong>uuusquisqne</strong></span> <span class='ocrx_word' id='word_1_813' title='bbox 1255 4641 1408 4699; x_wconf 51' lang='lat' dir='ltr'><strong>a&#39;suzi</strong></span> <span class='ocrx_word' id='word_1_814' title='bbox 1441 4663 1555 4713; x_wconf 67' lang='lat' dir='ltr'><strong>quae</strong></span> <span class='ocrx_word' id='word_1_815' title='bbox 1588 4662 1689 4700; x_wconf 92' lang='lat' dir='ltr'><strong>non</strong></span> <span class='ocrx_word' id='word_1_816' title='bbox 1734 4657 1815 4698; x_wconf 86' lang='lat' dir='ltr'><strong>est</strong></span> <span class='ocrx_word' id='word_1_817' title='bbox 1842 4646 2057 4698; x_wconf 77' lang='lat' dir='ltr'><strong>alterius</strong></span> <span class='ocrx_word' id='word_1_818' title='bbox 2100 4641 2225 4699; x_wconf 82' lang='lat' dir='ltr'><strong>sub-</strong></span> 
     </span>
    </p>
   </div>
   <div class='ocr_carea' id='block_1_104' title="bbox 660 4712 2227 4784">
    <p class='ocr_par' dir='ltr' id='par_1_104' title="bbox 660 4712 2227 4784">
     <span class='ocr_line' id='line_1_104' title="bbox 660 4712 2227 4784; baseline 0.006 -24"><span class='ocrx_word' id='word_1_819' title='bbox 660 4712 901 4765; x_wconf 87' lang='lat' dir='ltr'><strong>sistentia</strong></span> <span class='ocrx_word' id='word_1_820' title='bbox 928 4715 1120 4768; x_wconf 86' lang='lat' dir='ltr'><strong>dicitur</strong></span> <span class='ocrx_word' id='word_1_821' title='bbox 1155 4716 1335 4781; x_wconf 88' lang='lat' dir='ltr'><strong>homo,</strong></span> <span class='ocrx_word' id='word_1_822' title='bbox 1372 4712 1467 4784; x_wconf 84' lang='lat' dir='ltr'><strong>ipsi</strong></span> <span class='ocrx_word' id='word_1_823' title='bbox 1515 4718 1667 4769; x_wconf 90' lang='lat' dir='ltr'><strong>simul</strong></span> <span class='ocrx_word' id='word_1_824' title='bbox 1699 4716 1943 4769; x_wconf 82' lang='lat' dir='ltr'><strong>dicantur</strong></span> <span class='ocrx_word' id='word_1_825' title='bbox 1971 4731 2089 4768; x_wconf 82' lang='lat' dir='ltr'><strong>esse</strong></span> <span class='ocrx_word' id='word_1_826' title='bbox 2121 4726 2227 4769; x_wconf 87' lang='lat' dir='ltr'><strong>tres</strong></span> 
     </span>
    </p>
   </div>
   <div class='ocr_carea' id='block_1_105' title="bbox 664 4783 2227 4856">
    <p class='ocr_par' dir='ltr' id='par_1_105' title="bbox 664 4783 2227 4856">
     <span class='ocr_line' id='line_1_105' title="bbox 664 4783 2227 4856; baseline 0.006 -26"><span class='ocrx_word' id='word_1_827' title='bbox 664 4783 924 4836; x_wconf 79' lang='lat' dir='ltr'><strong>homines.</strong></span> <span class='ocrx_word' id='word_1_828' title='bbox 952 4785 1011 4837; x_wconf 86' lang='lat' dir='ltr'><strong>Et</strong></span> <span class='ocrx_word' id='word_1_829' title='bbox 1037 4791 1277 4853; x_wconf 81' lang='lat' dir='ltr'><strong>quamvis</strong></span> <span class='ocrx_word' id='word_1_830' title='bbox 1301 4783 1505 4840; x_wconf 85' lang='lat' dir='ltr'><strong>ratione</strong></span> <span class='ocrx_word' id='word_1_831' title='bbox 1534 4787 1936 4856; x_wconf 82' lang='lat' dir='ltr'><strong>signiﬁcationis</strong></span> <span class='ocrx_word' id='word_1_832' title='bbox 1965 4786 2105 4840; x_wconf 88' lang='lat' dir='ltr'><strong>illius</strong></span> <span class='ocrx_word' id='word_1_833' title='bbox 2126 4804 2227 4849; x_wconf 86' lang='lat' dir='ltr'><strong>qua</strong></span> 
     </span>
    </p>
   </div>
   <div class='ocr_carea' id='block_1_106' title="bbox 664 4857 2229 4927">
    <p class='ocr_par' dir='ltr' id='par_1_106' title="bbox 664 4857 2229 4927">
     <span class='ocr_line' id='line_1_106' title="bbox 664 4857 2229 4927; baseline 0.007 -28"><span class='ocrx_word' id='word_1_834' title='bbox 664 4857 1171 4927; x_wconf 37' lang='lat' dir='ltr'><strong>nonicnuquodlibet</strong></span> <span class='ocrx_word' id='word_1_835' title='bbox 1216 4858 1588 4926; x_wconf 82' lang='lat' dir='ltr'><strong>appellativum</strong></span> <span class='ocrx_word' id='word_1_836' title='bbox 1618 4858 1774 4926; x_wconf 88' lang='lat' dir='ltr'><strong>quale</strong></span> <span class='ocrx_word' id='word_1_837' title='bbox 1801 4858 1996 4924; x_wconf 87' lang='lat' dir='ltr'><strong>aliquid</strong></span> <span class='ocrx_word' id='word_1_838' title='bbox 2025 4858 2229 4927; x_wconf 79' lang='lat' dir='ltr'><strong>signiti-</strong></span> 
     </span>
    </p>
   </div>
   <div class='ocr_carea' id='block_1_107' title="bbox 662 4924 2227 4996">
    <p class='ocr_par' dir='ltr' id='par_1_107' title="bbox 662 4924 2227 4996">
     <span class='ocr_line' id='line_1_107' title="bbox 662 4924 2227 4996; baseline 0.003 -21"><span class='ocrx_word' id='word_1_839' title='bbox 662 4935 785 4975; x_wconf 71' lang='lat' dir='ltr'><strong>care</strong></span> <span class='ocrx_word' id='word_1_840' title='bbox 833 4924 1049 4993; x_wconf 77' lang='lat' dir='ltr'><strong>dicitur,</strong></span> <span class='ocrx_word' id='word_1_841' title='bbox 1077 4924 1320 4994; x_wconf 86' lang='lat' dir='ltr'><strong>repetitio</strong></span> <span class='ocrx_word' id='word_1_842' title='bbox 1346 4928 1581 4996; x_wconf 64' lang='lat' dir='ltr'><strong>ejusdem</strong></span> <span class='ocrx_word' id='word_1_843' title='bbox 1631 4924 1859 4980; x_wconf 78' lang='lat' dir='ltr'><strong>nominis</strong></span> <span class='ocrx_word' id='word_1_844' title='bbox 1900 4926 2009 4987; x_wconf 87' lang='lat' dir='ltr'><strong>lial,</strong></span> <span class='ocrx_word' id='word_1_845' title='bbox 2052 4924 2227 4980; x_wconf 78' lang='lat' dir='ltr'><strong>rerum</strong></span> 
     </span>
    </p>
   </div>
   <div class='ocr_carea' id='block_1_108' title="bbox 662 4996 2227 5064">
    <p class='ocr_par' dir='ltr' id='par_1_108' title="bbox 662 4996 2227 5064">
     <span class='ocr_line' id='line_1_108' title="bbox 662 4996 2227 5064; baseline 0.005 -22"><span class='ocrx_word' id='word_1_846' title='bbox 662 5000 839 5045; x_wconf 83' lang='lat' dir='ltr'><strong>tamen</strong></span> <span class='ocrx_word' id='word_1_847' title='bbox 884 4996 1072 5047; x_wconf 82' lang='lat' dir='ltr'><strong>eodem</strong></span> <span class='ocrx_word' id='word_1_848' title='bbox 1124 4999 1338 5051; x_wconf 86' lang='lat' dir='ltr'><strong>nomine</strong></span> <span class='ocrx_word' id='word_1_849' title='bbox 1383 5011 1463 5052; x_wconf 64' lang='lat' dir='ltr'><strong>est</strong></span> <span class='ocrx_word' id='word_1_850' title='bbox 1505 5000 1787 5064; x_wconf 75' lang='lat' dir='ltr'><strong>prtedicala</strong></span> <span class='ocrx_word' id='word_1_851' title='bbox 1818 4998 2107 5050; x_wconf 87' lang='lat' dir='ltr'><strong>numeralis</strong></span> <span class='ocrx_word' id='word_1_852' title='bbox 2148 4999 2227 5050; x_wconf 91' lang='lat' dir='ltr'><strong>di-</strong></span> 
     </span>
    </p>
   </div>
   <div class='ocr_carea' id='block_1_109' title="bbox 667 5064 2223 5137">
    <p class='ocr_par' dir='ltr' id='par_1_109' title="bbox 667 5064 2223 5137">
     <span class='ocr_line' id='line_1_109' title="bbox 667 5064 2223 5137; baseline 0.005 -24"><span class='ocrx_word' id='word_1_853' title='bbox 667 5064 909 5137; x_wconf 76' lang='lat' dir='ltr'><strong>versitas.</strong></span> <span class='ocrx_word' id='word_1_854' title='bbox 935 5066 1085 5132; x_wconf 85' lang='lat' dir='ltr'><strong>Quod</strong></span> <span class='ocrx_word' id='word_1_855' title='bbox 1120 5084 1243 5121; x_wconf 88' lang='lat' dir='ltr'><strong>vero</strong></span> <span class='ocrx_word' id='word_1_856' title='bbox 1265 5070 1422 5121; x_wconf 90' lang='lat' dir='ltr'><strong>tertio</strong></span> <span class='ocrx_word' id='word_1_857' title='bbox 1447 5072 1705 5137; x_wconf 87' lang='lat' dir='ltr'><strong>repetitur</strong></span> <span class='ocrx_word' id='word_1_858' title='bbox 1729 5069 1826 5119; x_wconf 91' lang='lat' dir='ltr'><strong>hoc</strong></span> <span class='ocrx_word' id='word_1_859' title='bbox 1849 5084 2062 5133; x_wconf 81' lang='lat' dir='ltr'><strong>nomen,</strong></span> <span class='ocrx_word' id='word_1_860' title='bbox 2085 5069 2223 5137; x_wconf 84' lang='lat' dir='ltr'><strong>quod</strong></span> 
     </span>
    </p>
   </div>
   <div class='ocr_carea' id='block_1_110' title="bbox 664 5135 2228 5206">
    <p class='ocr_par' dir='ltr' id='par_1_110' title="bbox 664 5135 2228 5206">
     <span class='ocr_line' id='line_1_110' title="bbox 664 5135 2228 5206; baseline 0.004 -23"><span class='ocrx_word' id='word_1_861' title='bbox 664 5143 743 5184; x_wconf 81' lang='lat' dir='ltr'><strong>est</strong></span> <span class='ocrx_word' id='word_1_862' title='bbox 782 5135 937 5198; x_wconf 82' lang='lat' dir='ltr'><strong>Deus,</strong></span> <span class='ocrx_word' id='word_1_863' title='bbox 987 5153 1106 5190; x_wconf 90' lang='lat' dir='ltr'><strong>cum</strong></span> <span class='ocrx_word' id='word_1_864' title='bbox 1139 5150 1189 5192; x_wconf 83' lang='lat' dir='ltr'><strong>t-t</strong></span> <span class='ocrx_word' id='word_1_865' title='bbox 1219 5139 1375 5192; x_wconf 87' lang='lat' dir='ltr'><strong>Pater</strong></span> <span class='ocrx_word' id='word_1_866' title='bbox 1401 5135 1731 5206; x_wconf 89' lang='lat' dir='ltr'><strong>nuncupatur</strong></span> <span class='ocrx_word' id='word_1_867' title='bbox 1764 5137 1921 5200; x_wconf 88' lang='lat' dir='ltr'><strong>Deus,</strong></span> <span class='ocrx_word' id='word_1_868' title='bbox 1963 5148 2014 5189; x_wconf 74' lang='lat' dir='ltr'><strong>et</strong></span> <span class='ocrx_word' id='word_1_869' title='bbox 2066 5136 2228 5191; x_wconf 83' lang='lat' dir='ltr'><strong>Filius</strong></span> 
     </span>
    </p>
   </div>
   <div class='ocr_carea' id='block_1_111' title="bbox 669 5208 2228 5275">
    <p class='ocr_par' dir='ltr' id='par_1_111' title="bbox 669 5208 2228 5275">
     <span class='ocr_line' id='line_1_111' title="bbox 669 5208 2228 5275; baseline 0.006 -23"><span class='ocrx_word' id='word_1_870' title='bbox 669 5218 1004 5275; x_wconf 73' lang='lat' dir='ltr'><strong>nuncupatur</strong></span> <span class='ocrx_word' id='word_1_871' title='bbox 1052 5208 1209 5271; x_wconf 85' lang='lat' dir='ltr'><strong>Deus,</strong></span> <span class='ocrx_word' id='word_1_872' title='bbox 1259 5219 1314 5262; x_wconf 87' lang='lat' dir='ltr'><strong>et</strong></span> <span class='ocrx_word' id='word_1_873' title='bbox 1363 5211 1586 5275; x_wconf 83' lang='lat' dir='ltr'><strong>Spiritus</strong></span> <span class='ocrx_word' id='word_1_874' title='bbox 1632 5219 1850 5261; x_wconf 90' lang='lat' dir='ltr'><strong>sanctus</strong></span> <span class='ocrx_word' id='word_1_875' title='bbox 1899 5223 2228 5275; x_wconf 87' lang='lat' dir='ltr'><strong>nuncupatur</strong></span> 
     </span>
    </p>
   </div>
   <div class='ocr_carea' id='block_1_112' title="bbox 668 5271 2227 5347">
    <p class='ocr_par' dir='ltr' id='par_1_112' title="bbox 668 5271 2227 5347">
     <span class='ocr_line' id='line_1_112' title="bbox 668 5271 2227 5347; baseline 0.006 -24"><span class='ocrx_word' id='word_1_876' title='bbox 668 5271 826 5347; x_wconf 64' lang='lat' dir='ltr'><strong>Deus,</strong></span> <span class='ocrx_word' id='word_1_877' title='bbox 852 5271 995 5331; x_wconf 33' lang='lat' dir='ltr'><strong>&#39;sicut</strong></span> <span class='ocrx_word' id='word_1_878' title='bbox 1037 5280 1265 5333; x_wconf 91' lang='lat' dir='ltr'><strong>nominis</strong></span> <span class='ocrx_word' id='word_1_879' title='bbox 1295 5271 1501 5333; x_wconf 84' lang='lat' dir='ltr'><strong>ratione</strong></span> <span class='ocrx_word' id='word_1_880' title='bbox 1545 5278 1896 5347; x_wconf 73' lang='lat' dir='ltr'><strong>signiﬁcandi,</strong></span> <span class='ocrx_word' id='word_1_881' title='bbox 1929 5293 2004 5331; x_wconf 92' lang='lat' dir='ltr'><strong>sc</strong></span> <span class='ocrx_word' id='word_1_882' title='bbox 2050 5271 2106 5331; x_wconf 76' lang='lat' dir='ltr'><strong>et</strong></span> <span class='ocrx_word' id='word_1_883' title='bbox 2152 5280 2227 5333; x_wconf 91' lang='lat' dir='ltr'><strong>rei</strong></span> 
     </span>
    </p>
   </div>
   <div class='ocr_carea' id='block_1_113' title="bbox 670 5344 2229 5418">
    <p class='ocr_par' dir='ltr' id='par_1_113' title="bbox 670 5344 2229 5418">
     <span class='ocr_line' id='line_1_113' title="bbox 670 5344 2229 5418; baseline 0.006 -26"><span class='ocrx_word' id='word_1_884' title='bbox 670 5344 831 5409; x_wconf 73' lang='lat' dir='ltr'><strong>illius,</strong></span> <span class='ocrx_word' id='word_1_885' title='bbox 857 5363 923 5418; x_wconf 65' lang='lat' dir='ltr'><strong>cx</strong></span> <span class='ocrx_word' id='word_1_886' title='bbox 966 5365 1065 5417; x_wconf 88' lang='lat' dir='ltr'><strong>qua</strong></span> <span class='ocrx_word' id='word_1_887' title='bbox 1115 5364 1301 5404; x_wconf 83' lang='lat' dir='ltr'><strong>norunt</strong></span> <span class='ocrx_word' id='word_1_888' title='bbox 1352 5353 1574 5418; x_wconf 83' lang='lat' dir='ltr'><strong>quisque</strong></span> <span class='ocrx_word' id='word_1_889' title='bbox 1597 5344 1791 5402; x_wconf 72' lang='lat' dir='ltr'><strong>dicitur</strong></span> <span class='ocrx_word' id='word_1_890' title='bbox 1823 5349 1978 5410; x_wconf 82' lang='lat' dir='ltr'><strong>Deus,</strong></span> <span class='ocrx_word' id='word_1_891' title='bbox 2026 5352 2229 5402; x_wconf 83' lang='lat' dir='ltr'><strong>ratione</strong></span> 
     </span>
    </p>
   </div>
   <div class='ocr_carea' id='block_1_114' title="bbox 674 5417 2229 5488">
    <p class='ocr_par' dir='ltr' id='par_1_114' title="bbox 674 5417 2229 5488">
     <span class='ocr_line' id='line_1_114' title="bbox 674 5417 2229 5488; baseline 0.006 -23"><span class='ocrx_word' id='word_1_892' title='bbox 674 5417 927 5488; x_wconf 61' lang='lat' dir='ltr'><strong>proptoiti</strong></span> <span class='ocrx_word' id='word_1_893' title='bbox 954 5420 1197 5487; x_wconf 85' lang='lat' dir='ltr'><strong>repetitio</strong></span> <span class='ocrx_word' id='word_1_894' title='bbox 1217 5424 1289 5473; x_wconf 90' lang='lat' dir='ltr'><strong>lit.</strong></span> <span class='ocrx_word' id='word_1_895' title='bbox 1317 5417 1541 5488; x_wconf 79' lang='lat' dir='ltr'><strong>ltleoque</strong></span> <span class='ocrx_word' id='word_1_896' title='bbox 1564 5423 1646 5472; x_wconf 91' lang='lat' dir='ltr'><strong>isti</strong></span> <span class='ocrx_word' id='word_1_897' title='bbox 1663 5420 1800 5486; x_wconf 89' lang='lat' dir='ltr'><strong>quod</strong></span> <span class='ocrx_word' id='word_1_898' title='bbox 1824 5434 1886 5470; x_wconf 81' lang='lat' dir='ltr'><strong>ex</strong></span> <span class='ocrx_word' id='word_1_899' title='bbox 1916 5420 2229 5485; x_wconf 73' lang='lat' dir='ltr'><strong>repetitione</strong></span> 
     </span>
    </p>
   </div>
   <div class='ocr_carea' id='block_1_115' title="bbox 672 5484 2235 5558">
    <p class='ocr_par' dir='ltr' id='par_1_115' title="bbox 672 5484 2235 5558">
     <span class='ocr_line' id='line_1_115' title="bbox 672 5484 2235 5558; baseline 0.008 -27"><span class='ocrx_word' id='word_1_900' title='bbox 672 5484 916 5558; x_wconf 88' lang='lat' dir='ltr'><strong>videnlur</strong></span> <span class='ocrx_word' id='word_1_901' title='bbox 966 5484 1073 5542; x_wconf 82' lang='lat' dir='ltr'><strong>tres</strong></span> <span class='ocrx_word' id='word_1_902' title='bbox 1103 5492 1350 5556; x_wconf 90' lang='lat' dir='ltr'><strong>unitates,</strong></span> <span class='ocrx_word' id='word_1_903' title='bbox 1385 5484 1487 5543; x_wconf 85' lang='lat' dir='ltr'><strong>non</strong></span> <span class='ocrx_word' id='word_1_904' title='bbox 1523 5484 1713 5544; x_wconf 79' lang='lat' dir='ltr'><strong>facient</strong></span> <span class='ocrx_word' id='word_1_905' title='bbox 1753 5484 2107 5558; x_wconf 87' lang='lat' dir='ltr'><strong>pluralitatein</strong></span> <span class='ocrx_word' id='word_1_906' title='bbox 2140 5507 2235 5543; x_wconf 89' lang='lat' dir='ltr'><strong>nu-</strong></span> 
     </span>
    </p>
   </div>
   <div class='ocr_carea' id='block_1_116' title="bbox 673 5556 2234 5628">
    <p class='ocr_par' dir='ltr' id='par_1_116' title="bbox 673 5556 2234 5628">
     <span class='ocr_line' id='line_1_116' title="bbox 673 5556 2234 5628; baseline 0.006 -24"><span class='ocrx_word' id='word_1_907' title='bbox 673 5556 826 5619; x_wconf 84' lang='lat' dir='ltr'><strong>meri,</strong></span> <span class='ocrx_word' id='word_1_908' title='bbox 853 5558 900 5628; x_wconf 82' lang='lat' dir='ltr'><strong>id</strong></span> <span class='ocrx_word' id='word_1_909' title='bbox 929 5569 1009 5612; x_wconf 84' lang='lat' dir='ltr'><strong>est</strong></span> <span class='ocrx_word' id='word_1_910' title='bbox 1030 5566 1352 5615; x_wconf 81' lang='lat' dir='ltr'><strong>numeralem</strong></span> <span class='ocrx_word' id='word_1_911' title='bbox 1389 5556 1765 5628; x_wconf 77' lang='lat' dir='ltr'><strong>pluralitatem,</strong></span> <span class='ocrx_word' id='word_1_912' title='bbox 1796 5561 1847 5610; x_wconf 92' lang='lat' dir='ltr'><strong>in</strong></span> <span class='ocrx_word' id='word_1_913' title='bbox 1878 5574 1942 5612; x_wconf 91' lang='lat' dir='ltr'><strong>co</strong></span> <span class='ocrx_word' id='word_1_914' title='bbox 1963 5561 2101 5627; x_wconf 90' lang='lat' dir='ltr'><strong>quod</strong></span> <span class='ocrx_word' id='word_1_915' title='bbox 2136 5562 2234 5624; x_wconf 83' lang='lat' dir='ltr'><strong>ipsi</strong></span> 
     </span>
    </p>
   </div>
   <div class='ocr_carea' id='block_1_117' title="bbox 673 5627 2235 5685">
    <p class='ocr_par' dir='ltr' id='par_1_117' title="bbox 673 5627 2235 5685">
     <span class='ocr_line' id='line_1_117' title="bbox 673 5627 2235 5685; baseline 0.006 -13"><span class='ocrx_word' id='word_1_916' title='bbox 673 5638 793 5678; x_wconf 74' lang='lat' dir='ltr'><strong>sunt</strong></span> <span class='ocrx_word' id='word_1_917' title='bbox 850 5627 985 5681; x_wconf 70' lang='lat' dir='ltr'><strong>sicut</strong></span> <span class='ocrx_word' id='word_1_918' title='bbox 1034 5631 1276 5683; x_wconf 89' lang='lat' dir='ltr'><strong>videntur</strong></span> <span class='ocrx_word' id='word_1_919' title='bbox 1303 5646 1422 5685; x_wconf 83' lang='lat' dir='ltr'><strong>esse</strong></span> <span class='ocrx_word' id='word_1_920' title='bbox 1462 5644 1586 5684; x_wconf 78' lang='lat' dir='ltr'><strong>tres.</strong></span> <span class='ocrx_word' id='word_1_921' title='bbox 1623 5631 1737 5685; x_wconf 83' lang='lat' dir='ltr'><strong>Non</strong></span> <span class='ocrx_word' id='word_1_922' title='bbox 1764 5629 1905 5685; x_wconf 90' lang='lat' dir='ltr'><strong>enim</strong></span> <span class='ocrx_word' id='word_1_923' title='bbox 1948 5646 2071 5685; x_wconf 86' lang='lat' dir='ltr'><strong>vere</strong></span> <span class='ocrx_word' id='word_1_924' title='bbox 2116 5645 2235 5684; x_wconf 89' lang='lat' dir='ltr'><strong>sunt</strong></span> 
     </span>
    </p>
   </div>
   <div class='ocr_carea' id='block_1_118' title="bbox 674 5696 2240 5769">
    <p class='ocr_par' dir='ltr' id='par_1_118' title="bbox 674 5696 2240 5769">
     <span class='ocr_line' id='line_1_118' title="bbox 674 5696 2240 5769; baseline 0.008 -25"><span class='ocrx_word' id='word_1_925' title='bbox 674 5704 798 5747; x_wconf 82' lang='lat' dir='ltr'><strong>tres.</strong></span> <span class='ocrx_word' id='word_1_926' title='bbox 832 5696 982 5769; x_wconf 89' lang='lat' dir='ltr'><strong>Quod</strong></span> <span class='ocrx_word' id='word_1_927' title='bbox 1016 5700 1262 5769; x_wconf 89' lang='lat' dir='ltr'><strong>nimirum</strong></span> <span class='ocrx_word' id='word_1_928' title='bbox 1285 5717 1350 5753; x_wconf 76' lang='lat' dir='ltr'><strong>ex</strong></span> <span class='ocrx_word' id='word_1_929' title='bbox 1370 5703 1766 5769; x_wconf 80' lang='lat' dir='ltr'><strong>comparatione</strong></span> <span class='ocrx_word' id='word_1_930' title='bbox 1798 5700 2091 5769; x_wconf 76' lang='lat' dir='ltr'><strong>intelligere</strong></span> <span class='ocrx_word' id='word_1_931' title='bbox 2119 5718 2240 5767; x_wconf 88' lang='lat' dir='ltr'><strong>pos-</strong></span> 
     </span>
    </p>
   </div>
   <div class='ocr_carea' id='block_1_119' title="bbox 679 5768 2240 5837">
    <p class='ocr_par' dir='ltr' id='par_1_119' title="bbox 679 5768 2240 5837">
     <span class='ocr_line' id='line_1_119' title="bbox 679 5768 2240 5837; baseline 0.008 -23"><span class='ocrx_word' id='word_1_932' title='bbox 679 5780 881 5831; x_wconf 72' lang='grc' dir='ltr'>ιιιιιιιιι,</span> <span class='ocrx_word' id='word_1_933' title='bbox 913 5768 956 5821; x_wconf 75' lang='lat' dir='ltr'><strong>si</strong></span> <span class='ocrx_word' id='word_1_934' title='bbox 979 5782 1036 5821; x_wconf 63' lang='grc' dir='ltr'>ιο</span> <span class='ocrx_word' id='word_1_935' title='bbox 1063 5768 1183 5821; x_wconf 90' lang='lat' dir='ltr'><strong>licet</strong></span> <span class='ocrx_word' id='word_1_936' title='bbox 1209 5768 1545 5824; x_wconf 80' lang='lat' dir='ltr'><strong>advertamns</strong></span> <span class='ocrx_word' id='word_1_937' title='bbox 1569 5771 1632 5823; x_wconf 89' lang='lat' dir='ltr'><strong>ad</strong></span> <span class='ocrx_word' id='word_1_938' title='bbox 1672 5785 1757 5827; x_wconf 79' lang='lat' dir='ltr'><strong>res</strong></span> <span class='ocrx_word' id='word_1_939' title='bbox 1784 5768 2162 5837; x_wconf 81' lang='lat' dir='ltr'><strong>numerabiles,</strong></span> <span class='ocrx_word' id='word_1_940' title='bbox 2187 5772 2240 5827; x_wconf 85' lang='lat' dir='ltr'><strong>id</strong></span> 
     </span>
    </p>
   </div>
   <div class='ocr_carea' id='block_1_120' title="bbox 2259 4545 2303 4601">
    <p class='ocr_par' dir='ltr' id='par_1_120' title="bbox 2259 4545 2303 4601">
     <span class='ocr_line' id='line_1_120' title="bbox 2259 4545 2303 4601; baseline -0.045 0"><span class='ocrx_word' id='word_1_941' title='bbox 2259 4545 2303 4601; x_wconf 82' lang='grc' dir='ltr'><strong>Ι)</strong></span> 
     </span>
    </p>
   </div>
   <div class='ocr_carea' id='block_1_121' title="bbox 2316 3232 3875 3305">
    <p class='ocr_par' dir='ltr' id='par_1_121' title="bbox 2316 3232 3875 3305">
     <span class='ocr_line' id='line_1_121' title="bbox 2316 3232 3875 3305; baseline 0.004 -21"><span class='ocrx_word' id='word_1_942' title='bbox 2316 3232 2696 3305; x_wconf 81' lang='lat' dir='ltr'><strong>gnilicatione,</strong></span> <span class='ocrx_word' id='word_1_943' title='bbox 2742 3237 2880 3302; x_wconf 90' lang='lat' dir='ltr'><strong>quod</strong></span> <span class='ocrx_word' id='word_1_944' title='bbox 2926 3236 2992 3288; x_wconf 85' lang='lat' dir='ltr'><strong>ab</strong></span> <span class='ocrx_word' id='word_1_945' title='bbox 3038 3235 3154 3305; x_wconf 86' lang='lat' dir='ltr'><strong>ipsa</strong></span> <span class='ocrx_word' id='word_1_946' title='bbox 3195 3238 3394 3291; x_wconf 87' lang='lat' dir='ltr'><strong>unitate</strong></span> <span class='ocrx_word' id='word_1_947' title='bbox 3439 3232 3598 3290; x_wconf 78' lang='lat' dir='ltr'><strong>unum</strong></span> <span class='ocrx_word' id='word_1_948' title='bbox 3642 3249 3751 3296; x_wconf 87' lang='lat' dir='ltr'><strong>est;</strong></span> <span class='ocrx_word' id='word_1_949' title='bbox 3794 3239 3875 3291; x_wconf 85' lang='lat' dir='ltr'><strong>vel</strong></span> 
     </span>
    </p>
   </div>
   <div class='ocr_carea' id='block_1_122' title="bbox 2316 3303 3876 3374">
    <p class='ocr_par' dir='ltr' id='par_1_122' title="bbox 2316 3303 3876 3374">
     <span class='ocr_line' id='line_1_122' title="bbox 2316 3303 3876 3374; baseline 0.003 -19"><span class='ocrx_word' id='word_1_950' title='bbox 2316 3303 2526 3356; x_wconf 84' lang='lat' dir='ltr'><strong>diversa</strong></span> <span class='ocrx_word' id='word_1_951' title='bbox 2578 3306 2785 3372; x_wconf 87' lang='lat' dir='ltr'><strong>penitus</strong></span> <span class='ocrx_word' id='word_1_952' title='bbox 2826 3303 3237 3374; x_wconf 81' lang='lat' dir='ltr'><strong>unumquodque</strong></span> <span class='ocrx_word' id='word_1_953' title='bbox 3284 3317 3482 3361; x_wconf 87' lang='lat' dir='ltr'><strong>tantum</strong></span> <span class='ocrx_word' id='word_1_954' title='bbox 3526 3308 3691 3361; x_wconf 83' lang='lat' dir='ltr'><strong>semel</strong></span> <span class='ocrx_word' id='word_1_955' title='bbox 3741 3309 3876 3360; x_wconf 79' lang='lat' dir='ltr'><strong>dici—</strong></span> 
     </span>
    </p>
   </div>
   <div class='ocr_carea' id='block_1_123' title="bbox 2317 3375 3877 3444">
    <p class='ocr_par' dir='ltr' id='par_1_123' title="bbox 2317 3375 3877 3444">
     <span class='ocr_line' id='line_1_123' title="bbox 2317 3375 3877 3444; baseline 0.004 -19"><span class='ocrx_word' id='word_1_956' title='bbox 2317 3388 2437 3426; x_wconf 90' lang='lat' dir='ltr'><strong>mus</strong></span> <span class='ocrx_word' id='word_1_957' title='bbox 2456 3389 2469 3433; x_wconf 85' lang='lat'><strong>;</strong></span> <span class='ocrx_word' id='word_1_958' title='bbox 2493 3375 2573 3427; x_wconf 89' lang='lat' dir='ltr'><strong>vel</strong></span> <span class='ocrx_word' id='word_1_959' title='bbox 2596 3390 2715 3444; x_wconf 67' lang='lat' dir='ltr'><strong>qua:</strong></span> <span class='ocrx_word' id='word_1_960' title='bbox 2734 3375 3061 3443; x_wconf 80' lang='lat' dir='ltr'><strong>significandi</strong></span> <span class='ocrx_word' id='word_1_961' title='bbox 3088 3377 3289 3431; x_wconf 76' lang='lat' dir='ltr'><strong>ratione</strong></span> <span class='ocrx_word' id='word_1_962' title='bbox 3308 3388 3429 3430; x_wconf 86' lang='lat' dir='ltr'><strong>sunt</strong></span> <span class='ocrx_word' id='word_1_963' title='bbox 3444 3380 3627 3431; x_wconf 87' lang='lat' dir='ltr'><strong>eadem</strong></span> <span class='ocrx_word' id='word_1_964' title='bbox 3651 3379 3877 3431; x_wconf 78' lang='lat' dir='ltr'><strong>dicimus</strong></span> 
     </span>
    </p>
   </div>
   <div class='ocr_carea' id='block_1_124' title="bbox 2319 3446 3878 3516">
    <p class='ocr_par' dir='ltr' id='par_1_124' title="bbox 2319 3446 3878 3516">
     <span class='ocr_line' id='line_1_124' title="bbox 2319 3446 3878 3516; baseline 0.003 -21"><span class='ocrx_word' id='word_1_965' title='bbox 2319 3446 2597 3511; x_wconf 86' lang='lat' dir='ltr'><strong>plusquam</strong></span> <span class='ocrx_word' id='word_1_966' title='bbox 2648 3449 2814 3500; x_wconf 87' lang='lat' dir='ltr'><strong>semel</strong></span> <span class='ocrx_word' id='word_1_967' title='bbox 2842 3487 2856 3507; x_wconf 90' lang='lat'><strong>,</strong></span> <span class='ocrx_word' id='word_1_968' title='bbox 2885 3457 2939 3500; x_wconf 87' lang='lat' dir='ltr'><strong>et</strong></span> <span class='ocrx_word' id='word_1_969' title='bbox 2970 3448 3177 3512; x_wconf 80' lang='lat' dir='ltr'><strong>penitus</strong></span> <span class='ocrx_word' id='word_1_970' title='bbox 3208 3449 3416 3516; x_wconf 84' lang='lat' dir='ltr'><strong>quidem</strong></span> <span class='ocrx_word' id='word_1_971' title='bbox 3447 3449 3653 3501; x_wconf 83' lang='lat' dir='ltr'><strong>diversa</strong></span> <span class='ocrx_word' id='word_1_972' title='bbox 3686 3464 3878 3500; x_wconf 89' lang='lat' dir='ltr'><strong>nume-</strong></span> 
     </span>
    </p>
   </div>
   <div class='ocr_carea' id='block_1_125' title="bbox 2318 3516 3878 3586">
    <p class='ocr_par' dir='ltr' id='par_1_125' title="bbox 2318 3516 3878 3586">
     <span class='ocr_line' id='line_1_125' title="bbox 2318 3516 3878 3586; baseline 0.003 -22"><span class='ocrx_word' id='word_1_973' title='bbox 2318 3528 2528 3578; x_wconf 88' lang='lat' dir='ltr'><strong>ramus;</strong></span> <span class='ocrx_word' id='word_1_974' title='bbox 2565 3516 2645 3567; x_wconf 91' lang='lat' dir='ltr'><strong>vel</strong></span> <span class='ocrx_word' id='word_1_975' title='bbox 2667 3531 2787 3570; x_wconf 91' lang='lat' dir='ltr'><strong>cum</strong></span> <span class='ocrx_word' id='word_1_976' title='bbox 2813 3517 3037 3570; x_wconf 89' lang='lat' dir='ltr'><strong>dicimus</strong></span> <span class='ocrx_word' id='word_1_977' title='bbox 3076 3516 3233 3570; x_wconf 85' lang='lat' dir='ltr'><strong>homo</strong></span> <span class='ocrx_word' id='word_1_978' title='bbox 3255 3559 3269 3583; x_wconf 94' lang='lat'><strong>,</strong></span> <span class='ocrx_word' id='word_1_979' title='bbox 3303 3518 3565 3585; x_wconf 69' lang='lat' dir='ltr'><strong>beryllus,</strong></span> <span class='ocrx_word' id='word_1_980' title='bbox 3597 3518 3649 3569; x_wconf 93' lang='lat' dir='ltr'><strong>in</strong></span> <span class='ocrx_word' id='word_1_981' title='bbox 3682 3518 3878 3586; x_wconf 79' lang='lat' dir='ltr'><strong>quibus</strong></span> 
     </span>
    </p>
   </div>
   <div class='ocr_carea' id='block_1_126' title="bbox 2320 3588 3876 3655">
    <p class='ocr_par' dir='ltr' id='par_1_126' title="bbox 2320 3588 3876 3655">
     <span class='ocr_line' id='line_1_126' title="bbox 2320 3588 3876 3655; baseline 0.003 -20"><span class='ocrx_word' id='word_1_982' title='bbox 2320 3593 2424 3655; x_wconf 82' lang='lat' dir='ltr'><strong>tam</strong></span> <span class='ocrx_word' id='word_1_983' title='bbox 2452 3600 2514 3637; x_wconf 85' lang='lat' dir='ltr'><strong>ea</strong></span> <span class='ocrx_word' id='word_1_984' title='bbox 2544 3599 2662 3652; x_wconf 74' lang='lat' dir='ltr'><strong>qua:</strong></span> <span class='ocrx_word' id='word_1_985' title='bbox 2705 3597 2850 3651; x_wconf 82' lang='lat' dir='ltr'><strong>sunt,</strong></span> <span class='ocrx_word' id='word_1_986' title='bbox 2876 3603 3033 3655; x_wconf 88' lang='lat' dir='ltr'><strong>quam</strong></span> <span class='ocrx_word' id='word_1_987' title='bbox 3065 3602 3124 3641; x_wconf 84' lang='lat' dir='ltr'><strong>ea</strong></span> <span class='ocrx_word' id='word_1_988' title='bbox 3151 3603 3214 3639; x_wconf 75' lang='lat' dir='ltr'><strong>ex</strong></span> <span class='ocrx_word' id='word_1_989' title='bbox 3242 3589 3431 3655; x_wconf 88' lang='lat' dir='ltr'><strong>quibus</strong></span> <span class='ocrx_word' id='word_1_990' title='bbox 3455 3597 3577 3639; x_wconf 91' lang='lat' dir='ltr'><strong>sunt</strong></span> <span class='ocrx_word' id='word_1_991' title='bbox 3611 3588 3876 3640; x_wconf 85' lang='lat' dir='ltr'><strong>distribu-</strong></span> 
     </span>
    </p>
   </div>
   <div class='ocr_carea' id='block_1_127' title="bbox 2321 3653 3877 3725">
    <p class='ocr_par' dir='ltr' id='par_1_127' title="bbox 2321 3653 3877 3725">
     <span class='ocr_line' id='line_1_127' title="bbox 2321 3653 3877 3725; baseline 0.003 -20"><span class='ocrx_word' id='word_1_992' title='bbox 2321 3653 2464 3725; x_wconf 89' lang='lat' dir='ltr'><strong>tione</strong></span> <span class='ocrx_word' id='word_1_993' title='bbox 2494 3666 2768 3725; x_wconf 85' lang='lat' dir='ltr'><strong>nuinerata</strong></span> <span class='ocrx_word' id='word_1_994' title='bbox 2796 3653 3189 3725; x_wconf 82' lang='lat' dir='ltr'><strong>intelliguntur;</strong></span> <span class='ocrx_word' id='word_1_995' title='bbox 3224 3653 3301 3712; x_wconf 77' lang='lat' dir='ltr'><strong>vel</strong></span> <span class='ocrx_word' id='word_1_996' title='bbox 3323 3673 3440 3710; x_wconf 91' lang='lat' dir='ltr'><strong>cum</strong></span> <span class='ocrx_word' id='word_1_997' title='bbox 3465 3658 3688 3711; x_wconf 89' lang='lat' dir='ltr'><strong>dicimus</strong></span> <span class='ocrx_word' id='word_1_998' title='bbox 3712 3657 3877 3709; x_wconf 89' lang='lat' dir='ltr'><strong>homo</strong></span> 
     </span>
    </p>
   </div>
   <div class='ocr_carea' id='block_1_128' title="bbox 2321 3724 3878 3796">
    <p class='ocr_par' dir='ltr' id='par_1_128' title="bbox 2321 3724 3878 3796">
     <span class='ocr_line' id='line_1_128' title="bbox 2321 3724 3878 3796; baseline 0.004 -21"><span class='ocrx_word' id='word_1_999' title='bbox 2321 3724 2495 3789; x_wconf 87' lang='lat' dir='ltr'><strong>albus,</strong></span> <span class='ocrx_word' id='word_1_1000' title='bbox 2528 3724 2613 3778; x_wconf 90' lang='lat' dir='ltr'><strong>ubi</strong></span> <span class='ocrx_word' id='word_1_1001' title='bbox 2642 3741 2744 3778; x_wconf 91' lang='lat' dir='ltr'><strong>non</strong></span> <span class='ocrx_word' id='word_1_1002' title='bbox 2779 3729 2866 3795; x_wconf 89' lang='lat' dir='ltr'><strong>qui</strong></span> <span class='ocrx_word' id='word_1_1003' title='bbox 2895 3724 2985 3781; x_wconf 13' lang='lat' dir='ltr'><strong>est,</strong></span> <span class='ocrx_word' id='word_1_1004' title='bbox 3008 3731 3164 3781; x_wconf 90' lang='lat' dir='ltr'><strong>homo</strong></span> <span class='ocrx_word' id='word_1_1005' title='bbox 3193 3730 3273 3782; x_wconf 84' lang='lat' dir='ltr'><strong>vel</strong></span> <span class='ocrx_word' id='word_1_1006' title='bbox 3299 3727 3464 3791; x_wconf 87' lang='lat' dir='ltr'><strong>albus,</strong></span> <span class='ocrx_word' id='word_1_1007' title='bbox 3498 3732 3589 3781; x_wconf 87' lang='lat' dir='ltr'><strong>sed</strong></span> <span class='ocrx_word' id='word_1_1008' title='bbox 3614 3728 3724 3796; x_wconf 73' lang='lat' dir='ltr'><strong>ipsa</strong></span> <span class='ocrx_word' id='word_1_1009' title='bbox 3757 3743 3878 3795; x_wconf 70' lang='lat' dir='ltr'><strong>qum</strong></span> 
     </span>
    </p>
   </div>
   <div class='ocr_carea' id='block_1_129' title="bbox 2319 3797 3872 3865">
    <p class='ocr_par' dir='ltr' id='par_1_129' title="bbox 2319 3797 3872 3865">
     <span class='ocr_line' id='line_1_129' title="bbox 2319 3797 3872 3865; baseline 0.004 -20"><span class='ocrx_word' id='word_1_1010' title='bbox 2319 3804 2401 3846; x_wconf 88' lang='lat' dir='ltr'><strong>est</strong></span> <span class='ocrx_word' id='word_1_1011' title='bbox 2432 3797 2591 3849; x_wconf 84' lang='lat' dir='ltr'><strong>homo</strong></span> <span class='ocrx_word' id='word_1_1012' title='bbox 2621 3798 2902 3865; x_wconf 82' lang='lat' dir='ltr'><strong>singularis</strong></span> <span class='ocrx_word' id='word_1_1013' title='bbox 2930 3798 3251 3863; x_wconf 85' lang='lat' dir='ltr'><strong>humanitas,</strong></span> <span class='ocrx_word' id='word_1_1014' title='bbox 3283 3810 3333 3851; x_wconf 88' lang='lat' dir='ltr'><strong>et</strong></span> <span class='ocrx_word' id='word_1_1015' title='bbox 3359 3798 3639 3864; x_wconf 76' lang='lat' dir='ltr'><strong>singularis</strong></span> <span class='ocrx_word' id='word_1_1016' title='bbox 3662 3798 3872 3861; x_wconf 85' lang='lat' dir='ltr'><strong>albedo,</strong></span> 
     </span>
    </p>
   </div>
   <div class='ocr_carea' id='block_1_130' title="bbox 2321 3866 3878 3935">
    <p class='ocr_par' dir='ltr' id='par_1_130' title="bbox 2321 3866 3878 3935">
     <span class='ocr_line' id='line_1_130' title="bbox 2321 3866 3878 3935; baseline 0.003 -20"><span class='ocrx_word' id='word_1_1017' title='bbox 2321 3879 2421 3933; x_wconf 89' lang='lat' dir='ltr'><strong>qua</strong></span> <span class='ocrx_word' id='word_1_1018' title='bbox 2452 3866 2590 3919; x_wconf 88' lang='lat' dir='ltr'><strong>idem</strong></span> <span class='ocrx_word' id='word_1_1019' title='bbox 2622 3876 2702 3920; x_wconf 86' lang='lat' dir='ltr'><strong>est</strong></span> <span class='ocrx_word' id='word_1_1020' title='bbox 2727 3868 2898 3931; x_wconf 86' lang='lat' dir='ltr'><strong>albus,</strong></span> <span class='ocrx_word' id='word_1_1021' title='bbox 2925 3880 3195 3922; x_wconf 74' lang='lat' dir='ltr'><strong>numerata</strong></span> <span class='ocrx_word' id='word_1_1022' title='bbox 3223 3878 3363 3923; x_wconf 86' lang='lat' dir='ltr'><strong>sunt.</strong></span> <span class='ocrx_word' id='word_1_1023' title='bbox 3397 3870 3525 3935; x_wconf 78' lang='lat' dir='ltr'><strong>Quae</strong></span> <span class='ocrx_word' id='word_1_1024' title='bbox 3564 3884 3692 3922; x_wconf 89' lang='lat' dir='ltr'><strong>vero</strong></span> <span class='ocrx_word' id='word_1_1025' title='bbox 3717 3869 3878 3934; x_wconf 79' lang='lat' dir='ltr'><strong>signi-</strong></span> 
     </span>
    </p>
   </div>
   <div class='ocr_carea' id='block_1_131' title="bbox 2324 3936 3881 4008">
    <p class='ocr_par' dir='ltr' id='par_1_131' title="bbox 2324 3936 3881 4008">
     <span class='ocr_line' id='line_1_131' title="bbox 2324 3936 3881 4008; baseline 0.004 -22"><span class='ocrx_word' id='word_1_1026' title='bbox 2324 3936 2514 3988; x_wconf 87' lang='lat' dir='ltr'><strong>ticandi</strong></span> <span class='ocrx_word' id='word_1_1027' title='bbox 2546 3938 2751 3991; x_wconf 85' lang='lat' dir='ltr'><strong>ratione</strong></span> <span class='ocrx_word' id='word_1_1028' title='bbox 2779 3944 2961 3992; x_wconf 85' lang='lat' dir='ltr'><strong>eadem</strong></span> <span class='ocrx_word' id='word_1_1029' title='bbox 2988 3951 3131 3996; x_wconf 85' lang='lat' dir='ltr'><strong>sunt.</strong></span> <span class='ocrx_word' id='word_1_1030' title='bbox 3161 3940 3433 4008; x_wconf 86' lang='lat' dir='ltr'><strong>plusquam</strong></span> <span class='ocrx_word' id='word_1_1031' title='bbox 3461 3941 3625 3992; x_wconf 83' lang='lat' dir='ltr'><strong>semel</strong></span> <span class='ocrx_word' id='word_1_1032' title='bbox 3655 3939 3881 3992; x_wconf 72' lang='lat' dir='ltr'><strong>dicendo</strong></span> 
     </span>
    </p>
   </div>
   <div class='ocr_carea' id='block_1_132' title="bbox 2324 4009 3881 4078">
    <p class='ocr_par' dir='ltr' id='par_1_132' title="bbox 2324 4009 3881 4078">
     <span class='ocr_line' id='line_1_132' title="bbox 2324 4009 3881 4078; baseline 0.003 -21"><span class='ocrx_word' id='word_1_1033' title='bbox 2324 4021 2668 4060; x_wconf 87' lang='lat' dir='ltr'><strong>numeramus</strong></span> <span class='ocrx_word' id='word_1_1034' title='bbox 2692 4009 3082 4063; x_wconf 80' lang='lat' dir='ltr'><strong>diSIributione.</strong></span> <span class='ocrx_word' id='word_1_1035' title='bbox 3114 4010 3204 4062; x_wconf 84' lang='lat' dir='ltr'><strong>Vel</strong></span> <span class='ocrx_word' id='word_1_1036' title='bbox 3232 4026 3293 4063; x_wconf 86' lang='lat' dir='ltr'><strong>ea</strong></span> <span class='ocrx_word' id='word_1_1037' title='bbox 3320 4026 3438 4078; x_wconf 75' lang='lat' dir='ltr'><strong>quze</strong></span> <span class='ocrx_word' id='word_1_1038' title='bbox 3464 4025 3592 4063; x_wconf 70' lang='lat' dir='ltr'><strong>Vere</strong></span> <span class='ocrx_word' id='word_1_1039' title='bbox 3619 4021 3702 4062; x_wconf 80' lang='lat' dir='ltr'><strong>est</strong></span> <span class='ocrx_word' id='word_1_1040' title='bbox 3746 4009 3881 4062; x_wconf 82' lang='lat' dir='ltr'><strong>sicut</strong></span> 
     </span>
    </p>
   </div>
   <div class='ocr_carea' id='block_1_133' title="bbox 2323 4078 3880 4135">
    <p class='ocr_par' dir='ltr' id='par_1_133' title="bbox 2323 4078 3880 4135">
     <span class='ocr_line' id='line_1_133' title="bbox 2323 4078 3880 4135; baseline 0.004 -9"><span class='ocrx_word' id='word_1_1041' title='bbox 2323 4078 2518 4129; x_wconf 89' lang='lat' dir='ltr'><strong>dicitur</strong></span> <span class='ocrx_word' id='word_1_1042' title='bbox 2541 4078 2849 4132; x_wconf 56' lang='lat' dir='ltr'><strong>disttibutio</strong></span> <span class='ocrx_word' id='word_1_1043' title='bbox 2883 4097 2895 4132; x_wconf 90' lang='lat'><strong>:</strong></span> <span class='ocrx_word' id='word_1_1044' title='bbox 2930 4089 2987 4132; x_wconf 91' lang='lat' dir='ltr'><strong>ut</strong></span> <span class='ocrx_word' id='word_1_1045' title='bbox 3011 4095 3131 4133; x_wconf 91' lang='lat' dir='ltr'><strong>cum</strong></span> <span class='ocrx_word' id='word_1_1046' title='bbox 3177 4082 3241 4135; x_wconf 88' lang='lat' dir='ltr'><strong>de</strong></span> <span class='ocrx_word' id='word_1_1047' title='bbox 3291 4081 3509 4134; x_wconf 84' lang='lat' dir='ltr'><strong>Platone</strong></span> <span class='ocrx_word' id='word_1_1048' title='bbox 3541 4092 3592 4133; x_wconf 92' lang='lat' dir='ltr'><strong>et</strong></span> <span class='ocrx_word' id='word_1_1049' title='bbox 3621 4078 3880 4133; x_wconf 81' lang='lat' dir='ltr'><strong>Cicerone</strong></span> 
     </span>
    </p>
   </div>
   <div class='ocr_carea' id='block_1_134' title="bbox 2325 4147 3877 4217">
    <p class='ocr_par' dir='ltr' id='par_1_134' title="bbox 2325 4147 3877 4217">
     <span class='ocr_line' id='line_1_134' title="bbox 2325 4147 3877 4217; baseline 0.001 -18"><span class='ocrx_word' id='word_1_1050' title='bbox 2325 4147 2602 4217; x_wconf 86' lang='lat' dir='ltr'><strong>loquentes</strong></span> <span class='ocrx_word' id='word_1_1051' title='bbox 2646 4149 2904 4213; x_wconf 68' lang='lat' dir='ltr'><strong>dicimus,</strong></span> <span class='ocrx_word' id='word_1_1052' title='bbox 2953 4154 3138 4217; x_wconf 82' lang='lat' dir='ltr'><strong>homo,</strong></span> <span class='ocrx_word' id='word_1_1053' title='bbox 3184 4151 3376 4214; x_wconf 87' lang='lat' dir='ltr'><strong>homo,</strong></span> <span class='ocrx_word' id='word_1_1054' title='bbox 3408 4162 3741 4203; x_wconf 85' lang='lat' dir='ltr'><strong>numerantes</strong></span> <span class='ocrx_word' id='word_1_1055' title='bbox 3772 4161 3877 4201; x_wconf 87' lang='lat' dir='ltr'><strong>tam</strong></span> 
     </span>
    </p>
   </div>
   <div class='ocr_carea' id='block_1_135' title="bbox 2327 4216 3878 4287">
    <p class='ocr_par' dir='ltr' id='par_1_135' title="bbox 2327 4216 3878 4287">
     <span class='ocr_line' id='line_1_135' title="bbox 2327 4216 3878 4287; baseline 0.001 -18"><span class='ocrx_word' id='word_1_1056' title='bbox 2327 4216 2448 4270; x_wconf 91' lang='lat' dir='ltr'><strong>illos</strong></span> <span class='ocrx_word' id='word_1_1057' title='bbox 2470 4221 2558 4287; x_wconf 90' lang='lat' dir='ltr'><strong>qui</strong></span> <span class='ocrx_word' id='word_1_1058' title='bbox 2585 4232 2707 4272; x_wconf 90' lang='lat' dir='ltr'><strong>sunt</strong></span> <span class='ocrx_word' id='word_1_1059' title='bbox 2736 4234 2893 4287; x_wconf 84' lang='lat' dir='ltr'><strong>quam</strong></span> <span class='ocrx_word' id='word_1_1060' title='bbox 2920 4216 3159 4274; x_wconf 83' lang='lat' dir='ltr'><strong>diversas</strong></span> <span class='ocrx_word' id='word_1_1061' title='bbox 3192 4222 3544 4275; x_wconf 81' lang='lat' dir='ltr'><strong>humanitates</strong></span> <span class='ocrx_word' id='word_1_1062' title='bbox 3566 4262 3580 4282; x_wconf 89' lang='lat'><strong>,</strong></span> <span class='ocrx_word' id='word_1_1063' title='bbox 3614 4221 3681 4273; x_wconf 89' lang='lat' dir='ltr'><strong>ab</strong></span> <span class='ocrx_word' id='word_1_1064' title='bbox 3710 4219 3878 4271; x_wconf 86' lang='lat' dir='ltr'><strong>altera</strong></span> 
     </span>
    </p>
   </div>
   <div class='ocr_carea' id='block_1_136' title="bbox 2323 4290 3879 4355">
    <p class='ocr_par' dir='ltr' id='par_1_136' title="bbox 2323 4290 3879 4355">
     <span class='ocr_line' id='line_1_136' title="bbox 2323 4290 3879 4355; baseline 0.001 -16"><span class='ocrx_word' id='word_1_1065' title='bbox 2323 4302 2544 4355; x_wconf 88' lang='lat' dir='ltr'><strong>quarum</strong></span> <span class='ocrx_word' id='word_1_1066' title='bbox 2575 4290 2727 4350; x_wconf 86' lang='lat' dir='ltr'><strong>alter.</strong></span> <span class='ocrx_word' id='word_1_1067' title='bbox 2758 4299 2813 4344; x_wconf 89' lang='lat' dir='ltr'><strong>et</strong></span> <span class='ocrx_word' id='word_1_1068' title='bbox 2832 4296 2966 4344; x_wconf 88' lang='lat' dir='ltr'><strong>alter</strong></span> <span class='ocrx_word' id='word_1_1069' title='bbox 2985 4291 3053 4344; x_wconf 88' lang='lat' dir='ltr'><strong>ab</strong></span> <span class='ocrx_word' id='word_1_1070' title='bbox 3076 4294 3241 4345; x_wconf 87' lang='lat' dir='ltr'><strong>altera</strong></span> <span class='ocrx_word' id='word_1_1071' title='bbox 3266 4293 3459 4345; x_wconf 88' lang='lat' dir='ltr'><strong>dicitur</strong></span> <span class='ocrx_word' id='word_1_1072' title='bbox 3488 4294 3666 4343; x_wconf 89' lang='lat' dir='ltr'><strong>homo.</strong></span> <span class='ocrx_word' id='word_1_1073' title='bbox 3704 4290 3794 4341; x_wconf 85' lang='lat' dir='ltr'><strong>Vel</strong></span> <span class='ocrx_word' id='word_1_1074' title='bbox 3816 4304 3879 4342; x_wconf 84' lang='lat' dir='ltr'><strong>ea</strong></span> 
     </span>
    </p>
   </div>
   <div class='ocr_carea' id='block_1_137' title="bbox 2325 4362 3883 4429">
    <p class='ocr_par' dir='ltr' id='par_1_137' title="bbox 2325 4362 3883 4429">
     <span class='ocr_line' id='line_1_137' title="bbox 2325 4362 3883 4429; baseline 0.001 -20"><span class='ocrx_word' id='word_1_1075' title='bbox 2325 4373 2444 4424; x_wconf 68' lang='lat' dir='ltr'><strong>qua:</strong></span> <span class='ocrx_word' id='word_1_1076' title='bbox 2495 4375 2601 4411; x_wconf 93' lang='lat' dir='ltr'><strong>non</strong></span> <span class='ocrx_word' id='word_1_1077' title='bbox 2639 4374 2762 4412; x_wconf 88' lang='lat' dir='ltr'><strong>vere</strong></span> <span class='ocrx_word' id='word_1_1078' title='bbox 2791 4370 2904 4423; x_wconf 89' lang='lat' dir='ltr'><strong>est,</strong></span> <span class='ocrx_word' id='word_1_1079' title='bbox 2949 4363 3040 4414; x_wconf 85' lang='lat' dir='ltr'><strong>sed</strong></span> <span class='ocrx_word' id='word_1_1080' title='bbox 3068 4365 3295 4429; x_wconf 88' lang='lat' dir='ltr'><strong>quadam</strong></span> <span class='ocrx_word' id='word_1_1081' title='bbox 3350 4363 3642 4415; x_wconf 87' lang='lat' dir='ltr'><strong>imitatione</strong></span> <span class='ocrx_word' id='word_1_1082' title='bbox 3690 4362 3883 4413; x_wconf 79' lang='lat' dir='ltr'><strong>dicitur</strong></span> 
     </span>
    </p>
   </div>
   <div class='ocr_carea' id='block_1_138' title="bbox 2328 4429 3879 4500">
    <p class='ocr_par' dir='ltr' id='par_1_138' title="bbox 2328 4429 3879 4500">
     <span class='ocr_line' id='line_1_138' title="bbox 2328 4429 3879 4500; baseline 0.002 -21"><span class='ocrx_word' id='word_1_1083' title='bbox 2328 4429 2652 4485; x_wconf 91' lang='lat' dir='ltr'><strong>distributio.</strong></span> <span class='ocrx_word' id='word_1_1084' title='bbox 2687 4430 2752 4485; x_wconf 87' lang='lat' dir='ltr'><strong>Ut</strong></span> <span class='ocrx_word' id='word_1_1085' title='bbox 2782 4446 2901 4485; x_wconf 90' lang='lat' dir='ltr'><strong>cum</strong></span> <span class='ocrx_word' id='word_1_1086' title='bbox 2933 4448 3092 4485; x_wconf 91' lang='lat' dir='ltr'><strong>unum</strong></span> <span class='ocrx_word' id='word_1_1087' title='bbox 3121 4434 3291 4485; x_wconf 90' lang='lat' dir='ltr'><strong>solum</strong></span> <span class='ocrx_word' id='word_1_1088' title='bbox 3333 4435 3472 4500; x_wconf 90' lang='lat' dir='ltr'><strong>quod</strong></span> <span class='ocrx_word' id='word_1_1089' title='bbox 3499 4444 3598 4495; x_wconf 69' lang='grc' dir='ltr'><strong>ρει,</strong></span> <span class='ocrx_word' id='word_1_1090' title='bbox 3627 4440 3682 4485; x_wconf 90' lang='lat' dir='ltr'><strong>et</strong></span> <span class='ocrx_word' id='word_1_1091' title='bbox 3718 4446 3879 4483; x_wconf 89' lang='lat' dir='ltr'><strong>unum</strong></span> 
     </span>
    </p>
   </div>
   <div class='ocr_carea' id='block_1_139' title="bbox 2330 4500 3883 4570">
    <p class='ocr_par' dir='ltr' id='par_1_139' title="bbox 2330 4500 3883 4570">
     <span class='ocr_line' id='line_1_139' title="bbox 2330 4500 3883 4570; baseline 0.002 -21"><span class='ocrx_word' id='word_1_1092' title='bbox 2330 4500 2499 4570; x_wconf 88' lang='lat' dir='ltr'><strong>solum</strong></span> <span class='ocrx_word' id='word_1_1093' title='bbox 2546 4500 2686 4554; x_wconf 90' lang='lat' dir='ltr'><strong>unde</strong></span> <span class='ocrx_word' id='word_1_1094' title='bbox 2730 4500 2854 4555; x_wconf 92' lang='lat' dir='ltr'><strong>illud</strong></span> <span class='ocrx_word' id='word_1_1095' title='bbox 2882 4511 2981 4555; x_wconf 86' lang='lat' dir='ltr'><strong>est.</strong></span> <span class='ocrx_word' id='word_1_1096' title='bbox 3031 4501 3188 4570; x_wconf 69' lang='lat' dir='ltr'><strong>Verbi</strong></span> <span class='ocrx_word' id='word_1_1097' title='bbox 3219 4504 3431 4570; x_wconf 74' lang='lat' dir='ltr'><strong>gratia:</strong></span> <span class='ocrx_word' id='word_1_1098' title='bbox 3470 4503 3784 4555; x_wconf 77' lang='lat' dir='ltr'><strong>Ciceronem</strong></span> <span class='ocrx_word' id='word_1_1099' title='bbox 3829 4511 3883 4554; x_wconf 88' lang='lat' dir='ltr'><strong>et</strong></span> 
     </span>
    </p>
   </div>
   <div class='ocr_carea' id='block_1_140' title="bbox 2328 4568 3881 4643">
    <p class='ocr_par' dir='ltr' id='par_1_140' title="bbox 2328 4568 3881 4643">
     <span class='ocr_line' id='line_1_140' title="bbox 2328 4568 3881 4643; baseline 0.003 -23"><span class='ocrx_word' id='word_1_1100' title='bbox 2328 4568 2447 4637; x_wconf 85' lang='lat' dir='ltr'><strong>ejus</strong></span> <span class='ocrx_word' id='word_1_1101' title='bbox 2476 4570 2796 4636; x_wconf 67' lang='lat' dir='ltr'><strong>singularem</strong></span> <span class='ocrx_word' id='word_1_1102' title='bbox 2825 4568 3054 4641; x_wconf 83' lang='lat' dir='ltr'><strong>aliquam</strong></span> <span class='ocrx_word' id='word_1_1103' title='bbox 3082 4568 3458 4643; x_wconf 75' lang='lat' dir='ltr'><strong>proprietatem</strong></span> <span class='ocrx_word' id='word_1_1104' title='bbox 3506 4574 3881 4637; x_wconf 76' lang='lat' dir='ltr'><strong>iiitelligentes,</strong></span> 
     </span>
    </p>
   </div>
   <div class='ocr_carea' id='block_1_141' title="bbox 2327 4642 3879 4710">
    <p class='ocr_par' dir='ltr' id='par_1_141' title="bbox 2327 4642 3879 4710">
     <span class='ocr_line' id='line_1_141' title="bbox 2327 4642 3879 4710; baseline 0.003 -19"><span class='ocrx_word' id='word_1_1105' title='bbox 2327 4645 2552 4693; x_wconf 80' lang='lat' dir='ltr'><strong>uicimus</strong></span> <span class='ocrx_word' id='word_1_1106' title='bbox 2582 4657 2687 4694; x_wconf 93' lang='lat' dir='ltr'><strong>uno</strong></span> <span class='ocrx_word' id='word_1_1107' title='bbox 2714 4643 2925 4697; x_wconf 88' lang='lat' dir='ltr'><strong>nomine</strong></span> <span class='ocrx_word' id='word_1_1108' title='bbox 2948 4684 2963 4709; x_wconf 90' lang='lat'><strong>,</strong></span> <span class='ocrx_word' id='word_1_1109' title='bbox 3012 4642 3172 4695; x_wconf 90' lang='lat' dir='ltr'><strong>homo</strong></span> <span class='ocrx_word' id='word_1_1110' title='bbox 3196 4687 3209 4709; x_wconf 91' lang='lat'><strong>,</strong></span> <span class='ocrx_word' id='word_1_1111' title='bbox 3246 4646 3434 4697; x_wconf 91' lang='lat' dir='ltr'><strong>homo:</strong></span> <span class='ocrx_word' id='word_1_1112' title='bbox 3487 4645 3567 4696; x_wconf 86' lang='lat' dir='ltr'><strong>vel</strong></span> <span class='ocrx_word' id='word_1_1113' title='bbox 3611 4643 3840 4696; x_wconf 85' lang='lat' dir='ltr'><strong>diversis</strong></span> <span class='ocrx_word' id='word_1_1114' title='bbox 3861 4683 3879 4710; x_wconf 91' lang='lat'><strong>,</strong></span> 
     </span>
    </p>
   </div>
   <div class='ocr_carea' id='block_1_142' title="bbox 2331 4711 3883 4782">
    <p class='ocr_par' dir='ltr' id='par_1_142' title="bbox 2331 4711 3883 4782">
     <span class='ocr_line' id='line_1_142' title="bbox 2331 4711 3883 4782; baseline 0.003 -20"><span class='ocrx_word' id='word_1_1115' title='bbox 2331 4711 2536 4763; x_wconf 83' lang='lat' dir='ltr'><strong>Marcus</strong></span> <span class='ocrx_word' id='word_1_1116' title='bbox 2558 4712 2759 4765; x_wconf 83' lang='lat' dir='ltr'><strong>Tullius</strong></span> <span class='ocrx_word' id='word_1_1117' title='bbox 2778 4712 2964 4767; x_wconf 87' lang='lat' dir='ltr'><strong>Cicero</strong></span> <span class='ocrx_word' id='word_1_1118' title='bbox 2987 4730 2999 4766; x_wconf 89' lang='lat'><strong>:</strong></span> <span class='ocrx_word' id='word_1_1119' title='bbox 3026 4721 3082 4766; x_wconf 85' lang='lat' dir='ltr'><strong>et</strong></span> <span class='ocrx_word' id='word_1_1120' title='bbox 3104 4718 3269 4777; x_wconf 86' lang='lat' dir='ltr'><strong>ensis,</strong></span> <span class='ocrx_word' id='word_1_1121' title='bbox 3296 4715 3524 4782; x_wconf 76' lang='lat' dir='ltr'><strong>gladius,</strong></span> <span class='ocrx_word' id='word_1_1122' title='bbox 3553 4728 3767 4775; x_wconf 90' lang='lat' dir='ltr'><strong>mucro;</strong></span> <span class='ocrx_word' id='word_1_1123' title='bbox 3794 4725 3883 4766; x_wconf 90' lang='lat' dir='ltr'><strong>aut</strong></span> 
     </span>
    </p>
   </div>
   <div class='ocr_carea' id='block_1_143' title="bbox 2330 4783 3884 4849">
    <p class='ocr_par' dir='ltr' id='par_1_143' title="bbox 2330 4783 3884 4849">
     <span class='ocr_line' id='line_1_143' title="bbox 2330 4783 3884 4849; baseline 0.002 -16"><span class='ocrx_word' id='word_1_1124' title='bbox 2330 4783 2544 4835; x_wconf 86' lang='lat' dir='ltr'><strong>diversa</strong></span> <span class='ocrx_word' id='word_1_1125' title='bbox 2573 4800 2690 4849; x_wconf 62' lang='lat' dir='ltr'><strong>quat</strong></span> <span class='ocrx_word' id='word_1_1126' title='bbox 2718 4799 2896 4849; x_wconf 78' lang='lat' dir='ltr'><strong>supra.</strong></span> <span class='ocrx_word' id='word_1_1127' title='bbox 2930 4783 3070 4837; x_wconf 91' lang='lat' dir='ltr'><strong>unde</strong></span> <span class='ocrx_word' id='word_1_1128' title='bbox 3118 4795 3292 4839; x_wconf 90' lang='lat' dir='ltr'><strong>tamen</strong></span> <span class='ocrx_word' id='word_1_1129' title='bbox 3331 4801 3489 4837; x_wconf 91' lang='lat' dir='ltr'><strong>unum</strong></span> <span class='ocrx_word' id='word_1_1130' title='bbox 3519 4793 3644 4837; x_wconf 92' lang='lat' dir='ltr'><strong>sunt</strong></span> <span class='ocrx_word' id='word_1_1131' title='bbox 3691 4784 3884 4836; x_wconf 86' lang='lat' dir='ltr'><strong>intelli-</strong></span> 
     </span>
    </p>
   </div>
   <div class='ocr_carea' id='block_1_144' title="bbox 2328 4851 3884 4921">
    <p class='ocr_par' dir='ltr' id='par_1_144' title="bbox 2328 4851 3884 4921">
     <span class='ocr_line' id='line_1_144' title="bbox 2328 4851 3884 4921; baseline 0.004 -19"><span class='ocrx_word' id='word_1_1132' title='bbox 2328 4851 2502 4920; x_wconf 85' lang='lat' dir='ltr'><strong>gendo</strong></span> <span class='ocrx_word' id='word_1_1133' title='bbox 2532 4868 2546 4906; x_wconf 89' lang='lat'>:</span> <span class='ocrx_word' id='word_1_1134' title='bbox 2574 4864 2629 4904; x_wconf 93' lang='lat' dir='ltr'><strong>ut</strong></span> <span class='ocrx_word' id='word_1_1135' title='bbox 2648 4868 2767 4906; x_wconf 91' lang='lat' dir='ltr'><strong>cum</strong></span> <span class='ocrx_word' id='word_1_1136' title='bbox 2812 4854 3035 4907; x_wconf 91' lang='lat' dir='ltr'><strong>dicimus</strong></span> <span class='ocrx_word' id='word_1_1137' title='bbox 3061 4854 3261 4917; x_wconf 89' lang='lat' dir='ltr'><strong>alhum,</strong></span> <span class='ocrx_word' id='word_1_1138' title='bbox 3290 4858 3492 4917; x_wconf 86' lang='lat' dir='ltr'><strong>album,</strong></span> <span class='ocrx_word' id='word_1_1139' title='bbox 3526 4855 3791 4921; x_wconf 84' lang='lat' dir='ltr'><strong>loquendo</strong></span> <span class='ocrx_word' id='word_1_1140' title='bbox 3819 4857 3884 4908; x_wconf 86' lang='lat' dir='ltr'><strong>de</strong></span> 
     </span>
    </p>
   </div>
   <div class='ocr_carea' id='block_1_145' title="bbox 2329 4925 3884 4993">
    <p class='ocr_par' dir='ltr' id='par_1_145' title="bbox 2329 4925 3884 4993">
     <span class='ocr_line' id='line_1_145' title="bbox 2329 4925 3884 4993; baseline 0.001 -18"><span class='ocrx_word' id='word_1_1141' title='bbox 2329 4937 2553 4990; x_wconf 90' lang='lat' dir='ltr'><strong>corpore</strong></span> <span class='ocrx_word' id='word_1_1142' title='bbox 2582 4938 2647 4976; x_wconf 77' lang='lat' dir='ltr'><strong>ex</strong></span> <span class='ocrx_word' id='word_1_1143' title='bbox 2672 4939 2777 4992; x_wconf 89' lang='lat' dir='ltr'><strong>quo</strong></span> <span class='ocrx_word' id='word_1_1144' title='bbox 2805 4937 3014 4978; x_wconf 85' lang='lat' dir='ltr'><strong>constat</strong></span> <span class='ocrx_word' id='word_1_1145' title='bbox 3044 4925 3223 4990; x_wconf 93' lang='lat' dir='ltr'><strong>homo,</strong></span> <span class='ocrx_word' id='word_1_1146' title='bbox 3248 4938 3301 4978; x_wconf 89' lang='lat' dir='ltr'><strong>et</strong></span> <span class='ocrx_word' id='word_1_1147' title='bbox 3322 4926 3388 4979; x_wconf 89' lang='lat' dir='ltr'><strong>de</strong></span> <span class='ocrx_word' id='word_1_1148' title='bbox 3410 4927 3626 4979; x_wconf 86' lang='lat' dir='ltr'><strong>homine</strong></span> <span class='ocrx_word' id='word_1_1149' title='bbox 3654 4929 3769 4992; x_wconf 86' lang='lat' dir='ltr'><strong>ipso</strong></span> <span class='ocrx_word' id='word_1_1150' title='bbox 3795 4928 3884 4993; x_wconf 82' lang='lat' dir='ltr'><strong>qui</strong></span> 
     </span>
    </p>
   </div>
   <div class='ocr_carea' id='block_1_146' title="bbox 2334 4995 3888 5064">
    <p class='ocr_par' dir='ltr' id='par_1_146' title="bbox 2334 4995 3888 5064">
     <span class='ocr_line' id='line_1_146' title="bbox 2334 4995 3888 5064; baseline 0.001 -20"><span class='ocrx_word' id='word_1_1151' title='bbox 2334 5002 2541 5046; x_wconf 50' lang='lat' dir='ltr'><strong>constat</strong></span> <span class='ocrx_word' id='word_1_1152' title='bbox 2569 5011 2630 5047; x_wconf 70' lang='lat' dir='ltr'><strong>ex</strong></span> <span class='ocrx_word' id='word_1_1153' title='bbox 2653 5010 2740 5048; x_wconf 90' lang='lat' dir='ltr'><strong>eo.</strong></span> <span class='ocrx_word' id='word_1_1154' title='bbox 2763 4997 2890 5048; x_wconf 89' lang='lat' dir='ltr'><strong>Item</strong></span> <span class='ocrx_word' id='word_1_1155' title='bbox 2920 4996 3201 5060; x_wconf 86' lang='lat' dir='ltr'><strong>rationale,</strong></span> <span class='ocrx_word' id='word_1_1156' title='bbox 3232 4997 3505 5055; x_wconf 82' lang='lat' dir='ltr'><strong>rationale.</strong></span> <span class='ocrx_word' id='word_1_1157' title='bbox 3541 4995 3806 5064; x_wconf 86' lang='lat' dir='ltr'><strong>loquendo</strong></span> <span class='ocrx_word' id='word_1_1158' title='bbox 3834 5009 3888 5049; x_wconf 84' lang='lat' dir='ltr'><strong>et</strong></span> 
     </span>
    </p>
   </div>
   <div class='ocr_carea' id='block_1_147' title="bbox 2334 5064 3884 5133">
    <p class='ocr_par' dir='ltr' id='par_1_147' title="bbox 2334 5064 3884 5133">
     <span class='ocr_line' id='line_1_147' title="bbox 2334 5064 3884 5133; baseline 0.001 -17"><span class='ocrx_word' id='word_1_1159' title='bbox 2334 5064 2402 5116; x_wconf 88' lang='lat' dir='ltr'><strong>de</strong></span> <span class='ocrx_word' id='word_1_1160' title='bbox 2428 5065 2615 5132; x_wconf 80' lang='lat' dir='ltr'><strong>spiritu</strong></span> <span class='ocrx_word' id='word_1_1161' title='bbox 2646 5065 2895 5131; x_wconf 58' lang='lat' dir='ltr'><strong>hominis,</strong></span> <span class='ocrx_word' id='word_1_1162' title='bbox 2921 5078 2973 5119; x_wconf 87' lang='lat' dir='ltr'><strong>et</strong></span> <span class='ocrx_word' id='word_1_1163' title='bbox 3005 5066 3071 5118; x_wconf 87' lang='lat' dir='ltr'><strong>de</strong></span> <span class='ocrx_word' id='word_1_1164' title='bbox 3111 5065 3327 5120; x_wconf 85' lang='lat' dir='ltr'><strong>homine</strong></span> <span class='ocrx_word' id='word_1_1165' title='bbox 3354 5068 3440 5133; x_wconf 89' lang='lat' dir='ltr'><strong>qui</strong></span> <span class='ocrx_word' id='word_1_1166' title='bbox 3466 5076 3675 5120; x_wconf 84' lang='lat' dir='ltr'><strong>constat</strong></span> <span class='ocrx_word' id='word_1_1167' title='bbox 3703 5080 3768 5118; x_wconf 79' lang='lat' dir='ltr'><strong>ex</strong></span> <span class='ocrx_word' id='word_1_1168' title='bbox 3800 5081 3884 5118; x_wconf 86' lang='lat' dir='ltr'><strong>eo.</strong></span> 
     </span>
    </p>
   </div>
   <div class='ocr_carea' id='block_1_148' title="bbox 2337 5133 3892 5203">
    <p class='ocr_par' dir='ltr' id='par_1_148' title="bbox 2337 5133 3892 5203">
     <span class='ocr_line' id='line_1_148' title="bbox 2337 5133 3892 5203; baseline 0.002 -16"><span class='ocrx_word' id='word_1_1169' title='bbox 2337 5133 2459 5187; x_wconf 73' lang='lat' dir='ltr'><strong>limo</strong></span> <span class='ocrx_word' id='word_1_1170' title='bbox 2479 5147 2654 5187; x_wconf 80' lang='lat' dir='ltr'><strong>autent</strong></span> <span class='ocrx_word' id='word_1_1171' title='bbox 2680 5152 2799 5203; x_wconf 60' lang='lat' dir='ltr'><strong>qua;</strong></span> <span class='ocrx_word' id='word_1_1172' title='bbox 2827 5152 2930 5189; x_wconf 93' lang='lat' dir='ltr'><strong>non</strong></span> <span class='ocrx_word' id='word_1_1173' title='bbox 2962 5152 3086 5190; x_wconf 89' lang='lat' dir='ltr'><strong>vere</strong></span> <span class='ocrx_word' id='word_1_1174' title='bbox 3115 5146 3216 5197; x_wconf 88' lang='lat' dir='ltr'><strong>est,</strong></span> <span class='ocrx_word' id='word_1_1175' title='bbox 3245 5138 3337 5191; x_wconf 89' lang='lat' dir='ltr'><strong>sed</strong></span> <span class='ocrx_word' id='word_1_1176' title='bbox 3368 5137 3670 5189; x_wconf 88' lang='lat' dir='ltr'><strong>imitatione</strong></span> <span class='ocrx_word' id='word_1_1177' title='bbox 3696 5138 3892 5190; x_wconf 88' lang='lat' dir='ltr'><strong>dicitur</strong></span> 
     </span>
    </p>
   </div>
   <div class='ocr_carea' id='block_1_149' title="bbox 2336 5206 3911 5272">
    <p class='ocr_par' dir='ltr' id='par_1_149' title="bbox 2336 5206 3911 5272">
     <span class='ocr_line' id='line_1_149' title="bbox 2336 5206 3911 5272; baseline 0.001 -15"><span class='ocrx_word' id='word_1_1178' title='bbox 2336 5206 2660 5267; x_wconf 81' lang='lat' dir='ltr'><strong>distributio,</strong></span> <span class='ocrx_word' id='word_1_1179' title='bbox 2689 5221 2815 5261; x_wconf 88' lang='lat' dir='ltr'><strong>vero</strong></span> <span class='ocrx_word' id='word_1_1180' title='bbox 2846 5209 3061 5260; x_wconf 86' lang='lat' dir='ltr'><strong>nomine</strong></span> <span class='ocrx_word' id='word_1_1181' title='bbox 3088 5209 3298 5260; x_wconf 77' lang='lat' dir='ltr'><strong>iteratio</strong></span> <span class='ocrx_word' id='word_1_1182' title='bbox 3330 5218 3567 5272; x_wconf 87' lang='lat' dir='ltr'><strong>vocatur,</strong></span> <span class='ocrx_word' id='word_1_1183' title='bbox 3600 5222 3695 5259; x_wconf 85' lang='lat' dir='ltr'><strong>seu</strong></span> <span class='ocrx_word' id='word_1_1184' title='bbox 3741 5224 3911 5265; x_wconf 50' lang='lat' dir='ltr'><strong>retice</strong></span> 
     </span>
    </p>
   </div>
   <div class='ocr_carea' id='block_1_150' title="bbox 2336 5276 3892 5341">
    <p class='ocr_par' dir='ltr' id='par_1_150' title="bbox 2336 5276 3892 5341">
     <span class='ocr_line' id='line_1_150' title="bbox 2336 5276 3892 5341; baseline 0.003 -14"><span class='ocrx_word' id='word_1_1185' title='bbox 2336 5276 2474 5329; x_wconf 86' lang='lat' dir='ltr'><strong>tilio.</strong></span> <span class='ocrx_word' id='word_1_1186' title='bbox 2501 5278 2827 5330; x_wconf 67' lang='lat' dir='ltr'><strong>Lollemione</strong></span> <span class='ocrx_word' id='word_1_1187' title='bbox 2852 5293 2981 5330; x_wconf 83' lang='lat' dir='ltr'><strong>vero</strong></span> <span class='ocrx_word' id='word_1_1188' title='bbox 3011 5292 3373 5341; x_wconf 79' lang='lat' dir='ltr'><strong>numeramus,</strong></span> <span class='ocrx_word' id='word_1_1189' title='bbox 3403 5293 3523 5331; x_wconf 85' lang='lat' dir='ltr'><strong>cum</strong></span> <span class='ocrx_word' id='word_1_1190' title='bbox 3552 5293 3658 5330; x_wconf 92' lang='lat' dir='ltr'><strong>uno</strong></span> <span class='ocrx_word' id='word_1_1191' title='bbox 3678 5279 3892 5331; x_wconf 89' lang='lat' dir='ltr'><strong>nomine</strong></span> 
     </span>
    </p>
   </div>
   <div class='ocr_carea' id='block_1_151' title="bbox 2336 5347 3890 5416">
    <p class='ocr_par' dir='ltr' id='par_1_151' title="bbox 2336 5347 3890 5416">
     <span class='ocr_line' id='line_1_151' title="bbox 2336 5347 3890 5416; baseline 0.002 -19"><span class='ocrx_word' id='word_1_1192' title='bbox 2336 5347 2498 5400; x_wconf 92' lang='lat' dir='ltr'><strong>simul</strong></span> <span class='ocrx_word' id='word_1_1193' title='bbox 2528 5359 2581 5400; x_wconf 90' lang='lat' dir='ltr'><strong>et</strong></span> <span class='ocrx_word' id='word_1_1194' title='bbox 2602 5350 2766 5402; x_wconf 85' lang='lat' dir='ltr'><strong>semel</strong></span> <span class='ocrx_word' id='word_1_1195' title='bbox 2791 5348 3035 5409; x_wconf 88' lang='lat' dir='ltr'><strong>dicimus,</strong></span> <span class='ocrx_word' id='word_1_1196' title='bbox 3068 5349 3145 5401; x_wconf 87' lang='lat' dir='ltr'><strong>vel</strong></span> <span class='ocrx_word' id='word_1_1197' title='bbox 3176 5349 3352 5416; x_wconf 83' lang='lat' dir='ltr'><strong>plures</strong></span> <span class='ocrx_word' id='word_1_1198' title='bbox 3378 5349 3631 5408; x_wconf 83' lang='lat' dir='ltr'><strong>unitates,</strong></span> <span class='ocrx_word' id='word_1_1199' title='bbox 3668 5359 3724 5401; x_wconf 90' lang='lat' dir='ltr'><strong>ut</strong></span> <span class='ocrx_word' id='word_1_1200' title='bbox 3751 5350 3890 5411; x_wconf 88' lang='lat' dir='ltr'><strong>duo;</strong></span> 
     </span>
    </p>
   </div>
   <div class='ocr_carea' id='block_1_152' title="bbox 2337 5419 3893 5486">
    <p class='ocr_par' dir='ltr' id='par_1_152' title="bbox 2337 5419 3893 5486">
     <span class='ocr_line' id='line_1_152' title="bbox 2337 5419 3893 5486; baseline 0.001 -17"><span class='ocrx_word' id='word_1_1201' title='bbox 2337 5419 2420 5470; x_wconf 85' lang='lat' dir='ltr'><strong>vel</strong></span> <span class='ocrx_word' id='word_1_1202' title='bbox 2450 5422 2597 5483; x_wconf 87' lang='lat' dir='ltr'><strong>plura</strong></span> <span class='ocrx_word' id='word_1_1203' title='bbox 2628 5434 2728 5471; x_wconf 86' lang='lat' dir='ltr'><strong>una</strong></span> <span class='ocrx_word' id='word_1_1204' title='bbox 2749 5458 2764 5483; x_wconf 96' lang='lat'><strong>,</strong></span> <span class='ocrx_word' id='word_1_1205' title='bbox 2810 5430 2865 5470; x_wconf 91' lang='lat' dir='ltr'><strong>ut</strong></span> <span class='ocrx_word' id='word_1_1206' title='bbox 2912 5420 3169 5481; x_wconf 83' lang='lat' dir='ltr'><strong>homines,</strong></span> <span class='ocrx_word' id='word_1_1207' title='bbox 3200 5435 3302 5485; x_wconf 89' lang='lat' dir='ltr'><strong>qua</strong></span> <span class='ocrx_word' id='word_1_1208' title='bbox 3351 5434 3563 5486; x_wconf 87' lang='lat' dir='ltr'><strong>semper</strong></span> <span class='ocrx_word' id='word_1_1209' title='bbox 3594 5429 3649 5471; x_wconf 86' lang='lat' dir='ltr'><strong>et</strong></span> <span class='ocrx_word' id='word_1_1210' title='bbox 3684 5434 3748 5473; x_wconf 86' lang='lat' dir='ltr'><strong>ea</strong></span> <span class='ocrx_word' id='word_1_1211' title='bbox 3778 5436 3893 5486; x_wconf 79' lang='lat' dir='ltr'><strong>qua:</strong></span> 
     </span>
    </p>
   </div>
   <div class='ocr_carea' id='block_1_153' title="bbox 2334 5491 3890 5556">
    <p class='ocr_par' dir='ltr' id='par_1_153' title="bbox 2334 5491 3890 5556">
     <span class='ocr_line' id='line_1_153' title="bbox 2334 5491 3890 5556; baseline 0.003 -18"><span class='ocrx_word' id='word_1_1212' title='bbox 2334 5496 2478 5549; x_wconf 90' lang='lat' dir='ltr'><strong>sunt,</strong></span> <span class='ocrx_word' id='word_1_1213' title='bbox 2506 5497 2561 5540; x_wconf 90' lang='lat' dir='ltr'><strong>et</strong></span> <span class='ocrx_word' id='word_1_1214' title='bbox 2585 5504 2647 5541; x_wconf 87' lang='lat' dir='ltr'><strong>ea</strong></span> <span class='ocrx_word' id='word_1_1215' title='bbox 2676 5504 2745 5543; x_wconf 79' lang='lat' dir='ltr'><strong>ex</strong></span> <span class='ocrx_word' id='word_1_1216' title='bbox 2778 5491 3135 5556; x_wconf 81' lang='lat' dir='ltr'><strong>quibus’sunt,</strong></span> <span class='ocrx_word' id='word_1_1217' title='bbox 3162 5492 3260 5543; x_wconf 87' lang='lat' dir='ltr'><strong>sub</strong></span> <span class='ocrx_word' id='word_1_1218' title='bbox 3282 5507 3389 5543; x_wconf 92' lang='lat' dir='ltr'><strong>uno</strong></span> <span class='ocrx_word' id='word_1_1219' title='bbox 3418 5492 3628 5543; x_wconf 88' lang='lat' dir='ltr'><strong>illorum</strong></span> <span class='ocrx_word' id='word_1_1220' title='bbox 3655 5494 3890 5552; x_wconf 88' lang='lat' dir='ltr'><strong>nomine,</strong></span> 
     </span>
    </p>
   </div>
   <div class='ocr_carea' id='block_1_154' title="bbox 2338 5557 3893 5626">
    <p class='ocr_par' dir='ltr' id='par_1_154' title="bbox 2338 5557 3893 5626">
     <span class='ocr_line' id='line_1_154' title="bbox 2338 5557 3893 5626; baseline 0.001 -17"><span class='ocrx_word' id='word_1_1221' title='bbox 2338 5557 2421 5610; x_wconf 90' lang='lat' dir='ltr'><strong>vel</strong></span> <span class='ocrx_word' id='word_1_1222' title='bbox 2449 5560 2765 5613; x_wconf 87' lang='lat' dir='ltr'><strong>naturaliter</strong></span> <span class='ocrx_word' id='word_1_1223' title='bbox 2785 5561 3080 5625; x_wconf 91' lang='lat' dir='ltr'><strong>communi,</strong></span> <span class='ocrx_word' id='word_1_1224' title='bbox 3106 5562 3187 5614; x_wconf 87' lang='lat' dir='ltr'><strong>vel</strong></span> <span class='ocrx_word' id='word_1_1225' title='bbox 3212 5562 3487 5626; x_wconf 88' lang='lat' dir='ltr'><strong>multiplici</strong></span> <span class='ocrx_word' id='word_1_1226' title='bbox 3513 5563 3857 5615; x_wconf 76' lang='lat' dir='ltr'><strong>numerantur</strong></span> <span class='ocrx_word' id='word_1_1227' title='bbox 3880 5576 3893 5611; x_wconf 90' lang='lat'><strong>:</strong></span> 
     </span>
    </p>
   </div>
   <div class='ocr_carea' id='block_1_155' title="bbox 2338 5628 3892 5697">
    <p class='ocr_par' dir='ltr' id='par_1_155' title="bbox 2338 5628 3892 5697">
     <span class='ocr_line' id='line_1_155' title="bbox 2338 5628 3892 5697; baseline 0.003 -17"><span class='ocrx_word' id='word_1_1228' title='bbox 2338 5637 2392 5680; x_wconf 90' lang='lat' dir='ltr'><strong>et</strong></span> <span class='ocrx_word' id='word_1_1229' title='bbox 2438 5628 2550 5682; x_wconf 52' lang='lat' dir='ltr'><strong>ha&#39;c</strong></span> <span class='ocrx_word' id='word_1_1230' title='bbox 2595 5631 2808 5697; x_wconf 89' lang='lat' dir='ltr'><strong>quidem</strong></span> <span class='ocrx_word' id='word_1_1231' title='bbox 2835 5645 2955 5694; x_wconf 75' lang='lat' dir='ltr'><strong>quae</strong></span> <span class='ocrx_word' id='word_1_1232' title='bbox 3001 5632 3317 5684; x_wconf 79' lang='lat' dir='ltr'><strong>collectione</strong></span> <span class='ocrx_word' id='word_1_1233' title='bbox 3359 5634 3417 5687; x_wconf 84' lang='lat' dir='ltr'><strong>lit</strong></span> <span class='ocrx_word' id='word_1_1234' title='bbox 3463 5634 3799 5694; x_wconf 83' lang='lat' dir='ltr'><strong>numeratio,</strong></span> <span class='ocrx_word' id='word_1_1235' title='bbox 3827 5645 3892 5684; x_wconf 73' lang='lat' dir='ltr'><strong>ex</strong></span> 
     </span>
    </p>
   </div>
   <div class='ocr_carea' id='block_1_156' title="bbox 2340 5698 3894 5775">
    <p class='ocr_par' dir='ltr' id='par_1_156' title="bbox 2340 5698 3894 5775">
     <span class='ocr_line' id='line_1_156' title="bbox 2340 5698 3894 5775; baseline 0.003 -25"><span class='ocrx_word' id='word_1_1236' title='bbox 2340 5698 2732 5775; x_wconf 77' lang='lat' dir='ltr'><strong>distributionis</strong></span> <span class='ocrx_word' id='word_1_1237' title='bbox 2751 5701 2987 5775; x_wconf 84' lang='lat' dir='ltr'><strong>partibus</strong></span> <span class='ocrx_word' id='word_1_1238' title='bbox 3014 5710 3245 5775; x_wconf 72' lang='lat' dir='ltr'><strong>constat.</strong></span> <span class='ocrx_word' id='word_1_1239' title='bbox 3271 5704 3377 5756; x_wconf 80' lang='lat' dir='ltr'><strong>Sed</strong></span> <span class='ocrx_word' id='word_1_1240' title='bbox 3408 5714 3462 5757; x_wconf 88' lang='lat' dir='ltr'><strong>et</strong></span> <span class='ocrx_word' id='word_1_1241' title='bbox 3492 5701 3647 5775; x_wconf 82' lang='lat' dir='ltr'><strong>huius</strong></span> <span class='ocrx_word' id='word_1_1242' title='bbox 3661 5700 3894 5775; x_wconf 72' lang='lat' dir='ltr'><strong>[F.hocl</strong></span> 
     </span>
    </p>
   </div>
   <div class='ocr_carea' id='block_1_157' title="bbox 2342 5770 3895 5845">
    <p class='ocr_par' dir='ltr' id='par_1_157' title="bbox 2342 5770 3895 5845">
     <span class='ocr_line' id='line_1_157' title="bbox 2342 5770 3895 5845; baseline 0.002 -21"><span class='ocrx_word' id='word_1_1243' title='bbox 2342 5770 2623 5840; x_wconf 79' lang='lat' dir='ltr'><strong>diligenter</strong></span> <span class='ocrx_word' id='word_1_1244' title='bbox 2652 5780 2733 5826; x_wconf 85' lang='lat' dir='ltr'><strong>est</strong></span> <span class='ocrx_word' id='word_1_1245' title='bbox 2758 5771 3158 5827; x_wconf 79' lang='lat' dir='ltr'><strong>attendendum.</strong></span> <span class='ocrx_word' id='word_1_1246' title='bbox 3188 5771 3317 5828; x_wconf 81' lang='lat' dir='ltr'><strong>Nam</strong></span> <span class='ocrx_word' id='word_1_1247' title='bbox 3343 5782 3521 5845; x_wconf 85' lang='lat' dir='ltr'><strong>partes</strong></span> <span class='ocrx_word' id='word_1_1248' title='bbox 3551 5770 3690 5829; x_wconf 72' lang='lat' dir='ltr'><strong>illius</strong></span> <span class='ocrx_word' id='word_1_1249' title='bbox 3712 5770 3895 5828; x_wconf 48' lang='lat' dir='ltr'><strong>dimi?</strong></span> 
     </span>
    </p>
   </div>
  </div>
