4274 6272
431 422 557 476 l€77

1419 424 1734 478 αιωειιτι
1780 423 2118 478 ιύιιιιεττπ
2157 423 2673 477 COMMENTARIA.

3542 422 3673 477 I278

426 535 653 587 biitionis
681 552 798 603 quin
842 547 1188 590 numerantur
1222 547 1326 589 tam
1359 534 1663 587 nominibus
1684 549 1839 600 quam
1870 548 1993 599 pro-
2029 540 2069 592 Α
2107 531 2376 601 exemplo,
2409 549 2515 602 quo
2544 544 2649 586 tam
2691 548 2787 586 vox
2819 550 2974 598 quam
3006 535 3325 602 signiﬁcatio
3351 535 3536 589 eadem
3567 546 3669 604 est,

426 605 736 671 prietitibiis
760 607 989 669 diversa,
1019 619 1073 661 et
1098 623 1157 659 ra
1189 618 1307 671 qua:
1337 614 1498 667 sunt,
1530 616 1584 656 et
1615 620 1674 655 ea
1705 620 1765 654 ex
1800 608 1994 670 quibus

423 685 576 737 siiut,
597 686 650 727 ιιι
681 676 841 729 Iromo
865 679 1126 747 beryllus;
1157 676 1360 747 velgqua
1393 689 1493 747 non
1523 674 1571 724 id
1604 673 1869 747 nuodest,
1898 675 1991 725 sed

422 761 484 798 ea
508 763 571 798 ex
602 750 793 813 quibus
819 757 919 808 est,
946 743 1002 798 iit
1029 747 1185 798 homo
1210 743 1492 805 albus;vel
1518 754 1695 810 partes
1720 744 1861 795 illius
1874 760 1994 809 qua:

426 816 719 869 imitatione
749 818 941 868 dit-itur
988 815 1323 875 diS'ributio,
1361 815 1500 865 nulla
1544 813 1829 881 cujuslibet
1872 830 1995 881 pro-

426 885 583 949 posui
612 887 838 937 nominis
870 885 1172 948 pluralitate
1205 884 1454 935 collectio
1484 893 1752 937 numeral.
1800 884 1853 936 In
1886 884 1995 935 illis

424 956 564 1007 enim
589 955 793 1008 duabus
822 956 1110 1008 diversitas
1136 954 1336 1017 absque
1360 954 1575 1015 unione,
1613 958 1667 1005 in
1709 953 1805 1005 hac
1838 956 1991 1006 tertia

427 1024 598 1077 uniias
623 1029 822 1091 absque
852 1025 1163 1078 diversitate
1191 1024 1523 1075 collecttouis
1568 1024 1990 1076 ntiiiierationem

380 1142 383 1147 .
430 1095 541 1147 ﬁeri
576 1111 677 1146 non
705 1095 977 1160 permittit.
1037 1095 1217 1160 Itaque
1267 1095 1639 1157 relinquuntur
1683 1093 1990 1146 collectioni

426 1174 600 1229 partes
633 1165 776 1217 illius
807 1165 1219 1223 distributionis.
1262 1179 1363 1231 qua
1393 1164 1479 1215 illa
1511 1180 1628 1232 quae
1660 1164 1992 1229 signiﬁcandi

426 1234 632 1285 ratione
657 1234 842 1287 i-adem
872 1246 995 1287 sunt
1023 1241 1298 1303 p'usquain
1332 1235 1494 1286 semel
1542 1232 1787 1291 dicendo,
1847 1243 1903 1285 ut
1927 1237 1995 1288 de

423 1303 652 1356 diversis
686 1305 876 1366 borno,
907 1309 1088 1366 boinu,
1125 1320 1228 1356 iam
1259 1319 1319 1356 ea
1351 1319 1466 1371 qua:
1514 1313 1673 1368 sunt,
1724 1319 1880 1370 quam
1930 1320 1991 1356 ea

424 1388 491 1426 ex
523 1375 713 1441 quibus
741 1385 865 1428 sunt
890 1390 1248 1427 numeramus.
1277 1376 1406 1438 Quae
1436 1375 1596 1443 igitur
1622 1374 1827 1425 duabus
1854 1376 1994 1440 prio-

426 1443 573 1495 ribus
602 1460 659 1496 re
689 1458 735 1493 et
771 1446 985 1497 nomine
1006 1446 1217 1497 diversa
1246 1444 1660 1505 distribuuntur,
1694 1459 1854 1495 unum
1883 1445 1990 1496 sci-

427 1512 548 1564 licet
575 1524 625 1565 et
656 1516 795 1566 aliud
831 1532 1012 1578 unum,
1043 1531 1145 1567 non
1176 1515 1303 1567 facit
1331 1515 1575 1567 collectio
1616 1515 1721 1564 duo
1761 1514 1992 1580 aliquid,

427 1593 480 1635 et
502 1585 643 1647 quod
667 1588 816 1637 teitia
845 1602 898 1635 re
937 1597 1100 1639 et.tur
1123 1588 1202 1637 bis
1224 1601 1406 1645 unum,
1429 1599 1533 1636 non
1559 1594 1638 1636 est
1671 1586 1766 1635 nisi
1794 1599 1990 1637 unum:

430 1653 524 1705 sed
559 1669 675 1720 quae
719 1654 818 1707 sub
847 1658 1032 1707 eodem
1082 1660 1293 1709 nomine
1339 1664 1522 1722 quarta
1569 1654 1994 1718 distribuuntur,

428 1734 554 1794 vere
577 1733 791 1789 propter
814 1741 990 1777 rerum
1015 1740 1132 1794 qua!
1157 1740 1234 1778 sui
1263 1736 1299 1787 ι,
1328 1738 1375 1777 ει
1402 1741 1461 1774 i-s
1492 1725 1683 1790 quibus
1709 1735 1850 1785 sunt,
1878 1740 1992 1791 pro-

431 1792 704 1857 prieta'eni
728 1793 1011 1858 diversam,
1035 1792 1206 1847 Vllltlllll
1236 1806 1290 1846 et
1318 1798 1458 1846 aliud
1489 1812 1674 1858 unum,
1706 1809 1751 1845 et
1780 1805 1998 1861 propter

432 1860 673 1930 ejusdem
708 1866 937 1917 nominis
959 1867 1394 1931 signiﬁcationem
1418 1868 1681 1926 eamdem,
1709 1860 1991 1927 bisuiiuni,

427 1933 533 2001 duo
572 1934 768 2001 aliquid
801 1945 943 1996 sunt,
980 1945 1036 1988 ut
1064 1936 1223 1988 liomo
1267 1938 1448 1997 homo,
1480 1937 1721 1988 bnmincs
1750 1936 1871 1989 duo.
1909 1940 1996 1990 Sic

428 2000 588 2066 igitur
619 2000 868 2057 numerus
894 2020 1028 2057 unus
1054 2017 1104 2058 et
1133 2006 1268 2057 idem
1300 2014 1404 2069 est,
1436 2017 1488 2058 et
1512 2006 1599 2074 qui
1625 2008 1674 2058 in
1708 2006 1869 2058 rebus
1890 2016 1991 2068 est,

427 2083 475 2123 et
511 2089 616 2137 quo
640 2090 1001 2136 numeramus,
1030 2079 1109 2129 vi-I
1136 2077 1455 2141 colligendo,
1490 2080 1569 2127 vel
1602 2075 1992 2136 distriliuendo,

431 2144 513 2194 vel
548 2144 654 2196 veri
696 2148 926 2197 nominis
953 2147 1330 2199 distributione
1351 2189 1365 2210 ,
1400 2146 1484 2200 vel
1516 2147 1685 2214 repeti
1713 2151 1850 2200 ione.
1888 2148 1993 2202 Sed

428 2215 701 2283 quoniam,
727 2217 865 2268 sicut
896 2218 1203 2283 prardietuiu
1228 2228 1330 2277 est,
1357 2217 1458 2270 alia
1495 2222 1628 2269 ratio
1649 2227 1728 2270 est
1758 2218 1810 2269 in
1839 2220 1994 2271 rebus

429 2281 561 2348 ipsis
588 2300 863 2338 numerum
888 2281 1235 2348 consistendi,
1270 2290 1369 2339 alia
1401 2303 1485 2341 res
1518 2290 1656 2353 ipsas
1684 2296 1872 2339 eodem
1897 2305 1993 2340 iiii-

432 2355 690 2417 meranili,
713 2365 858 2408 recte
883 2358 1120 2411 dividens
1141 2362 1213 2409 ait
1233 2376 1243 2408 :
1274 2359 1419 2410 Urius
1441 2359 1653 2424 quidem
1678 2369 1753 2411 est
1770 2374 1875 2424 quo
1898 2374 1993 2410 nu-

429 2437 718 2485 meramus,
741 2430 877 2479 alter
898 2442 1024 2480 vero
1050 2429 1138 2494 qui
1163 2430 1213 2480 in
1245 2433 1403 2480 rebus
1426 2429 1842 2481 numerabilibus
1867 2445 1992 2483 eon-

428 2501 555 2557 stat,
588 2510 712 2547 vi-re
742 2496 985 2550 diversus
1008 2498 1074 2550 ab
1099 2499 1180 2551 liis
1204 2499 1252 2549 in
1278 2498 1383 2563 qui.
1408 2514 1468 2550 iis
1493 2511 1592 2553 est.
1618 2501 1821 2551 ltltenim
1849 2503 1989 2568 quod

429 2574 513 2636 εει
544 2579 725 2625 ισηιιιιι,
773 2583 859 2619 res
895 2577 978 2621 est
1023 2570 1204 2621 unitati
1250 2570 1506 2636 Stilijecta,
1540 2570 1623 2621 cui
1657 2570 1864 2622 scilicet
1906 2576 1988 2624 vel

431 2630 542 2703 ipsa
591 2638 763 2688 unitas
800 2639 955 2701 inest,
984 2652 1040 2690 ut
1085 2642 1236 2701 allio;
1287 2630 1367 2693 vel
1413 2639 1594 2703 adest,
1624 2651 1677 2691 ut
1731 2640 1985 2693 albedini.

436 2701 621 2777 Uiiitas
655 2721 779 2758 vero
796 2718 882 2760 est
914 2711 964 2760 id
992 2723 1097 2776 quo
1127 2713 1294 2776 ipsum
1319 2712 1399 2762 cui
1425 2701 1594 2773 inest
1620 2721 1670 2763 et
1701 2709 1870 2777 ipsum
1904 2713 1987 2764 cui

430 2773 602 2842 adest,
632 2777 859 2829 dicimus
887 2773 1047 2830 unum
1081 2796 1094 2829 :
1129 2773 1186 2832 tit
1213 2783 1387 2833 album
1422 2797 1610 2842 unum,
1638 2773 1831 2833 :ilbedo
1860 2799 1986 2835 una.

433 2841 635 2896 Rursus
664 2863 723 2898 ea
756 2864 871 2912 quae
899 2852 1122 2901 dicimus
1161 2865 1279 2902 esse
1324 2852 1429 2903 duo
1475 2851 1525 2903 iii
1560 2841 1719 2903 relrus
1748 2865 1894 2915 sunt,
1937 2855 1985 2905 id

433 2924 534 2973 est,
567 2931 651 2968 res
679 2927 802 2969 sunt
831 2918 1071 2971 dualitaii
1112 2920 1355 2973 similiter
1398 2922 1652 2988 subjectae
1678 2963 1690 2979 .
1720 2939 1839 2988 qiue
1869 2924 1988 2975 dua:

433 2994 556 3057 sunt
580 3001 593 3035 :
623 2995 677 3037 ut
699 2989 939 3043 homines
961 2990 1084 3052 duo,
1112 2992 1191 3042 vel
1222 2992 1419 3057 lapides
1447 2995 1573 3044 duo.
1602 2992 1837 3045 Dualitas
1860 3010 1988 3047 vero

436 3055 565 3126 nihil
591 3067 693 3123 est,
724 3058 774 3109 id
799 3070 899 3120 est,
922 3076 1024 3111 non
1048 3072 1127 3112 est
1155 3055 1350 3126 aliquid
1374 3065 1454 3114 cui
1481 3066 1561 3115 vel
1587 3066 1725 3115 adsit
1752 3065 1832 3115 vel
1863 3066 1985 3117 insit

433 3124 679 3202 dualitas.
733 3129 854 3195 quia
884 3130 1012 3202 nibil
1042 3132 1089 3183 ei
1116 3143 1208 3183 aut
1235 3124 1408 3185 inesse
1436 3142 1526 3184 aut
1563 3136 1752 3186 adesse
1786 3146 1979 3202 potesr,

430 3197 529 3267 sed
556 3206 772 3267 tantum
821 3211 901 3251 est
926 3201 1153 3254 dualitas
1183 3219 1280 3267 qua
1326 3204 1432 3254 duo
1476 3205 1718 3256 homines
1758 3197 1841 3257 vel
1878 3197 1983 3257 duo

2105 604 2241 655 idem
2275 604 2508 656 ostendit
2533 606 2715 655 dii-eus
2748 622 2762 655 :
2801 604 2951 656 Velut
2982 606 3023 658 si
3065 620 3402 659 communem
3459 616 3674 660 natura-

2103 673 2223 724 liter
2248 674 2656 740 appcllatioriem
2682 688 2778 726 usu
2801 677 3145 737 contraliens,
3169 676 3233 726 ad
3256 678 3415 727 limini
3441 693 3504 728 er
3529 678 3670 731 illius

2100 753 2301 794 tantum
2344 744 2395 795 in
2423 745 2615 796 ellectu
2657 744 2863 804 dii-am,
2895 747 3009 807 sol,
3040 747 3151 803 sol.
3196 747 3274 796 sul
3296 789 3308 809 ,
3344 762 3446 797 non
3477 761 3668 800 eorum

2097 829 2215 877 qua!
2235 823 2380 873 sunt,
2412 825 2464 865 et
2491 829 2675 866 eorum
2701 814 2891 879 quibus
2920 826 3039 865 sunt
3069 815 3370 881 pluralitate
3393 827 3500 867 tres
3526 821 3640 870 sole

2099 884 2471 935 numeratione
2514 883 2820 946 elleceriin,
2874 884 2966 936 sed
3019 895 3220 936 tantum
3264 887 3329 937 de
3377 902 3481 936 uno
3525 885 3665 947 quod

2095 963 2197 1013 est,
2226 964 2278 1005 et
2312 964 2513 1006 mntem
2545 969 2706 1005 unum
2738 968 2844 1020 quo
2870 963 2948 1007 est
2979 957 3296 1020 repetitione
3336 960 3494 1007 toties
3526 956 3663 1009 idem

2098 1034 2177 1075 ter
2206 1023 2628 1089 priedicaverim.

2170 1092 2288 1145 Non
2312 1093 2501 1163 igitur,
2532 1105 2636 1147 etc.
2669 1092 2686 1163 ]
2716 1093 2793 1147 Ab
2822 1093 3031 1157 exempl
3057 1110 3079 1145 ε
3114 1092 3297 1157 infert,
3342 1095 3491 1159 quasi
3530 1110 3543 1145 :
3581 1095 3663 1147 Di-

2096 1164 2268 1214 cendo
2288 1162 2512 1215 diversis
2526 1180 2631 1216 non
2656 1162 3047 1230 signiﬁcatione
3067 1164 3158 1216 si-d
3188 1178 3315 1216 voce
3340 1165 3663 1229 nominibus,

2096 1237 2261 1299 ensis,
2298 1249 2500 1295 mucro,
2532 1235 2775 1301 gladius;
2808 1245 2860 1287 et
2891 1251 2993 1285 uno
3022 1246 3127 1287 tam
3156 1249 3286 1286 voce
3311 1249 3467 1298 quam
3501 1236 3669 1299 signi-

2098 1302 2344 1356 ﬁcatione
2366 1306 2579 1358 nomine
2609 1323 2619 1355 :
2660 1306 2777 1367 sol,
2811 1305 2887 1357 snl
2908 1346 2921 1368 ,
2946 1306 3063 1365 sol,
3109 1321 3213 1356 non
3238 1304 3360 1356 facit
3392 1319 3665 1358 numerum

2100 1374 2406 1438 praedicatio
2457 1375 2773 1441 repetitione
2813 1376 2973 1428 trina.
3014 1374 3273 1428 Similiter
3295 1389 3423 1439 ergo
3452 1378 3493 1427 si
3526 1384 3581 1427 et
3599 1375 3667 1428 de

2103 1443 2278 1505 Patre,
2309 1458 2371 1495 ac
2393 1445 2460 1496 de
2478 1443 2614 1497 Filio
2635 1446 2771 1511 eius,
2802 1455 2855 1498 et
2872 1446 2939 1497 de
2961 1445 3236 1498 amborum
3261 1445 3459 1507 Spiritu
3481 1457 3667 1497 sancto

2101 1514 2260 1584 tertio
2292 1515 2610 1581 praedicetur
2636 1515 2801 1579 Deus,
2849 1530 2951 1567 non
2981 1516 3182 1567 idcirco
3213 1516 3347 1567 trioa
3378 1515 3489 1567 Inec
3524 1530 3665 1584 pra:-

2098 1581 2295 1635 dicatio
2353 1584 2759 1650 prmdicatoruin
2790 1600 3068 1637 numerum
3096 1584 3237 1638 facit.
3282 1585 3391 1637 Hoc
3413 1581 3578 1650 enim,
3608 1586 3659 1638 id

2098 1664 2181 1704 est
2204 1656 2301 1704 lioc
2332 1669 2551 1706 numero
2584 1670 2794 1716 rerum,
2835 1655 2933 1706 lioe
2977 1657 3190 1708 n0iiiine
3230 1656 3365 1722 quod
3395 1665 3476 1708 est
3496 1656 3661 1721 Deus,

2104 1723 2505 1789 przedicatarum
2538 1727 2675 1776 trina
2705 1726 3011 1789 pradicatio
3055 1725 3161 1776 illis
3189 1727 3339 1787 solis,
3377 1736 3431 1776 ut
3464 1726 3657 1787 praedi-

2101 1802 2241 1844 clunt
2259 1804 2358 1855 est,
2378 1794 2642 1859 imminet,
2670 1795 2718 1847 id
2737 1804 2839 1857 est,
2868 1810 2989 1848 esse
3016 1796 3241 1856 videtur,
3267 1797 3354 1863 qui
3386 1799 3520 1847 inter
3537 1811 3657 1859 eos,

2104 1863 2153 1913 id
2186 1871 2287 1927 est,
2320 1864 2551 1925 Patrem,
2576 1876 2629 1917 et
2653 1865 2865 1927 Filium,
2896 1878 2949 1918 et
2980 1865 3232 1929 Spiritum
3263 1876 3500 1917 sanctum
3524 1907 3537 1925 ,
3566 1883 3659 1920 sua

2100 1936 2351 1998 opinione
2404 1934 2601 1987 faciunt
2658 1937 2938 2002 quamdam
2985 1935 3293 1988 distantiam
3328 1936 3658 1998 meriturum,

2096 2003 2288 2070 quibus
2310 2003 2518 2075 Patrem
2551 2004 2705 2075 Filio,
2733 2016 2786 2058 et
2822 2005 3013 2057 Filium
3045 2004 3247 2069 Spiritu
3278 2014 3460 2058 sancto
3489 2006 3660 2075 majo-

2098 2088 2208 2125 rem
2237 2088 2354 2126 esse
2376 2074 2577 2127 dicunt.
2605 2073 2893 2128 Catholicis
2914 2076 3040 2128 nillil
3072 2091 3198 2130 vero
3220 2073 3659 2129 constituentibus

2098 2142 2195 2196 bac
2225 2143 2520 2197 differentia
2560 2149 2890 2208 meritorum,
2936 2147 2985 2198 id
3017 2159 3100 2198 εει
3130 2161 3232 2197 non
3260 2147 3661 2200 continentibus

2095 2228 2159 2266 ex
2194 2216 2313 2279 liae,
2344 2230 2460 2279 qua:
2487 2215 2553 2268 ab
2575 2217 2693 2269 aliis
2719 2218 2963 2284 lingitur,
2994 2217 3299 2269 meriturum
3328 2218 3654 2281 diversitate,

2096 2285 2499 2351 pra‘dicatoruni
2532 2286 2631 2338 lioc
2656 2289 2871 2341 nomine
2899 2287 3038 2351 quod
3062 2298 3143 2340 est
3175 2288 3331 2348 Deus,
3377 2287 3659 2339 diversita-

2097 2362 2225 2417 tem,
2260 2370 2532 2424 ipsainque
2555 2359 2860 2424 pra-dictam
2909 2357 3131 2410 formam
3175 2357 3491 2422 ponentibus
3514 2372 3655 2421 esse,

2097 2432 2152 2476 ut
2182 2426 2427 2496 ipsaest,
2488 2430 2535 2477 id
2568 2435 2676 2490 εει,
2720 2443 2875 2481 uuam
2907 2427 3242 2496 singulariter
3273 2443 3391 2481 esse
3415 2466 3431 2490 ,
3488 2444 3657 2495 neque

2093 2509 2213 2548 esse
2242 2495 2386 2551 aliud
2415 2512 2573 2564 quam
2603 2508 2685 2550 est
2715 2499 2887 2566 ipsum
2915 2495 3052 2565 quod
3076 2510 3159 2551 εει
3179 2538 3192 2559 ,
3241 2496 3290 2550 id
3316 2508 3416 2559 est,
3442 2514 3660 2551 omnino

2092 2568 2386 2633 simplicem
2417 2571 2590 2622 οὐσίαν
2630 2584 2750 2622 εεεε
2781 2570 3143 2636 opinantibus,
3183 2584 3303 2622 es-e
3329 2578 3473 2621 recte
3503 2568 3654 2622 vide-

2094 2645 2176 2707 tur
2218 2638 2286 2689 de
2337 2641 2523 2692 eodem
2543 2640 2825 2705 prmdicato
2852 2642 2986 2693 faeta
3012 2639 3278 2707 repetitio,
3308 2656 3351 2705 pi
3378 2640 3478 2691 tius
3498 2653 3655 2704 quam

2090 2705 2284 2760 diversi
2318 2710 2586 2777 praedicari
2615 2711 2965 2773 enumeratio,
2997 2726 3117 2762 cum
3149 2705 3362 2771 dicitur,
3397 2710 3550 2761 Pater
3576 2720 3660 2762 est

2092 2777 2262 2849 Deus,
2321 2778 2487 2832 Filius
2514 2792 2595 2833 est
2626 2780 2766 2834 Deus
2788 2820 2803 2842 ,
2850 2782 3083 2849 Spiritus
3127 2793 3340 2832 sanctus
3380 2789 3463 2832 est
3495 2779 3656 2833 Deus.

2089 2847 2202 2900 Non
2227 2851 2365 2900 enini
2385 2852 2607 2904 diversa:
2628 2854 2871 2904 essentne
2896 2847 2983 2903 bis
3008 2852 3174 2903 tribus
3206 2851 3657 2917 propositionibus

2092 2918 2394 2983 pra'dieata:
2424 2930 2567 2973 sunt.
2610 2925 2782 2989 Atque
2815 2923 2928 2975 haec
2958 2922 3204 2974 trinitatis
3227 2961 3240 2983 ,
3272 2923 3319 2972 id
3352 2930 3432 2973 est
3462 2920 3512 2972 hi
3545 2930 3656 2974 tres

2087 2989 2406 3056 quibusdam
2432 2990 2840 3058 proprietatibus
2869 3007 2895 3043 a
2929 3008 2986 3045 se
3026 2992 3249 3044 invicem
3281 2991 3497 3051 diversi,
3530 3000 3657 3045 sunt

2089 3061 2435 3126 singulariter
2475 3070 2528 3113 et
2564 3062 2879 3130 simpliciter
2908 3077 3042 3116 unus
3072 3061 3247 3114 Deus:
3299 3062 3443 3112 velut
3484 3062 3651 3124 ensis,

2086 3140 2245 3201 atque
2265 3146 2468 3193 mucro,
2490 3148 2589 3183 una
2621 3134 2871 3201 singulari
2905 3133 3194 3199 praedicata
3226 3133 3495 3184 nominum
3518 3146 3652 3199 qua-

2089 3200 2235 3271 litate
2258 3216 2392 3252 tinus
2429 3200 2767 3268 singulariter
2792 3203 3017 3271 gladius.
3067 3202 3194 3255 Item
3220 3205 3363 3255 velut
3390 3202 3503 3267 sol,
3536 3200 3644 3265 sol,

432 3264 635 3341 lapides
660 3269 789 3341 fiunt
830 3274 956 3323 duo.
988 3272 1136 3323 Sicut
1164 3264 1302 3325 enim
1342 3275 1628 3341 qualitate,
1675 3291 1777 3327 non
1826 3278 1935 3341 ipsa
1963 3317 1977 3339 ,
2010 3272 2055 3333 C
2085 3270 2186 3333 sol,
2213 3285 2311 3322 una
2334 3264 2587 3338 singulari
2619 3264 2807 3339 lorma,
2834 3289 2970 3326 unus
2999 3274 3096 3325 sol.

429 3341 523 3388 sed
556 3338 858 3413 subjecer
890 3342 1043 3409 cujus
1084 3343 1217 3408 ipsa,
1251 3338 1408 3411 quale
1438 3355 1519 3397 est
1548 3363 1559 3396 :
1591 3346 1658 3396 ita
1688 3338 1983 3413 quantitate

431 3422 532 3481 non
567 3410 699 3473 ipsa,
731 3411 825 3463 sed
857 3415 995 3479 quod
1041 3410 1412 3480 ei‘subjeetuui
1441 3425 1555 3479 est,
1596 3410 1848 3481 quantum
1879 3428 1980 3469 est.

427 3477 650 3545 Ideoque
682 3496 783 3533 non
818 3477 989 3535 unitas
1022 3482 1156 3552 ipsa,
1188 3477 1451 3553 sed,qiioil
1485 3477 1850 3550 Bl-ru—DjeClUlll
1879 3497 1979 3550 «εει,

425 3563 586 3599 unum
619 3558 862 3627 est;__uei:
888 3555 1117 3605 dualitas
1147 3555 1280 3621 ipsa,
1313 3557 1404 3607 sed
1433 3556 1572 3620 quod
1602 3557 1647 3609 ci
1681 3557 1980 3627 sulijecnint

422 3629 521 3696 est.
554 3632 696 3696 recte
720 3625 912 3675 dicitur
932 3628 1057 3677 duo.
1083 3628 1335 3690 Quamvis
1359 3636 1511 3694 tropo
1540 3642 1646 3696 quo
1676 3625 1866 3680 nomen
1894 3630 1978 3682 el-

386 3728 395 3735 .
423 3688 592 3764 lectus
614 3694 678 3743 ad
708 3709 921 3746 CHUSMII
974 3688 1189 3747 ιτςιιιειιπι
1218 3696 1340 3758 itur,
1390 3688 1571 3749 unita;
1592 3697 1703 3764 ipsa
1751 3714 1851 3750 una
1872 3740 1883 3758 ,
1931 3714 1981 3753 ei

421 3761 645 3813 diialitas
677 3764 809 3828 ipsa.
852 3766 902 3817 id
940 3777 1020 3818 est
1050 3768 1225 3819 unitas
1255 3782 1309 3822 et
1356 3767 1564 3830 unitas,
1597 3761 1703 3820 duo
1738 3768 1980 3832 dicatur;

420 3840 473 3883 et
500 3835 685 3883 eodem
716 3837 871 3886 modo
897 3848 979 3887 est
1011 3839 1060 3887 in
1091 3839 1300 3889 ClBlt'l‘lS
1325 3840 1579 3898 numeris,
1612 3840 1662 3890 id
1694 3852 1771 3891 est
1805 3851 1899 3892 teri
1924 3856 1982 3892 a-

424 3903 504 3952 rio
531 3916 578 3951 et
604 3906 963 3967 quaternario,
996 3916 1047 3957 et
1072 3907 1345 3974 deinceps.
1379 3909 1508 3960 Nam
1541 3925 1666 3961 vere
1694 3910 1868 3962 omnis
1891 3926 1985 3961 nu-

424 3986 600 4022 merus
629 3992 637 4018 ι
662 3990 729 4022 on
763 3980 967 4027 numeri
1005 3975 1190 4041 ipsius,
1217 3979 1308 4028 sed
1344 3994 1519 4030 rerqu
1559 3979 1658 4030 sibi
1689 3980 1985 4045 supposita-

424 4056 544 4115 runt
567 4050 649 4093 est
676 4058 946 4107 iuuerus,
971 4060 1124 4112 quas,
1157 4048 1295 4099 sicut
1316 4063 1458 4115 saepe
1480 4050 1587 4114 jam
1617 4051 1869 4112 diximus,
1904 4052 1984 4103 Vcl

420 4114 756 4171 collectione,
792 4129 907 4181 quae
936 4130 1150 4181 semper
1180 4133 1303 4169 νοτε
1334 4114 1654 4185 pluralitatis
1681 4134 1782 4181 εει,
1812 4132 1864 4172 et
1892 4139 1982 4173 eo-

420 4198 536 4234 rum
561 4200 676 4247 qiiae
699 4198 841 4246 sunt,
866 4194 1117 4237 eteorum
1143 4204 1203 4239 ex
1231 4190 1420 4254 quibus
1441 4199 1585 4252 sunt,
1611 4205 1982 4254 numeramus;

424 4255 504 4329 vel
531 4254 923 4329 distributione,
959 4272 1075 4323 qua:
1105 4273 1206 4309 non
1234 4272 1464 4327 semper.
1507 4261 1642 4329 Iirgo
1681 4278 1729 4312 in
1763 4276 1984 4314 numero

418 4325 506 4391 qui
530 4326 720 4376 dicitur
746 4332 1058 4399 nutrici-alin,
1079 4344 1185 4396 quo
1205 4325 1404 4382 seiliei-t
1432 4325 1791 4393 numeramus,
1818 4348 1983 4399 smpe,

415 4404 548 4446 sicut
603 4394 911 4468 [ll‘ilftllclu.ll
961 4394 1361 4467 esu—repetitio
1402 4402 1555 4454 unius
1603 4404 1750 4468 quasi
1793 4394 1985 4455 multa;

421 4480 459 4515 ri
482 4480 534 4540 in
569 4467 825 4540 uiiitatuiii
856 4481 970 4540 eam
999 4484 1116 4534 qua:
1158 4471 1267 4523 sola
1302 4472 1596 4525 imitatione
1623 4467 1821 4526 dicitur
1872 4475 1988 4540 plu-

416 4534 676 4610 ralilatem
728 4536 867 4590 Iairit.
907 4539 958 4589 In
992 4555 1167 4591 rerum
1202 4556 1325 4595 vero
1374 4558 1597 4595 nurnero
1625 4544 1712 4610 qui
1742 4534 1885 4597 verie'
1907 4551 1986 4597 est

414 4605 738 4681 exiri-arum
772 4624 945 4660 rerum
977 4611 1299 4676 pi0piietate
1338 4613 1573 4675 diversa,
1606 4605 1708 4665 non
1738 4614 1983 4681 repetitio

417 4675 571 4751 unius
598 4692 713 4741 qum
741 4689 841 4740 est,
872 4681 1025 4751 quasi
1053 4682 1120 4731 sit
1154 4683 1413 4735 uriitatuin
1453 4682 1736 4735 multarum
1759 4724 1773 4747 ,
1799 4675 1981 4751 'plura-

417 4750 613 4799 litiiteiii
648 4751 768 4800 lactt
800 4764 813 4801 :
849 4753 965 4801 utsi
999 4750 1065 4802 de
1093 4752 1279 4804 eodem
1308 4755 1355 4803 iu
1383 4756 1529 4806 vocis
1575 4750 1830 4821 materia,
1876 4771 1977 4807 noii

417 4821 467 4867 in
514 4832 688 4869 rerum
744 4822 1130 4887 signiﬁcatione
1179 4822 1404 4874 diversis
1445 4825 1742 4878 nominibus
1778 4826 1977 4887 diram,

413 4887 619 4956 gladius
656 4903 789 4938 unus
815 4932 828 4955 ,
874 4907 1056 4942 mucro
1107 4909 1238 4944 unus
1267 4934 1282 4956 ,
1333 4893 1479 4946 ensis
1510 4909 1646 4946 unus
1685 4911 1696 4943 :
1742 4905 1796 4946 et
1840 4909 1982 4948 recte

417 4958 679 5022 pra-misi,
730 4959 773 5009 si
821 4961 886 5013 de
925 4965 1113 5013 eodem
1152 4962 1345 5015 dicam.
1378 4967 1637 5025 Quoniam
1683 4966 1824 5016 enim
1878 4966 1983 5019 hoc

410 5028 682 5096 quodlibvt
699 5045 888 5082 nomen
920 5032 1232 5085 naturaliter
1253 5046 1334 5086 est
1362 5050 1644 5087 cuninuiie
1666 5038 1979 5094 multorum,

410 5110 462 5173 et
491 5116 607 5168 quae
637 5111 779 5161 sunt,
813 5112 866 5154 et
907 5119 969 5155 ex
1001 5105 1195 5170 quibus
1217 5114 1361 5171 sunt,
1406 5117 1624 5170 possunt
1670 5106 1884 5173 quidem
1916 5120 1981 5158 ex

411 5172 675 5223 intellectu
729 5174 1061 5225 diversorum
1098 5176 1209 5225 lizec
1252 5178 1437 5228 eadem
1471 5186 1558 5228 aut
1601 5177 1810 5227 diversa
1859 5191 1983 5242 pro-

409 5243 556 5303 l'erri,
587 5251 761 5292 tamen
793 5258 861 5294 ex
892 5244 1163 5295 intellectu
1197 5246 1350 5296 unius
1372 5250 1472 5298 d.ci
1510 5262 1525 5297 :
1557 5262 1621 5299 eo
1642 5251 1778 5312 quod
1812 5257 1983 5311 potest

410 5327 545 5362 unus
577 5312 863 5382 singularis
905 5315 1111 5380 gladius
1135 5353 1150 5377 ,
1184 5326 1232 5367 et
1262 5317 1329 5367 ab
1373 5332 1470 5368 una
1504 5317 1757 5382 singulari
1790 5327 1979 5367 natura

410 5393 483 5454 tot
514 5396 699 5431 vocum
729 5381 1040 5435 diversitate
1080 5387 1353 5436 vocabulis
1385 5402 1429 5449 ai
1455 5381 1708 5453 pellatiis,
1741 5384 1981 5454 agitosd.

410 5450 531 5502 lla'e
559 5466 699 5502 enim
731 5468 849 5518 qua:
869 5455 1007 5506 forte
1030 5455 1362 5506 diversarum
1397 5450 1653 5508 iiiiitatnin
1684 5450 1853 5521 putari
1888 5471 1982 5521 po-

408 5530 507 5573 test
552 5524 851 5576 numeratio
875 5564 890 5585 ,
926 5540 1029 5575 non
1062 5536 1145 5576 est
1196 5529 1497 5578 numeratio
1544 5528 1862 5586 multarum,
1892 5526 1983 5576 sed

407 5594 582 5659 potius
630 5596 711 5643 est
759 5592 915 5645 unius
970 5604 1174 5646 tantum
1223 5595 1452 5648 iteratio.
1514 5598 1575 5649 Et
1616 5598 1807 5662 repetit
1847 5595 1984 5646 idem

405 5664 736 5732 exemplum.
767 5668 950 5715 dicens
981 5680 995 5716 :
1033 5665 1181 5717 Velut
1205 5664 1249 5719 si
1281 5681 1343 5717 ex
1388 5667 1655 5721 intellectu
1691 5667 1845 5718 unius
1875 5676 1987 5716 tan-

405 5747 536 5792 tum.
561 5746 611 5786 et
633 5734 771 5801 quod
792 5740 897 5796 est,
921 5748 966 5787 ei
994 5749 1101 5802 quo
1121 5746 1223 5797 εει,
1252 5735 1321 5787 ita
1346 5737 1585 5790 dicamus
1608 5750 1736 5790 voce
1758 5738 1985 5787 diversis

405 5806 728 5875 noriiinibus,
762 5805 930 5868 ensis,
966 5820 1171 5872 mucro,
1204 5807 1432 5874 gladius,
1464 5807 1710 5875 repetitio
1728 5820 1811 5858 est
1839 5822 1984 5872 qutt-

405 5876 525 5929 dam
558 5873 821 5944 ejusdein,
867 5890 971 5929 non
1023 5873 1326 5930 numeratio
1375 5873 1740 5939 diversirrum;
1789 5885 1840 5930 et
1880 5879 1985 5928 alio

2158 3342 2263 3394 Sed
2295 3341 2390 3392 hoc
2418 3343 2638 3412 interim,
2672 3354 2775 3399 etc.
2817 3345 2826 3412 ι
2884 3344 3163 3409 Hircusque
3207 3341 3526 3410 singularem
3590 3355 3653 3397 ac

2084 3411 2380 3478 simplicem
2413 3411 2585 3465 Patris
2614 3423 2668 3467 et
2690 3411 2885 3467 Filii’et
2912 3414 3142 3481 Spiritus
3168 3414 3442 3465 amborum
3467 3427 3650 3466 essen-

2088 3481 2216 3533 tiam
2238 3498 2341 3550 qua
2366 3485 2726 3551 unusquisque
2760 3485 2970 3538 illorum
2999 3494 3050 3536 et
3066 3494 3185 3546 est,
3209 3493 3263 3535 et
3296 3483 3434 3535 Deus
3462 3495 3564 3546 εει,
3596 3492 3653 3535 ει

2088 3560 2196 3624 tres
2228 3564 2355 3605 sunt
2387 3568 2524 3605 unus
2558 3554 2717 3613 Deus.
2745 3555 3057 3624 tlii-olngicis
3079 3554 3372 3607 “tionibus
3399 3554 3650 3606 ostendit.

2088 3622 2237 3675 Nunc
2266 3623 2491 3675 diversis
2519 3622 2948 3692 proprietatibus
2976 3639 3094 3679 es~e
3143 3626 3381 3677 diversos
3410 3625 3646 3684 eosdem,

2086 3709 2309 3757 quorum
2365 3708 2468 3746 non
2525 3698 2624 3747 nisi
2676 3697 2956 3763 singularis
3010 3710 3073 3747 ac
3126 3696 3347 3762 simplex
3399 3704 3480 3745 est
3549 3712 3641 3746 es-

2085 3778 2277 3825 sentia,
2310 3764 2629 3817 naturalium
2664 3768 2956 3819 rationibus
2978 3768 3347 3819 demonstrare
3375 3766 3652 3828 Vult.QtIm

2089 3834 2298 3887 illorum
2328 3834 2378 3887 in
2406 3838 2501 3887 liae
2535 3837 2734 3888 unitate
2765 3837 3041 3891 diversitas
3064 3876 3077 3898 ,
3102 3846 3159 3888 ut
3183 3837 3509 3901 aliquatenus
3534 3853 3660 3900 pns-

2087 3916 2154 3957 Sit
2210 3905 2473 3973 intelligi,
2516 3920 2708 3971 genera
2761 3911 3078 3959 naturalium
3127 3907 3656 3971 pra-iticainentorum

2086 3976 2260 4027 omnia
2289 3987 2693 4037 commemorat,
2721 3986 2775 4028 et
2802 3986 3010 4041 quauet
3039 3977 3265 4043 qualiter
3285 3978 3350 4026 de
3370 3978 3649 4036 creaturis,

2087 4056 2141 4095 et
2181 4048 2247 4097 de
2294 4046 2399 4097 Deo
2425 4046 2691 4108 dicaniur,
2750 4048 3043 4111 pra'niittit.
3102 4048 3490 4098 Attendendum
3525 4061 3651 4097 vero

2087 4130 2243 4179 quam
2269 4116 2555 4167 artiﬁciosi:
2605 4126 2792 4168 transit
2824 4120 2887 4168 ad
2922 4118 3228 4169 eoriinidem
3268 4117 3648 4166 ostendendam

2088 4186 2470 4245 diversitatem,
2494 4200 2718 4251 quorum
2744 4186 2993 4246 unitatem
3015 4185 3342 4248 ostenderat,
3372 4187 3651 4237 ιη’ριιείυιιϐ

2092 4255 2340 4308 videlicet
2383 4258 2748 4320 exemplorum
2793 4272 2912 4322 qua:
2958 4257 3021 4307 ad
3048 4256 3440 4321 intelligendam
3475 4254 3650 4307 unita-

2091 4336 2194 4378 tcni
2225 4327 2525 4378 induxerat.
2553 4327 2767 4379 DiXerat
2788 4330 2928 4378 enim
2956 4344 2965 4378 :
3000 4330 3129 4380 Cum
3157 4326 3350 4378 dicitur
3388 4325 3524 4385 Deus
3554 4326 3653 4377 Pii-

2091 4406 2187 4461 ter,
2221 4396 2356 4450 Deus
2388 4395 2571 4459 Filius,
2608 4397 2747 4451 Deus
2787 4398 3014 4465 Spiritus
3041 4410 3275 4459 sanctus,
3319 4399 3562 4462 repetito
3585 4410 3652 4448 ne

2088 4470 2273 4521 eodem
2305 4481 2471 4536 magis
2498 4484 2655 4535 quam
2685 4469 3016 4522 enumeratio
3046 4469 3237 4522 diversi
3285 4468 3494 4520 videtur
3525 4482 3538 4520 :
3600 4477 3653 4518 et

2092 4553 2157 4591 ne
2201 4539 2317 4605 quis
2338 4540 2627 4603 dubitaret,
2654 4541 2922 4593 multivoci
2957 4553 3113 4606 atque
3140 4538 3351 4591 uniioci
3376 4552 3653 4606 compara-

2092 4612 2233 4661 tione
2260 4613 2586 4674 liriiiaverat,
2629 4611 2853 4663 dicens:
2904 4608 3062 4662 Velut
3104 4612 3268 4673 ensis,
3297 4624 3497 4671 niui-ro,
3532 4610 3649 4673 gla-

2090 4679 2245 4741 dius;
2291 4680 2436 4732 velut
2463 4682 2577 4741 sol,
2605 4681 2681 4731 sol
2712 4720 2726 4741 ,
2753 4683 2854 4732 sol.
2908 4681 3012 4732 Sed
3058 4684 3105 4729 in
3132 4679 3216 4730 bis
3244 4690 3346 4730 tam
3376 4680 3487 4744 ejus
3510 4678 3650 4744 quod

2087 4759 2165 4802 est
2195 4765 2349 4815 quam
2378 4754 2494 4815 eius
2518 4765 2623 4817 quo
2672 4758 2753 4802 est
2784 4752 3028 4816 repetitio
3060 4750 3193 4801 facta
3223 4761 3323 4801 est.
3371 4748 3448 4801 Cu
3473 4767 3500 4798 ii
3527 4764 3653 4800 vero

2088 4820 2284 4872 dicitur
2318 4820 2479 4881 Deus,
2514 4820 2671 4879 Deus,
2710 4820 2877 4883 Deus,
2905 4821 3132 4887 primum
3161 4822 3228 4871 de
3249 4820 3426 4879 l’atre,
3457 4833 3652 4871 secun-

2085 4891 2210 4942 dum
2239 4892 2307 4941 de
2357 4887 2522 4952 Filio,
2556 4892 2769 4941 tertium
2812 4892 2878 4943 de
2910 4886 3112 4959 Spiritu
3164 4901 3346 4942 sancto
3377 4905 3390 4939 :
3434 4890 3572 4956 quod
3601 4901 3654 4941 et

2086 4962 2199 5021 ipse
2226 4970 2413 5027 aperit,
2442 4963 2623 5012 dicens
2649 4976 2661 5012 :
2694 4959 2835 5013 Deus
2874 4962 3030 5014 Pater
3050 5001 3066 5025 ,
3117 4960 3255 5012 Deus
3286 4960 3472 5020 Filius,
3519 4962 3656 5011 Deus

2086 5030 2316 5098 Spiritus
2345 5041 2560 5084 sanctus
2587 5069 2602 5094 ,
2642 5046 2825 5083 eorum
2872 5033 3083 5096 quidem
3131 5032 3364 5097 quisunt
3394 5030 3529 5081 Deus
3551 5045 3652 5081 nu-

2088 5103 2311 5152 meratio
2338 5102 2471 5152 facta
2493 5113 2596 5163 εει,
2624 5108 2736 5167 ejus
2761 5117 2885 5155 vero
2912 5118 3017 5169 quo
3045 5112 3169 5153 sunt
3198 5100 3355 5161 Dens,
3380 5100 3648 5166 repetitio.

2084 5172 2185 5223 Sed
2217 5172 2319 5224 boc
2348 5171 2608 5223 divisione
2633 5172 2818 5225 melius
2847 5172 3188 5239 intelligetur.
3239 5172 3292 5223 lu
3319 5171 3649 5223 naturalibus

2084 5242 2227 5292 enim
2255 5244 2394 5293 aliud
2417 5252 2500 5293 est
2523 5249 2661 5307 quod
2686 5252 2784 5306 est,
2817 5243 2957 5294 aliud
2986 5258 3089 5309 quo
3110 5251 3211 5294 est.
3236 5242 3363 5294 Item
3386 5242 3526 5292 aliud
3556 5257 3654 5291 nii-

2086 5310 2492 5373 meratio,aliiid
2535 5312 2765 5363 iteratio.
2809 5312 2899 5365 llis
2932 5313 3087 5380 igitur
3116 5314 3214 5363 ειιιι
3265 5312 3489 5363 invicem
3533 5311 3654 5374 jun-

2085 5391 2137 5433 ct
2161 5396 2208 5447 ε,
2240 5392 2469 5449 quatuor
2499 5383 2727 5447 partium
2771 5383 2960 5435 divisio
2991 5384 3242 5434 nascitur.
3283 5383 3412 5434 Nam
3460 5394 3648 5432 VttClllll

2085 5452 2350 5512 dictione,
2370 5460 2461 5502 aut
2489 5463 2710 5519 utraque
2740 5453 2962 5516 scilicet,
2988 5464 3038 5505 et
3060 5468 3178 5519 quae
3210 5463 3351 5509 sunt.
3382 5461 3434 5504 et
3462 5451 3651 5519 quibus

2093 5531 2216 5573 Sunt
2248 5535 2612 5584 titiltlerattlur,
2638 5539 2723 5573 attt
2755 5536 2975 5590 utraque
3004 5536 3350 5589 repetuntur;
3381 5534 3471 5574 aut
3500 5536 3647 5588 repe-

2093 5603 2274 5643 tuntur
2312 5606 2429 5653 quae
2458 5600 2599 5650 sunt.
2634 5595 2726 5643 sed
2764 5605 3108 5645 numerantur
3133 5594 3322 5659 quibus
3349 5602 3505 5655 sunt;
3563 5604 3653 5643 aut

2095 5674 2439 5714 nutrierantiir
2484 5677 2600 5727 quie
2630 5672 2788 5722 Sunt,
2816 5665 2907 5715 sed
2953 5672 3264 5729 repetuntur
3287 5666 3478 5731 quibus
3504 5670 3649 5715 sunt.

2096 5733 2327 5800 Utraque
2378 5742 2727 5784 numerantur
2767 5748 2910 5799 saepe
2956 5734 3187 5786 diversis
3218 5734 3543 5797 nominibus,
3596 5745 3652 5783 ut

2094 5803 2275 5866 homo,
2304 5804 2434 5866 lapis
2459 5819 2472 5862 ;
2500 5817 2639 5867 sepe
2660 5804 2872 5865 eodem,
2894 5804 3029 5857 utde
3053 5803 3272 5857 Platone
3296 5819 3348 5857 et
3368 5803 3649 5864 Cicerone,

2095 5872 2279 5939 homo,
2312 5873 2492 5939 bonio,
2526 5875 2602 5926 \el
2638 5874 2897 5928 homines.
2944 5874 3101 5943 litraq
3142 5891 3171 5928 e
3203 5885 3511 5944 repetuntur
3542 5887 3649 5928 sa:-
