4126 6180
391 344 466 397 25
1564 352 1643 405 IN
1680 348 2033 405 POBPHYRI

2143 348 2155 400 [
2189 347 2553 403 DIALOGUS
2591 350 2634 402 Ι.
3730 351 3804 404 26

393 472 629 526 videtur
651 471 1090 528 multitudinem
1107 474 1406 530 continere
1423 477 1687 531 omnium
1705 493 1830 546 quae
1853 475 1961 530 sub
1985 490 2046 528 se
2077 477 2129 541 Α
2161 473 2422 528 ordinem
2455 475 2674 540 omnia,
2705 479 2768 530 ut
2799 474 2853 528 id
2879 475 3032 546 quod
3062 474 3297 546 eligitur
3318 479 3374 530 et
3394 476 3658 545 rejicitur
3680 478 3797 534 dis-

397 568 559 616 sunt.
595 563 704 615 Sed
739 562 1080 617 cautissime
1109 572 1195 618 est
1227 566 1513 632 additum,
1547 566 1790 620 videtur.
1815 564 1872 617 Si
1895 563 2044 617 enim

399 652 546 704 nihil
582 651 698 705 haec
755 652 952 705 omnia
1011 652 1319 718 distarent,
1381 671 1496 708 una
1551 654 1898 726 significatio
1955 668 2049 722 ge-

404 739 564 793 neris
594 744 764 806 esset,
820 746 875 794 et
931 758 996 795 ea
1057 758 1184 810 quae
1246 743 1304 796 in
1362 743 1582 813 species
1644 743 1929 810 funditur,
1992 746 2048 796 et

406 845 470 882 ea
503 846 622 896 qua:
668 828 728 882 in
761 829 1092 899 cognitione
1131 830 1430 886 dividitur.
1463 833 1570 887 Sed
1627 837 1715 886 est
1743 832 1897 886 inter
1927 831 2045 886 haec

402 933 614 986 genera
640 916 771 970 talis
803 918 1134 984 diversitas,
1167 924 1224 973 et
1253 920 1408 989 quod
1439 937 1652 990 genera
1681 937 1880 976 earum
1915 935 2048 990 spe—

399 1006 647 1073 cierum,
692 1023 820 1077 quae
869 1007 980 1061 sub
1028 1024 1091 1062 se
1124 1008 1339 1062 habent
1369 1008 1514 1063 alias
1557 1010 1802 1080 species,
1837 1026 2045 1078 aequa:-

395 1095 483 1148 vis
543 1094 855 1164 speciebus
915 1095 1214 1165 aequaliter
1273 1102 1412 1152 sunt
1451 1114 1682 1168 genera.
1740 1099 2043 1154 Hominem

394 1183 552 1238 enim
606 1189 662 1237 et
693 1200 934 1254 equum,
986 1185 1086 1255 qui
1115 1186 1224 1240 sub
1275 1186 1513 1240 animali
1557 1191 1716 1253 sunt,
1770 1193 2044 1242 neutrum

397 1280 608 1328 neutro
642 1291 959 1344 possumus
1009 1275 1200 1330 dicere
1235 1276 1420 1346 prius,
1475 1288 1759 1348 quantum
1795 1278 2050 1349 pertinet

394 1364 462 1416 ad
492 1367 746 1433 tempus,
772 1363 1323 1435 inchoationemque
1355 1367 1656 1422 nascendi.
1690 1367 1908 1436 Nam_,'si
1934 1383 2042 1436 qua

394 1466 485 1503 res
522 1467 636 1503 una
661 1453 739 1504 sit
760 1451 942 1521 prior,
973 1451 1151 1506 altera
1173 1452 1480 1522 posterior,
1511 1459 1567 1508 et
1589 1455 1811 1509 eassub
1839 1455 2042 1509 unius-

394 1539 687 1609 cujusque
735 1540 967 1610 generis
1020 1541 1255 1596 nomine
1305 1542 1440 1611 quis
1484 1542 1621 1596 velit
1669 1548 1888 1613 aptare,
1931 1560 2045 1598 non

395 1628 628 1697 poterit.
661 1633 861 1685 Genus
883 1628 1039 1684 enim
1065 1630 1370 1700 speciebus
1394 1631 1518 1685 suis
1549 1631 1848 1701 aequaliter
1863 1648 2046 1701 genus

395 1723 504 1771 est.
540 1718 701 1780 Quod
746 1717 791 1772 si
825 1734 1012 1787 genus
1043 1718 1350 1789 speciebus
1383 1719 1508 1774 suis
1538 1719 1837 1789 aequaliter
1865 1737 2046 1789 genus

2159 563 2479 631 tinguntur.
2508 564 2615 617 Sed
2644 563 2738 617 illa
2757 580 2881 634 quae
2906 563 3225 632 rejicienda
3241 569 3416 635 atque
3439 566 3801 636 explodenda

2157 658 2294 706 sunt
2326 653 2488 722 prius
2519 651 2812 706 dicuntur.
2850 653 2994 706 Illud
3026 669 3161 707 vero
3200 655 3356 724 quod
3389 655 3796 712 disserendum

2158 741 2642 810 tractandumque
2675 741 2902 812 capitur
2925 741 3212 812 posterius
3237 743 3593 799 nominatur.
3619 751 3684 799 ut
3706 745 3798 800 hic

2157 829 2257 883 illa
2280 830 2566 899 posterior
2595 829 2824 900 generis
2870 829 3215 900 significatio
3249 831 3444 901 posita
3473 836 3583 897 est,
3616 849 3795 904 quam

2156 918 2559 973 disserendam
2593 923 2959 989 accepturus,
2994 918 3154 989 prius
3184 919 3575 975 definiendam
3604 927 3659 975 et
3681 927 3795 977 ter-

2158 1005 2315 1061 mino
2348 1007 2602 1076 quodam
2628 1007 3224 1062 circumscribendam
3246 1009 3792 1066 demonstrandam-

2157 1112 2269 1167 que
2283 1096 2558 1166 suscepit.
2579 1095 2780 1150 Omnis
2796 1095 2948 1150 enim
2967 1112 3055 1150 res
3073 1095 3178 1151 nisi
3198 1098 3348 1167 quod
3369 1098 3528 1167 prius
3545 1099 3640 1168 sit,
3657 1117 3794 1155 con-

2155 1187 2390 1252 stiterit,
2423 1188 2550 1256 ejus
2582 1190 2866 1240 tractatus
2918 1202 3138 1240 vacuus
3172 1187 3342 1242 modo
3375 1189 3794 1259 speculationis

2157 1275 2412 1328 habitur.
2443 1275 2657 1329 Definit
2686 1274 2868 1345 igitur
2897 1290 3081 1345 genus
3105 1275 3188 1330 sic
3212 1291 3230 1329 :
3251 1279 3444 1331 Genus
3463 1294 3610 1346 esse,
3636 1280 3790 1349 quod

2158 1364 2226 1417 ad
2263 1363 2457 1433 plures
2510 1364 2868 1418 differentias
2899 1365 3091 1434 specie
3130 1364 3414 1419 distantes
3446 1367 3503 1420 in
3540 1383 3604 1421 eo
3636 1370 3792 1438 quod

2157 1453 2292 1523 quid
2310 1453 2386 1507 sit
2407 1454 2774 1524 prmdicatur,
2791 1453 2950 1507 velut
2969 1452 3207 1517 animal,
3233 1454 3793 1524 quasdif'finitiotalis

2155 1547 2283 1596 est:
2317 1543 2526 1596 Omnia
2559 1559 2684 1612 quae
2718 1543 2959 1607 distant,
2994 1542 3169 1595 habet
3202 1545 3353 1596 inter
3382 1560 3443 1598 se
3475 1547 3792 1615 quamdam

2155 1631 2544 1686 differentiam
2580 1648 2696 1701 qua
2718 1630 2934 1685 distare
2964 1636 3020 1684 et
3043 1631 3272 1685 differre
3297 1631 3591 1687 videntur.
3623 1632 3795 1688 Porro

2156 1725 2347 1774 autem
2374 1721 2419 1774 si
2443 1721 2596 1790 quod
2623 1720 2700 1774 sit
2721 1723 2996 1790 genus,et
3024 1720 3133 1774 sub
3156 1737 3222 1774 eo
3254 1721 3478 1790 species
3499 1737 3796 1792 suppona-

394 1812 506 1872 est,
537 1806 764 1876 species
797 1806 937 1878 ipsa:
971 1809 1098 1876 ejus
1120 1808 1348 1862 ordinis
1379 1808 1530 1863 inter
1560 1824 1621 1863 se
1655 1809 1863 1879 aequali
1898 1815 2044 1864 tem-
2076 1847 2122 1910 Β
2153 1814 2269 1874 tur,
2304 1811 2448 1864 duas
2494 1808 2582 1864 vel
2618 1808 2813 1879 plures
2847 1825 3082 1863 necesse
3113 1813 3202 1864 est
3248 1810 3472 1881 species
3502 1810 3636 1880 poni
3686 1811 3796 1866 sub

394 1913 535 1965 pore
567 1902 816 1966 ortuque
847 1900 1180 1951 censentur.
1215 1902 1285 1950 At
1311 1913 1448 1952 vero
1483 1898 1538 1952 in
1567 1899 1880 1968 generibus
1916 1915 2042 1969 quae

392 1985 1050 2055 cognationesefticiunt
1075 2002 1185 2040 non
1206 1985 1283 2039 ita
1310 1991 1417 2040 est.
1451 1986 1731 2056 Quisquis
1759 1987 1913 2041 enim
1936 1988 2044 2042 fuit

393 2073 568 2144 Cupis
602 2080 782 2144 pater,
809 2074 908 2144 qui
942 2073 1200 2145 Capuam
1235 2075 1520 2141 condidit,
1555 2076 1602 2131 si
1631 2075 1818 2130 solum
1855 2075 2038 2130 filium

392 2162 594 2233 Capim
649 2163 978 2234 progenuit,
1023 2167 1078 2217 et
1117 2165 1188 2218 ab
1227 2180 1292 2218 eo
1327 2181 1442 2218 uno
1489 2165 1894 2235 Captianorum
1940 2181 2040 2220 co-

394 2253 596 2321 gnatio
621 2253 966 2322 junctioque
1017 2252 1294 2318 manavit,
1329 2253 1512 2307 distat
1561 2271 1594 2308 a
1624 2270 1830 2322 genere
1869 2255 2039 2324 cujus

391 2341 621 2410 species
639 2343 1250 2412 supponuntur,quod
1281 2357 1469 2412 genus
1498 2342 1598 2396 uni
1625 2343 2037 2414 specieigenus

389 2446 521 2483 esse
551 2447 854 2499 nunquam
882 2435 1070 2500 potest
1101 2429 1215 2484 nisi
1249 2429 1538 2500 pluribus,
1573 2432 1724 2500 quod
1760 2431 2034 2503 quoniam

385 2523 478 2572 est
508 2519 779 2572 idoneum
814 2535 1000 2589 genus
1031 2517 1199 2587 illud,
1234 2519 1288 2572 id
1322 2524 1412 2574 est
1441 2518 1794 2589 principium
1828 2536 2038 2592 cogna-

386 2610 618 2662 tionum
642 2607 817 2662 etiam
842 2608 914 2662 ab
935 2624 1050 2662 uno
1075 2607 1192 2661 filio
1215 2607 1918 2680 colligereetcongregare
1941 2626 2032 2664 co-

384 2697 754 2767 gnationem,
788 2697 942 2766 quod
975 2712 1161 2765 genus
1194 2713 1296 2767 per
1325 2698 1550 2767 species
1577 2697 1815 2752 ductum
1850 2697 2034 2753 facere

383 2802 501 2838 non
541 2791 752 2855 potest,
788 2785 898 2839 nisi
929 2785 1125 2855 plures
1169 2787 1852 2857 species'supponantur.
1886 2788 2032 2842 Con-

380 2881 500 2928 stat
533 2876 586 2927 in
619 2875 724 2929 hoc
747 2874 962 2929 distare
981 2892 1168 2944 genus
1189 2876 1338 2944 quod
1359 2876 1764 2946 cognationem
1783 2876 2030 2948 colligit,

381 2969 432 3018 et
468 2981 504 3017 a
535 2980 651 3033 quo
669 2964 890 3033 species
908 2963 1270 3019 dividuntur.
1291 2967 1488 3018 Potest
1505 2970 1702 3019 autem
1735 2966 2030 3020 distarein

383 3053 495 3108 hoc
527 3054 705 3106 etiam
740 3054 892 3123 quod
925 3069 1134 3124 genus,
1167 3053 1222 3107 id
1250 3058 1338 3108 est
1359 3053 1709 3125 principium
1735 3054 2030 3126 cognatio-

380 3146 472 3196 nis
528 3147 720 3211 potest
768 3142 980 3196 habere
1030 3143 1138 3196 sub
1190 3157 1252 3198 se
1284 3143 1453 3209 duos,
1482 3159 1545 3197 ex
1582 3161 1642 3198 se
1666 3160 1779 3197 non
1813 3143 2017 3212 aequali

2153 1915 2380 1970 genere,
2415 1899 2691 1968 quoniam
2719 1898 2894 1952 unius
2925 1898 3136 1968 speciei
3169 1914 3355 1969 genus
3387 1915 3515 1954 esse
3546 1916 3658 1954 non
3694 1917 3795 1970 po-

2154 1992 2286 2043 test.
2322 1988 2430 2042 Sed
2465 1987 2512 2042 si
2548 1987 2808 2057 plurimae
2850 1987 3071 2058 species
3105 1991 3297 2056 erunt,
3331 1987 3528 2058 aliqua
3559 2004 3795 2044 necesse

2151 2081 2240 2131 est
2271 2077 2598 2130 differentia
2629 2075 2982 2140 dividantur,
3039 2075 3206 2129 aliter
3237 2075 3392 2130 enim
3441 2077 3637 2147 plures
3669 2093 3794 2132 esse

2153 2183 2263 2221 non
2301 2171 2568 2237 possunt.
2591 2165 2737 2220 Nam
2761 2167 2810 2219 si
2831 2165 2974 2220 nihil
2996 2165 3238 2231 distant,
3263 2181 3379 2219 non
3400 2171 3573 2220 erunt
3596 2165 3792 2236 plures

2150 2256 2375 2324 species
2405 2261 2462 2310 et
2492 2271 2703 2309 nomen
2737 2254 2966 2325 generis
3013 2253 3180 2324 perit.
3217 2256 3456 2308 Constat
3487 2254 3667 2324 igitur
3696 2270 3792 2310 eas

2149 2344 2258 2397 sub
2288 2360 2494 2411 genere
2517 2345 2652 2413 poni
2683 2347 2927 2413 species,
2950 2358 3075 2412 quae
3100 2341 3442 2396 differentiis
3463 2342 3788 2396 distributas

2149 2431 2345 2503 plures
2370 2447 2611 2486 numero
2632 2433 2892 2502 ipsarum
2913 2430 3373 2484 differentiarum
3400 2429 3786 2486 divisionibus

2145 2525 2590 2591 componantur.
2609 2520 2772 2589 Ergo,
2788 2517 3063 2590 quoniam
3081 2519 3353 2589 superius
3366 2518 3587 2572 dictum
3611 2524 3701 2573 est
3722 2519 3782 2574 in

2145 2611 2417 2665 omnibus
2449 2608 2934 2664 definitionibusa
2951 2623 3160 2678 genere
3175 2607 3532 2662 definitionis
3553 2608 3780 2663 trahen-

2143 2700 2282 2754 dum
2317 2715 2443 2753 esse
2477 2697 2851 2768 principium,
2885 2697 2934 2751 si
2967 2713 3144 2767 quam
3177 2696 3492 2765 cujuslibet
3524 2697 3781 2767 speciam

2142 2789 2385 2844 definire
2399 2786 2672 2854 volueris,
2688 2803 2867 2856 genus
2883 2785 3071 2857 primo
3086 2785 3413 2840 necessario
3428 2786 3782 2853 nominabis,

2141 2881 2198 2932 et
2228 2878 2298 2931 ad
2332 2876 2491 2931 illam
2538 2877 2788 2948 speciem
2823 2892 3000 2946 quam
3033 2874 3264 2939 definis,
3309 2875 3538 2944 generis
3571 2890 3781 2928 nomen

2143 2966 2307 3034 prius
2339 2964 2590 3034 aptabis.
2626 2964 2691 3016 Et
2721 2963 2829 3018 hoc
2862 2961 3020 3016 illam
3057 2960 3457 3032 principaliter
3485 2961 3631 3014 dicis
3654 2977 3782 3015 esse

2141 3055 2292 3124 quod
2319 3058 2407 3108 est
2439 3052 2581 3107 illud
2609 3067 2795 3122 genus
2819 3050 2928 3104 sub
2951 3065 3064 3119 quo
3083 3049 3210 3118 ipsa
3230 3048 3453 3118 Species
3476 3063 3652 3117 quam
3680 3049 3784 3102 de-

2141 3141 2272 3196 finis
2304 3147 2394 3196 est
2425 3141 2633 3211 posita.
2671 3143 2804 3192 Post
2825 3141 3016 3191 autem
3041 3135 3386 3190 differentiis
3414 3135 3784 3206 propriisque

379 3232 665 3299 temporis
697 3230 1034 3285 conditione
1060 3231 1415 3302 progenitos,
1441 3232 1540 3285 sed
1567 3231 1721 3286 aliud
1749 3232 2026 3303 posterio-
2059 3202 2100 3267 ί)
2139 3247 2265 3285 eam
2300 3230 2372 3284 ab
2407 3229 2537 3284 aliis
2558 3226 3103 3295 circumscriptione
3136 3225 3388 3295 quadam
3421 3224 3781 3280 definitionis

378 3320 459 3374 ris
492 3327 678 3386 ortus,
713 3319 894 3375 alium
928 3336 1060 3374 vero
1091 3320 1366 3388 senioris,
1401 3321 1554 3390 quod
1590 3321 1647 3374 in
1694 3321 2028 3391 generibus,

379 3409 809 3480 specieliusque
843 3426 956 3464 non
996 3409 1284 3464 convenit.
1319 3409 1465 3463 Nam
1499 3411 1586 3478 (ut
1607 3411 1880 3481 superius
1903 3411 2030 3464 dic-

382 3509 510 3552 tum
542 3503 650 3565 est)
681 3497 906 3568 species
941 3498 1052 3553 nisi
1087 3498 1200 3552 sibi
1231 3498 1481 3568 azqualcs
1515 3499 1731 3553 fuerint
1763 3515 1874 3554 non
1909 3515 2029 3553 me-

384 3589 515 3653 rito,
548 3588 650 3641 sed
687 3592 920 3652 natura,
955 3588 1065 3642 sub
1089 3603 1300 3658 genere
1329 3589 1464 3659 poni
1492 3605 1605 3642 non
1633 3593 1902 3660 possunt.
1931 3588 2032 3643 His

383 3677 565 3746 igitur
595 3676 882 3746 expeditis
915 3676 1225 3747 sequitur:

453 3767 631 3819 Toxies
664 3765 835 3835 igitur
863 3765 931 3820 de
966 3781 1160 3836 genere
1187 3766 1355 3832 ἀει-ιο,
1405 3766 1468 3820 de
1497 3777 1778 3837 postrema
1814 3765 2030 3836 signiﬁ-

380 3858 598 3908 catione
657 3857 800 3908 inter
846 3855 1196 3925 philosophos
1251 3855 1549 3924 disputatio
1598 3864 1695 3920 est,
1729 3855 1868 3926 quod
1902 3855 2032 3924 deﬁ-

378 3945 598 3996 nientes
633 3946 716 3997 ita
764 3943 1092 4009 declarant,-
1128 3943 1299 3998 Genus
1322 3959 1434 3998 esse
1477 3942 1618 4014 quod
1656 3943 1726 3997 ad
1745 3943 2031 4014 plurimas

379 4033 731 4101 di'ﬂerentias
759 4035 937 4100 specie
967 4032 1229 4088 distantes
1252 4033 1309 4087 in
1334 4049 1394 4088 eo
1425 4032 1564 4103 quod
1595 4032 1726 4103 quid
1754 4033 1852 4098 sit,
1881 4047 2032 4104 pra?-

379 4120 622 4174 dicetur.

451 4209 616 4272 Quod
654 4209 796 4263 dicit
827 4209 1023 4275 toties,
1059 4209 1232 4263 tertio
1253 4209 1656 4264 demonstrare
1682 4209 1827 4276 vult,
1855 4213 2032 4279 atque

380 4297 490 4350 hoc
509 4297 1012 4368 propterlucidam
1039 4297 1232 4368 operis
1255 4297 1465 4352 seriem
1493 4297 1818 4352 admissum
1841 4306 1949 4362 est,
1969 4301 2032 4352 ut

378 4387 658 4456 quoniam
690 4402 874 4457 genus
901 4386 1290 4458 plurimorum
1324 4403 1534 4440 nomen
1561 4392 1670 4451 est,
1694 4387 2031 4455 omnisejus

378 4475 637 4545 primum
672 4475 1022 4544 signiﬁcatio
1050 4475 1363 4544 diceretur,
1388 4479 1450 4528 ut
1481 4475 1552 4528 de
1576 4491 1690 4545 qua
1723 4474 2024 4544 disputan-

2137 3319 2417 3375 excludis.
2437 3318 2579 3373 Nam
2599 3317 2646 3372 si
2670 3315 2816 3370 dicis
2836 3313 3054 3370 animal
3069 3329 3196 3369 esse
3220 3312 3540 3381 hominem,
3561 3312 3781 3368 animal

2137 3425 2322 3480 genus
2355 3411 2463 3472 est,
2497 3406 2718 3476 species
2740 3420 2872 3459 vero
2895 3403 3090 3458 homo.
3118 3406 3336 3456 Nomen
3359 3400 3539 3472 igitur
3562 3401 3783 3456 anima-

2137 3496 2233 3562 lis,
2269 3496 2323 3550 id
2359 3500 2446 3549 est
2463 3494 2712 3565 generis,
2748 3493 2819 3546 de
2843 3490 3096 3561 homine,
3133 3489 3186 3543 id
3203 3494 3290 3543 est
3320 3489 3544 3559 species
3572 3489 3785 3560 praedi-

2137 3585 2306 3653 casti,
2341 3601 2472 3639 cum
2508 3583 2726 3638 dixeris
2761 3581 3057 3635 hominem
3092 3595 3222 3633 esse
3253 3577 3491 3632 animal.
3533 3577 3692 3640 Quod
3731 3578 3780 3633 si

2138 3691 2348 3729 nomen
2364 3673 2665 3744 generisin
2683 3669 3124 3726 definitionibus
3145 3670 3212 3722 ad
3239 3684 3413 3721 unam
3434 3667 3684 3738 speciem
3701 3667 3782 3721 di-

2137 3780 2266 3819 cere
2290 3779 2511 3833 posses,
2545 3762 2616 3816 de
2645 3777 2712 3815 ea
2744 3775 2954 3814 nomen
2990 3756 3218 3825 generis
3242 3757 3588 3827 praedicares
3613 3772 3625 3810 :
3651 3773 3780 3827 spe-

2137 3852 2252 3907 cies
2285 3857 2480 3906 autem
2514 3855 2579 3904 ut
2611 3866 2726 3904 non
2747 3847 2955 3919 aequali
2975 3848 3146 3901 modo
3167 3846 3480 3916 generibus
3506 3845 3632 3899 suis
3655 3861 3781 3916 spe-

2137 3941 2254 3996 cies
2285 3943 2422 4006 sint,
2458 3938 2605 3994 nihil
2637 3941 2812 4003 vetat,
2834 3937 2952 3990 imo
2984 3934 3159 3990 etiam
3179 3950 3416 3988 necesse
3445 3940 3783 4005 estsemper

2136 4045 2502 4100 quaecunque
2515 4032 2879 4097 suntgenera
2894 4025 2962 4078 de
2976 4022 3382 4093 sibilsubjectis
3397 4022 3701 4092 speciebus
3722 4025 3779 4076 in

2135 4117 2596 4182 definitionibus,
2629 4118 2714 4170 vel
2750 4116 2805 4168 in
2832 4112 3195 4185 quibuslibet
3219 4111 3780 4181 interrogationibus

2135 4206 2456 4279 praedicari.
2471 4206 2578 4261 Sed
2604 4203 2878 4276 quoniam
2902 4201 3253 4272 praedicatur
3270 4215 3454 4270 genus
3469 4200 3539 4254 de
3557 4201 3782 4270 specie-

2135 4297 2262 4364 bus,
2280 4296 2572 4366 quomodo
2588 4292 2938 4364 praedicatur
2958 4289 3395 4361 agnoscendum
3416 4293 3522 4342 est.
3551 4291 3694 4341 Nam
3730 4289 3780 4342 si

2135 4387 2354 4442 dixeris
2383 4387 2522 4457 quid
2553 4389 2642 4440 est
2665 4384 2839 4437 homo
2863 4381 2889 4434 ?
2922 4385 2978 4435 et
3001 4379 3216 4450 aliquis
3239 4378 3626 4448 responderit,
3653 4378 3779 4431 ani-

2136 4476 2274 4540 mal,
2311 4476 2454 4530 bene
2486 4480 2544 4528 et
2574 4476 2797 4543 integre
2828 4469 3202 4540 respondisse
3234 4468 3482 4536 videtur,
3515 4473 3573 4521 et
3604 4472 3778 4522 certe.

376 4565 524 4617 dum
567 4569 744 4628 esset,
779 4562 912 4616 aliis
943 4563 1198 4632 rejectis,
1231 4562 1564 4630 eligeretur.
1601 4563 1760 4628 Quod
1807 4563 1888 4617 ait
1920 4564 2027 4619 hoc
2061 4567 2104 4630 Ι)
2136 4569 2281 4621 Nam
2314 4580 2444 4619 cum
2479 4571 2537 4618 tu
2571 4561 2710 4633 quid
2745 4561 2821 4615 sit
2851 4559 3026 4614 homo
3056 4556 3526 4627 interrogaveris,
3563 4555 3658 4610 ille
3691 4573 3778 4611 re-

375 4653 575 4718 rnodo,
610 4656 750 4706 Cum
787 4654 978 4719 toties,
1014 4653 1068 4705 id
1093 4657 1180 4706 est
1215 4651 1383 4706 tertio
1407 4667 1591 4722 genus
1623 4651 1852 4706 dicatur
1873 4654 2026 4722 apud

371 4741 784 4812 philosophos,
813 4739 1107 4806 undeipse
1132 4744 1491 4794 tractaturus
1506 4745 1594 4794 est
1625 4741 1696 4794 de
1727 4745 2024 4810 postrema

371 4830 613 4900 generis
645 4829 1073 4899 significatione
1105 4845 1282 4898 quam
1317 4828 1484 4897 dixit,
1507 4827 1564 4882 id
1596 4833 1684 4883 est
1705 4829 1776 4883 de
1806 4828 1905 4884 illo
1927 4845 2025 4900 ge-

369 4934 512 4972 nere
531 4918 684 4988 quod
708 4918 818 4970 sub
832 4934 891 4971 se
908 4916 1132 4986 species
1160 4916 1339 4970 habet
1356 4917 1675 4986 disputatio
1689 4918 2025 4972 considera-

363 5011 487 5075 tioq
501 5023 570 5059 ue
588 5005 850 5058 vertitur.
871 5007 940 5058 At
955 5021 1086 5059 vero
1102 5005 1172 5059 de
1187 5022 1251 5058 su
1264 5003 1590 5074 perioribus
1604 5004 1940 5075 generibus,
1965 5005 2021 5060 id

366 5103 461 5151 est
486 5097 556 5148 de
583 5095 930 5164 cognatione
961 5093 1227 5147 etlocoin
1244 5110 1359 5161 quo
1379 5093 1510 5163 quis
1533 5094 1769 5164 genitus
1796 5098 1905 5163 est,
1921 5099 2022 5149 aut

365 5183 922 5250 historicorum,aut
945 5193 1243 5251 poetarum
1278 5182 1632 5250 exspectatio
1655 5187 1762 5248 est,
1779 5183 2021 5236 secundi

362 5289 502 5326 vero
534 5274 766 5340 generis
791 5271 1114 5337 rhetorum,
1139 5270 1292 5323 tertii
1322 5269 1801 5340 philosophorum
1828 5272 2020 5325 consi-

358 5363 592 5414 deratio
620 5367 726 5414 est.
768 5359 949 5412 Etiam
999 5359 1091 5412 hic
1127 5358 1181 5412 in
1231 5358 1728 5428 disputationibus
1748 5359 1888 5413 ordo
1909 5365 2015 5428 est,

358 5451 515 5518 quod
537 5465 673 5502 cum
694 5448 1010 5502 inciderint
1033 5465 1123 5502 res
1146 5464 1270 5518 qua:
1295 5447 1496 5502 multis
1522 5447 2014 5517 possintnomini-

359 5541 475 5593 bus
493 5538 849 5606 nuncupari,
865 5537 1003 5591 etde
1020 5552 1716 5608 unoquocunqueeorum
1732 5537 2014 5592 vocabulo

359 5628 608 5682 tractari
641 5626 974 5697 disserique
1021 5642 1254 5683 necesse
1285 5627 1383 5694 sit,
1430 5626 1728 5680 ducuntur
1759 5625 1920 5697 prius
1953 5627 2012 5681 in

2139 4655 2378 4725 spondit
2408 4651 2646 4716 animal,
2679 4665 2864 4721 genus
2896 4647 3118 4703 scilicet
3139 4647 3209 4700 de
3239 4645 3433 4716 specie
3457 4647 3512 4698 in
3541 4660 3607 4698 eo
3627 4645 3777 4714 quod

2133 4744 2273 4814 quid
2308 4742 2381 4798 sit
2411 4742 2635 4813 species
2659 4739 3024 4810 praedicatur.
3050 4735 3194 4790 Nam
3227 4739 3287 4788 tu
3313 4734 3450 4804 quid
3471 4739 3626 4788 esset
3647 4750 3778 4805 spe—

2135 4833 2253 4887 cies
2284 4829 2660 4901 interrogasti
2688 4846 2700 4882 :
2735 4827 2830 4881 ille
2856 4842 2990 4880 vero
3023 4825 3080 4877 in
3113 4840 3178 4879 eo
3207 4825 3359 4893 quod
3382 4822 3522 4893 quid
3556 4823 3633 4876 sit
3655 4840 3781 4893 spe-

2135 4921 2252 4976 cies
2284 4921 2355 4975 de
2399 4935 2515 4990 qua
2560 4913 2955 4985 interrogasti,
3009 4911 3282 4966 animalis
3331 4927 3568 4976 nomen,
3603 4910 3658 4965 id
3691 4915 3782 4966 est

2134 5024 2320 5079 genus
2344 5007 2760 5062 accomodavit.
2791 5001 3161 5072 Plenaigitur
3183 5006 3238 5055 et
3262 5001 3492 5071 prOpria
3515 4999 3778 5055 definitio

2133 5097 2284 5152 facta
2305 5106 2387 5152 est
2408 5093 2656 5167 generis,
2690 5092 2799 5147 hoc
2831 5107 2958 5145 esse
2979 5106 3188 5161 genus,
3222 5089 3373 5159 quod
3399 5090 3466 5142 ad
3492 5087 3777 5158 plurimas

2130 5185 2489 5240 differentias
2512 5181 2702 5254 specie
2727 5181 3017 5235 distantes
3048 5178 3105 5232 in
3141 5195 3206 5232 eo
3232 5177 3382 5248 quod
3411 5176 3548 5247 quid
3573 5179 3648 5232 sit
3671 5194 3776 5249 ap-

2130 5274 2398 5347 pellatur,
2451 5279 2515 5327 ut
2548 5272 2812 5326 animal:
2869 5267 3083 5323 animal
3136 5268 3291 5321 enim
3347 5268 3414 5319 ad
3451 5266 3772 5336 hominem,

2127 5379 2368 5434 equum,
2403 5363 2630 5425 bovem,
2659 5375 2914 5422 corvum,
2941 5373 3212 5426 anguem,
3248 5361 3304 5410 et
3327 5354 3439 5408 alia
3463 5355 3629 5424 plura
3647 5373 3774 5424 qua:

2126 5453 2471 5508 differentiis
2502 5445 3236 5522 speciebusquedifi‘erunt,
3271 5445 3326 5497 in
3362 5461 3427 5498 eo
3460 5443 3769 5513 quodquid

2125 5543 2202 5598 sit
2233 5541 2578 5612 appellatur.
2607 5539 2714 5593 Sed
2749 5541 2944 5592 utrum
2980 5535 3026 5588 si
3052 5534 3197 5587 dixit
3228 5549 3412 5603 genus
3436 5548 3586 5597 esse,
3609 5531 3763 5600 quod

2124 5632 2195 5685 ad
2231 5629 2515 5702 plurimas
2533 5628 2756 5701 species
2775 5622 3106 5680 differentia
3129 5623 3416 5676 distantes
3438 5621 3494 5673 in
3517 5634 3583 5672 eo
3609 5618 3765 5687 quod
