4108 6186
324 376 395 436 27
1586 378 1703 435 AN.
1741 376 1962 433 MANL.
2001 372 2163 432 BEV.
2204 374 2443 432 BOBTII
3658 374 3732 431 28

322 507 462 579 quid
496 508 572 562 sit
606 507 966 577 praedicetur,
987 523 1060 561 an
1080 505 1165 563 sic
1183 507 1327 561 dixit
1344 521 1530 578 genus
1547 521 1693 561 esse.
1721 504 1872 575 quod
1894 505 1963 559 ad
1997 509 2044 571 Α
2080 502 2358 574 quoniam
2385 506 2442 557 et
2472 503 2529 556 in
2565 502 2751 573 magis
2771 501 3108 574 generibus,
3136 506 3193 559 et
3214 501 3273 557 in
3298 502 3485 573 magis
3506 501 3729 573 specie-

321 596 608 668 plurimas
641 613 825 668 genus
857 596 1220 651 differentias
1255 597 1445 668 specie
1494 596 1780 649 distantes
1812 594 1868 647 in
1903 610 1969 647 eo

323 685 476 756 quod
537 685 675 755 quid
713 686 1081 756 praedicetur,
1140 685 1283 739 nihil
1344 685 1607 739 interest.
1645 684 1787 739 Nam
1848 682 1968 736 sive

324 774 660 829 differentiae
693 775 887 844 specie
936 774 1176 841 distent,
1223 774 1341 828 sive
1374 774 1596 843 species
1627 772 1969 826 differentiis

323 862 564 930 distent,
601 869 919 934 utrumque
952 863 1105 917 idem
1140 868 1249 917 est.
1285 862 1426 917 Nam
1462 862 1582 917 sive
1611 860 1894 915 rationale
1915 863 1972 914 et

323 952 680 1013 irrationale,
715 968 841 1022 qure
875 956 1014 1006 sunt
1069 951 1431 1016 differentiae,
1464 952 1655 1023 specie
1686 949 1967 1015 hominis,

322 1042 479 1096 verbi
512 1042 721 1112 gratia,
756 1046 931 1112 atque
963 1041 1096 1112 equi
1130 1042 1369 1101 distent,
1405 1040 1524 1095 sive
1551 1040 1777 1110 species
1796 1037 1966 1093 homo

323 1136 498 1201 atque
528 1146 717 1202 equus
749 1129 1077 1184 differentia
1127 1129 1394 1183 rationali
1430 1132 1599 1198 atque
1640 1126 1965 1181 irrationali

323 1219 659 1273 dividantur
707 1225 762 1274 et
809 1219 1049 1283 distent,
1081 1219 1228 1272 nihil
1262 1218 1523 1272 interest.
1574 1218 1762 1282 Quare
1797 1215 1967 1285 plena

323 1308 691 1379 perfectaque
711 1309 857 1362 facta
873 1312 961 1362 est
978 1307 1205 1372 generis
1230 1307 1437 1361 diviso.
1463 1306 1571 1360 Sed
1598 1304 1967 1359 definitiones

322 1397 655 1468 duplicibus
680 1396 868 1451 modis
890 1396 1077 1450 fiunt:
1113 1412 1229 1450 una
1245 1396 1399 1450 enim
1429 1394 1686 1449 definitio
1710 1399 1818 1459 est,
1839 1410 1966 1463 quas

321 1486 496 1557 (sicut
527 1485 747 1539 dictum
782 1486 892 1551 est)
919 1501 952 1537 a
980 1501 1187 1553 genere
1229 1484 1502 1538 trahitur.
1539 1484 1648 1537 Sed
1686 1482 1965 1553 quoniam

320 1574 732 1643 suntquzedam
750 1589 964 1643 genera
977 1573 1184 1644 magis,
1201 1589 1327 1643 quae
1344 1589 1521 1642 super
1535 1588 1595 1627 se
1613 1588 1793 1639 genus
1808 1572 1966 1625 aliud

323 1664 533 1718 habere
556 1677 671 1716 non
704 1667 977 1732 possunt,
1015 1667 1079 1716 ut
1111 1666 1247 1716 sunt
1284 1662 1740 1733 praedicamenta
1766 1661 1965 1715 decem

323 1768 452 1823 qua:
471 1750 805 1806 Aristoteles
820 1752 1149 1816 constituit;
1166 1750 1827 1819 eorumigiturdefinitio
1842 1766 1967 1820 quae

2079 593 2189 647 bus
2218 597 2275 646 et
2305 592 2363 645 in
2397 591 2755 646 subalternis
2796 593 3132 662 generibus,
3167 598 3224 647 et
3275 590 3330 647 in
3364 590 3727 647 subalternis

2077 680 2384 751 speciebus
2416 697 2534 735 una
2560 686 2731 751 atque
2750 681 2951 735 eadem
2984 686 3095 745 est,
3117 688 3173 735 et
3195 681 3373 751 hujus
3398 680 3723 752 participa-

2078 771 2255 826 tionis
2288 772 2532 826 inveniri
2562 788 2749 843 genus
2782 788 2894 825 non
2925 777 3169 842 poterat,
3195 772 3315 826 hinc
3338 772 3601 827 definitio
3621 787 3726 841 ge-

2079 860 2235 915 neris
2266 877 2395 931 quaa
2446 861 2615 927 facta,
2650 865 2739 915 est
2784 876 2898 915 non
2933 877 2966 915 a
2994 877 3203 931 genere
3254 866 3439 916 tracta
3470 865 3580 926 est,
3620 863 3723 917 sed

2078 950 2473 1022 subscriptiva
2503 951 2650 1004 ratio
2691 954 2748 1004 et
2777 950 3239 1004 demonstrativa
3270 953 3327 1004 et
3359 950 3728 1020 designativa

2078 1039 2511 1110 quodammodo
2541 1038 2773 1108 generis
2800 1039 3160 1093 estreddita.
3186 1039 3287 1092 Hic
3310 1039 3523 1093 Fabius
3548 1055 3560 1092 :
3582 1039 3730 1093 Sub-

2077 1128 2275 1194 tiliter,
2312 1127 2621 1195 mehercle,
2650 1133 2705 1182 et
2735 1129 2888 1198 quod
2944 1144 3246 1199 nunquam
3294 1129 3411 1183 fere
3451 1132 3585 1182 ante
3619 1132 3729 1182 hac

2078 1218 2436 1281 audivimus,
2459 1218 2559 1270 sed
2590 1232 2784 1288 perge,
2817 1232 3012 1287 quasso
3044 1220 3118 1271 te.
3153 1216 3285 1271 Jam
3317 1217 3469 1271 enim
3495 1220 3725 1271 certant

2077 1305 2265 1362 sidera
2297 1306 2751 1376 quodammodo,
2796 1312 2854 1360 et
2886 1323 2998 1360 nox
3027 1305 3156 1361 luce
3187 1312 3522 1375 superatur.
3557 1306 3722 1361 Tunc

2078 1411 2222 1467 ego:
2252 1395 2529 1466 Sequitur
2558 1410 2752 1449 rerum
2784 1395 3050 1449 omnium
3075 1395 3266 1466 prima
3288 1395 3600 1467 brevisque
3634 1396 3727 1450 di-

2076 1485 2241 1539 visio.
2273 1487 2356 1539 lta
2387 1484 2540 1539 enim
2578 1485 2694 1539 ait:

2148 1574 2366 1630 Eorum
2395 1588 2521 1645 quae
2566 1573 2849 1637 dicuntur,
2883 1574 2997 1627 alia
3026 1572 3099 1627 ad
3129 1572 3397 1627 unitatem
3437 1574 3721 1644 dicuntur,

2075 1665 2217 1717 sicut
2245 1670 2377 1718 sunt
2403 1662 2589 1717 omnia
2624 1660 2934 1728 individua,
2969 1666 3027 1715 ut
3064 1669 3141 1716 eu
3171 1661 3435 1727 Socrates,
3467 1670 3520 1717 et
3546 1662 3645 1717 hoc
3672 1668 3725 1719 et

2078 1751 2240 1807 illud.
2274 1753 2395 1807 Alia
2424 1768 2545 1823 qum
2573 1751 2643 1805 ad
2671 1751 3106 1813 multitudinem,
3132 1759 3191 1805 ul
3209 1758 3338 1804 sunt
3356 1766 3577 1820 genera,
3602 1768 3723 1822 spe-

321 1840 523 1895 haberi
577 1844 787 1910 potest,
822 1856 1073 1911 quorum
1124 1856 1309 1911 genus
1356 1839 1602 1894 inveniri
1637 1855 1749 1894 non
1783 1844 1972 1909 potest
2003 1872 2049 1936 B
2078 1841 2207 1905 cies,
2258 1849 2309 1896 et
2365 1842 2724 1911 diﬂerentiz,
2773 1844 2825 1895 et
2878 1841 3126 1910 propria,
3153 1845 3203 1894 et
3236 1840 3563 1895 accidentia.
3599 1842 3727 1897 Haec

324 1930 477 2000 quod
514 1928 779 1983 omnium
830 1945 1193 2000 quascunque
1225 1933 1365 1982 sunt
1400 1928 1528 1998 ipsa
1559 1932 1699 1982 sunt
1736 1943 1969 1997 genera.

326 2022 545 2073 Horum
578 2033 712 2089 ergo
747 2019 899 2089 quod
932 2018 1109 2073 δι’ωοὶ
1138 2014 1486 2093 ὑπογραφοὺς
1519 2014 1714 2091 λόγους
1745 2017 1969 2085 dicunt,

329 2107 517 2163 Latini
552 2107 972 2179 subscriptivas
991 2108 1450 2162 rationesdicere
1479 2111 1748 2177 possunt,
1772 2107 1972 2160 redde-

332 2213 486 2251 mus.
515 2196 923 2265 Subscriptivas
947 2201 1140 2251 autem
1167 2197 1421 2251 rationes
1448 2201 1585 2250 sunt
1607 2196 1969 2251 demonstra-

327 2285 454 2339 tivae
482 2288 538 2339 et
568 2285 996 2354 quodammodo
1024 2284 1374 2354 insignitivze
1398 2284 1771 2355 proprietatis
1802 2285 1963 2340 illius

324 2374 428 2439 rei,
463 2390 590 2444 quae
623 2388 754 2426 cum
790 2372 917 2443 ipsa
947 2371 1388 2443 generalissima
1420 2376 1518 2440 sit,
1544 2378 1601 2428 et
1630 2388 1816 2444 genus
1839 2374 1969 2443 ejus

322 2462 549 2517 nullum
571 2462 807 2531 reperiri
834 2462 1039 2531 possit,
1074 2477 1202 2516 eam
1234 2467 1431 2517 tamen
1464 2462 1705 2517 definire
1731 2478 1970 2518 necesse

323 2554 446 2606 est:
479 2555 537 2605 et
558 2549 919 2614 Aristoteles,
944 2551 1222 2621 quoniam
1246 2550 1634 2606 substantiam
1659 2566 1845 2622 genus
1866 2569 1969 2624 ge-

324 2638 760 2693 neralissimum
781 2639 1022 2694 definire
1050 2639 1299 2707 volebat,
1317 2646 1372 2694 et
1386 2642 1513 2710 ejus
1530 2640 1758 2695 nullum
1783 2657 1969 2712 genus

323 2732 547 2799 poterat
566 2727 845 2794 invenire,
865 2728 1275 2799 proprietatem
1293 2731 1606 2801 quamdam
1640 2736 1696 2785 et
1726 2732 1966 2785 demon-

326 2816 670 2871 strationem
705 2817 1320 2888 subscriptionemque
1353 2819 1541 2889 ipsius
1574 2819 1812 2874 reidicit
1840 2836 1969 2874 esse

323 2905 678 2973 subjectum.
714 2906 1057 2960 Substantia
1079 2908 1234 2960 enim
1268 2906 1543 2962 omnibus
1572 2909 1835 2977 subjecta
1855 2913 1964 2963 est.

323 2993 611 3048 Accidens
630 2994 784 3049 enim
805 2995 958 3064 quod
992 2994 1047 3048 in
1070 3011 1272 3050 novem
1308 2996 1511 3049 dividit
1528 3003 1741 3067 partes,
1759 3004 1969 3068 praeter

323 3083 709 3137 substantiam
729 3097 856 3137 esse
887 3098 998 3137 non
1017 3088 1227 3155 potest,
1253 3085 1566 3154 atqueideo
1598 3086 1967 3158 omniaquae-

324 3187 555 3240 cunque
586 3171 918 3225 definienda
947 3178 1107 3239 sunt,
1137 3174 1185 3227 si
1209 3189 1394 3243 genus
1425 3191 1537 3228 non
1571 3174 1846 3242 habeant,
1870 3191 1964 3230 eo-

2082 1931 2229 1985 enim
2243 1932 2610 1985 communiter
2625 1946 2729 1984 non
2744 1932 2910 1983 unius
2931 1930 3170 2000 prapriae
3184 1929 3572 1999 appellationi:
3598 1934 3729 1984 sunt

2080 2022 2173 2075 Est
2205 2022 2354 2074 enim
2368 2036 2537 2090 genus
2564 2027 2627 2073 ut
2643 2018 2876 2084 animal,
2904 2020 3112 2089 species
3133 2023 3190 2072 ut
3212 2020 3390 2085 homo,
3412 2018 3729 2089 diﬂerentia

2080 2116 2140 2165 ut
2170 2110 2777 2179 rationaleqiroprium
2800 2116 2859 2162 ut
2890 2108 3125 2174 risibile,
3150 2106 3398 2161 accidens
3428 2112 3486 2162 ut
3508 2108 3715 2178 album,

2078 2198 2283 2255 sedere.
2317 2200 2391 2253 Ab
2410 2199 2493 2253 his
2514 2200 2696 2270 igitur
2715 2212 2841 2268 quae
2860 2197 2931 2252 ad
2948 2199 3216 2251 unitatem
3236 2196 3500 2251 dicuntur
3537 2197 3721 2269 diﬂ'ert

2077 2304 2269 2359 genus,
2301 2288 2443 2358 quod
2471 2303 2643 2358 genus
2684 2291 2764 2341 est
2794 2286 2934 2358 quod
2964 2286 3028 2341 de
3076 2284 3331 2356 pluribus
3358 2286 3726 2355 praedicatur.

2149 2378 2345 2432 Brevis
2377 2378 2461 2446 (ut
2492 2392 2671 2447 supra
2701 2376 2920 2430 dictum
2953 2374 3063 2445 est)
3095 2379 3151 2429 et
3176 2375 3459 2428 distincta
3490 2375 3723 2430 divisio.

2080 2466 2280 2521 Omnis
2310 2466 2465 2520 enim
2482 2481 2596 2534 res,
2628 2463 2924 2519 autunius
2954 2464 3262 2518 reinomen
3282 2468 3389 2531 est,
3411 2468 3512 2517 aut
3541 2462 3723 2534 pluri-

2080 2554 2524 2623 marum,ethoc
2547 2558 2634 2608 est
2652 2553 2805 2624 quod
2827 2552 2923 2607 ait:
2948 2554 3154 2607 Eorum
3172 2568 3300 2623 quae
3317 2551 3725 2606 dicunturalia

2078 2645 2147 2699 ad
2183 2646 2464 2699 unitatem
2498 2644 2794 2709 dicuntur,
2819 2644 2974 2697 sicut
3005 2646 3145 2696 sunt
3175 2642 3373 2696 omnia
3395 2640 3721 2695 individua.

2078 2734 2223 2799 Quid
2258 2737 2451 2787 autem
2472 2733 2549 2787 sit
2572 2732 2824 2786 breviter
2840 2730 3249 2802 explicandum
3273 2735 3377 2785 est.
3416 2730 3599 2785 Omne
3623 2746 3727 2802 ge—

2078 2840 2189 2879 nus
2221 2822 2499 2893 quoniam
2550 2822 2661 2875 sub
2693 2837 2755 2875 se
2786 2820 3008 2891 species
3053 2819 3248 2881 habet,
3310 2818 3534 2889 species
3592 2835 3727 2874 vero

2078 2910 2423 2967 differentiis
2438 2912 2468 2963 ti
2481 2911 2716 2979 isjungu
2729 2914 2881 2977 ntur,
2898 2917 2952 2964 et
2967 2907 3423 2979 proprietatibus
3437 2907 3728 2978 explican-

2078 3005 2193 3055 tur.
2211 2999 2707 3055 Acciduntautem
2728 2998 2783 3053 in
2803 2998 3112 3069 speciebus
3126 2997 3450 3052 accidentia
3464 2997 3723 3052 secundo

2078 3090 2222 3157 loco,
2256 3087 2655 3159 principaliter
2681 3102 2814 3141 vero
2838 3087 2896 3140 in
2928 3084 3253 3140 individuis
3286 3102 3415 3157 qua:
3446 3090 3584 3140 sunt
3614 3085 3726 3140 sub

2078 3178 2406 3249 speciebus.
2439 3176 2587 3241 Quid
2619 3180 2813 3231 autem
2850 3176 2923 3231 sit
2957 3176 3246 3246 posterius
3286 3175 3597 3229 dicendum
3637 3178 3729 3229 est

325 3239 932 3328 rumisubscriptivam
983 3239 1299 3329 quamdam
1342 3265 1399 3314 et
1446 3239 1962 3319 demonstrativam
1995 3239 2037 3306 C
2080 3239 2506 3338 deneraigitur
2535 3272 2593 3322 et
2621 3267 2693 3321 de
2724 3239 3029 3336 speciebus
3060 3264 3355 3330 dicuntur,
3391 3270 3446 3319 et
3467 3264 3537 3318 de
3555 3263 3726 3319 diffe-

327 3345 609 3400 rationem
645 3346 803 3400 reddi
840 3362 1076 3401 necesse
1107 3352 1214 3400 est.
1235 3348 1327 3401 Sic
1362 3348 1540 3419 igitur
1572 3366 1724 3405 nunc
1756 3368 1962 3421 genus,

323 3435 602 3505 quoniam
621 3451 741 3488 rem
758 3434 947 3505 ipsam
966 3434 1355 3489 deliniendam
1380 3438 1643 3507 putabat,
1666 3455 1775 3493 non
1803 3440 1967 3494 duxit

325 3541 358 3578 a
388 3540 598 3594 genere
649 3523 1072 3589 definitionem,
1105 3524 1203 3578 sed
1238 3525 1398 3579 dedit
1440 3526 1756 3597 quamdam
1791 3544 1964 3598 gene-

325 3612 407 3667 ris
438 3613 1001 3667 demonstrationem
1030 3614 1582 3685 proprietatemque.
1608 3616 1742 3671 Dico
1770 3621 1965 3671 autem

328 3701 481 3771 quod
519 3701 873 3772 Porphyrius
904 3700 990 3754 vel
1034 3701 1509 3757 subalternorum
1540 3720 1844 3775 generum,
1878 3705 1965 3761 vel

325 3790 557 3843 illorum
590 3806 717 3859 quae
741 3789 1183 3857 generalissima
1207 3792 1526 3858 sunt,hanc
1561 3794 1967 3865 dederitgdefi—

328 3878 634 3947 nitionem,
662 3882 717 3933 et
746 3879 1182 3949 quodammodo
1206 3881 1702 3951 subsoriptlonem
1733 3883 1970 3939 demon-

324 3966 804 4040 strationemque.
824 3973 956 4024 Nam
972 3970 1017 4023 si
1034 3970 1187 4040 quod
1204 3986 1390 4040 genus
1403 3970 1577 4026 habet
1592 3970 1741 4026 aliud
1760 3988 1967 4043 genus,

328 4060 384 4111 et
414 4056 553 4111 item
590 4056 696 4110 hoc
729 4057 923 4129 ipsum
955 4059 1139 4125 aliud,
1189 4064 1245 4113 et
1276 4059 1408 4114 item
1443 4061 1623 4127 aliud,
1656 4061 1704 4115 si
1738 4062 1966 4116 nullum

328 4144 438 4199 erit
472 4161 647 4215 supra
682 4162 889 4217 genus,
925 4149 1079 4219 quod
1104 4164 1289 4218 genus
1323 4165 1437 4202 non
1474 4148 1664 4215 habet,
1699 4149 1967 4203 ininfini-

330 4236 459 4288 tum
495 4236 758 4305 procedit
800 4236 963 4291 ratio.
996 4238 1095 4290 Sin
1130 4253 1260 4291 vero
1293 4236 1582 4304 habuerit,
1616 4252 1853 4293 necesse
1882 4243 1971 4293 est

333 4338 568 4392 quoque
592 4322 763 4379 istam
788 4324 1186 4379 definitionem
1210 4330 1405 4396 aperte
1427 4327 1811 4393 ordinateque
1831 4344 1972 4382 con-

329 4427 556 4481 gruere.
575 4411 711 4468 Dico
726 4418 915 4467 autem
934 4430 1118 4485 genus
1134 4430 1245 4467 non
1262 4414 1480 4469 animal
1507 4416 1767 4485 animali,
1784 4433 1970 4487 neque

331 4499 485 4569 quod
522 4500 693 4556 homo
726 4503 952 4572 species
984 4503 1061 4557 sit
1093 4503 1335 4569 homini,
1364 4508 1540 4576 atque
1572 4520 1759 4574 equus
1777 4522 1965 4577 equo:

2076 3356 2280 3411 rentiis
2306 3373 2433 3427 quae
2466 3356 2623 3425 ipsas
2644 3355 2869 3426 species
2893 3353 3278 3418 distribuunt,
3304 3353 3445 3408 etde
3469 3353 3720 3423 propriis

2075 3461 2201 3516 qua:
2217 3446 2443 3514 species
2472 3448 2857 3515 componunt,
2888 3443 3028 3498 etde
3051 3443 3141 3497 his
3166 3442 3565 3497 accidentibus
3588 3458 3715 3511 quas

2076 3551 2207 3590 cum
2244 3532 2718 3605 principaliterin
2739 3532 3383 3594 individuisfuerint,in
3409 3531 3718 3601 speciebus

2076 3637 2205 3679 esse
2237 3623 2547 3677 dicuntur:
2585 3622 2691 3676 hoc
2743 3627 2933 3677 autem
2971 3628 3369 3676 monstremus
3418 3620 3721 3691 exemplis,

2080 3719 2137 3769 et
2168 3714 2428 3768 sitnobis
2460 3729 2645 3783 genus
2663 3713 2902 3779 animal,
2939 3714 3015 3767 sit
3048 3712 3479 3783 specieshomo,
3522 3711 3730 3765 sitdif-

2078 3802 2325 3858 ferentia
2342 3801 2642 3869 rationale,
2675 3801 2751 3857 sit
2779 3803 3076 3872 proprium
3093 3801 3432 3866 risibile,sit
3462 3800 3733 3856 accidens

2079 3898 2243 3948 stans
2258 3892 2343 3947 vel
2378 3889 2809 3957 ambulans,vel
2834 3890 3055 3962 aliquid
3078 3891 3135 3944 in
3153 3905 3430 3945 mensura
3462 3891 3723 3961 corporis

2078 3987 2143 4037 ut
2174 3980 2498 4051 tripedalis.
2532 3980 2762 4035 Animal
2796 3995 2931 4051 ergo
2964 3980 3115 4051 quod
3148 3995 3336 4049 genus
3367 3985 3477 4046 est,
3511 3980 3728 4034 dicitur

2080 4071 2149 4124 de
2172 4068 2384 4141 specie,
2418 4069 2476 4123 id
2510 4074 2598 4124 est
2633 4070 2703 4123 de
2737 4068 2994 4123 homine.
3031 4068 3183 4123 Dicis
3232 4067 3384 4122 enim
3420 4066 3718 4123 hominem

2078 4176 2206 4215 esse
2237 4158 2477 4213 animal.
2513 4158 2686 4212 Porro
2720 4163 2913 4211 autem
2948 4158 3018 4211 de
3039 4156 3248 4229 speciei
3286 4156 3721 4210 dilferentiani-

2080 4247 2322 4304 hilomin
2337 4265 2405 4303 us
2424 4247 2572 4303 dicis
2589 4264 2789 4317 genus.
2816 4247 2971 4303 Dicis
2993 4249 3148 4302 enim
3164 4246 3448 4302 rationale
3463 4263 3585 4301 esse
3600 4246 3726 4300 ani-

2082 4337 2219 4394 mal.
2238 4336 2391 4394 Nihil
2408 4341 2602 4392 autem
2631 4335 2899 4407 prohibet
2921 4337 3124 4391 eodem
3142 4337 3313 4391 modo
3328 4337 3467 4391 etde
3493 4336 3728 4407 preprio

2078 4443 2267 4499 genus
2298 4426 2506 4482 dicere.
2543 4425 2767 4491 Namsi
2802 4426 2984 4480 dicas.
3012 4426 3157 4492 Quid
3195 4430 3283 4480 est
3308 4425 3529 4479 risibile
3553 4424 3580 4479 ?
3612 4441 3727 4479 non

2080 4516 2403 4571 absurdum
2420 4518 2509 4569 est
2524 4514 2740 4569 animal
2766 4517 3085 4571 nominare.
3110 4514 3439 4569 Accidentia
3457 4529 3589 4568 vero
3616 4513 3724 4568 hoc

329 4590 427 4643 sed
446 4589 591 4645 illud
615 4592 1969 4667 quoipsumanimalhominiatqueequogenus
2005 4604 2047 4667 D
2081 4605 2253 4659 modo
2286 4603 2690 4676 principaliter
2718 4604 3133 4672 inindividuis,
3166 4604 3422 4658 secundo
3444 4602 3722 4657 veroloco

328 4682 438 4746 est,
458 4680 843 4734 animalenim
863 4682 1054 4752 ipsum
1074 4698 1311 4752 persese
1327 4683 1469 4737 nulli
1498 4699 1684 4754 genus
1712 4689 1820 4751 est,
1856 4701 1965 4739 ne-

326 4782 437 4837 que
484 4766 659 4823 homo
693 4768 889 4839 ipsum
924 4787 1025 4839 per
1071 4786 1199 4825 sese
1233 4770 1334 4824 ulli
1367 4773 1590 4842 species
1634 4778 1744 4842 est,
1782 4789 1969 4845 neque

324 4871 514 4925 equus
546 4856 738 4927 ipsum
776 4875 875 4929 per
905 4876 1032 4914 sese
1068 4859 1167 4914 ulli
1194 4861 1418 4931 species
1448 4866 1557 4926 est,
1588 4862 1687 4915 sed
1710 4866 1847 4916 sunt
1870 4878 1965 4934 ge~

327 4960 461 4999 nere
492 4948 548 4999 et
575 4946 797 5016 species
851 4948 921 5003 ad
956 4947 1197 5003 alterius
1240 4949 1765 5021 participationem.
1798 4952 1963 5017 Nam,

326 5032 601 5102 quoniam
636 5036 745 5089 sub
774 5036 1119 5091 animaliest
1140 5053 1326 5107 equus
1351 5038 1729 5109 atquehomo,
1757 5056 1870 5095 non
1895 5041 1966 5095 ad

324 5120 583 5191 seipsnm
621 5123 838 5178 animal
863 5142 1048 5195 genus
1078 5130 1188 5194 est,
1213 5128 1311 5180 sed
1337 5126 1405 5180 ad
1426 5143 1640 5197 equum
1668 5134 1840 5199 atque
1864 5129 1965 5184 ho-

324 5210 566 5265 minem.
602 5212 667 5266 Et
702 5213 836 5267 item
853 5216 1211 5285 speciesque:
1228 5220 1527 5280 vocantur,
1557 5215 1968 5274 homoscilicet

322 5301 495 5367 atque
518 5314 725 5369 equus,
746 5318 857 5355 non
887 5303 957 5356 ad
982 5319 1199 5372 equum
1227 5307 1400 5373 atque
1428 5302 1748 5371 hominem,
1770 5309 1868 5362 sed
1894 5309 1965 5363 ad

321 5387 536 5441 animal
555 5390 776 5457 species
794 5402 949 5445 sunt.
968 5392 1105 5447 Dico
1122 5393 1498 5464 igiturgenus
1530 5401 1585 5449 et
1610 5397 1834 5466 species
1852 5415 1963 5454 non

321 5475 480 5545 ipsas
506 5480 867 5535 substantias
903 5481 958 5535 in
997 5481 1214 5552 quibus
1244 5498 1429 5551 genus
1461 5489 1517 5537 et
1549 5485 1771 5555 species
1805 5490 1964 5555 sunt,

323 5567 424 5621 sed
456 5566 643 5637 ipsam
672 5570 1178 5641 participationem
1206 5572 1465 5641 priorum
1491 5576 1561 5627 ad
1586 5576 1964 5645 subterioree,

319 5662 376 5710 et
409 5656 805 5713 subteriorum
839 5659 907 5715 ad
946 5660 1189 5731 priores.
1225 5663 1354 5715 Hec
1370 5659 1552 5732 igitur
1574 5664 1966 5738 participatio,

2078 4697 2219 4748 sunt
2244 4691 2301 4746 in
2337 4691 2825 4764 speciebusNam
2861 4692 3058 4762 siquis
3086 4690 3721 4762 dicatsinguloshomi-

2079 4798 2203 4845 nes,
2235 4785 2445 4851 utputa
2495 4780 2855 4844 Ciceronem,
2884 4782 3085 4835 sedere
3112 4784 3198 4835 vel
3245 4786 3419 4847 stare,
3442 4779 3525 4835 vel
3562 4780 3716 4848 quod

2078 4869 2235 4925 aliud
2258 4870 2397 4924 libet
2423 4870 2481 4924 in
2512 4870 2703 4940 specie
2733 4868 2989 4924 hominis
3012 4870 3212 4924 eadem
3242 4886 3475 4940 quoque
3508 4885 3724 4924 conve-

2078 4960 2202 5013 nire
2219 4974 2449 5014 necesse
2469 4964 2575 5015 est.
2600 4957 2741 5013 Nam
2767 4960 2814 5014 si
2837 4960 3033 5015 Cicero
3051 4960 3401 5027 sedet,sedet
3422 4958 3594 5013 etiam
3616 4960 3719 5014 ho-

2079 5063 2194 5103 mo.
2229 5047 2288 5102 Si
2311 5046 2503 5102 Cicero
2536 5046 2816 5115 ambulat,
2849 5046 3114 5102 ambulat
3144 5047 3317 5102 etiam
3353 5047 3545 5102 homo.
3576 5048 3720 5115 Ergo

2078 5136 2259 5207 siqua
2289 5136 3328 5199 accidentiavenerintabindividuis.
3364 5141 3421 5192 et
3443 5154 3510 5191 ea
3533 5140 3721 5192 tracta

2076 5226 2134 5280 in
2168 5224 2473 5294 speciebus
2490 5226 2964 5290 consederint,ad
2997 5225 3365 5297 ipsaquoque
3397 5225 3721 5280 accidentia

2079 5314 2189 5368 dici
2229 5315 2441 5384 poterit
2474 5330 2680 5385 genus.
2704 5314 2848 5379 Quid
2882 5319 2971 5369 est
2994 5316 3149 5369 enim
3168 5314 3498 5377 ambulans,
3520 5313 3719 5382 siquis

2076 5402 2436 5473 interroget:
2465 5404 2667 5458 merito
2689 5402 2901 5457 animal
2952 5403 3188 5457 dicitur.
3223 5402 3376 5456 Nihil
3406 5404 3563 5455 enim
3598 5417 3720 5455 am-

2078 5490 2279 5546 bulare
2314 5491 2424 5546 nisi
2459 5493 2672 5547 animal
2710 5497 2917 5563 potest.
2937 5492 3111 5545 Porro
3145 5494 3331 5544 autem
3358 5488 3467 5543 sub
3493 5490 3717 5559 specie-

2081 5581 2189 5634 bus
2221 5579 2519 5635 individua
2554 5586 2711 5649 sunt,
2748 5585 2811 5635 ut
2841 5582 3039 5636 Cicero
3071 5584 3125 5633 et
3156 5576 3436 5647 Virgilius
3468 5577 3576 5631 sub
3612 5577 3719 5632 ho-

2079 5668 2258 5737 mine,
2291 5670 2363 5722 ad
2424 5685 2550 5741 quae
2610 5668 2911 5724 individua
2941 5682 3125 5736 genus
3170 5663 3380 5735 speciei
3414 5666 3720 5738 pradicari
