4108 6186
368 373 446 429 29
1550 385 1622 436 ΙΝ
1660 379 2025 436 PORPHYRI

2134 382 2137 432 ἶ
2173 379 2535 436 DIALOGUS
2571 383 2615 435 Ι.
3713 376 3787 433 30

375 505 598 573 potest.
632 502 779 557 Nam
805 504 852 559 si
884 503 1352 574 interrogaveris,
1370 506 1507 577 quid
1529 510 1618 560 est
1632 505 1829 561 Cicero
1850 504 1877 558 ?
1910 518 2029 558 me-
2062 502 2113 568 Α
2144 507 2375 557 constat
2393 503 2445 558 id
2472 504 2626 575 quod
2642 504 2965 559 estrisibile
2986 503 3160 559 etiam
3185 503 3467 559 rationale
3490 520 3659 574 posse
3682 520 3785 558 no-

376 591 496 644 rito
532 591 749 645 animal
784 593 963 647 dicas.
990 598 1184 649 Genus
1216 595 1395 665 igitur
1418 601 1475 649 et
1507 596 1575 649 ad
1609 594 1858 662 speciem
1880 598 1936 647 et
1961 593 2029 647 ad

375 680 774 745 differentias,
808 688 864 735 et
892 686 959 735 ad
994 683 1344 751 accidentia,
1378 689 1434 737 et
1463 685 1533 738 ad
1574 684 1828 755 propria,
1872 688 1930 737 et
1960 682 2031 736 ad

378 770 692 823 individua
716 770 1074 825 nominatur.
1100 776 1266 827 Porro
1290 779 1484 827 autem
1506 773 1748 842 species,
1774 771 2031 841 nonjam

376 860 451 913 de
481 875 719 929 genere,
753 875 942 929 neque
974 860 1045 914 de
1086 860 1448 929 differentiis,
1491 862 1587 916 sed
1624 861 1693 915 de
1724 860 1866 915 solis
1900 876 2033 931 pro-

376 949 528 1020 priis
564 952 618 1002 et
650 948 933 1016 subjectis
964 949 1281 1005 individuis
1311 950 1663 1021 appellatur.
1704 951 1767 1005 In
1802 949 1939 1015 illis,
1977 949 2032 1003 id

376 1044 471 1091 est
495 1036 837 1103 individuis,
864 1038 1000 1108 quia
1014 1044 1281 1109 superest
1302 1059 1315 1085 f
1334 1041 1391 1092 in
1408 1039 1824 1110 propriis,quia
1841 1055 2032 1108 aequa-

378 1127 456 1181 lis
489 1132 598 1180 est.
635 1127 778 1189 Quid
812 1134 1007 1181 autem
1037 1128 1114 1183 sit
1146 1128 1253 1182 hoc
1287 1130 1460 1183 modo
1484 1130 1790 1183 videmus:
1823 1128 2035 1183 Omnia

376 1231 600 1286 genera
619 1214 926 1285 speciebus
944 1217 1066 1270 suis
1080 1223 1471 1286 supersuntet
1492 1218 1813 1273 abundant.
1834 1217 2033 1271 Abun—

375 1304 522 1357 dare
557 1310 749 1357 autem
781 1319 995 1375 genera
1024 1306 1279 1361 dicimus
1310 1306 1638 1377 speciebus,
1664 1307 1798 1376 plus
1822 1306 2035 1360 habere

376 1408 603 1462 genera
634 1390 869 1446 virtutis
896 1409 1074 1463 quam
1105 1393 1347 1464 species.
1374 1399 1561 1449 Homo
1587 1395 1740 1450 enim
1766 1395 1921 1464 quod
1949 1400 2039 1448 est

377 1482 608 1551 species
640 1480 831 1535 solum
868 1482 1042 1537 homo
1072 1488 1179 1537 est.
1218 1483 1442 1538 Animal
1473 1500 1606 1539 vero
1639 1484 1789 1555 quod
1825 1487 1913 1539 est
1937 1499 2032 1553 ge-

376 1586 519 1634 nus,
557 1586 672 1625 non
705 1570 898 1625 solum
926 1571 1097 1626 homo
1115 1577 1223 1639 est,
1252 1573 1349 1627 sed
1385 1578 1441 1627 et
1467 1590 1656 1644 equus
1686 1572 1774 1627 vel
1794 1573 1920 1640 bos,
1945 1571 2035 1626 vel

381 1659 696 1730 quodlibet
724 1659 881 1714 aliud
910 1660 1149 1714 animali
1186 1668 1579 1733 suppositum.
1608 1662 1688 1716 Ita
1723 1664 1907 1729 major
1947 1660 2035 1714 vis

380 1748 624 1818 generis
650 1758 802 1803 recte
825 1751 895 1803 de
920 1748 1130 1804 minori
1155 1751 1263 1804 sibi
1282 1759 1338 1803 et
1355 1751 1620 1820 subjecta
1641 1749 1865 1820 species
1889 1765 2037 1819 pres-

2141 591 2347 645 minari
2370 593 2521 662 quod
2547 593 2594 646 si
2619 594 2686 645 ad
2706 592 2927 663 species
2954 593 3283 648 differentia
3306 593 3542 655 dicitur,
3560 592 3783 663 species

2140 686 2333 736 autem
2354 682 2424 735 ad
2448 682 2745 736 individua
2768 684 3132 751 praedicatur,
3162 698 3400 736 necesse
3421 689 3512 737 est
3536 687 3595 735 ut
3617 682 3781 736 diffe-

2140 771 2329 825 rentia
2354 771 2672 840 quoquead
2698 770 2997 825 individua
3025 772 3389 841 praedicetur.
3420 771 3571 825 Dicis
3594 770 3776 837 enim,

2139 860 2334 929 qualis
2362 865 2449 914 est
2474 860 2671 914 Cicero
2692 858 2718 911 ‘2
2753 858 3071 914 rationalis.
3098 862 3257 925 Quod
3284 860 3331 913 si
3358 860 3683 914 differentia
3704 861 3774 915 ad

2138 948 2441 1003 individua
2466 949 3161 1020 praadicatur,accidentia
3183 966 3315 1004 vero
3336 949 3657 1005 individuis
3681 966 3778 1004 ac-

2140 1038 2356 1106 cidunt,
2384 1054 2620 1093 necesse
2637 1044 2727 1093 est
2748 1039 3107 1093 differentias
3134 1040 3201 1093 ad
3231 1038 3552 1093 accidentia
3571 1039 3785 1109 priedi-

2140 1128 2279 1181 cari.
2315 1127 2620 1198 Proprium
2656 1143 2787 1181 vero
2812 1127 3087 1197 quoniam
3112 1143 3343 1197 semper
3364 1130 3541 1181 unius
3573 1128 3786 1198 speciei

2141 1216 2441 1287 preprium
2485 1221 2592 1281 est,
2618 1220 2675 1270 et
2713 1216 2782 1268 ad
2818 1232 2997 1269 unam
3035 1216 3282 1286 speciem
3308 1216 3657 1283 praedicatur
3686 1234 3782 1272 so-

2138 1304 2278 1373 lam,
2312 1306 2404 1359 cui
2435 1310 2525 1360 est
2556 1305 2877 1376 proprium.
2904 1304 3141 1359 Risibile
3172 1321 3446 1374 namque,
3467 1306 3619 1375 quod
3646 1322 3777 1374 pro-

2141 1393 2330 1464 prium
2365 1398 2473 1459 est,
2525 1394 2595 1449 ad
2636 1392 2817 1449 solam
2854 1393 3110 1448 hominis
3134 1392 3381 1463 speciem
3409 1394 3775 1463 praedicatur.

2140 1485 2299 1547 Quod
2318 1483 2365 1536 si
2380 1484 2447 1536 ad
2468 1482 2723 1537 hominis
2737 1483 2989 1553 speciem
3009 1482 3372 1553 praedicatur,
3397 1482 3619 1552 species
3647 1500 3777 1538 vero

2141 1572 2210 1625 ad
2238 1571 2534 1625 individua
2552 1571 2786 1636 dicitur,
2810 1587 2922 1625 non
2946 1570 3295 1624 estdnbium
3313 1570 3453 1640 quin
3480 1570 3778 1640 proprium

2141 1678 2373 1732 quoque
2395 1662 2465 1715 de
2498 1661 2813 1716 individuis
2837 1661 3353 1732 praediceturNam
3375 1661 3423 1714 si
3456 1660 3626 1714 homo
3648 1660 3779 1714 risi-

2143 1750 2255 1803 bile
2289 1750 2505 1803 animal
2529 1754 2638 1815 est,
2658 1749 2854 1804 Cicero
2877 1764 3111 1820 quoque
3135 1754 3191 1803 et
3212 1748 3491 1819 Virgilius
3536 1748 3783 1803 risibilia

383 1838 637 1891 dicatur.
667 1837 792 1890 Alia
816 1854 947 1892 vero
970 1843 1131 1902 sunt,
1166 1855 1295 1910 quae
1310 1839 1416 1893 sibi
1446 1844 1584 1894 sunt
1602 1837 1787 1908 paria,
1808 1843 1869 1892 ut
1892 1841 2031 1892 sunt
2063 1863 2108 1926 Β
2142 1837 2419 1893 animalia
2451 1844 2600 1893 recte
2622 1839 2916 1893 dicuntur.
2940 1838 3101 1903 Quod
3126 1838 3173 1891 si
3209 1838 3507 1909 proprium
3533 1838 3603 1891 ad
3630 1837 3781 1891 indi-

382 1926 628 1997 prOpria
658 1931 714 1979 et
743 1926 985 1993 species.
1019 1928 1249 1997 Species
1280 1934 1368 1982 est
1391 1928 1582 1993 homo,
1619 1928 1916 1998 prOprium
1952 1926 2029 1981 ri-

374 2014 575 2069 sibile.
607 2015 901 2085 Quidquid
935 2032 1072 2086 ergo
1107 2017 1281 2070 fuerit
1318 2016 1677 2087 risibile,hoc
1712 2022 1800 2071 est
1832 2016 2025 2069 homo.

374 2104 676 2174 Quidquid
696 2103 1005 2169 bomo,hoc
1021 2104 1241 2159 risibile
1259 2110 1364 2159 est.
1383 2109 1579 2176 Itaque
1595 2121 1783 2175 neque
1808 2104 2029 2159 risibile

376 2192 862 2262 hominis,ueque
881 2193 1055 2248 homo
1074 2193 1313 2248 risibilis
1329 2194 1648 2264 potentiam
1666 2192 2030 2264 supervadit,

376 2282 485 2337 sed
522 2280 767 2351 aequalia
790 2281 898 2335 sibi
922 2283 992 2335 ad
1027 2299 1088 2336 se
1119 2283 1364 2337 invicem
1405 2284 1703 2354 praedicari
1759 2286 2027 2352 possunt,

372 2376 441 2425 nt
474 2370 524 2423 si
560 2370 739 2433 dicas,
764 2369 904 2440 quid
929 2376 1020 2425 est
1052 2370 1226 2425 homo
1253 2376 1275 2427 ἱ)
1307 2371 1567 2426 Risibile.
1592 2372 1737 2435 Quid
1774 2376 1864 2426 est
1896 2370 2029 2424 risi-

370 2458 493 2511 bile
518 2458 546 2511 ‘?
576 2458 779 2511 Homo.
807 2458 1457 2531 Itaigiturquzecunque
1489 2461 1792 2531 superiora
1813 2460 2028 2514 fuerint

367 2548 443 2601 ad
500 2546 603 2600 illa
652 2564 775 2617 qua:
808 2548 1136 2603 subteriora
1156 2555 1312 2615 sunt,
1337 2550 1742 2621 praedicantur.
1769 2550 1836 2603 Et
1865 2566 2027 2620 quae-

365 2652 609 2706 cunque
633 2636 880 2706 aequalia
908 2638 1121 2704 fuerat,
1151 2638 1364 2707 pariter
1388 2640 1496 2694 sibi
1517 2641 1587 2694 ad
1615 2639 1862 2693 invicem
1889 2655 2028 2709 prae-

368 2725 676 2778 dicantur.
713 2724 816 2778 Illa
847 2742 979 2779 vero
1012 2742 1139 2795 qua:
1171 2728 1500 2782 subteriora
1531 2732 1669 2782 sunt
1701 2734 1756 2782 et
1780 2728 2023 2792 minora,

366 2815 441 2866 de
478 2814 890 2882 superioribus
921 2820 977 2867 et
1004 2815 1539 2884 abundantibus,ut
1569 2822 1710 2871 sunt
1739 2832 1949 2886 genera
1971 2821 2027 2869 et

365 2901 938 2971 species,praadicari
958 2919 1070 2957 non
1090 2910 1350 2973 possunt.
1371 2904 1679 2975 Nunquam
1700 2905 1854 2959 enim
1874 2909 2024 2960 recte

366 2991 635 3061 speciem
672 2992 739 3045 de
765 3007 974 3061 genere
998 2993 1360 3062 praadicabis.
1396 2999 1478 3048 Ita
1501 3010 1637 3065 ergo
1685 2995 1907 3063 species
1955 2994 2024 3047 de

366 3080 616 3150 preprio
642 3081 993 3150 praedicatur
1022 3088 1083 3135 ut
1115 3082 1259 3152 pari.
1292 3084 1400 3137 Sed
1448 3084 1721 3153 quoniam
1754 3084 1863 3138 sub
1892 3098 2024 3153 spe-

366 3170 581 3222 ciebus
614 3168 918 3238 sigillatim
950 3169 1251 3225 individua
1283 3178 1423 3227 sunt
1454 3188 1467 3226 :
1501 3171 1802 3227 individua
1823 3178 2016 3227 autem

363 3272 655 3312 vocamus
682 3257 879 3327 quein
906 3257 1097 3313 nullas
1120 3260 1563 3332 species,neque
1582 3262 1638 3314 in
1655 3260 1876 3330 aliquas
1892 3263 2016 3331 jam
2049 3223 2092 3290 Ο

364 3345 515 3399 alias
564 3351 762 3415 partes
792 3346 969 3400 dividi
1006 3353 1275 3417 possunt,
1322 3354 1386 3402 ut
1418 3355 1505 3404 est
1531 3353 1691 3414 Cato,
1722 3350 1806 3404 vel
1838 3350 2023 3417 Plato,

366 3434 455 3489 vel
490 3435 721 3501 Cicero,
756 3442 809 3489 et
841 3436 1122 3505 quidquid
1158 3437 1464 3493 hominum
1496 3438 1860 3511 singulorum
1894 3445 2021 3494 est:

365 3523 476 3577 bos
523 3526 688 3577 enim
736 3524 793 3578 in
842 3524 1020 3580 nullis
1045 3527 1309 3594 partibus
1350 3527 1582 3594 dividis,
1618 3533 1678 3583 ut
1713 3528 1931 3585 animal
1966 3529 2022 3582 in

368 3612 623 3679 Species,
663 3613 956 3667 hominem
982 3614 1223 3683 scilicet,
1259 3621 1433 3685 atque
1455 3633 1697 3687 equum,
1720 3617 2022 3672 hominem

365 3718 399 3770 q
412 3718 608 3770 noque
631 3702 825 3770 ipsum
842 3702 1243 3773 specialem,et
1256 3704 1519 3772 singulos
1545 3706 2024 3777 circumplecten-

366 3795 517 3853 tem,
550 3790 608 3843 in
665 3792 965 3855 Catonem,
1002 3790 1313 3849 Platonem.
1364 3793 1699 3865 Virgilium,
1734 3800 1791 3849 et
1822 3812 2027 3851 omnes

366 3878 681 3950 sigillatim
708 3878 974 3935 homines
992 3880 1661 3947 distributos,bominem
1683 3900 1814 3939 vero
1830 3885 2024 3954 ipsum

361 3967 770 4038 singularem,
798 3969 852 4021 id
878 3974 967 4023 est
987 3970 1342 4033 Ciceronem,
1368 3973 1422 4025 in
1450 3972 1641 4027 nullos
1665 3973 1811 4027 alios
1832 3974 2027 4028 distri-

363 4058 505 4111 bere
536 4073 881 4127 possumus,
917 4063 1091 4129 atque
1134 4060 1264 4114 ideo
1316 4057 1543 4131 ἃτομον,
1594 4062 1649 4117 id
1698 4068 1785 4117 est
1816 4062 2027 4117 invidi-

362 4147 563 4199 doum
596 4147 915 4200 vocitatum
949 4152 1056 4201 est.
1091 4148 1323 4217 Species
1353 4166 1490 4220 ergo
1535 4167 1661 4221 quae
1686 4153 1754 4205 ad
1792 4152 2027 4222 propria

361 4234 681 4304 aequaliter
713 4236 1062 4304 praedicatur
1087 4237 1155 4289 ad
1180 4238 1504 4305 individua,
1526 4239 1801 4310 quoniam
1841 4242 2028 4309 major

362 4328 455 4376 est
489 4323 726 4393 species
756 4323 1033 4390 hominis,
1069 4342 1240 4393 quam
1274 4328 1579 4397 quodlibet
1627 4328 1785 4383 aliud
1812 4329 2026 4383 indivi-

364 4412 585 4473 duum,
648 4413 730 4465 ita
776 4414 1123 4481 praedicatur
1146 4420 1209 4469 ut
1240 4418 1510 4486 superius
1559 4419 1628 4471 ad
1662 4419 1718 4471 id
1753 4419 1904 4489 quod
1940 4422 2030 4474 est.

367 4501 760 4555 subalterius.
785 4502 977 4557 Cicero
1000 4503 1156 4558 enim
1184 4505 1344 4560 solus
1369 4507 1567 4561 Cicero
1591 4510 1699 4575 est,
1732 4506 1905 4562 homo
1930 4525 2026 4562 au-

2140 1927 2311 1981 viduo
2335 1931 2486 1981 recte
2513 1926 2745 1994 dicitur,
2792 1932 2941 1981 recte
2971 1927 3146 1980 etiam
3189 1932 3245 1979 et
3275 1927 3346 1980 de
3373 1926 3777 1980 accidentibus

2137 2016 2447 2086 praadicatu
2462 2032 2635 2085 r,qua3
2652 2015 3081 2086 ipsisaccidunt
3098 2014 3777 2070 individuis.Accidentia

2133 2121 2265 2159 vero
2284 2110 2337 2159 et
2355 2108 2563 2177 ipsa,et
2584 2106 2654 2159 de
2676 2106 3071 2174 speciebus,et
3090 2106 3159 2157 de
3180 2104 3310 2158 aliis
3332 2104 3606 2159 omnibus
3630 2121 3777 2175 pra:-

2134 2195 2423 2259 dicantur,
2448 2200 2502 2248 et
2527 2194 2598 2248 de
2619 2194 2762 2264 ipsis
2788 2193 3038 2248 maxime
3058 2193 3395 2246 individuis.
3424 2197 3688 2263 Namque
3718 2196 3777 2248 et

2134 2284 2303 2339 albus
2335 2300 2523 2353 equus
2546 2288 2603 2336 et
2638 2283 2808 2337 albus
2834 2282 3003 2337 homo
3027 2281 3263 2349 dicitur,
3288 2288 3346 2335 et
3380 2282 3591 2336 iterum
3617 2281 3781 2351 niger

2132 2377 2406 2443 equus,et
2422 2370 2848 2442 nigerzEtbiops
2864 2371 3265 2435 dicitur.Quod
3283 2370 3329 2424 si
3347 2370 3426 2424 ita
3443 2369 3780 2436 est,animal

2133 2477 2365 2531 quoque
2398 2461 2629 2530 nigrum
2655 2460 2889 2514 dicitur.
2914 2459 3141 2514 Dicitur
3163 2460 3338 2512 etiam
3373 2458 3652 2513 rationale
3695 2460 3778 2513 ni-

2134 2566 2303 2621 grum
2324 2549 2998 2619 etirrationalenigrum,
3019 2550 3234 2619 quippe
3256 2549 3303 2602 si
3323 2563 3507 2619 equus
3522 2552 3577 2602 et
3596 2548 3774 2604 homo

2131 2639 2393 2709 zEthiops
2431 2638 2579 2710 nigri
2621 2644 2779 2693 sunt.
2805 2638 3027 2692 Dicitur
3064 2640 3236 2692 etiam
3282 2638 3505 2693 risibile
3536 2638 3769 2708 nigrum

2131 2744 2262 2781 cum
2282 2728 2583 2782 hominum
2601 2727 2734 2798 quis
2753 2727 2917 2798 niger
2931 2726 3352 2781 fuerit.Dicitur
3370 2727 3542 2780 etiam
3560 2726 3770 2781 indivi-

2131 2816 2311 2870 duum
2342 2817 2595 2887 nigrum,
2619 2832 2750 2871 cum
2773 2816 2856 2870 sic
2873 2816 3004 2887 quis
3028 2832 3180 2869 unus
3202 2815 3376 2869 homo
3396 2832 3461 2869 ex
3480 2815 3770 2886 {Ethiopia

2133 2906 2488 2961 nominatur.
2524 2910 2683 2971 Quod
2712 2922 2843 2960 cum
2887 2908 2965 2959 ita
2994 2905 3091 2970 sit,
3121 2910 3348 2959 constat
3379 2911 3437 2959 et
3475 2921 3662 2975 genus
3695 2905 3766 2958 ad

2131 2996 2387 3066 plurima
2416 2994 2801 3067 prmdic;iri,id
2827 2998 2914 3048 est
2934 2993 3180 3063 species,
3206 2993 3583 3061 differentias,
3614 2992 3769 3046 acci-

2130 3085 2348 3149 dentia,
2398 3085 2653 3154 prepria,
2704 3088 2876 3153 atque
2918 3082 3236 3146 individua,
3291 3081 3677 3136 nihilominus
3710 3086 3768 3137 et
3816 3080 3821 3083 ⁷

2131 3173 2515 3231 differentiam
2537 3173 2602 3225 ad
2632 3171 2882 3242 plurima
2903 3170 3221 3241 praedicari,
3248 3170 3303 3223 id
3327 3174 3416 3224 est
3436 3170 3767 3241 adispecies,

2133 3262 2366 3335 propria
2396 3263 2464 3315 ad
2487 3261 2789 3315 individua
2811 3265 2866 3313 et
2896 3259 3241 3319 accidentia,
3273 3264 3330 3313 et
3362 3260 3661 3329 proprium
3696 3260 3765 3314 ad

2132 3351 2408 3424 plurima,
2441 3350 2495 3402 id
2522 3354 2610 3404 est
2638 3348 2914 3419 speciem,
2939 3346 3244 3401 individua
3266 3354 3323 3402 et
3345 3347 3670 3402 accidentia
3703 3349 3769 3402 Et

2132 3440 2385 3511 speciem
2412 3439 2478 3493 ad
2508 3438 2781 3510 plurima,
2812 3438 2866 3491 id
2900 3444 2989 3491 est
3010 3437 3308 3491 individua
3332 3442 3390 3491 et
3420 3436 3767 3492 accidentia.

2130 3529 2414 3584 Accidens
2440 3544 2573 3582 vero
2603 3532 2657 3581 et
2680 3528 2748 3580 ad
2783 3541 2970 3597 genus
3001 3530 3056 3580 et
3076 3526 3141 3579 ad
3179 3526 3430 3596 speciem
3455 3532 3511 3579 et
3540 3527 3609 3580 ad
3639 3542 3769 3595 pro-

2132 3620 2349 3689 prium,
2385 3623 2440 3672 et
2463 3619 2533 3672 ad
2568 3617 2977 3684 differentiam,
3010 3620 3066 3669 et
3089 3614 3159 3669 ad
3186 3615 3503 3669 individua.
3540 3616 3699 3678 Quod
3720 3615 3769 3668 si

2132 3707 2213 3761 ita
2244 3712 2351 3770 est,
2385 3705 2491 3760 has
2522 3706 2779 3775 quinque
2812 3721 2901 3759 res
2921 3709 3150 3759 constat
3179 3704 3247 3758 ad
3286 3702 3538 3775 plurima
3568 3703 3770 3774 praedi-

2133 3797 2270 3853 cari.
2286 3798 2356 3850 At
2376 3812 2507 3849 vero
2523 3794 3192 3863 individuum,quoniam
3217 3793 3402 3847 subse
3416 3791 3559 3846 nihil
3577 3792 3770 3857 habet,

2133 3887 2200 3939 ad
2218 3884 2685 3957 singularitatem
2703 3883 3017 3953 quamdam
3032 3886 3087 3936 et
3103 3882 3383 3935 unitatem
3404 3881 3769 3951 praedicatur.

2134 3974 2326 4028 Cicero
2348 3973 2503 4028 enim
2538 3989 2692 4027 unus
2724 3976 2831 4036 est,
2869 3976 2925 4025 et
2955 3972 3023 4025 ad
3061 3987 3244 4025 unum
3284 3987 3493 4023 nomen
3514 3974 3766 4040 aptatur.

2134 4063 2216 4117 Ita
2237 4062 2541 4118 individua
2561 4079 2688 4131 qua:
2711 4061 2780 4115 ad
2809 4060 3092 4114 unitatem
3118 4059 3653 4125 dicuntur,cunctis
3674 4075 3771 4113 su-

2134 4152 2458 4222 perioribus
2481 4150 2785 4221 supposita
2808 4153 2966 4212 sunt,
3000 4153 3064 4202 ut
3086 4165 3290 4215 genus,
3327 4149 3573 4219 species,
3606 4147 3770 4202 diffe-

2133 4240 2339 4307 rentia,
2395 4240 2463 4293 ad
2522 4239 2775 4310 prepria,
2807 4237 2892 4291 vel
2922 4236 3263 4303 accidentia,
3305 4236 3571 4305 quamvis
3605 4236 3673 4289 ad
3708 4252 3770 4289 se

2134 4329 2378 4383 invicem
2404 4328 2515 4382 dici
2543 4330 2809 4398 possunt,
2835 4328 2905 4381 ad
2930 4325 3233 4379 individua
3252 4331 3444 4380 tamen
3467 4324 3769 4395 aequaliter

2135 4418 2550 4489 praedicantur,
2573 4422 2637 4469 ut
2658 4415 2933 4484 superius
2956 4416 3423 4468 demonstratum
3446 4413 3771 4468 est.lndivi-

2134 4508 2250 4561 dua
2279 4522 2433 4575 vero,
2469 4505 2747 4576 quoniam
2783 4504 2892 4557 sub
2923 4520 2982 4557 se
3017 4501 3161 4557 nihil
3203 4502 3419 4557 habent
3447 4502 3545 4556 ubi
3586 4504 3770 4557 secari

364 4595 484 4643 tem
516 4606 634 4643 non
661 4588 822 4643 solus
849 4596 939 4645 est
955 4594 1170 4659 Cicero,
1195 4596 1349 4664 quod
1383 4594 1432 4650 si
1457 4597 1526 4650 ad
1551 4596 1854 4653 individua
1880 4616 2021 4667 prie-
2054 4589 2101 4655 D
2135 4595 2532 4664 distribuique
2582 4592 2825 4663 possint,
2862 4593 2933 4646 ad
2965 4591 3109 4646 nihil
3160 4592 3315 4645 aliud
3360 4592 3767 4662 priedicantur,

366 4679 627 4739 dicatur,
657 4682 713 4731 et
743 4680 811 4731 ad
848 4678 1284 4737 individuorum
1314 4684 1637 4739 accidentia
1658 4686 2019 4754 praedicatur.

368 4769 457 4822 Ita
490 4767 683 4837 igitur
714 4768 938 4837 species
970 4770 1039 4823 ad
1072 4786 1254 4841 genus
1285 4774 1440 4844 quod
1488 4774 1761 4845 superius
1788 4780 1878 4829 est
1909 4791 2020 4829 non

366 4854 752 4925 praedicatur,
785 4872 975 4927 neque
1005 4860 1074 4911 ad
1099 4860 1510 4929 differentiam,
1537 4864 1676 4934 quia
1698 4863 2025 4919 differentia

362 4948 456 5014 {ut
484 4961 643 4998 nunc
670 4947 1052 5000 monstraturi
1079 4953 1306 5020 sumus)
1330 4968 1509 5022 super
1538 4952 1791 5022 speciem
1815 4957 1923 5020 est,
1950 4954 2021 5008 ad

364 5033 682 5106 proprium
702 5050 834 5088 vero
856 5035 950 5088 cui
972 5039 1314 5108 parspecies
1329 5044 1529 5107 est,vel
1558 5041 1625 5095 ad
1654 5041 2020 5098 individuum

361 5126 456 5179 cui
480 5129 780 5194 superest,
809 5126 1179 5195 praedicatur.
1206 5129 1543 5186 Differentia
1557 5149 1689 5187 vero
1715 5138 1771 5187 et
1803 5133 1871 5186 ad
1898 5149 2023 5204 spe-

358 5215 507 5279 cies,
543 5219 601 5269 et
624 5214 697 5267 ad
725 5214 1062 5285 pr0pria,{et
1088 5218 1157 5270 ad
1184 5219 1524 5288 accidentia,
1550 5226 1606 5274 et
1628 5222 1697 5275 ad
1724 5222 2022 5276 individua

357 5305 745 5375 pradicatur.
782 5304 1047 5375 Namque
1080 5308 1359 5364 rationale
1390 5312 1546 5381 quod
1581 5315 1670 5365 est
1694 5312 2023 5368 differentia

358 5394 428 5446 ad
469 5393 775 5448 hominem
804 5393 1342 5467 predicatur,quod
1372 5405 1459 5453 est
1483 5400 1725 5470 species.
1755 5402 1834 5455 Ita
1855 5401 2022 5456 ratio-

362 5483 494 5537 nale
529 5482 687 5552 quod
713 5487 799 5537 est
822 5482 1172 5553 differentia,
1206 5488 1558 5557 praedicatur
1586 5490 1654 5543 ad
1683 5490 1929 5559 risibile,
1963 5492 2019 5545 id

364 5580 448 5625 est
472 5572 805 5643 proprium.
826 5571 1055 5627 Dicitur
1080 5575 1234 5629 enim
1259 5577 1314 5630 id
1340 5593 1469 5632 esse
1494 5578 1731 5644 risibile,
1750 5581 1902 5650 quod
1936 5597 2023 5635 ra-

368 5660 605 5715 tionale.
653 5659 799 5716 Nam
852 5661 901 5717 si
934 5660 1112 5717 homo
1143 5664 1447 5737 rationale,
1479 5672 1536 5722 et
1574 5666 1747 5722 homo
1774 5666 2020 5739 risibile,

2136 4684 2248 4740 nisi
2282 4685 2352 4739 ad
2380 4683 2574 4752 seipsa
2605 4698 2731 4752 qum
2763 4679 2997 4751 singula
3026 4685 3201 4750 atque
3234 4698 3349 4734 una
3378 4686 3533 4735 sunt.
3584 4682 3772 4752 Atque

2132 4775 2242 4829 hoc
2263 4772 2526 4845 estquod
2548 4771 2630 4825 ait
2651 4788 2664 4825 ε
2683 4775 2890 4826 Eorum
2906 4786 3034 4840 qu
3057 4770 3331 4823 dicuntur
3351 4770 3465 4824 alia
3486 4770 3558 4824 ad
3586 4769 3775 4824 unita-

2132 4869 2249 4920 tem
2271 4858 2937 4927 dicuntur,sicutomnia
2957 4857 3354 4927 individua,ut
3373 4864 3461 4913 est
3481 4859 3768 4925 Socrates,

2133 4957 2189 5007 et
2219 4953 2328 5007 hoc
2359 4956 2413 5006 et
2444 4950 2610 5004 illud.
2649 4948 2773 5002 Alia
2805 4964 2930 5017 qua
2956 4947 3026 5000 ad
3054 4946 3516 5011 multitudinem,
3552 4953 3614 5000 ut
3636 4952 3773 5001 sunt

2133 5058 2368 5115 genera,
2398 5044 2454 5094 et
2486 5038 2733 5109 species,
2759 5042 2815 5091 et
2830 5036 3188 5101 differentiae,
3222 5040 3280 5090 et
3311 5036 3563 5107 propria,
3596 5041 3653 5089 et
3674 5053 3772 5090 ac-

2132 5131 2404 5187 cidentia.
2438 5129 2565 5183 Haec
2587 5126 2741 5182 enim
2766 5124 3153 5180 communiter
3172 5141 3287 5179 non
3326 5125 3502 5179 unius
3523 5127 3771 5196 propria:

2133 5215 2925 5294 appellationissunt.Simile
2944 5220 3033 5268 est
3049 5230 3115 5268 ac
3129 5213 3177 5268 si
3199 5214 3416 5268 diceret
3439 5229 3451 5267 :
3469 5214 3599 5268 Haec
3613 5231 3677 5268 en
3693 5216 3701 5267 i
3716 5232 3769 5269 m

2131 5310 2525 5368 communiter
2541 5307 2609 5361 ad
2635 5305 2882 5375 plurima
2907 5303 3315 5375 praedicantur,
3352 5319 3465 5357 non
3488 5304 3557 5357 ad
3586 5305 3771 5357 unita-

2133 5405 2246 5454 tem
2274 5400 2427 5453 sicut
2454 5396 2778 5450 individua.
2802 5395 2871 5448 Et
2894 5393 3032 5464 quid
3054 5392 3176 5446 sint
3196 5408 3410 5462 genera
3430 5391 3515 5445 vel
3548 5396 3769 5462 species

2130 5490 2216 5544 vel
2248 5487 2587 5543 differentia;
2610 5484 2697 5539 vel
2727 5481 3058 5554 propriave]
3091 5481 3415 5536 accidentia
3441 5480 3765 5548 exemplum

2132 5576 2624 5650 supponitdicens
2641 5591 2653 5629 :
2671 5572 2935 5627 Estenim
2952 5587 3162 5642 genus,
3180 5569 3468 5625 utanimal
3491 5568 3763 5636 ;speeies,

2133 5673 2197 5724 ut
2226 5669 2423 5733 homo,
2448 5680 2625 5735 quam
2648 5662 2872 5717 dudum
2901 5660 3159 5716 hominis
3199 5659 3450 5730 speciem
3475 5672 3608 5712 cum
3633 5656 3764 5713 aliis
