4126 6180
287 363 351 418 31
1561 367 1680 420 AN.
1720 366 1920 420 MANL

2034 366 2145 419 BV.
2185 364 2422 420 ΒΟΕἸἮ
3617 369 3690 424 32

288 490 686 545 animantibus
711 490 821 545 sub
847 490 1084 545 animali
1117 493 1446 562 posuimus.
1484 490 1834 559 Differentia,
1869 494 1933 544 ut
1962 490 2013 556 Α
2043 504 2230 559 genus
2254 495 2360 557 est,
2392 490 2448 544 id
2471 494 2558 545 est
2580 491 2690 546 sub
2711 508 2828 563 qua
2849 494 3076 565 species
3095 492 3267 549 nulla:
3292 495 3606 550 sunt.Nam
3640 496 3694 552 si

285 579 567 633 rationale
591 596 705 649 qua
729 580 1208 648 species,scilicet
1228 580 1483 634 hominis
1505 581 1573 634 ab
1603 578 1925 634 irrationali

287 669 464 722 distat
495 669 754 722 animali.
793 668 1118 739 Proprium,
1148 675 1210 722 ut
1244 668 1484 735 risibile,
1511 669 1662 738 quod
1701 667 1926 722 nullum

287 758 444 812 aliud
470 757 708 826 animal,
733 774 918 828 neque
941 758 1246 820 rationale,
1271 774 1456 828 neque
1477 757 1807 812 irrationale
1831 758 1928 812 ha-

290 848 398 901 bet.
433 846 670 900 Nullum
703 847 858 901 enim
912 847 1127 901 animal
1175 846 1344 911 ridet,
1392 846 1502 900 nisi
1538 845 1699 901 solus
1732 845 1924 900 homo.

287 937 473 999 Quare
487 952 618 989 cum
642 936 906 1006 quaedam
931 935 1252 990 cmlestium
1275 938 1627 1005 potestatum
1653 935 1928 990 animalia

288 1023 1018 1088 rationabiliasint,eorum
1035 1029 1226 1078 tamen
1250 1024 1549 1094 proprium
1574 1023 1794 1078 risibile
1815 1040 1926 1079 non

286 1117 396 1177 est,
420 1113 700 1182 quoniam
724 1129 835 1167 non
862 1112 1070 1166 rident.
1098 1112 1270 1166 Recte
1294 1112 1475 1183 igitur
1497 1111 1717 1167 risibile
1742 1111 1927 1167 solius

286 1200 544 1255 hominis
562 1200 860 1271 proprium
883 1199 1246 1270 praedicatur.
1274 1199 1810 1265 Accidens,album,
1829 1202 1924 1254 ni-

284 1305 452 1359 grum
475 1289 1048 1357 etsedcrequoniam
1067 1288 1122 1341 in
1142 1287 1791 1343 substantiahominum
1811 1306 1926 1343 non

285 1377 656 1442 sunt,merito
680 1375 999 1430 accidentia
1018 1376 1564 1430 nominantur.Nam
1582 1377 1628 1431 si
1654 1378 1924 1432 substan-

285 1466 378 1520 tiae
401 1467 804 1535 cujuscunque
821 1464 1027 1533 speciei
1053 1465 1362 1518 interesset
1382 1464 1437 1518 id
1464 1465 1615 1534 quod
1653 1464 1924 1518 accidens

285 1553 906 1623 dicimus,interempto
921 1553 1206 1606 accidenti
1232 1553 1441 1621 periret
1463 1554 1634 1608 etiam
1650 1554 1777 1624 ejus
1801 1571 1925 1624 spe-

284 1643 386 1696 ciei
406 1642 737 1696 substantia
753 1642 842 1696 cui
863 1641 1088 1696 accidit.
1106 1642 1246 1696 Nam
1264 1642 1538 1711 quoniam
1556 1642 1839 1696 rationale
1861 1641 1920 1696 in

283 1730 538 1784 hominis
562 1731 889 1784 substantia
907 1729 1068 1794 est,si
1089 1730 1920 1799 rationabilitasinterimatur,

281 1819 538 1873 hominis
567 1835 799 1890 quoque
822 1819 1149 1873 substantia
1176 1819 1505 1874 necessario
1527 1821 1781 1890 peritura
1810 1824 1914 1873 est.

284 1907 524 1973 Idcirco,
550 1909 823 1978 quoniam
843 1908 898 1961 in
923 1908 1104 1977 ipsius
1119 1908 1329 1979 speciei
1346 1909 1676 1963 substantia
1696 1914 1828 1962 natu
1841 1925 1922 1962 ra-

282 2015 393 2068 que
409 2002 690 2052 versatur.
717 2002 789 2051 At
813 2014 942 2052 vero
966 1997 1160 2051 album
1177 1997 1501 2068 etnigrum,
1525 1998 1612 2051 vel
1651 2015 1924 2068 quaecun—

282 2103 393 2157 que
417 2090 552 2140 sunt
574 2085 896 2140 accidentia
915 2087 963 2140 si
982 2085 1538 2156 interimas,species
1558 2086 1685 2157 ipsa
1725 2086 1781 2140 in
1808 2104 1925 2158 qua

281 2177 381 2230 illa
399 2176 759 2241 accidebant,
780 2181 1145 2230 manet.Nam
1175 2192 1360 2246 neque
1383 2177 1576 2231 omnis
1597 2177 1768 2231 homo
1793 2193 1924 2231 can-

282 2266 480 2329 didus,
500 2281 689 2336 neque
711 2265 903 2319 omnis
921 2264 1082 2335 niger
1099 2269 1204 2332 est,
1231 2270 1285 2318 et
1308 2265 1397 2319 cui
1422 2265 1703 2320 alterutra
1725 2267 1924 2321 defue-

283 2355 420 2420 rint,
445 2354 573 2423 ejus
593 2353 816 2424 species
831 2370 942 2407 non
962 2353 1381 2423 peribit.Alque
1407 2353 1620 2408 idcirco
1638 2355 1756 2408 haec
1773 2355 1924 2408 scci-

285 2443 504 2507 dentia,
527 2442 703 2496 veluti
744 2459 857 2496 non
895 2441 1094 2495 innata
1118 2441 1174 2496 in
1220 2442 1571 2508 substantia,
1597 2444 1697 2497 sed
1721 2461 1754 2498 a
1787 2442 1926 2498 foris

284 2531 574 2585 venientia
593 2535 744 2585 recte
766 2531 1066 2585 nominata
1087 2536 1246 2585 sunt.
1274 2536 1436 2585 Nunc
1458 2549 1612 2601 ergo,
1645 2532 1922 2602 quoniam

287 2619 425 2690 quid
453 2620 531 2674 sit
552 2635 735 2688 genus
760 2619 1108 2688 ostenditur,
1123 2623 1179 2673 et
1199 2635 1265 2674 ea
1287 2636 1413 2690 quas
1437 2622 1505 2674 ad
1533 2622 1813 2675 unitatem
1838 2621 1924 2675 di-

287 2714 518 2773 cuntur,
538 2711 608 2763 ab
633 2709 703 2762 iis
718 2725 843 2779 quas
863 2708 932 2762 de
949 2706 1217 2777 plurimis
1232 2709 1925 2778 praedicanturdistinxit,

287 2802 461 2868 atque
476 2796 992 2867 distribuit,ipsius
1009 2797 1240 2867 generis
1259 2797 1727 2864 differentias,vel
1749 2799 1819 2853 ab
1835 2799 1925 2854 his

289 2904 414 2956 qua:
439 2888 507 2940 ad
536 2887 822 2941 unitatem
845 2886 1138 2950 dicuntur,
1173 2884 1260 2940 vel
1296 2886 1368 2940 ab
1387 2887 1470 2942 eis
1493 2904 1617 2954 quae
1637 2888 1706 2942 ad
1728 2887 1923 2957 plura-

284 2974 506 3030 ]itatem
526 2979 878 3046 congruunt,
901 2974 955 3028 id
971 2979 1057 3029 est
1076 2974 1425 3038 differentia,
1446 2975 1920 3046 specie,proprio,

287 3065 687 3134 accidcnfique
709 3064 985 3129 declarat,
1010 3068 1066 3117 et
1088 3064 1230 3118 dicit
1251 3079 1438 3135 genus
1461 3064 1532 3118 ab
1557 3064 1673 3119 illis
1692 3082 1817 3135 qua
1849 3066 1920 3120 ad

281 3153 403 3207 sola
425 3152 727 3206 individua
746 3154 1156 3221 praedicantur,
1181 3153 1237 3207 id
1264 3159 1492 3224 estquae
1516 3155 1586 3208 ad
1612 3155 1919 3224 unitatem,

283 3241 387 3294 hoc
420 3240 672 3302 differre,
697 3241 848 3308 quod
871 3257 1056 3309 genus
1074 3242 1144 3294 ad
1171 3221 1423 3310 plurima
1447 3243 1808 3311 praedicetur,
1828 3221 1918 3299 in;
1955 3221 1997 3288 Ο

282 3327 663 3381 dividuavcro
678 3327 744 3380 ad
765 3326 1436 3396 singula.Sed,quoniam
1456 3330 1576 3382 haec
1599 3331 1922 3384 differentia

284 3416 515 3487 generis
535 3416 602 3469 ad
621 3415 922 3469 individua
939 3416 1266 3469 communis
1290 3417 1918 3488 eratdifferentiis,spe-

282 3505 878 3575 ciebusque,propriis
906 3504 1769 3575 etaccidentibus,abillisipsis
1789 3507 1919 3560 aliis

285 3594 629 3648 differentiis
660 3609 843 3663 genus
883 3593 1090 3646 dividit
1112 3597 1287 3662 atque
1318 3593 1622 3665 disjungit.
1656 3595 1815 3659 Quod
1841 3595 1920 3649 ita

283 3684 642 3737 demonstrat
667 3682 781 3736 :Ab
802 3682 892 3736 his
917 3682 1236 3752 igiturquae
1250 3684 1318 3735 ad
1345 3684 1629 3738 unitatem
1646 3684 1920 3737 dicuntur

285 3771 477 3825 differt
498 3787 703 3839 genus,
727 3771 879 3841 Quod
913 3788 1095 3842 genus
1117 3775 1206 3826 est
1234 3771 1341 3827 hoc
1364 3772 1515 3842 quod
1541 3773 1610 3827 de
1652 3771 1920 3844 pluribus

284 3862 651 3930 praedicatur.

354 3951 429 4004 Ab
461 3949 544 4003 his
565 3965 689 4020 ergo
713 3949 943 4021 reliquis
979 3966 1159 4022 genus
1199 3950 1399 4022 diﬂert.
1432 3951 1621 4006 Primo
1651 3969 1686 4006 a
1722 3955 1918 4023 specie,

283 4041 545 4112 quoniam
578 4043 804 4110 species,
847 4041 948 4094 etsi
994 4040 1057 4094 de
1085 4040 1364 4111 pluribus,
1411 4056 1520 4096 non
1546 4045 1728 4096 tamen
1747 4041 1921 4112 specie

284 4129 681 4200 aliﬂerenlibus,
706 4130 800 4184 sed
820 4145 1044 4183 numero
1072 4129 1421 4200 praedicatur.

357 4225 433 4272 Ac
468 4217 720 4290 primum
745 4219 972 4289 generis
996 4218 1326 4289 specieique
1348 4217 1687 4273 distantiam
1715 4236 1918 4274 mons-

283 4312 553 4377 trat,quae
576 4308 831 4377 priorest
852 4306 1278 4376 a'genere.Nam
1304 4307 1574 4377 quamvis
1595 4307 1919 4363 differentia

284 4414 348 4450 su
362 4413 462 4466 pra
476 4396 726 4465 speciem
750 4397 961 4460 sit,non
987 4394 1573 4466 supersubalternam
1589 4397 1916 4458 tamen,sed

285 4501 462 4554 super
493 4485 743 4555 speciem
780 4484 1265 4554 spccialissimam
1300 4484 1625 4538 differentia
1659 4485 1915 4554 ponitur.

2039 578 2148 632 sub
2171 595 2237 632 ea
2256 578 2480 649 species
2516 581 2868 651 essent,ipsa
2899 583 3073 638 etiam
3103 599 3289 653 genus
3312 599 3440 638 esse
3471 590 3688 653 posset.

2038 666 2270 737 Species
2297 684 2433 738 ergo
2457 685 2582 737 quas
2602 685 2731 723 vere
2758 671 2984 740 species
3002 677 3110 737 est,
3135 672 3277 726 alias
3310 673 3421 727 sub
3461 690 3522 728 se
3553 690 3688 743 spe-

2039 755 2153 809 cies
2188 772 2300 808 non
2331 757 2590 826 habebit,
2617 763 2679 811 ut
2697 762 2785 812 est
2817 759 3008 814 homo.
3037 759 3300 831 Namque
3323 761 3519 828 homo,
3539 779 3685 832 quo-

2038 844 2195 898 niam
2219 844 2444 915 species
2467 851 2576 908 est,
2601 847 2816 917 singuli
2835 848 3104 903 homines
3122 851 3220 919 qui
3240 850 3349 903 sub
3375 849 3502 921 ipso
3525 856 3686 919 sunt,

2037 949 2151 987 non
2177 933 2304 1002 ejus
2328 934 2571 1002 species,
2600 935 2700 989 sed
2729 935 3034 991 individua
3052 937 3612 994 nominantur.Nam
3640 941 3689 995 si

2037 1020 2211 1075 homo
2238 1037 2422 1092 genus
2447 1028 2604 1077 esset
2623 1023 2929 1079 hominum
2957 1025 3548 1097 singulorum,genus
3575 1046 3682 1082 au-

2037 1114 2176 1175 tem,
2203 1111 2351 1164 sicut
2383 1111 2604 1166 dictum
2637 1117 2745 1179 est,
2771 1114 2841 1168 ad
2871 1113 3154 1184 plurimas
3181 1131 3272 1169 res
3296 1117 3488 1186 specie
3521 1117 3684 1172 diffe-

2037 1202 2198 1253 rente
2231 1200 2287 1253 in
2328 1216 2394 1254 eo
2417 1201 2573 1270 quod
2618 1201 2752 1271 quid
2780 1202 2856 1256 sit
2887 1202 3248 1274 appellatur:
3285 1203 3480 1271 homo,
3516 1205 3572 1260 id
3598 1210 3687 1260 est

2036 1287 2335 1357 species,si
2353 1294 2612 1359 utgenus
2630 1290 3119 1360 praedicareturad
3139 1292 3396 1363 singulos
3409 1293 3682 1358 homines,

2036 1375 2247 1446 singuli
2285 1377 2550 1431 homines
2580 1378 2779 1448 specie
2811 1379 2939 1448 ipsa
2969 1379 3288 1433 ditferrent.
3319 1381 3428 1434 Sed
3462 1380 3683 1451 singuli

2034 1463 2302 1518 homines
2317 1466 2508 1535 specie
2527 1482 2640 1520 non
2660 1467 3125 1538 differunt,quod
3144 1474 3335 1523 autem
3359 1469 3551 1540 specie
3566 1487 3678 1524 non

2034 1551 2247 1617 differt,
2282 1554 2329 1606 si
2356 1554 2492 1623 quid
2523 1555 2593 1608 ad
2629 1554 2736 1608 hoc
2757 1556 3130 1625 praedicatum
3168 1557 3361 1622 fuerit,
3400 1574 3509 1612 non
3534 1575 3679 1629 pra-

2031 1641 2262 1695 dicatur
2294 1648 2353 1696 ut
2377 1658 2561 1714 genus
2585 1644 2654 1698 ad
2680 1644 2924 1714 species,
2951 1646 3004 1699 id
3032 1652 3116 1699 est
3138 1646 3313 1701 homo
3335 1664 3445 1700 non
3470 1645 3681 1716 praedi-

2033 1734 2198 1783 catur
2218 1730 2286 1784 ad
2313 1731 2576 1801 singulos
2600 1732 2871 1788 homines
2887 1739 2951 1787 ut
2973 1750 3158 1804 genus
3181 1735 3250 1788 ad
3277 1751 3368 1789 res
3393 1735 3678 1806 plurimas

2030 1820 2250 1888 species
2267 1819 2724 1887 differentes,sed
2743 1822 2812 1875 ad
2835 1839 2926 1876 res
2943 1821 3229 1893 plurimas
3248 1840 3492 1878 numero
3517 1825 3676 1878 diffe~

2032 1911 2224 1961 rentcs
2257 1924 2269 1961 :
2301 1907 2518 1976 singuli
2543 1909 2697 1962 enim
2735 1909 3006 1964 homines
3033 1927 3277 1966 numero
3311 1928 3425 1966 ase
3454 1917 3679 1967 tantum

2033 2011 2146 2049 non
2183 1996 2374 2065 specie
2401 1996 2640 2050 distant.
2675 2003 2860 2067 Atque
2894 1999 3043 2064 ideo,
3079 1999 3354 2068 quoniam
3387 2017 3573 2071 genus
3596 2001 3681 2056 sic

2034 2083 2102 2137 ad
2138 2083 2400 2152 subjecta
2434 2083 2803 2154 praedicatur,
2839 2091 2902 2140 ut
2931 2088 3002 2141 ad
3039 2085 3322 2157 plurimas
3347 2103 3438 2141 res
3490 2089 3682 2157 specie

2035 2171 2365 2226 differentes
2399 2174 2789 2244 praedicetur;
2831 2175 3058 2246 species
3083 2180 3274 2230 autem
3311 2176 3380 2229 ad
3417 2176 3682 2246 subjecta

2033 2259 2114 2314 ita
2147 2261 2515 2330 praedicatur,
2540 2267 2604 2316 ut
2624 2263 2692 2317 ad
2721 2261 3006 2333 plurimas
3029 2279 3119 2318 res
3144 2281 3386 2319 numero
3409 2266 3682 2320 differen-

2035 2351 2118 2401 tes
2155 2347 2518 2418 prmdicatur.
2544 2349 2885 2419 Congruunt
2918 2349 3089 2420 igitur
3121 2350 3231 2405 sibi
3255 2366 3442 2422 genus
3469 2357 3524 2405 et
3546 2368 3680 2422 spe-

2035 2435 2173 2503 cies,
2196 2437 2346 2507 quod
2363 2453 2551 2508 genus
2579 2439 2870 2508 etspecies
2886 2440 2956 2493 ad
2979 2437 3235 2509 plurima
3259 2439 3675 2510 praedicantur,

2035 2529 2348 2595 etutraque
2364 2527 2500 2581 ineo
2520 2527 2673 2598 quod
2699 2527 2836 2597 quid
2854 2527 3102 2582 sit.Nam
3127 2528 3174 2582 si
3196 2527 3676 2599 interrogesquid

2035 2618 2124 2668 est
2155 2614 2348 2680 homo,
2387 2615 2601 2670 animal
2637 2616 2871 2683 dicitur,
2898 2617 2953 2670 id
2979 2621 3069 2671 est
3091 2633 3295 2687 genus.
3323 2617 3386 2671 Et
3416 2617 3464 2671 si
3499 2618 3682 2672 inter-

2034 2720 2202 2774 roges
2225 2705 2364 2775 quid
2383 2705 2702 2774 estCicero,
2740 2705 2913 2759 homo
2951 2705 3184 2772 dicitur,
3226 2705 3280 2760 id
3315 2711 3401 2760 est
3431 2707 3678 2777 species.

2032 2792 2264 2847 Distant
2285 2798 2504 2859 autem,
2530 2794 2681 2862 quod
2712 2794 2981 2864 quamvis
3025 2798 3274 2864 utraque
3315 2796 3382 2849 ad
3419 2795 3674 2865 plurima

2035 2883 2508 2953 pi-aedicentur,et
2529 2882 2583 2936 id
2608 2897 2674 2937 eo
2698 2883 2853 2952 quod
2874 2883 3006 2954 quid
3029 2882 3106 2937 sit
3125 2898 3311 2953 genus
3332 2889 3523 2938 tamen
3541 2901 3682 2954 prae-

2034 2970 2264 3025 dicatur
2282 2971 2352 3024 ad
2369 2987 2460 3026 res
2483 2972 2675 3042 specie
2695 2971 3283 3043 differentes,species
3305 2989 3435 3027 vero
3458 2973 3675 3027 dicitur

2033 3059 2104 3113 ad
2129 3076 2220 3113 res
2244 3066 2466 3114 tantum
2501 3075 2743 3114 numero
2767 3059 3284 3130 differentes,quod
3318 3060 3674 3132 Porphyrius

2033 3148 2116 3203 sic
2139 3149 2535 3203 demonstrat:

2105 3239 2180 3292 Ab
2211 3239 2294 3292 his
2324 3253 2447 3292 vero
2477 3237 2709 3308 reliquis
2739 3253 2859 3308 qua
2907 3237 2973 3292 de
3003 3237 3260 3309 pluribus
3293 3240 3671 3310 appellantur.

2029 3343 2198 3395 genus
2228 3327 2432 3398 differt,
2453 3329 2633 3398 primo
2663 3344 2697 3381 α
2725 3325 3202 3397 specie.Quoniam
3228 3329 3514 3397 species,et
3534 3330 3583 3382 si
3601 3328 3673 3381 de

2027 3415 2280 3483 pluribus
2299 3417 2816 3484 prmdicenlurmon
2841 3425 3023 3471 tamen
3049 3418 3252 3488 species
3267 3416 3668 3487 diﬂerentibus.

2027 3505 2118 3555 seat
2145 3518 2371 3556 numero
2406 3518 2418 3554 :
2454 3503 2612 3555 homo
2643 3504 2792 3556 enim
2821 3507 3024 3572 species
3056 3521 3179 3558 cum
3211 3507 3303 3571 sil,
3326 3508 3391 3558 de
3423 3505 3668 3573 Socrate,

2029 3590 2260 3644 Platone
2299 3595 2348 3644 et
2403 3589 2658 3644 Cicerone
2685 3592 3048 3659 praedicatur,
3081 3595 3180 3662 qui
3216 3609 3322 3646 non
3355 3597 3546 3659 specie,
3579 3595 3678 3647 sed

2031 3695 2258 3732 numero
2276 3679 2558 3749 differunt.
2578 3677 2799 3732 Animal
2821 3695 2943 3733 vero
2972 3680 3112 3749 quod
3129 3697 3298 3748 genus
3328 3685 3430 3746 est,
3455 3689 3504 3735 el
3527 3683 3675 3735 bovis

2033 3773 2082 3824 et
2112 3769 2238 3838 equi
2265 3767 2588 3839 praedicatio
2617 3777 2712 3834 est,
2745 3785 2863 3838 quae
2883 3770 3149 3840 differunt
3178 3772 3353 3839 specie
3382 3786 3414 3823 a
3437 3786 3494 3825 se
3526 3770 3674 3824 invi-

2026 3875 2164 3924 cem,
2198 3875 2308 3913 non
2338 3874 2563 3913 numero
2593 3860 2729 3912 solo.

2101 3948 2262 4011 Quod
2286 3945 2475 4001 simile
2497 3950 2586 4000 est
2601 3963 2667 4000 ac
2690 3945 2738 4000 si
2762 3945 3000 4012 diceret,
3020 3961 3206 4017 genus
3230 3964 3263 4001 a
3287 3947 3479 4018 specie
3499 3964 3673 4004 unam

2030 4036 2417 4091 differentiam
2444 4036 2576 4107 plus
2601 4035 3444 4108 habere.Congruuntnamque
3460 4055 3675 4109 genera

2027 4126 2356 4197 speciebus,
2381 4128 2534 4198 quod
2559 4131 2803 4197 utraque
2829 4126 2887 4181 in
2911 4144 2976 4182 eo
3000 4128 3150 4196 quod
3189 4129 3328 4199 quid
3356 4130 3433 4183 sit
3459 4129 3669 4199 praedi-

2028 4222 2256 4283 cantur,
2283 4217 2582 4269 utdictum
2607 4220 2715 4270 est.
2737 4220 3080 4286 Congruunt
3102 4216 3236 4271 item
3259 4234 3441 4286 genus
3459 4223 3516 4272 et
3538 4235 3670 4289 spe-

2028 4304 2144 4359 cies
2167 4306 2320 4375 quod
2339 4308 2588 4376 utraque
2604 4306 2672 4360 ad
2690 4322 2781 4359 res
2797 4304 3079 4376 plurimas
3096 4307 3501 4376 praedicantur.
3520 4308 3670 4362 Con-

2027 4394 2184 4463 gruit
2221 4395 2354 4447 item
2399 4410 2584 4464 genus
2623 4399 2680 4448 et
2714 4395 2958 4464 species,
3006 4396 3157 4465 quod
3195 4400 3442 4466 utraque
3474 4397 3541 4450 ad
3578 4413 3669 4451 res

2029 4498 2269 4536 numero
2293 4481 2625 4537 differentes
2645 4485 3052 4552 praedicantur.
3081 4483 3223 4537 Nam
3251 4488 3306 4537 et
3322 4483 3539 4553 singuli
3568 4485 3670 4538 ho-

278 4574 422 4628 Nam
450 4573 717 4644 quamvis
743 4572 1042 4627 rationalis
1071 4573 1398 4626 differentia
1420 4589 1596 4643 super
1620 4573 1916 4628 hominem
1950 4586 1997 4650 Ι)
2031 4571 2218 4624 mines
2242 4571 2321 4624 ita
2352 4588 2384 4625 a
2407 4588 2466 4624 se
2490 4571 2659 4625 divisi
2685 4575 3140 4641 sunt,quantum
3168 4573 3236 4626 ad
3264 4577 3670 4641 numerum,ut

279 4669 550 4733 ponatur,
586 4679 714 4732 quae
737 4662 962 4732 species
984 4660 1407 4731 specialissima
1436 4666 1544 4727 est,
1567 4666 1764 4716 tamen
1784 4667 1917 4717 ante

277 4751 531 4819 speciem
566 4749 1052 4821 specialissimam
1074 4750 1202 4819 ipsa
1223 4750 1549 4805 differentia
1571 4751 1796 4820 species
1827 4754 1916 4804 est

277 4840 405 4906 ejus
436 4839 687 4909 generis,
712 4838 803 4891 cui
836 4838 1060 4908 species
1083 4837 1505 4908 specialissima
1538 4839 1912 4909 supponitur.

276 4928 422 4982 Nam
455 4929 564 4982 sub
596 4927 834 4982 animali
860 4935 994 4981 ante
1010 4927 1305 4982 hominem
1331 4927 1613 4982 rationale
1655 4930 1910 4999 ponitur.

277 5016 460 5084 Igitur
477 5032 604 5070 cum
625 5020 883 5087 genuset
905 5016 1126 5087 species
1147 5021 1391 5083 utraque
1411 5016 1477 5069 ad
1503 5015 1754 5086 plurima
1779 5035 1916 5088 pras-

276 5104 757 5175 dicentur,genus
779 5122 911 5160 vero
935 5105 1002 5158 ad
1033 5104 1317 5175 plurimas
1340 5105 1563 5175 species
1585 5104 1642 5159 in
1669 5121 1734 5159 eo
1757 5107 1911 5176 quod

278 5193 415 5262 quid
454 5193 531 5246 sit
588 5193 960 5264 praedicatur,
999 5192 1225 5264 species
1249 5194 1504 5262 nonjam
1530 5194 1598 5247 ad
1628 5193 1916 5264 plurimas

276 5283 521 5350 species,
547 5283 646 5336 sed
675 5283 746 5336 ad
773 5282 1027 5354 plurima
1051 5281 1355 5335 individua
1374 5281 1740 5351 praedicatur.
1765 5284 1915 5338 Sunt

275 5374 467 5423 autem
487 5371 748 5440 quaedam
770 5387 983 5440 genera
1005 5369 1545 5439 generalissima(ut
1569 5371 1913 5442 dictumest)

275 5475 456 5528 supra
487 5477 610 5529 quae
634 5460 791 5513 aliud
819 5475 1004 5529 genus
1030 5457 1272 5513 inveniri
1294 5475 1405 5511 non
1429 5463 1777 5528 possnSunt
1809 5477 1913 5514 au-

274 5552 389 5602 tem
408 5549 630 5617 species
653 5548 761 5602 sub
780 5548 996 5618 quibus
1012 5546 1134 5600 alia:
1149 5546 1627 5615 Speciesinveniri
1647 5564 1758 5602 non
1783 5565 1914 5618 pos-

271 5638 474 5706 sint,et
495 5638 720 5709 integra
737 5636 959 5707 species
978 5635 1078 5690 illa
1099 5634 1589 5706 nominatumque:
1609 5652 1914 5708 nunquam

2027 4658 2202 4712 homo
2235 4660 2306 4713 ab
2347 4676 2495 4729 equo
2536 4659 2620 4714 vel
2659 4659 2820 4724 bove,
2865 4659 2952 4712 vel
2977 4677 3008 4713 a
3031 4676 3219 4723 cervo,
3243 4659 3329 4714 vel
3361 4678 3394 4714 a
3423 4661 3672 4730 quibus—

2026 4747 2171 4802 libet
2189 4746 2319 4802 aliis
2338 4747 2840 4802 animantibus.At
2858 4764 2988 4802 vero
3013 4748 3194 4802 distat
3210 4766 3242 4802 a
3257 4749 3449 4819 specie
3463 4766 3670 4820 genus,

2027 4838 2180 4907 quod
2204 4852 2389 4905 genus
2417 4836 2487 4889 de
2517 4835 2784 4906 pluribus
2827 4835 3000 4890 rebus
3039 4837 3231 4906 specie
3266 4837 3672 4893 differentibus

2027 4925 2396 4996 praedicatur,
2441 4925 2593 4994 quod
2637 4925 2859 4996 species
2894 4941 3008 4979 non
3043 4924 3454 4981 habent.Nihil
3476 4933 3670 4983 autem

2025 5014 2254 5070 differre
2267 5015 2675 5081 arbitror,utru
2688 5031 2739 5067 m
2755 5014 2836 5069 ita
2849 5015 3072 5068 dicatur
3085 5013 3258 5068 aliam
3277 5032 3396 5069 rem
3412 5017 3481 5070 ad
3502 5017 3675 5072 aliam

2027 5102 2356 5174 praedicari,
2385 5120 2457 5156 an
2482 5103 2654 5156 aliam
2682 5120 2800 5158 rem
2826 5105 2896 5157 de
2918 5102 3029 5157 alia
3063 5103 3383 5174 praedicari.
3420 5104 3673 5177 Uterque

2025 5192 2180 5247 enim
2205 5191 2358 5246 idem
2380 5190 2706 5246 intellectus
2722 5197 2828 5246 est.
2848 5192 2991 5246 Nam
3013 5191 3060 5246 si
3087 5191 3305 5246 animal
3327 5195 3676 5264 pradicatur

2024 5283 2095 5336 ad
2122 5280 2599 5350 hominem,idem
2620 5281 2796 5335 etiam
2837 5281 3053 5335 animal
3098 5281 3169 5334 de
3194 5281 3428 5338 homine
3468 5284 3674 5353 praadl-

2025 5377 2208 5425 catur.
2234 5371 2376 5424 Nam
2394 5386 2526 5424 cum
2553 5370 3004 5442 interrogaveris
3035 5370 3176 5440 quid
3201 5375 3290 5425 est
3326 5371 3519 5442 homo,
3554 5391 3672 5428 res-

2025 5461 2246 5531 pondes
2269 5462 2336 5514 de
2351 5459 3075 5529 hominisinterrogatione
3094 5459 3389 5514 hominem
3407 5477 3535 5516 esse
3551 5463 3674 5516 ani-

2026 5548 2278 5604 maf.Sed
2309 5565 2465 5602 nunc
2494 5554 2717 5618 oportet
2742 5565 2847 5604 nos
2883 5566 2950 5605 ea
2980 5565 3108 5620 quas
3146 5555 3476 5619 sequuntur
3510 5552 3676 5621 aspi-

2025 5655 2172 5694 cere.
2201 5637 2346 5702 Quid
2372 5653 2507 5708 ergo
2539 5637 2826 5708 sequitur.
