4126 6180
390 380 459 433 43
1666 375 1781 428 AN.
1824 375 2026 428 MANL

2141 374 2243 428 BV.
2287 372 2524 429 BOETII
3726 377 3790 431 44

390 503 727 559 deduci.lta
753 503 1163 557 diversissima:
1195 505 1399 572 gentes
1432 500 1504 555 ad
1532 498 1708 555 unius
1733 500 2032 570 cognatio-
2064 500 2116 568 Α
2148 499 2346 555 decem
2379 501 2539 567 sunt,
2574 499 2673 554 sed
2708 498 2925 571 plures,
2959 518 3075 556 non
3108 506 3305 557 tamen
3338 500 3601 558 infinitae.
3635 503 3789 556 Indi-

392 610 527 649 nem
546 593 691 664 erigi
710 590 1138 663 possunt,quod
1156 590 1310 643 idem
1326 588 1385 643 in
1406 588 1711 659 speciebus
1728 589 2039 657 generibus

394 700 509 755 que
540 699 653 737 non
680 682 760 736 ﬁt.
785 682 1099 750 Nunquam
1119 678 1274 734 enim
1299 679 1530 734 diversa
1551 694 1762 750 genera
1788 678 1896 733 sub
1923 694 2040 733 uno

394 788 604 843 genere
620 773 931 840 potuerunt
948 785 1144 823 accom
1157 767 1373 824 modari
1386 812 1396 824 .
1409 767 1740 823 Aristoteles
1752 768 1904 822 enim
1922 767 2039 838 pri-

393 878 624 916 morum
656 875 938 931 generum
968 858 1419 929 przedicamenta
1451 858 1650 913 decem
1711 855 2037 925 constituit,

392 968 518 1021 qua
558 948 717 1003 velut
748 947 966 1019 aliquis
1020 950 1174 1017 fons,
1233 948 1313 1002 ita
1366 947 1799 1003 subterioribus
1847 946 2037 1001 omni—

391 1041 501 1093 bus
533 1044 727 1094 ortum
743 1038 1171 1108 quodammodo
1193 1037 1608 1109 nationemque
1633 1036 2035 1108 profuderunt.

388 1134 518 1182 Haec
552 1127 728 1199 igitur
758 1143 993 1199 genera,
1027 1126 1305 1196 quoniam
1339 1126 1791 1198 generalissima
1817 1129 2041 1195 sunt,et

389 1217 658 1288 superius
682 1216 765 1271 eis
790 1216 1014 1270 nullum
1038 1214 1192 1269 aliud
1219 1215 1467 1270 inveniri
1492 1232 1676 1287 genus
1718 1218 1931 1287 potest,
1966 1215 2034 1269 ad

387 1322 571 1361 unum
607 1321 792 1376 genus
824 1304 1021 1360 reduci
1051 1321 1166 1360 non
1200 1308 1539 1376 potuerunt.
1574 1306 1735 1371 Quod
1769 1304 1817 1359 si
1842 1305 2040 1360 decem

387 1412 601 1466 genera
625 1396 811 1465 prima
830 1395 901 1447 ad
935 1411 1119 1449 unum
1138 1410 1324 1465 genus
1341 1394 1538 1450 reduci
1560 1412 1673 1449 non
1696 1397 2035 1466 potuerunt,

391 1501 495 1540 nec
520 1483 618 1538 illa
631 1500 759 1555 qua:
776 1483 1268 1539 subsunteisdem
1284 1483 1685 1555 generibus,id
1708 1487 1799 1539 est
1816 1483 2038 1555 species

391 1574 852 1644 subalternaque
881 1590 1112 1644 genere,
1144 1575 1214 1628 ad
1250 1591 1432 1629 unum
1479 1590 1665 1645 genus
1723 1574 2039 1645 aliquando

390 1668 708 1734 potuerunt
728 1662 1028 1733 applicari.
1055 1664 1197 1719 Nam
1222 1663 1270 1719 si
1293 1664 1485 1735 prima
1515 1681 1715 1720 eorum
1742 1663 2038 1735 generaad

391 1769 577 1807 unum
598 1751 869 1823 superius
902 1753 1034 1806 duci
1064 1770 1176 1807 non
1204 1759 1470 1823 possunt,
1505 1770 1619 1808 non
1658 1758 1746 1808 est
1793 1752 2035 1807 dubium

2144 589 2317 644 vielua
2347 605 2479 643 vero
2511 605 2637 658 quae
2673 590 2782 644 sub
2817 591 3004 662 magis
3036 592 3343 661 speciebus
3363 596 3500 645 sunt
3559 591 3790 645 infinita

2146 683 2305 746 sunt,
2337 680 2395 732 et
2426 694 2627 733 eorum
2675 677 3062 749 intelligentia
3119 680 3281 736 nulla
3336 697 3596 750 unquam
3657 680 3785 750 capi

2144 766 2390 823 scientia
2408 768 2754 838 potest.Qure
2776 767 2931 823 enim
2947 768 3177 824 infinita
3198 774 3339 824 sunt
3361 770 3520 824 nullo
3533 768 3788 824 scientia:

2146 857 2394 911 termino
2418 857 2861 913 concludantur.
2889 857 3075 928 Igitur
3104 859 3295 913 omnis
3315 876 3347 914 a
3369 857 3536 912 nobis
3559 857 3787 924 divisio,

2143 945 2451 1016 omnisque
2474 946 2718 1001 scientia
2735 965 2765 1000 a
2788 946 2976 1018 magis
3000 946 3312 1013 generibus
3331 964 3431 1018 per
3456 946 3792 1002 suballerna

2145 1050 2357 1105 genera
2380 1050 2564 1104 usque
2586 1035 2657 1089 ad
2693 1036 2883 1106 magis
2906 1036 3131 1106 species
3156 1037 3493 1091 deducatur.
3531 1034 3611 1091 lbi
3634 1035 3789 1091 enim

2146 1125 2531 1181 consistentes
2546 1126 2831 1196 integram
2848 1127 3216 1199 superiorum
3240 1128 3546 1183 scientiam
3564 1128 3793 1199 accipe-

2144 1233 2205 1271 rc
2224 1233 2538 1287 possumus
2554 1233 2619 1271 ac
2636 1217 2969 1272 retinere.Si
2986 1217 3117 1287 quis
3133 1222 3329 1272 autem
3346 1216 3643 1271 individua
3656 1217 3794 1272 velit

2146 1306 2392 1360 scientia
2415 1305 2845 1378 disciplinaque
2869 1307 3609 1378 comprehendere,t‘rustra
3631 1306 3793 1361 labo-

2146 1399 2272 1450 rat:
2300 1396 2398 1451 sed
2433 1395 2514 1449 ita
2537 1396 2819 1466 jubemur
2845 1413 2879 1450 a
2900 1395 3084 1466 magis
3118 1395 3432 1467 generibus
3460 1411 3647 1466 usque
3710 1395 3781 1449 ad

2145 1484 2335 1555 magis
2365 1484 2589 1555 species
2623 1501 2725 1555 per
2755 1484 2947 1539 media
2977 1484 3285 1539 intervalla
3314 1485 3664 1554 discurrere,
3719 1489 3783 1539 ut

2146 1573 2438 1645 specificis
2470 1573 2813 1628 differentiis
2833 1573 3162 1628 dividentes
3187 1573 3524 1629 subalterna
3555 1589 3786 1645 genera,

2147 1679 2178 1717 a
2210 1661 2397 1732 magis
2420 1661 2734 1733 generibus
2767 1679 2948 1732 usque
2973 1664 3045 1717 ad
3080 1664 3268 1734 magis
3300 1663 3524 1733 species
3548 1664 3786 1717 descen-

2147 1752 2379 1807 damus.
2414 1751 2709 1822 Speciﬁcze
2748 1752 3087 1807 differentiae
3148 1756 3289 1807 sunt
3342 1770 3468 1824 quae
3532 1752 3785 1822 speciem

393 1843 533 1914 quin
558 1858 625 1897 ea
652 1843 779 1913 ipsa
801 1858 927 1912 quae
951 1843 1060 1896 sub
1084 1842 1227 1913 ipsis
1250 1843 1489 1911 sunt,ab
1514 1860 1630 1897 uno
1654 1858 1864 1913 genere
1887 1859 2039 1897 coer-
2070 1876 2116 1942 Β
2147 1856 2560 1911 quamcunque
2592 1840 2911 1895 declarant.
2971 1840 3281 1897 Declarant
3311 1849 3507 1896 autem
3570 1840 3791 1912 species

392 1932 506 1986 ceri
541 1931 946 2002 continerique
973 1948 1087 1985 non
1118 1932 1589 2003 patiantur.Nam
1614 1932 1661 1986 si
1682 1932 2033 1996 substantia,

391 2020 667 2093 qualitas,
702 2027 758 2077 et
789 2021 1117 2093 quantitas,
1150 2028 1207 2077 et
1236 2027 1445 2077 caetera
1467 2024 1575 2077 sub
1602 2021 1711 2077 alio
1735 2021 2035 2077 communi

387 2128 597 2181 genere
616 2111 752 2183 poni
786 2128 900 2166 non
936 2113 1363 2183 possunt,qued
1407 2113 1537 2182 ipsa
1560 2112 1748 2183 magis
1777 2116 1915 2166 sunt
1937 2128 2037 2183 ge-

389 2216 661 2267 nera,nec
684 2198 969 2271 quidquid
996 2200 1335 2255 substantia
1360 2201 1554 2266 fuerit,
1580 2201 1636 2255 id
1672 2205 1760 2255 est
1790 2201 1899 2255 sub
1939 2216 2034 2255 eo-

391 2290 523 2343 dem
547 2306 777 2360 gcnere,
803 2294 865 2344 ut
896 2289 1115 2344 animal
1145 2290 1233 2344 vel
1259 2290 1453 2355 homo,
1482 2289 1571 2344 vel
1596 2289 1735 2345 item
1759 2291 1867 2345 sub
1895 2307 2038 2360 qua-

391 2377 558 2433 litate
578 2378 667 2433 vel
688 2379 1033 2450 quantitate,
1058 2378 1127 2433 ad
1153 2378 1386 2450 aliquod
1412 2396 1593 2450 genus
1635 2396 1945 2434 commune
1976 2396 2036 2433 se

391 2467 1053 2539 potueruutapplicare).
1074 2469 1387 2539 Nunquam
1410 2469 1564 2523 enim
1588 2468 1833 2523 inveniri
1850 2484 2036 2539 genus

392 2556 793 2628 poterit,quod
818 2555 939 2611 haec
964 2558 1161 2611 decem
1183 2574 1399 2628 genera
1420 2557 1684 2613 solitario
1708 2562 1763 2612 et
1802 2557 2036 2629 pr0prio

392 2644 691 2700 intellectu
724 2646 881 2700 intra
902 2662 964 2701 se
986 2647 1171 2717 possit
1192 2645 1366 2701 veluti
1392 2647 1617 2718 species
1640 2648 2039 2703 continere.At

394 2734 552 2789 dicat
585 2734 719 2806 quis
746 2735 908 2790 :Hzec
931 2735 1126 2790 omnia
1146 2738 1345 2791 decem
1369 2752 1584 2808 genera
1616 2736 1666 2791 si
1716 2753 1846 2792 vere
1903 2740 2040 2791 sunt

389 2824 795 2893 subsistentia,
817 2824 1253 2895 quodammodo
1278 2824 1611 2880 substantia
1631 2824 1716 2880 vel
1744 2826 1899 2880 entia
1922 2824 2039 2881 dici

388 2928 583 2983 posse.
609 2913 818 2967 Flexus
850 2914 1005 2967 enim
1026 2914 1119 2968 hic
1148 2931 1340 2969 sermo
1377 2919 1467 2969 est
1499 2914 1569 2969 ab
1619 2931 1684 2969 eo
1735 2916 1886 2986 quod
1948 2918 2038 2970 est

386 3002 676 3066 esse,etid
703 3001 993 3073 participii
1028 3003 1309 3059 abusione
1345 3007 1593 3059 tractum
1656 3008 1745 3058 est
1804 3008 2039 3076 propter

388 3090 864 3159 augustationem
902 3091 1112 3145 Latina:
1145 3091 1359 3163 linguae
1399 3094 2034 3165 compressionemque.

387 3177 517 3230 Hec
535 3176 717 3247 igitur
739 3177 1060 3246 (utdictum
1084 3180 1193 3248 est)
1212 3180 1367 3234 entia
1391 3186 1639 3251 possunt
1662 3180 2038 3253 appellari,Et

2148 1929 2495 1984 differentiis
2519 1929 2626 1984 hoc
2646 1931 2841 1985 modo.
2864 1930 2924 1984 Si
2956 1931 3089 2001 quis
3123 1930 3277 1985 enim
3312 1931 3469 1986 dicat
3513 1930 3789 1985 substan-

2146 2019 2384 2087 tiam,ut
2412 2022 2589 2090 ponat
2611 2019 2721 2073 sub
2753 2019 3104 2085 substantia,
3127 2036 3339 2090 corpus
3372 2020 3481 2074 sub
3520 2035 3786 2091 corpore,

2147 2108 2468 2162 animatum
2490 2124 2701 2179 corpus
2726 2109 2835 2163 sub
2868 2109 3125 2163 animato
3149 2126 3407 2180 corpore,
3440 2108 3654 2163 animal
3680 2108 3791 2163 sub

2145 2196 2695 2261 animali,rationale
2715 2196 2933 2252 animal
2948 2199 3056 2252 sub
3072 2198 3312 2252 animali
3330 2197 3621 2265 rationali,
3639 2214 3792 2252 mor-

2146 2286 2566 2355 tale,etomnes
2598 2285 2704 2341 has
2724 2288 2946 2357 species
2972 2304 3097 2359 qum
3127 2290 3267 2341 sunt
3288 2287 3631 2342 substantia:
3658 2302 3791 2341 cum

2147 2375 2492 2431 differentiis
2525 2376 2807 2447 posuerit,
2841 2374 3093 2431 hominis
3145 2376 3369 2431 scilicet
3421 2375 3643 2447 species
3702 2375 3794 2429 in-

2146 2465 2667 2520 formabitur.Nam
2682 2482 2893 2535 corpus
2908 2464 3227 2520 animatum
3243 2466 3651 2537 abjnanimato
3666 2481 3791 2519 cor-

2147 2571 2285 2627 pore
2308 2553 2634 2609 dilferentia
2662 2554 2950 2609 est.i’orro
2974 2559 3168 2609 autem
3192 2553 3411 2609 animal
3433 2555 3504 2607 ab
3530 2552 3781 2608 insensi-

2148 2644 2449 2707 bilibus,et
2472 2643 2751 2698 rationale
2772 2644 2844 2697 ab
2866 2642 3270 2711 irrationali,et
3292 2641 3539 2698 mortale
3570 2643 3643 2697 ab
3675 2643 3788 2697 im-

2148 2732 2497 2788 mortalibus
2530 2732 2871 2787 differentiaa
2890 2737 3049 2797 sunt,
3091 2734 3207 2787 bare
3230 2732 3404 2799 igitur
3426 2732 3625 2786 omnia
3648 2748 3780 2786 cum

2139 2822 2425 2894 junxeris,
2450 2837 2629 2876 unam
2655 2820 2907 2891 speciem
2925 2822 3333 2890 declarabis,id
3352 2826 3438 2875 est
3468 2821 3786 2875 hominem.

2146 2911 2291 2966 Nam
2322 2927 2452 2965 cum
2480 2910 2627 2965 dicis
2656 2927 2866 2981 corpus
2889 2910 3242 2979 animatum,
3264 2910 3482 2965 animal
3507 2908 3787 2964 rationale

2146 3006 2203 3056 ct
2232 2999 2630 3070 mortale,qua3
2655 2999 2879 3054 scilicet
2902 3000 3239 3054 differentiae
3263 3000 3321 3054 in
3338 3001 3676 3055 subalterno
3698 3015 3789 3052 or-

2147 3089 2282 3143 dine
2314 3088 2425 3143 sibi
2459 3089 2775 3159 supposita:
2804 3090 2961 3156 sunt,
2997 3088 3292 3143 hominem
3355 3087 3786 3145 demonstrasti.

2148 3179 2297 3233 Sunt
2327 3186 2516 3232 autem
2549 3178 2813 3248 quaedam
2848 3176 2971 3231 aliae
3025 3178 3387 3243 differentia,
3450 3194 3575 3247 qua:
3642 3175 3789 3231 tales

390 3280 495 3319 ens
526 3264 632 3319 hoc
658 3264 876 3335 ipsum,
910 3264 967 3318 id
1002 3270 1090 3320 est
1119 3282 1268 3334 esse,
1302 3284 1487 3337 genus
1538 3287 1736 3325 eorum
1788 3272 2034 3326 fortasse
2067 3248 2109 3314 C
2150 3274 2306 3337 sunt,
2328 3283 2393 3322 ac
2426 3267 2472 3321 si
2508 3267 2667 3321 dicas
2688 3266 2903 3321 animal
2937 3267 3382 3334 rhetoricorum,
3418 3268 3569 3338 quod
3622 3265 3785 3321 solus

392 3354 504 3409 dici
540 3354 955 3421 videbitur,sed
984 3353 1149 3409 falso.
1175 3359 1440 3426 Namque
1470 3358 1668 3411 omnia
1702 3375 1828 3429 quis
1887 3360 2038 3414 inter

392 3459 454 3499 se
486 3443 778 3515 aequivoce
810 3444 1206 3511 nominantur,
1229 3461 1532 3516 nunquam
1558 3446 1824 3516 ejusdem
1849 3448 2036 3502 conti-

395 3534 655 3589 nentiam
680 3533 909 3605 generis
941 3534 1288 3588 sortiuntur.
1322 3534 1544 3606 Quippe
1596 3552 1842 3606 quorum
1904 3538 2036 3592 sub-

392 3623 605 3677 stantia
628 3623 1064 3692 diserepat,non
1087 3626 1174 3677 est
1196 3623 1440 3678 dubium
1466 3624 1606 3694 quin
1629 3625 1860 3695 generis
1892 3643 2035 3697 quo-

389 3728 503 3783 que
528 3712 716 3781 ipsius
734 3710 993 3766 definitio
1018 3711 1407 3781 discrepabit:
1430 3712 1550 3768 haec
1569 3718 1762 3768 autem
1792 3721 1854 3769 ut
1878 3715 2035 3771 entia

385 3801 785 3870 nominentur,
812 3817 928 3855 non
962 3801 1224 3867 univoee,
1258 3802 1358 3857 sed
1390 3803 1681 3873 aequivoce
1714 3804 2035 3874 praedican-

379 3888 650 3944 tur.Nam
675 3889 954 3960 quoniam
981 3889 1315 3946 substantia
1337 3907 1441 3945 ens
1473 3896 1580 3959 est,
1610 3896 1665 3947 et
1696 3892 1834 3947 item
1887 3910 2031 3964 qua-

378 3976 516 4032 litas
539 3994 663 4043 ens,
689 3977 737 4032 si
754 3978 888 4049 quis
903 3979 1186 4033 rationem
1213 3979 1729 4051 deﬁnitionemque
1751 3983 2032 4038 substan-

376 4067 469 4121 tias
486 4072 540 4122 et
557 4068 859 4138 qualitatis
877 4068 1461 4138 dixerit,eademnam
1481 4072 1789 4142 utriusque
1806 4090 1915 4127 non
1934 4090 2030 4144 po-

374 4157 510 4212 terit
542 4158 995 4228 convenire,non
1021 4158 1371 4213 estdubium
1406 4161 1547 4230 quin
1602 4161 1933 4216 substantia
1973 4166 2029 4218 et

374 4245 628 4316 qualitas
662 4265 776 4303 non
820 4248 1085 4317 univoee,
1119 4249 1218 4303 sed
1272 4248 1563 4319 aequivoce
1618 4250 2026 4321 praedicentur.

372 4335 530 4397 Quod
559 4338 609 4391 si
633 4337 921 4408 aequivoce
943 4337 1354 4407 praedicantur,
1381 4337 1489 4393 sub
1509 4339 1771 4410 ejusdem
1796 4342 2028 4411 generis

370 4424 529 4479 fonte
554 4426 688 4495 poni
717 4442 831 4480 non
856 4426 1283 4497 peterunt.Non
1309 4430 1399 4481 est
1421 4427 1671 4498 igiturin
1712 4430 2025 4500 generibus

367 4512 795 4585 speciebusque
842 4515 1080 4585 aliquod
1141 4532 1327 4586 genus
1378 4516 1569 4571 solum
1629 4520 1781 4587 quod
1840 4519 2027 4590 possit

2143 3357 2319 3411 homo
2353 3357 2550 3411 rhetor
2580 3372 2707 3411 esse
2739 3356 2944 3427 possit.
2979 3358 3085 3411 Sed
3123 3356 3238 3411 haec
3291 3356 3617 3411 differentia
3668 3372 3784 3409 non

2145 3444 2413 3514 specifica
2435 3443 2764 3498 differentia
2784 3449 2950 3513 est,et
2973 3444 3367 3500 substantiam
3394 3445 3651 3499 hominis
3674 3461 3781 3499 na-

2143 3537 2454 3602 turamque
2477 3548 2589 3587 non
2610 3532 2962 3603 perﬁcit,sed
2990 3539 3216 3589 tantum
3253 3540 3433 3590 artem
3467 3535 3781 3603 quamdam

2144 3622 2568 3692 scientiamque
2592 3623 3105 3678 commendatJllze
3122 3624 3302 3695 igitur
3324 3625 3379 3679 in
3398 3625 3789 3680 divisionibus

2145 3711 2481 3766 differentiae
2514 3710 2855 3783 speciesque
2886 3718 3150 3781 prosunt,
3178 3730 3244 3768 ex
3275 3713 3491 3784 quibus
3523 3713 3624 3769 illa
3658 3731 3787 3783 quae

2142 3800 2355 3856 dicitur
2384 3800 2570 3870 magis
2603 3799 2827 3869 species
2855 3798 3225 3869 informatur,
3259 3808 3317 3857 et
3364 3803 3485 3858 haec
3543 3808 3791 3858 vocatur

2141 3890 2413 3961 specilica
2446 3889 2792 3945 differentia.
2820 3907 2945 3961 qua:
2971 3890 3156 3962 magis
3180 3892 3431 3963 speciem
3454 3893 3641 3964 possit
3661 3892 3783 3947 eili-

2140 3996 2288 4035 cere.
2324 3981 2470 4051 Ergo
2495 3996 2628 4034 cum
2649 3995 2751 4051 per
2772 3979 2891 4034 haec
2925 3981 3272 4035 descensum
3297 3982 3471 4036 fuerit
3493 3983 3561 4036 ad
3593 3982 3788 4052 magis

2138 4068 2777 4140 species,relinquenda
2798 4069 3059 4125 suntsub
3086 4072 3274 4142 magis
3297 4071 3604 4142 speciebus
3623 4072 3780 4125 indi-

2136 4159 2444 4226 vidua,nec
2459 4175 2659 4213 eorum
2675 4166 2763 4213 est
2778 4158 2976 4227 aliqua
2993 4158 3236 4214 scientia
3253 4160 3781 4231 requirenda.Nam

2136 4246 2236 4302 illa
2261 4263 2371 4303 non
2398 4247 2585 4302 solum
2616 4246 2845 4302 infinita
2866 4251 3024 4317 sunt,
3049 4249 3148 4303 sed
3180 4248 3354 4303 etiam
3416 4266 3783 4321 quaecunque

2135 4336 2196 4391 in
2229 4352 2355 4391 sese
2386 4336 2784 4391 continuerint
2815 4337 3046 4391 inﬁnita
3068 4337 3236 4392 fiunt.
3271 4338 3580 4394 Rhetorica
3619 4340 3783 4395 enim

2134 4426 2357 4497 species
2380 4430 2487 4480 est.
2522 4426 2628 4480 Sed
2664 4441 2796 4480 cum
2815 4427 3037 4481 venerit
3068 4427 3126 4481 in
3170 4426 3433 4497 singulos
3483 4428 3779 4496 homines,

2134 4520 2276 4571 tunc
2298 4532 2397 4586 per
2427 4515 2695 4587 singulos
2723 4520 2780 4571 et
2811 4516 3071 4571 infinitos
3103 4516 3313 4583 divisa,
3342 4517 3575 4589 singula
3596 4518 3776 4573 etiam

366 4601 598 4657 diversa
626 4619 820 4658 rerum
852 4620 1059 4672 genera
1080 4605 1533 4659 coercere.Tunc
1567 4606 1800 4663 Fabius:
1822 4608 2023 4662 Abun-
2049 4619 2099 4681 D
2134 4605 2233 4659 fiet
2262 4609 2319 4659 et
2349 4604 2599 4659 infinita.
2626 4604 2686 4659 Si
2718 4605 2872 4659 enim
2898 4622 3100 4660 omnes
3122 4606 3459 4677 quicunque
3503 4611 3641 4662 sunt
3685 4606 3777 4662 vel

365 4691 573 4745 danter
595 4692 737 4760 haec,
767 4691 979 4763 inquit,
1005 4692 1225 4758 omnia,
1249 4696 1307 4747 et
1329 4693 1398 4747 de
1421 4692 1513 4749 his
1536 4694 1681 4765 ipsis
1707 4697 1878 4750 rebus
1902 4698 2014 4751 fre-

363 4785 640 4854 quentius
674 4784 1033 4839 inculcatum
1058 4790 1165 4840 est.
1201 4785 1312 4840 Sed
1348 4804 1521 4858 perge
1552 4788 1622 4842 ad
1684 4790 2007 4859 sequentia.

360 4873 616 4941 Faciam,
653 4874 916 4946 inquam.
954 4875 1079 4929 Haec
1102 4874 1355 4942 enim,ut
1382 4878 2006 4948 arbitror,sequuntur.

430 4962 572 5029 Ergo
601 4962 783 5017 decem
812 4968 1013 5033 genera
1034 4965 1316 5019 constituit
1348 4964 1666 5021 Aristoteles
1699 4968 1757 5021 in
1798 4966 2011 5037 praedi-

359 5051 631 5105 camentis
660 5068 785 5122 quae
814 5055 992 5124 magis
1045 5069 1245 5123 genera
1296 5058 1437 5109 sunt.
1476 5055 1543 5109 At
1584 5071 1706 5111 vero
1738 5055 1857 5112 illa?
1887 5072 2009 5127 (ινιτ

358 5138 537 5209 magis
561 5144 762 5212 species
787 5151 933 5210 sunt,
958 5158 1167 5213 semper
1196 5142 1256 5197 in
1277 5142 1520 5211 plurimo
1542 5144 1757 5215 quidem
1780 5162 2008 5201 numero

357 5234 508 5297 sunt,
540 5246 649 5285 non
672 5241 859 5287 tamen
890 5231 949 5286 in
981 5232 1219 5301 inﬁnito.
1257 5232 1322 5286 At
1352 5248 1477 5287 vero
1542 5234 1833 5289 individua
1882 5251 2009 5307 quae

355 5318 452 5371 sub
488 5320 665 5388 magis
694 5320 968 5391 speciebus
997 5330 1144 5390 sunt,
1180 5321 1407 5390 inﬁnita
1435 5326 1562 5375 sunt
1590 5338 1825 5395 semper.

437 5406 555 5462 Hoc
586 5410 742 5463 enim
773 5411 965 5465 dicere
994 5409 1119 5464 vult
1151 5412 1304 5481 quod
1339 5408 1523 5466 multo
1542 5410 1739 5482 plures
1787 5415 2008 5486 species

367 5500 507 5552 sunt
533 5513 709 5568 quam
743 5514 982 5571 genera:
1008 5498 1178 5553 habet
1197 5498 1353 5553 enim
1386 5514 1570 5569 genus
1594 5502 1704 5556 sub
1732 5519 1794 5558 se
1826 5503 2006 5573 pluria

359 5602 487 5643 mas
523 5588 745 5658 species
771 5604 784 5643 :
809 5592 866 5644 et
895 5586 1171 5661 quoniam
1201 5587 1399 5642 decem
1426 5604 1641 5659 genera
1671 5606 1865 5647 rerum
1882 5609 2007 5647 om-

358 5676 521 5731 nium
556 5676 936 5753 primafsunt,
959 5676 1183 5750 species
1209 5676 1645 5749 specialissimaa
1665 5698 1779 5738 non
1812 5682 2005 5739 solum

2128 4696 2286 4749 fuere
2310 4698 2691 4747 numerentur
2712 4694 2994 4759 rhetores,
3021 4693 3220 4749 nullus
3240 4712 3501 4767 unquam
3526 4696 3775 4766 hujusce

2125 4782 2549 4837 numerationis
2581 4782 2716 4836 finis
2757 4783 3041 4848 erit,cum
3065 4785 3391 4853 praesertim
3440 4785 3615 4840 etiam
3669 4802 3777 4856 per

2122 4872 2351 4927 inﬁnita
2369 4875 2632 4942 tempora
2646 4872 2703 4926 in
2723 4876 2977 4927 l'uturum
3000 4872 3494 4943 singulihomines
3510 4874 3774 4930 rhetores

2122 4978 2251 5016 esse
2283 4960 2531 5031 possint.
2562 4960 2665 5016 Hie
2692 4963 2902 5016 Fabius
2938 4962 3093 5017 :Hoc
3122 4962 3321 5033 igitur,
3389 4963 3583 5034 inquit
3641 4968 3776 5019 erat

2122 5049 2274 5120 quod
2307 5049 2407 5103 ait.

2189 5140 2360 5193 Porro
2389 5146 2569 5194 autem
2588 5141 2667 5195 vel
2682 5142 2885 5196 artium
2906 5142 2989 5196 vel
3010 5140 3451 5211 disciplinarum
3469 5159 3595 5199 cum
3616 5143 3767 5199 indi-

2117 5229 2293 5283 vidua
2304 5244 2406 5297 per
2426 5230 2686 5303 singulos
2701 5232 2952 5287 homines
2973 5247 3090 5286 esse
3113 5230 3675 5302 caperint,rati0nem
3689 5236 3771 5291 ad

2113 5318 2529 5389 percipiendum
2560 5335 2760 5390 capere
2788 5320 2871 5375 vel
2896 5319 3092 5374 habere
3122 5321 3350 5376 omnino
3378 5337 3485 5376 non
3515 5330 3765 5392 possunt.

2188 5409 2256 5463 Et
2280 5425 2384 5479 ego
2409 5426 2427 5462 :
2451 5409 3123 5482 Hoc,inquam,estquod
3141 5425 3275 5463 eum
3303 5414 3456 5466 artes
3473 5411 3562 5466 vel
3584 5411 3763 5466 disci-

2117 5498 2312 5571 plinae,
2345 5515 2469 5568 quae
2494 5498 2552 5554 in
2578 5517 2685 5555 sua
2707 5500 2898 5570 specie
2920 5516 3035 5554 una
3057 5501 3190 5553 ante
3214 5497 3457 5555 collecta
3518 5482 3763 5567 fuerint,

2117 5588 2175 5642 in
2194 5585 2497 5643 individua.
2510 5589 2864 5655 venerint,id
2878 5593 2989 5657 est,
3004 5604 3106 5659 per
3126 5587 3392 5658 singulos
3414 5588 3685 5645 homines
3698 5590 3760 5646 in

2116 5675 2410 5732 infinitam
2426 5676 2867 5734 multitudinem
2880 5676 3487 5748 innumerabilemque
3500 5694 3628 5735 sese
3645 5679 3761 5736 dis-
