4108 6186
257 313 328 365 69
1420 310 1496 363 1N
1534 303 2008 365 PORPHYRIUM
2048 310 2404 377 DIALOGUS
2440 326 2513 379 II.
3600 328 3669 381 70

259 437 726 510 disputationem
756 435 1077 506 transtulit,
1112 440 1166 491 et
1196 436 1337 491 dicit
1367 452 1567 491 eorum
1588 454 1747 491 raras
1767 436 1908 491 alias
1940 438 1993 503 Α
2023 444 2288 502 videatur
2308 449 2419 504 ista
2442 451 2917 506 communio,Est
2940 452 3094 507 enim
3122 454 3198 508 ita
3221 454 3671 509 ἀθῃηίιυω,Αο-

262 546 394 584 esse
424 526 1158 595 communitates,nisihas
1188 524 1341 580 solas
1370 525 1524 595 quod
1556 526 1624 579 de
1649 524 1916 595 pluribus

268 618 690 687 przrdicantur.
730 618 919 686 Longe
951 617 1106 670 enim
1140 633 1172 670 a
1199 632 1260 669 se
1289 614 1505 669 distare
1532 616 1823 677 videntur,
1859 614 1915 667 in

266 707 604 764 substantia
629 706 720 759 sui
738 711 793 759 et
824 706 881 759 in
902 710 1184 775 potestate
1198 704 1451 775 patiendi
1472 710 1645 774 atque
1670 702 1917 758 faciendi

265 798 325 851 id
347 798 500 869 quod
518 795 693 850 alicui
720 794 955 860 accidit,
990 794 1113 848 etid
1133 793 1471 848 cuiaccidit.
1501 792 1918 864 Namqueillud

264 889 362 941 cui
400 886 626 951 accidit,
664 885 833 956 quasi
868 886 1161 957 quoddam
1187 885 1630 939 fundamentum
1658 888 1746 938 est
1768 883 1917 937 acci-

264 979 484 1031 dentis.
520 976 666 1031 Illud
696 992 829 1030 vero
863 975 1017 1045 quod
1051 973 1283 1040 accidit,
1319 979 1528 1045 praeter
1560 974 1615 1027 id
1648 972 1737 1027 cui
1770 973 1918 1026 acci-

261 1065 371 1131 dit,
408 1082 537 1120 esse
568 1065 624 1118 in
660 1064 750 1118 sui
785 1063 1115 1118 substantia
1148 1080 1259 1118 non
1297 1068 1505 1134 potest.

784 1198 854 1235 DE
888 1197 1149 1235 PROPRIIS
1181 1196 1402 1235 EORUM.

332 1276 731 1355 Propriavero
752 1286 1122 1357 singulorum
1142 1290 1279 1341 sunt
1296 1286 1431 1351 hmo,
1454 1285 1603 1355 quod
1622 1282 1844 1354 species
1862 1281 1918 1334 in

263 1394 325 1432 eo
341 1378 501 1447 quod
520 1376 659 1447 quid
687 1376 763 1430 sit
787 1376 1155 1447 praedicatur,
1178 1374 1446 1429 accidens
1460 1389 1592 1427 vero
1610 1373 1665 1425 in
1684 1389 1748 1425 eo
1765 1371 1919 1441 quod

265 1466 440 1537 quale
472 1467 553 1519 sit
611 1471 667 1519 et
694 1465 1126 1536 quodammodo
1161 1481 1223 1519 se
1254 1463 1493 1517 habens:
1536 1462 1677 1516 Nam
1710 1461 1755 1514 si
1791 1460 1923 1530 quis

284 1555 463 1625 dicat,
494 1554 637 1624 quid
672 1556 1055 1620 Socratesest,
1082 1554 1255 1607 homo
1274 1552 1506 1607 dicitur.
1528 1553 1585 1606 Si
1609 1551 1739 1620 quis
1770 1550 1926 1603 dicat

274 1646 468 1717 qualis
491 1647 591 1710 sit,
617 1645 816 1700 calvus
840 1644 926 1699 vel
950 1644 1137 1699 simus
1169 1643 1513 1715 appellatur.
1550 1644 1607 1697 Si
1638 1642 1769 1713 quis
1791 1657 1923 1697 vero

269 1736 645 1807 quomodose
677 1736 923 1803 habens,
942 1735 1152 1789 sedens
1179 1734 1492 1803 autjacens
1507 1732 1920 1804 appellabitur,

266 1826 415 1880 Item
451 1825 509 1879 in
542 1824 651 1879 hoc
685 1823 965 1878 differunt
990 1824 1144 1894 quod
1191 1838 1559 1893 unaquazque
1589 1819 1923 1875 substantia
1956 1812 2001 1875 Β

264 1931 452 1969 unam
486 1914 744 1985 speciem
780 1913 975 1967 habet.
1008 1912 1274 1983 Namque
1306 1912 1566 1966 hominis
1586 1909 1924 1965 substantia

264 2016 447 2058 unam
473 2004 659 2058 solam
678 2002 937 2056 hominis
952 2002 1205 2073 speciem
1224 2000 1417 2055 habet.
1435 1999 1922 2055 Substantiavero

262 2110 430 2163 eque
465 2110 644 2147 unam
669 2092 857 2146 solius
881 2092 1014 2162 equi
1040 2092 1292 2162 speciem
1325 2090 1519 2145 habet.
1552 2092 1623 2144 At
1644 2106 1774 2143 vero
1808 2104 1924 2142 una

266 2182 613 2237 substantia
643 2181 814 2253 plura
844 2182 1181 2253 frequenter
1230 2180 1553 2236 accidentia
1584 2178 1922 2234 continebit.

261 2272 423 2325 Nam
463 2277 518 2325 et
550 2272 604 2325 in
635 2271 840 2325 eodem
892 2286 1041 2341 equo
1089 2270 1355 2340 quadam
1411 2286 1543 2339 pars
1592 2270 1927 2338 frequenter

263 2361 444 2431 nigra
477 2360 768 2431 quaedam,
801 2359 935 2413 alba
966 2364 1073 2415 est.
1098 2359 1160 2412 Et
1193 2360 1357 2413 estin
1383 2375 1448 2413 eo
1474 2358 1810 2427 proceritas,
1838 2361 1926 2411 est

263 2450 549 2516 altitudo,
586 2454 674 2503 est
704 2448 1045 2519 mquilinum
1091 2454 1287 2519 caput,
1322 2452 1380 2503 et
1420 2448 1533 2502 alia
1565 2447 1921 2517 hujusmedi.

264 2540 459 2593 liabet
492 2540 669 2592 etiam
688 2555 802 2593 non
818 2537 1010 2592 solum
1026 2536 1420 2609 inseparabile
1435 2537 1705 2593 accidens
1720 2537 1921 2590 eadem

266 2627 748 2693 sabstantia,sed
768 2627 945 2681 etiam
971 2627 1327 2698 superabile.
1354 2626 1497 2680 Nam
1525 2627 1770 2681 fortasse
1794 2625 1925 2695 qui-

266 2718 401 2771 dain
437 2715 607 2771 velox
638 2720 753 2783 est,
786 2720 843 2769 et
874 2716 1027 2770 idem
1062 2716 1237 2770 etiam
1281 2730 1519 2785 corpore
1560 2714 1789 2769 validus
1814 2719 1922 2781 est,

264 2809 421 2862 idem
459 2807 636 2862 etiam
671 2806 1001 2879 sagittator,
1024 2810 1079 2861 et
1109 2812 1333 2863 caetera.
1372 2807 1493 2861 Huc
1525 2805 1744 2860 accedit
1768 2804 1922 2875 quod

268 2896 496 2967 species
523 2900 991 2967 praenoscuntur,
1023 2896 1080 2950 id
1114 2900 1202 2951 est
1232 2896 1782 2967 prmintelliguntur,
1816 2894 1923 2949 hoo

268 2992 357 3041 est
389 2995 534 3041 ante
586 3004 713 3042 esse
746 2992 1181 3057 cognoscuntur
1229 3004 1405 3059 quam
1465 2987 1807 3042 accidentia.
1856 2986 1925 3039 Et

266 3076 431 3148 prius
453 3077 571 3131 erit
593 3076 791 3147 aliqua
813 3093 905 3131 res
931 3077 1027 3132 ubi
1045 3078 1287 3143 accidat,
1305 3094 1479 3150 quam
1503 3076 1603 3131 illa
1624 3094 1751 3149 quae
1769 3075 1920 3131 acci-

265 3167 370 3233 dit,
395 3172 457 3222 et
478 3167 760 3236 quoniam
781 3166 1004 3238 species
1019 3168 1451 3237 estsubjectum
1476 3166 1793 3222 accidentis
1817 3166 1918 3220 ubi
1950 3181 1994 3245 ρ

268 3257 550 3310 accidens
603 3256 849 3323 accidat,
883 3257 1127 3327 ideoque
1159 3260 1289 3311 ante
1322 3257 1544 3327 species
1575 3255 1922 3325 intelligitur

270 3362 397 3399 esse
431 3360 617 3415 quam
668 3345 960 3401 accidens.
1007 3345 1347 3401 Aceidentia
1392 3361 1528 3401 vero
1560 3350 1759 3416 postea
1789 3349 1925 3400 nata

273 3438 436 3501 sunt,
472 3434 531 3487 id
559 3438 649 3488 est
682 3434 865 3489 aforis
882 3434 1171 3489 venientia
1202 3439 1259 3489 et
1280 3439 1576 3501 extranea,
1611 3453 1643 3489 a
1667 3434 1927 3505 qualibet

276 3521 375 3576 illa
388 3522 752 3589 substantia,
768 3521 945 3576 etiam
964 3521 1011 3576 si
1029 3522 1443 3594 inseperabilia
1456 3526 1596 3576 sunt
1630 3526 1762 3576 Haec
1778 3538 1925 3592 quo-

262 3617 702 3679 queesteorum
732 3610 1046 3681 separatio,
1091 3612 1246 3681 quod
1290 3626 1522 3681 semper
1562 3612 1761 3666 omnia
1800 3628 1923 3681 qua:

270 3699 639 3770 participant
656 3699 870 3770 specie,
891 3699 1195 3770 aequaliter
1213 3700 1587 3771 participant.
1603 3699 1925 3769 Equaliter

262 3788 414 3843 enim
442 3795 501 3843 et
523 3790 795 3843 Socrates
816 3794 873 3843 et
894 3788 1087 3843 Cicero
1116 3795 1170 3844 et
1192 3789 1355 3844 Plato
1377 3794 1517 3845 sunt
1539 3789 1828 3844 homines.
1850 3791 1921 3843 At

256 3894 391 3932 vero
428 3877 527 3931 illa
560 3894 687 3948 quae
720 3877 1076 3949 participant
1098 3878 1409 3944 accidenti,
1434 3878 1664 3933 etiamsi
1688 3878 1918 3947 insepa-

259 3967 451 4021 rabile
501 3968 776 4021 accidens
805 3967 904 4036 sit,
952 3970 1148 4022 tamen
1193 3967 1497 4039 aequaliter
1540 3967 1913 4039 participant.

257 4060 404 4110 Nam
441 4056 720 4127 quamvis
738 4056 1127 4127 inseparabile
1161 4056 1237 4111 sit
1258 4058 1527 4113 accidens
1551 4057 1833 4127 .-i£thiopit
1852 4072 1920 4111 us

260 4146 454 4216 nigris
488 4161 642 4213 esse,
694 4150 888 4199 tamen
922 4149 1011 4200 est
1040 4145 1254 4217 aliquis
1302 4146 1453 4201 inter
1480 4146 1639 4217 ipsos
1674 4145 1916 4217 nigrior,

260 4251 363 4289 nec
398 4250 614 4289 omnes
641 4233 743 4289 illa
772 4235 1074 4305 nigredine
1105 4235 1406 4306 :equaliter
1436 4235 1807 4307 participant.

493 4368 563 4405 DE
599 4367 956 4406 COMMUNIBUS
989 4368 1217 4405 PROPRII
1248 4369 1313 4406 ΕΤ
1341 4368 1693 4409 ACCIDENTIS.

332 4456 720 4530 Relinquitur
744 4457 928 4529 igitur
959 4460 1027 4514 de
1058 4459 1477 4514 communibus
1509 4460 1728 4531 proprii
1761 4461 1918 4516 acci—

2027 535 2327 592 eidensest
2355 542 2506 610 quod
2535 543 2781 597 infertur
2810 548 2867 597 et
2893 546 3157 598 aufertur
3175 546 3299 600 sine
3325 548 3452 615 ejus
3476 546 3533 600 in
3558 562 3671 616 quo

2027 631 2115 678 est
2138 626 2398 683 interitu.
2416 631 2574 692 Quod
2600 649 2753 685 nunc
2778 633 2893 685 dici
2916 633 3279 688 videtursine
3297 636 3386 689 his
3406 642 3671 690 constare

2029 728 2142 769 nou
2180 734 2369 785 posse,
2405 735 2537 773 cum
2562 722 2834 791 superius
2856 722 2983 776 sine
3011 740 3210 777 eorum
3236 724 3475 780 interitu
3502 742 3669 797 posse

2029 804 2316 860 diceretur
2345 809 2581 863 auferri.
2617 810 2725 863 Sed
2761 810 2866 865 hoc
2899 813 3073 865 modo
3105 813 3342 879 dicitur,
3367 831 3479 868 non
3515 815 3669 884 quod

2029 891 2076 945 si
2110 896 2408 949 auferatur
2430 896 2536 951 hoc
2552 898 2818 951 accidens
2843 899 3249 970 inseparabile,
3270 902 3509 955 intereat
3529 903 3672 957 illud

2030 982 2122 1034 cui
2146 985 2376 1051 accidit,
2402 987 2796 1056 sedquoniam
2823 990 3075 1057 separari
3103 1006 3213 1043 non
3235 994 3439 1059 potest,
3459 991 3673 1046 idcirco

2030 1071 2155 1125 sine
2181 1072 2269 1127 bis
2295 1081 2565 1130 constare
2590 1094 2702 1131 non
2727 1077 2931 1147 possit.
2955 1079 3053 1131 Est
3074 1078 3245 1133 etiam
3269 1080 3679 1150 inseparabilis

2031 1162 2351 1218 accidentis
2410 1170 2463 1219 et
2497 1166 2717 1236 proprii
2748 1166 2861 1221 alia
2920 1169 3277 1235 communio,
3312 1170 3463 1238 quod
3526 1169 3678 1225 sicut

2031 1255 2086 1303 et
2116 1253 2273 1305 omni
2306 1257 2362 1307 et
2392 1270 2621 1324 semper
2654 1256 2803 1309 inest
2830 1258 3133 1326 proprium
3165 1257 3256 1309 cui
3290 1257 3462 1315 inest.
3497 1258 3553 1311 id
3588 1264 3677 1314 est

2033 1338 2255 1395 homini
2291 1344 2545 1414 (semper
2575 1346 2731 1399 enim
2764 1350 2821 1399 et
2854 1346 3046 1399 omnis
3070 1345 3242 1399 homo
3271 1346 3511 1401 risibilis
3539 1351 3671 1419 est),

2034 1430 2117 1484 sic
2144 1431 2318 1485 etiam
2352 1433 2654 1502 quodlibet
2686 1435 2957 1489 accidens
2990 1435 3401 1505 inseparabile,
3437 1443 3493 1490 et
3515 1439 3673 1491 omni

2033 1524 2089 1572 et
2112 1536 2343 1591 semper
2365 1527 2453 1575 est
2478 1524 2749 1578 accidens
2775 1522 3185 1594 inseparabile.
3208 1524 3471 1595 Namque
3494 1531 3681 1581 etom-

2036 1608 2124 1661 nis
2145 1625 2375 1675 corvus,
2394 1615 2450 1664 et
2471 1627 2701 1682 semper
2729 1612 2893 1683 niger
2916 1618 3023 1667 est.
3052 1612 3187 1667 Sola
3211 1619 3403 1667 autem
3430 1630 3563 1669 eum
3590 1631 3678 1669 se-

2036 1698 2397 1767 parabilibus
2430 1700 2832 1755 accidentibus
2867 1701 2965 1755 illa
3015 1704 3352 1757 communio
3384 1709 3493 1772 est,
3527 1704 3682 1773 quod

2036 1788 2536 1856 quemadmodum
2558 1790 2628 1844 de
2644 1790 2844 1845 multis
2868 1790 3189 1846 individuis
3213 1793 3511 1861 proprium
3538 1809 3684 1862 pras-

2032 1874 2281 1942 dicatur,
2315 1877 2395 1932 ita
2422 1878 2598 1933 etiam
2625 1879 2897 1935 accidens
2919 1882 2989 1935 de
3013 1880 3216 1935 multis
3245 1881 3564 1935 individuis
3579 1899 3684 1953 po-

2034 1967 2149 2019 test
2181 1968 2501 2036 praedicari.
2539 1968 2741 2023 Plures
2774 1970 2929 2024 enim
2967 1975 3233 2035 currunt,
3269 1970 3468 2041 plures
3503 1972 3681 2027 etiam

2036 2054 2361 2123 ambulant,
2386 2073 2515 2127 quas
2548 2058 2771 2113 scilicet
2792 2060 3115 2113 accidentia
3137 2060 3486 2130 separabilia
3518 2067 3677 2129 sunt,

2035 2147 2532 2213 quemadmodum
2564 2147 2760 2217 plures
2793 2153 3038 2219 possunt
3069 2165 3195 2204 esse
3228 2149 3504 2207 risibiles.

2550 2254 2619 2291 DE
2650 2256 2911 2294 PROPRIIS
2938 2256 3155 2294 EORUM.

2108 2324 2393 2380 Differunt
2417 2331 2613 2382 autem
2647 2328 2779 2395 ista,
2812 2331 2965 2399 quod
2994 2328 3293 2399 proprium
3318 2346 3550 2400 semper
3573 2331 3675 2385 uni

2036 2414 2249 2482 speciei
2281 2414 2452 2485 inest,
2470 2416 2889 2472 accidensvero
2924 2417 3375 2488 pluribus.Nam
3411 2419 3680 2474 accidens

2035 2501 2303 2571 pluribus
2320 2505 2628 2574 speciebus
2652 2511 2707 2560 et
2729 2506 3004 2561 animatis
3028 2512 3083 2561 et
3109 2506 3448 2560 inanimatis
3471 2508 3680 2571 evenit,

2036 2597 2101 2645 ut
2130 2594 2411 2648 estebeno
2431 2594 2683 2663 nigrum,
2718 2612 2887 2649 corvo
2909 2596 3405 2665 nigrum,homini
3426 2595 3683 2666 Ethiopi

2037 2684 2293 2752 nigrum.
2321 2684 2565 2739 Risibile
2587 2701 2721 2739 vero
2747 2684 2913 2751 nulli,
2940 2685 3051 2741 nisi
3076 2685 3182 2740 soli
3215 2686 3459 2740 homini.
3494 2688 3682 2757 Atque

2035 2772 2163 2825 ideo
2195 2774 2516 2827 conversim
2570 2774 2869 2845 proprium
2926 2775 3295 2845 praedicatur,
3330 2774 3468 2844 quia
3504 2774 3680 2830 unius

2035 2861 2247 2929 speciei
2280 2862 2591 2917 continens
2621 2870 2732 2927 est,
2764 2863 2915 2917 etilli
2940 2862 3154 2933 speciei
3182 2864 3288 2917 soli
3313 2862 3567 2932 aequalis.
3588 2869 3679 2918 est

2033 2951 2101 3003 At
2132 2966 2264 3005 vero
2296 2952 2565 3005 accidens
2591 2952 2911 3006 conversim
2949 2951 3245 3021 prazdicari
3296 2967 3409 3005 non
3464 2956 3676 3021 potest,

2036 3040 2174 3110 quia
2189 3039 2383 3110 plures
2402 3040 2511 3094 sub
2526 3056 2587 3094 se
2600 3040 2825 3110 species
2839 3040 3034 3093 habet.
3060 3039 3183 3092 Non
3209 3038 3362 3092 enim
3382 3039 3680 3108 potestdi-

2036 3144 2161 3181 cere
2192 3128 2245 3181 id
2272 3145 2401 3184 esse
2434 3130 2665 3198 nigrum
2700 3130 2855 3199 quod
2892 3129 3166 3194 ebenum,
3202 3144 3335 3182 eum
3369 3128 3531 3183 dicas
3570 3128 3679 3184 hoe

2034 3233 2160 3271 esse
2174 3218 2423 3271 ebenum
2447 3219 2601 3287 quod
2629 3217 2885 3288 nigrum.
2902 3217 3095 3271 Potest
3115 3216 3271 3270 enim
3296 3232 3424 3271 esse
3447 3218 3679 3287 nigrum

2035 3310 2091 3359 et
2122 3322 2233 3359 non
2261 3322 2387 3361 esse
2408 3308 2678 3361 ebenum.
2714 3306 2931 3361 Deinde
2962 3316 3133 3360 omne
3167 3305 3459 3375 proprium
3486 3322 3683 3375 aequa-

2033 3393 2163 3448 liter
2194 3410 2256 3449 se
2288 3396 2379 3450 his
2412 3396 2587 3450 rebus
2619 3413 2748 3466 quae
2783 3396 2894 3449 sub
2927 3411 2989 3449 se
3014 3394 3233 3448 fuerint
3264 3395 3365 3448 dat
3393 3400 3450 3448 et
3481 3396 3553 3449 ab
3588 3394 3679 3449 his

2037 3484 2334 3554 aequaliter
2374 3486 2777 3555 partieipatur.
2813 3486 3079 3539 Socrates
3111 3485 3267 3538 enim
3309 3489 3365 3537 et
3393 3484 3588 3539 Cicero
3622 3489 3681 3538 et

2034 3571 2323 3641 Vergilius
2338 3574 2638 3644 aequaliter
2655 3580 2710 3628 et
2725 3573 2934 3627 risibili
2961 3572 3336 3643 participant,
3360 3578 3418 3627 et
3438 3572 3679 3642 aequali-

2035 3666 2123 3715 ter
2152 3661 2406 3717 risibiles
2463 3668 2623 3718 sunt.
2659 3666 2728 3717 At
2757 3679 2891 3717 vero
2950 3661 3221 3717 accidens
3274 3678 3388 3716 non
3446 3678 3682 3732 semper

2036 3750 2338 3819 equaliter
2363 3756 2451 3805 est
2472 3752 2763 3806 accidens.
2790 3755 2987 3805 Potest
3016 3750 3171 3805 enim
3193 3750 3528 3821 quicunque
3550 3766 3680 3805 esse

2034 3838 2346 3908 procerior,
2380 3844 2437 3894 et
2469 3839 2621 3893 alius
2652 3856 2780 3893 esse
2810 3838 3078 3893 velocior.
3103 3838 3261 3900 Quod
3292 3839 3513 3893 scilicet
3534 3838 3678 3892 illud

2032 3926 2359 3997 separabile
2388 3933 2475 3982 est
2505 3928 2796 3994 accidens,
2833 3927 2975 3981 illud
3012 3927 3422 3998 inseparabile.
3458 3929 3522 3981 Et
3554 3927 3672 3981 for-

2032 4021 2188 4070 tasse
2218 4015 2345 4071 aliae
2375 4033 2575 4072 eorum
2609 4019 2877 4087 quendam
2913 4017 3297 4088 proprietates
3329 4022 3386 4071 et
3416 4034 3673 4072 commu-

2032 4105 2237 4158 niones
2256 4120 2383 4159 esse
2410 4107 2735 4160 videantur.
2761 4106 2870 4160 Sed
2907 4122 3082 4171 nunc,
3104 4110 3389 4175 quantum
3414 4105 3681 4160 introdu-

2031 4194 2205 4248 ctioni
2221 4197 2437 4261 satest,
2454 4194 2567 4249 ista
2584 4194 2900 4248 sufficiant.
2918 4194 3025 4248 Sed
3048 4196 3169 4263 jam
3186 4193 3309 4261 tibi,
3330 4194 3463 4247 Fabi
3481 4194 3681 4249 omnia

2030 4298 2394 4353 quiscunque
2422 4283 2493 4336 ad
2518 4282 3013 4337 introductionem
3038 4282 3339 4353 Porphyrii
3366 4282 3681 4352 pertinent,

2028 4372 2262 4442 plenius
2296 4371 2653 4443 uberiusque
2682 4376 2931 4427 tractata
2952 4375 3111 4426 sunt.
3146 4375 3283 4425 Post
3314 4387 3445 4425 vero
3474 4370 3523 4425 si
3549 4370 3680 4442 qui-

2030 4463 2160 4515 dem
2178 4478 2438 4531 unquam
2458 4477 2549 4516 me
2571 4462 2821 4533 egueris,
2838 4461 3049 4515 studiis
3074 4460 3397 4531 praesertim
3413 4461 3674 4530 tuisquae

259 4550 583 4620 dentisque
608 4548 1037 4603 tractare.Nam
1072 4548 1370 4619 proprium
1394 4550 1489 4611 (ιη’
1517 4551 1539 4603 i
1563 4550 1805 4605 distaret
1824 4549 1911 4605 vel
1943 4542 1988 4604 D
2022 4550 2185 4604 nulla
2212 4567 2470 4619 unquam
2522 4550 2827 4605 honestate
2860 4554 3194 4615 caruerunt,
3240 4549 3429 4604 libens
3472 4548 3670 4603 animo

257 4656 291 4692 a
322 4638 543 4709 specie,
561 4636 646 4690 vel
683 4654 714 4691 a
745 4637 1468 4708 genere,veladiti'erentia
1518 4640 1787 4709 superius
1811 4640 1911 4695 de-

254 4730 661 4781 monstratum
711 4730 817 4781 est.
855 4726 1159 4797 Proprium
1206 4732 1400 4782 autem
1432 4732 1488 4781 et
1523 4728 1914 4799 inseparabile

254 4816 535 4871 accidens
570 4832 883 4870 commune
899 4815 1137 4880 habent,
1172 4816 1468 4887 quodsine
1490 4816 1581 4871 his
1608 4834 1910 4888 nunquam

248 4905 600 4960 consistunt
634 4921 701 4960 ea
723 4921 848 4975 quae
881 4920 1079 4959 eorum
1116 4904 1488 4975 participant,
1524 4907 1664 4960 etin
1698 4908 1914 4977 quibus

249 4994 382 5066 ipsa
398 4993 876 5049 considerantur.
893 4992 1038 5048 Nam
1057 5009 1246 5064 neque
1260 4993 1432 5049 homo
1449 4994 1667 5049 amittit
1690 4995 1913 5051 risibile

250 5100 401 5154 esse,
440 5099 549 5138 nec
582 5082 855 5153 .Ethiops
885 5086 985 5137 aut
1017 5099 1246 5151 corvus,
1283 5083 1541 5155 nigrum.
1576 5086 1757 5155 Atque
1784 5083 1914 5140 ideo

251 5173 378 5227 sine
411 5172 507 5227 his
546 5170 714 5241 ipsis,
749 5170 804 5226 id
837 5176 932 5227 est
964 5172 1216 5244 propriis
1247 5176 1302 5228 et
1333 5173 1761 5243 accidentibus,
1787 5190 1912 5244 quas

252 5278 455 5317 eorum
493 5262 880 5335 participant,
916 5268 1185 5318 constare
1216 5280 1332 5319 non
1366 5268 1634 5333 possunt,
1668 5280 1737 5318 ne
1770 5265 1915 5319 forte

256 5358 457 5408 contra
507 5352 879 5423 superiorem
912 5352 1311 5409 definitionem
1363 5353 1681 5409 accidentis
1719 5352 1914 5409 venire

2023 4639 2403 4710 hortatorque
2434 4640 2503 4693 ad
2531 4640 2766 4695 easdem
2792 4640 3145 4711 cupiditates
3172 4638 3402 4708 parebo.
3436 4637 3539 4691 Hic
3568 4638 3671 4692 Fa-

2023 4729 2157 4784 bius
2174 4746 2186 4783 :
2204 4729 2313 4795 Tu,
2334 4728 2546 4799 inquit,
2566 4732 2809 4799 paterno
2828 4728 2947 4783 haec
2964 4728 3106 4782 mihi
3125 4727 3323 4782 animo
3348 4724 3672 4797 polliceris:

2022 4833 2225 4873 verum
2251 4835 2355 4889 ego
2379 4834 2683 4888 nunquam
2709 4817 2976 4872 deficiam
2993 4818 3064 4871 ab
3088 4816 3178 4871 bis
3194 4815 3428 4882 studiis,
3455 4821 3510 4869 te
3529 4833 3676 4886 pras-

2026 4908 2229 4963 sertim
2248 4908 2510 4976 docente,
2530 4924 2563 4961 a
2581 4922 2696 4977 quo
2715 4910 2896 4961 totam
2922 4906 3166 4961 fortasse
3181 4905 3379 4977 logica:
3393 4905 3675 4959 Aristote-

2026 4995 2122 5064 lis,
2149 4996 2197 5051 si
2220 4996 2337 5051 vita
2358 4996 2643 5067 suppetit,
2671 4996 2898 5066 capiam
2940 4994 3335 5065 disciplinam.
3366 4995 3433 5048 Et
3454 5009 3559 5065 ego
3593 4994 3677 5049 fa-

2028 5086 2202 5153 ciam,
2244 5087 2511 5157 inquam,
2540 5084 2948 5139 libentissime.
2974 5084 3086 5138 Sed
3112 5084 3383 5153 quoniam
3402 5084 3528 5153 jam
3562 5100 3682 5139 ma-

2025 5176 2255 5231 tutinus
2280 5175 2367 5247 (ut
2402 5175 2483 5229 ait
2528 5173 2853 5243 Petronius)
2912 5173 2998 5228 sol
3031 5172 3198 5228 tectis
3228 5172 3446 5239 arrisit,
3470 5189 3682 5243 surga—

2027 5282 2181 5331 mus,
2209 5269 2263 5320 et
2285 5263 2493 5334 siquid
2516 5268 2605 5317 est
2624 5262 2793 5333 illud,
2818 5262 3189 5333 diligentiore
3203 5267 3403 5334 postea
3416 5261 3677 5317 conside-

2026 5355 2252 5411 ratione
2284 5352 2653 5409 tractabitur.

1696 5590 2247 5628 -ψ-
