4126 6180
327 297 394 350 71
1598 287 1719 340 AN.
1760 285 1980 339 MANL.
2024 285 2184 338 BEV.
2224 283 2465 337 BOETII
3663 283 3736 336 '72

337 410 2888 434 Μῄ-
1599 432 1640 434 --
1645 429 2886 434 Μ

1002 534 1256 638 ιὲιῗὲ.
1342 530 1874 638 ΜΗᾎΝΗΜ
1961 528 2347 635 @EE’.
2437 528 3080 637 EBOETII

2891 429 3134 436 ___—

1427 732 1750 854 COM
1773 729 2665 851 MENTARIA

1152 932 1245 1003 1N
1304 927 1932 1003 PORPHYRIUM
1978 902 2043 998 Ἀ
2105 927 2212 996 se
2269 928 2936 1000 TRANSLATUM.

1581 1153 1952 1244 LIBER
2027 1153 2513 1245 PRIMUS.

411 1391 716 1448 Secundus
746 1389 840 1442 hic
872 1391 1111 1457 arreptas
1151 1385 1533 1456 expositionis
1564 1384 1730 1440 labor
1770 1391 1986 1441 nostra:
2015 1391 2072 1454 Α
2105 1386 2479 1456 ρι’ωεθηιὶυῐη
2502 1383 2847 1438 ﬁrmissima
2869 1383 3383 1454 contemplatione,
3409 1383 3493 1438 vel
3523 1383 3581 1437 in
3610 1385 3748 1438 abs-

341 1482 550 1536 seriem
585 1477 991 1533 translationis
1013 1475 1298 1545 expediet,
1316 1474 1375 1528 in
1400 1492 1516 1545 qua
1535 1475 1772 1543 quidem
1796 1492 1996 1530 vereor

341 1587 412 1624 ne
445 1567 720 1622 subierim
755 1565 854 1618 fidi
889 1563 1229 1635 interpretis
1278 1564 1538 1634 culpam.
1581 1580 1716 1618 cum
1747 1565 1993 1618 verbum

339 1657 514 1712 verbo
528 1669 868 1726 expressum
886 1669 1086 1723 compa
1098 1657 1225 1706 ratu
1237 1668 1405 1721 mque
1420 1652 1707 1706 reddideri
1722 1669 1795 1708 m.
1812 1652 1994 1722 Cujus

341 1743 576 1814 incepti
601 1742 744 1798 ratio
776 1746 864 1797 est
894 1741 1050 1811 quod
1084 1741 1140 1795 in
1176 1740 1269 1794 his
1305 1741 1545 1810 scriptis
1570 1741 1626 1794 in
1657 1742 1874 1811 quibus
1907 1758 1993 1795 re-

342 1850 472 1888 rum
487 1831 740 1903 cognitio
753 1830 1059 1901 quaeritur,
1074 1845 1189 1883 non
1206 1828 1519 1884 luculentas
1534 1829 1816 1884 orationis
1830 1829 1993 1900 lepos

342 1926 438 1980 sed
453 1924 792 1994 incorrupta
805 1922 1016 1977 veritas
1031 1920 1411 1991 exprimenda
1423 1927 1528 1974 est.
1547 1920 1826 1982 Quocirca
1841 1937 1894 1974 m
1907 1920 1995 1973 ul-

340 2019 466 2068 tum
495 2012 812 2085 profecisse
837 2011 1098 2079 videbor,
1123 2011 1169 2063 si
1196 2009 1577 2080 philosophiae
1603 2008 1770 2064 libris
1795 2009 1995 2063 Latina

342 2103 605 2158 oratione
637 2100 983 2171 compositis
1015 2116 1115 2169 per
1165 2097 1554 2169 integerrimas
1586 2097 1993 2152 translationis

347 2192 766 2259 sinceritatem,
815 2189 961 2243 nihil
991 2189 1048 2242 in
1095 2190 1424 2242 Graeorum
1477 2187 1688 2242 litteris
1740 2188 1995 2258 amplius

345 2284 729 2338 desideretur.
777 2281 842 2336 Et
891 2279 1168 2350 quoniam
1225 2278 1498 2332 humanis
1548 2277 1765 2332 animis
1811 2279 1996 2332 excel-

348 2371 747 2427 lentissimum
779 2370 998 2425 bonum
1033 2367 1415 2439 philosophias
1439 2371 1844 2438 comparatum
1880 2371 1990 2433 est,

350 2467 415 2517 ut
462 2461 565 2516 vite
614 2477 683 2514 ex
714 2458 809 2513 ﬁlo
844 2458 1089 2528 quodam
1146 2457 1419 2526 procedat
1465 2455 1631 2519 ratio,
1665 2471 1734 2510 ex
1787 2455 1996 2510 anime:

350 2549 540 2621 ipsius
581 2546 907 2603 efficiendis
939 2545 1290 2600 ordiendum
1334 2549 1440 2599 est.
1475 2544 1709 2614 Triplex
1757 2543 1998 2598 omnino

353 2641 562 2696 animle
593 2639 758 2694 visin
790 2637 1126 2708 vegetandis
1147 2636 1491 2707 corporibus
1513 2635 1993 2706 deprehenditur.

353 2732 609 2794 Quarum
643 2745 760 2782 una
790 2725 1027 2796 quidem
1060 2725 1239 2779 vitam
1274 2724 1530 2794 corporis
1563 2723 1998 2790 subministrat,

354 2823 419 2874 ut
452 2819 745 2872 nascendo
775 2819 1019 2881 crescat,
1071 2814 1394 2883 alendoque
1421 2812 1726 2868 subsistat.
1763 2811 1888 2865 Alia
1913 2827 2002 2865 ve-

358 2925 421 2962 ro
468 2905 757 2962 sentiendi
787 2904 1072 2975 judicium
1109 2903 1346 2973 praebet.
1380 2902 1571 2956 Tertia
1621 2901 1671 2954 vi
1711 2902 1925 2956 mentis
1951 2905 2006 2954 et

357 2995 582 3050 ratione
617 2993 867 3048 subnixa
901 2996 1009 3046 est.
1041 2991 1299 3053 Quarum
1332 2991 1570 3061 quidem
1609 2990 1807 3060 prima:
1840 2990 1895 3043 id
1928 2989 2007 3044 of-

359 3085 557 3139 ﬁcium
588 3087 696 3149 est,
730 3086 796 3136 ut
822 3081 1111 3146 creandis,
1137 3079 1488 3148 nutriendis,
1519 3079 1859 3150 alendisque
1882 3095 2005 3133 cor-

359 3172 600 3244 poribus
639 3175 849 3240 priesto
900 3171 997 3236 sit,
1032 3169 1260 3223 nullum
1291 3185 1427 3223 vero
1478 3167 1723 3223 rationis
1779 3170 2011 3239 praestet

361 3274 641 3315 sensusve
667 3257 984 3326 judicium.
1035 3261 1166 3309 Haec
1197 3261 1391 3310 autem
1443 3262 1528 3310 est
1558 3256 1867 3312 herbarum
1920 3260 2009 3310 at-

365 3364 478 3418 que
510 3347 810 3408 arborum,
838 3350 894 3398 et
925 3342 1210 3414 quidquid
1244 3348 1408 3397 terrae
1441 3345 1725 3399 radicitus
1768 3346 2008 3398 afﬁxum

365 3439 615 3490 tenetur.
651 3432 921 3488 Secunda
966 3446 1099 3484 vero
1131 3430 1457 3499 composita
1494 3435 1664 3500 atque
1696 3434 2010 3500 conjuncta

367 3529 476 3591 est,
504 3527 561 3579 et
593 3521 841 3594 primam
891 3519 1000 3574 sibi
1034 3534 1276 3572 sumens
1317 3519 1461 3572 etin
1514 3524 1737 3586 partem
1787 3520 2008 3573 consti-

369 3620 562 3679 tuens,
584 3615 811 3666 varium
838 3626 902 3664 ac
926 3607 1583 3677 multiformejudicium
1598 3607 1774 3678 capit,
1796 3609 1864 3662 de
1884 3609 2012 3679 qui-

365 3704 480 3758 bus
506 3716 711 3772 capere
742 3702 949 3770 potest.
987 3697 1170 3751 Omne
1200 3697 1355 3751 enim
1381 3695 1595 3751 animal
1649 3698 1802 3766 quod
1837 3714 2014 3750 sensu

369 3791 541 3861 viget,
578 3789 728 3842 idem
760 3791 817 3842 et
842 3785 1106 3840 nascitur
1135 3789 1190 3839 et
1223 3784 1484 3838 nutritur
1513 3783 1777 3839 etalitur.
1800 3789 2016 3840 Sensus

371 3894 504 3933 vero
528 3876 742 3932 diversi
774 3879 913 3930 sunt
943 3879 998 3929 et
1023 3890 1209 3944 usque
1231 3873 1299 3927 ad
1334 3873 1668 3944 quinarium
1705 3890 2013 3928 numerum

371 3967 642 4021 tendunt.
677 3968 880 4035 Itaque
903 3962 1188 4033 quidquid
1221 3967 1446 4016 tantum
1468 3962 1664 4029 alitur,
1698 3978 1812 4016 non
1837 3962 2014 4016 etiam

374 4056 576 4119 sentit,
599 4053 888 4124 quidquid
909 4068 1044 4106 vero
1089 4051 1305 4105 sentire
1346 4055 1555 4121 potest,
1581 4050 1630 4104 ei
1655 4049 1845 4120 prima
1876 4068 2015 4118 quo-

2104 1475 2328 1528 entium
2364 1473 2767 1545 intelligentia,
2803 1473 2887 1528 vel
2922 1473 2978 1526 in
3027 1473 3359 1544 ignotarum
3409 1473 3750 1542 inquisitio-

2106 1579 2175 1616 ne
2189 1569 2473 1617 versatur.
2496 1563 2624 1617 Haec
2657 1567 2884 1616 tantum
2906 1562 3167 1617 humano
3190 1562 3386 1632 generi
3406 1567 3615 1632 praesto
3633 1567 3743 1630 est,

2107 1669 2231 1722 quae
2268 1669 2378 1705 non
2414 1651 2605 1706 solum
2639 1668 2848 1706 sensus
2899 1651 3182 1722 imagines
3218 1651 3501 1722 perfectas
3553 1656 3609 1705 et
3634 1668 3747 1704 non

2106 1740 2434 1794 inconditas
2468 1740 2644 1810 capit,
2678 1742 2776 1794 sed
2821 1740 2997 1793 etiam
3034 1739 3202 1810 pleno
3237 1746 3366 1792 actu
3418 1738 3756 1809 intelligen-

2101 1829 2193 1881 tia:
2226 1830 2379 1899 quod
2407 1828 2748 1899 imaginatio
2783 1827 3098 1899 suggessit,
3125 1828 3373 1897 explicat
3403 1833 3573 1897 atque
3613 1843 3750 1880 con-

2104 1919 2318 1972 firmat.
2337 1918 2558 1988 Itaque,
2577 1917 2865 1972 utdictum
2881 1922 2988 1980 est,
3007 1916 3140 1971 huic
3164 1917 3219 1970 di
3236 1918 3379 1970 vinze
3396 1921 3616 1970 naturae
3636 1933 3751 1970 non

2106 2023 2173 2060 ea
2195 2010 2426 2061 tantum
2443 2007 2502 2060 in
2527 2006 2856 2076 cognitione
2874 2005 3180 2059 sufﬁciunt
3199 2022 3322 2075 qua:
3339 2005 3604 2073 subjecta
3621 2021 3752 2059 sen-

2108 2096 2269 2150 sibus
2286 2095 2750 2166 comprehendit,
2767 2110 2969 2148 verum
3003 2094 3178 2148 etiam
3222 2099 3279 2148 et
3312 2094 3755 2148 insensibilibus

2107 2186 2527 2256 imaginatione
2551 2190 2849 2257 concepta,
2869 2191 2924 2240 et
2954 2186 3297 2241 absentibus
3323 2184 3494 2238 rebus
3520 2186 3757 2238 nomina

2106 2277 2308 2332 indere
2332 2281 2540 2348 potest,
2569 2281 2624 2332 et
2649 2278 2804 2348 quod
2824 2275 3224 2347 intelligentiae
3243 2275 3468 2329 ratione
3498 2291 3759 2345 compre-

2113 2365 2339 2433 hendit,
2357 2366 2779 2420 vocabulorum
2803 2381 3037 2435 quoque
3052 2364 3442 2435 positionibus
3459 2365 3664 2434 aperit.
3693 2363 3762 2416 Il-

2111 2452 2210 2508 lud
2245 2470 2479 2524 quoque
2512 2454 2560 2508 ei
2593 2459 2812 2508 naturae
2839 2453 3142 2525 proprium
3174 2458 3368 2521 est,ut
3401 2470 3502 2524 per
3533 2470 3599 2508 ea
3631 2470 3757 2522 quas

2110 2543 2223 2597 sibi
2254 2547 2389 2597 nota
2422 2548 2561 2597 sunt
2591 2543 2789 2614 ignota
2813 2544 3076 2613 vestiget,
3100 2547 3158 2596 et
3189 2559 3302 2597 non
3328 2541 3519 2596 solum
3547 2558 3763 2596 unum-

2109 2633 2380 2704 quodque
2403 2650 2474 2686 an
2501 2633 2596 2698 sit,
2623 2633 2722 2688 sed
2747 2632 2882 2702 quid
2919 2632 2994 2686 sit
3012 2632 3185 2686 etiam
3217 2637 3275 2686 et
3306 2630 3476 2701 quale
3499 2631 3595 2696 sit,
3629 2647 3763 2685 nec.

2115 2739 2228 2776 non
2259 2738 2361 2776 cur
2393 2722 2468 2776 sit
2498 2725 2656 2792 optet
2682 2737 3018 2792 agnoscere.
3051 2720 3234 2782 Quam
3269 2720 3517 2791 triplicis
3553 2721 3762 2775 animae

2117 2811 2229 2864 vim
2245 2810 2370 2865 sola
2391 2811 2699 2865 hominum
2717 2815 2802 2880 (ut
2819 2811 3040 2864 dictum
3064 2811 3174 2879 est)
3193 2814 3400 2864 natura
3433 2808 3756 2863 sortitaest.

2114 2899 2294 2970 Cujus
2314 2901 2515 2954 animae
2531 2899 2618 2954 vis
2635 2899 3037 2970 intelligentiae
3052 2899 3302 2953 motibus
3317 2914 3430 2952 non
3451 2898 3760 2968 caretquia

2115 2989 2173 3041 in
2207 2988 2298 3042 his
2329 2992 2582 3058 quatuor
2609 2989 2854 3059 propriae
2884 2988 3001 3041 vim
3053 2987 3295 3042 rationis
3345 2991 3590 3042 exercet.
3641 2989 3759 3040 Aut

2113 3077 2269 3130 enim
2295 3077 2515 3148 laiquid
2546 3094 2617 3131 an
2647 3077 2730 3132 sic
2763 3076 3025 3147 inquirit,
3051 3081 3153 3131 aut
3173 3077 3220 3130 si
3254 3093 3381 3131 esse
3406 3076 3754 3140 constiterit,

2117 3167 2257 3236 quid
2292 3167 2368 3220 sit
2398 3166 2455 3220 id
2490 3167 2736 3220 dubitat.
2763 3165 2923 3228 Quod
2958 3165 3008 3220 si
3039 3166 3214 3220 etiam
3249 3166 3552 3234 utriusque
3575 3165 3768 3219 scien-

2118 3257 2259 3312 tiam
2293 3257 2516 3310 ratione
2563 3255 2843 3326 possidet,
2895 3254 3064 3326 quale
3101 3258 3178 3310 sit
3212 3270 3636 3326 unumquoque
3669 3271 3768 3308 ve-

2121 3346 2319 3416 stigat,
2338 3345 2584 3416 atquein
2618 3361 2683 3399 eo
2699 3349 2902 3400 caetera
2916 3343 3304 3399 accidentium
3325 3347 3618 3398 momenta
3638 3359 3775 3412 per-

2121 3433 2321 3504 quirit,
2338 3435 2556 3503 quibus
2571 3433 2840 3504 cognitis,
2858 3434 3056 3487 eurita
3074 3433 3463 3502 sitqumritur,
3481 3432 3772 3486 etrationc

2123 3522 2509 3576 nihilominus
2540 3525 2809 3592 vestigat.
2843 3525 2985 3575 Cum
3031 3522 3210 3593 igitur
3235 3521 3384 3576 actio
3417 3521 3492 3575 sit
3524 3520 3768 3574 humani

2123 3611 2324 3676 animi,
2359 3617 2418 3662 ut
2449 3610 2866 3680 semperautin
2890 3610 3266 3680 praesentium
3292 3627 3485 3664 rerum
3509 3625 3768 3678 compre-

2123 3698 2424 3761 hensione,
2443 3697 2612 3750 autin
2628 3698 2959 3752 absentium
2977 3698 3387 3769 intelligentia,
3405 3703 3504 3752 aut
3525 3699 3578 3751 in
3595 3698 3765 3767 igno-

2124 3794 2318 3842 tarum
2351 3787 2734 3856 inquisitione
2766 3790 2940 3856 atque
2971 3787 3304 3841 inventione
3337 3792 3616 3850 versetur,
3650 3786 3765 3840 duo

2125 3882 2264 3931 sunt
2281 3877 2335 3929 in
2354 3877 2569 3947 quibus
2585 3892 2818 3930 omnem
2837 3892 3072 3946 operam
3090 3876 3176 3930 vis
3195 3876 3400 3930 animze
3423 3875 3779 3930 ratiocinan-

2126 3964 2524 4036 tisimpeudit.
2543 3964 2731 4019 Unum
2749 3965 3292 4034 quidem,utrerum
3313 3971 3550 4019 naturas
3580 3964 3779 4033 inqui-

2129 4054 2358 4108 sitionis
2391 4057 2549 4107 certa
2564 4052 2784 4107 ratione
2799 4059 3142 4122 cognoscat;
3177 4052 3426 4107 alterum
3453 4069 3606 4118 vero,
3629 4053 3782 4106 utad

370 4159 484 4214 que
516 4143 602 4198 vis
652 4141 882 4210 animae,
912 4140 1188 4196 nascendi
1236 4139 1457 4194 scilicet
1502 4145 1675 4210 atque
1720 4139 2016 4192 nutriendi
2047 4115 2091 4181 (ἶ
2133 4142 2443 4197 scientiam
2473 4142 2636 4212 prius
2669 4141 2864 4195 veniat
2895 4142 3049 4210 quod
3087 4148 3218 4211 post
3249 4142 3508 4211 gravitas
3545 4139 3786 4195 moralis

375 4234 657 4305 probatur
687 4248 814 4288 esse
847 4232 1133 4301 subjecta.
1163 4229 1388 4294 Quibus
1420 4246 1554 4284 vero
1589 4246 1800 4284 sensus
1833 4230 2018 4302 adest,

373 4340 488 4379 non
541 4328 770 4378 tantum
831 4338 928 4376 eas
971 4336 1166 4375 rerum
1222 4319 1460 4390 capiunt
1511 4319 1750 4385 formas,
1803 4320 2021 4389 quibus

374 4412 640 4467 sensibili
692 4427 931 4481 corpore
983 4410 1250 4464 feruntur
1298 4412 1605 4479 praesente,
1639 4409 1740 4463 sed
1783 4407 2024 4462 absente

379 4516 632 4573 quoque,
694 4497 1196 4568 sensibilibusque
1247 4497 1532 4567 supositis
1574 4502 1709 4551 ante
1767 4497 2024 4565 cognita-

380 4606 508 4644 rum
536 4605 710 4644 sensu
741 4588 1059 4641 formarum
1088 4585 1374 4656 imagines
1402 4589 1622 4651 tenent,
1651 4584 2026 4638 memoriam-

381 4695 493 4750 que
551 4676 885 4742 conficiunt,
940 4678 996 4728 et
1047 4677 1218 4744 prout
1268 4673 1543 4743 quodque
1592 4672 1809 4727 animal
1853 4671 2026 4738 valet,

381 4767 617 4837 longius
637 4765 991 4834 breviusque
1013 4762 1288 4817 custodit.
1315 4762 1426 4815 Sed
1459 4779 1556 4815 eas
1582 4761 2029 4831 imaginationes

381 4855 657 4910 confusas
689 4857 863 4923 atque
896 4851 1261 4907 inevidentes
1289 4850 1373 4903 sic
1409 4853 1677 4915 sumunt,
1707 4855 1772 4902 ut
1793 4848 1939 4902 nihil
1963 4865 2031 4903 ex

387 4960 588 5000 earum
623 4941 1037 5011 conjunctione
1079 4955 1145 4994 ac
1180 4939 1605 5009 compositione
1637 4938 1864 4992 efﬁcere
1891 4955 2030 5008 pos-

387 5029 958 5103 sint.Atqueidcirco
994 5028 1331 5083 meminisse
1365 5026 1600 5098 quidem
1636 5031 1904 5096 possunt,
1930 5043 2033 5081 nec

387 5137 549 5192 asque
577 5119 794 5175 omnia.
830 5118 1063 5173 Amissa
1108 5132 1240 5171 vero
1272 5115 1584 5184 oblivione,
1629 5116 1913 5170 memoria
1944 5133 2031 5171 re-

389 5209 663 5279 colligere
687 5224 752 5262 ae
782 5223 1047 5261 revocare
1079 5222 1193 5258 non
1228 5207 1495 5274 possunt.
1536 5203 1733 5257 Futuri
1781 5221 1912 5259 vero
1945 5205 2035 5260 his

391 5297 553 5353 nulla
574 5295 828 5368 cognitio
845 5299 951 5349 est.
988 5294 1098 5348 Sed
1132 5293 1340 5347 animae
1370 5292 1459 5345 vis
1478 5291 1649 5345 tertia
1680 5309 1806 5363 quin
1835 5310 2035 5348 secum

389 5386 612 5458 priores
672 5383 863 5439 alendi
922 5400 987 5436 ac
1049 5382 1336 5437 sentiendi
1394 5381 1546 5436 vires
1581 5382 1780 5450 trahit,
1833 5382 2039 5453 hisque

2129 4236 2414 4297 exerceat,
2440 4230 2654 4299 quibus
2678 4228 3046 4299 inquirendis
3065 4231 3358 4300 permulta
3389 4245 3518 4284 esse
3544 4246 3784 4284 necesse

2131 4324 2238 4384 est,
2277 4336 2401 4389 qua:
2432 4319 2823 4388 vestigantem
2876 4317 3138 4371 animum
3172 4335 3204 4371 a
3251 4319 3392 4372 recti
3426 4319 3630 4373 itinere
3663 4335 3780 4372 non

2133 4407 2443 4462 minimum
2463 4407 2870 4477 progressione
2884 4407 3200 4461 deducant:
3217 4407 3351 4460 utin
3381 4407 3580 4461 multis
3594 4407 3790 4461 evenit

2132 4495 2746 4566 Epicuro,quiatomis
2772 4495 3056 4549 mundum
3083 4501 3352 4550 constare
3386 4502 3571 4567 putat,
3599 4501 3655 4548 et
3678 4495 3784 4549 ho-

2139 4590 2367 4640 nestum
2405 4585 2664 4654 corporis
2697 4583 2998 4654 voluptate
3031 4584 3296 4638 metitur.
3335 4584 3463 4639 Haec
3483 4591 3674 4639 autem
3704 4584 3793 4636 id-

2136 4674 2286 4730 circo
2302 4673 2435 4727 huic
2452 4682 2626 4742 atque
2642 4672 3074 4727 aliisaccidisse
3092 4673 3471 4727 manifestum
3521 4679 3627 4739 est,
3645 4687 3795 4742 quo-

2140 4765 2296 4817 niam
2315 4761 2789 4832 perimperitiam
2810 4762 3154 4833 disputandi
3174 4764 3460 4834 quidquid
3488 4763 3800 4817 ratiocina-

2140 4854 2294 4907 tione
2357 4849 2922 4920 comprehenderant
2972 4851 3091 4905 haae
3125 4853 3182 4905 in
3239 4869 3328 4907 res
3363 4868 3590 4922 quoque
3637 4851 3802 4920 ipsas

2140 4941 2372 4995 evenire
2423 4939 2798 4993 arbitrantur.
2839 4938 2939 4992 Hic
2985 4956 3118 4995 vero
3154 4957 3405 5011 magnus
3466 4944 3555 4995 est
3587 4955 3748 4994 error
3784 4953 3797 4991 ε

2144 5047 2247 5084 nec
2279 5029 2436 5084 enim
2469 5043 2596 5082 sese
2620 5044 2711 5082 res
2746 5033 2808 5081 ut
2836 5028 2894 5082 in
2929 5029 3215 5096 numeris,
3243 5030 3322 5083 ita
3343 5030 3602 5084 etiamin
3629 5028 3807 5083 ratio«

2143 5117 2542 5173 cinationibus
2578 5117 2771 5172 habet.
2810 5120 2870 5172 In
2920 5119 3185 5172 numeris
3217 5119 3372 5173 enim
3420 5117 3707 5190 quidquid
3743 5115 3806 5170 in

2143 5206 2514 5277 digitisreete
2546 5205 3172 5276 computantisevenit,
3208 5208 3262 5261 id
3281 5208 3406 5262 sine
3431 5207 3609 5261 dubio
3633 5206 3691 5259 in
3709 5222 3804 5259 res

2145 5312 2380 5369 quoque
2413 5295 2574 5366 ipsas
2601 5310 2838 5350 necesse
2871 5300 2959 5350 est
2991 5298 3220 5351 evenire
3248 5314 3259 5351 :
3298 5304 3361 5352 ut
3393 5297 3436 5350 si
3471 5315 3539 5352 ex
3570 5294 3805 5352 calculo

2149 5389 2382 5440 centum
2415 5400 2544 5438 esse
2575 5385 2903 5454 contigerit,
2931 5391 3166 5440 centum
3194 5404 3427 5457 quoque
3462 5404 3552 5440 res
3586 5387 3667 5439 illi
3693 5402 3808 5438 nu-

389 5474 547 5530 velut
601 5473 836 5527 famulis
893 5477 1068 5541 atque
1109 5470 1521 5526 obedientibus
1573 5470 1774 5538 utitur,
1835 5472 2038 5528 eadem
2071 5477 2116 5540 D
2150 5490 2309 5529 mero
2344 5474 2641 5542 subjectas
2691 5491 2819 5528 esse
2877 5492 3117 5529 necesse
3177 5482 3302 5531 est:
3340 5477 3447 5531 hoc
3497 5493 3629 5530 vero
3689 5491 3808 5528 non

400 5570 522 5624 tota
551 5563 611 5618 in
643 5561 868 5617 ratione
912 5561 1234 5616 constituta
1263 5563 1371 5627 est,
1401 5575 1584 5630 eaque
1616 5559 1703 5613 vel
1757 5560 1816 5613 in
1851 5577 2047 5617 rerum

2159 5580 2323 5636 aeque
2355 5563 2414 5617 in
2463 5565 2860 5635 disputatione
2893 5572 3122 5635 servat;
3178 5585 3281 5623 nec
3314 5569 3468 5624 enim
3524 5566 3817 5638 quidquid
