4108 6186
326 289 397 343 87
1610 288 1730 341 AN.
1770 288 1995 342 MANL.

2108 288 2193 340 IV.
2232 288 2466 342 ΒΟΕἸἮ
3592 282 3599 289 Χ
3664 290 3737 345 88

327 415 551 486 species
574 413 729 469 intra
759 412 1058 484 sepositas
1081 411 1278 476 habet,
1311 414 1367 466 et
1392 427 1593 465 earum
1616 411 1976 467 diﬁ‘erentias
2006 415 2059 479 Α
2090 412 2291 467 dicens
2312 430 2330 468 :
2362 413 2556 469 Genus
2577 414 2791 470 dicitur
2838 416 3169 488 aliquorum
3202 417 3643 488 quodammodo
3674 435 3737 473 se

326 504 699 576 propriaque,
727 501 1117 556 nihilominus
1140 499 1315 554 etiam
1350 499 1873 570 accidentia,atque
1898 500 1979 554 ita

325 596 395 649 de
418 609 627 665 genere
647 591 1043 646 inchoandum
1069 589 1180 643 fuit
1210 590 1364 658 quod
1388 594 1598 643 caetera
1618 593 1834 643 natura;
1859 606 1977 643 suae

325 682 735 754 magnitudine
753 682 982 734 coercet
1011 682 1067 733 et
1087 679 1371 733 continet.
1395 678 1677 733 Praeterea
1695 676 1797 732 illa
1818 694 1977 733 sem-

328 789 430 843 per
462 770 697 842 propria
729 767 993 838 putanda
1026 772 1188 835 sunt,
1214 783 1339 838 quae
1372 767 1422 821 si
1455 766 1682 821 auferat
1714 767 1849 838 quis
1870 783 1978 822 cae-

328 866 454 915 tera
485 858 875 930 perimuntur,
907 855 1010 910 illa
1040 856 1361 926 posteriora
1406 855 1621 925 quibus
1652 855 1861 926 positis
1912 872 1981 911 ea

334 967 461 1020 qum
484 953 824 1003 caaterorum
848 946 1240 1000 substantiam
1265 943 1575 1014 perﬁciunt
1608 960 1979 1015 consequun-

332 1044 447 1106 tur,
484 1041 548 1090 ut
575 1038 633 1089 in
658 1050 864 1106 genere
887 1039 943 1089 et
965 1034 1209 1089 caeteris.
1231 1034 1378 1088 Nam
1410 1034 1459 1088 si
1484 1033 1701 1088 animal
1725 1034 1975 1100 auferas,

336 1128 490 1197 quod
522 1130 610 1180 est
630 1124 889 1179 hominis
909 1140 1114 1195 genus,
1143 1123 1318 1177 homo
1350 1138 1583 1195 quoque
1602 1124 1703 1193 qui
1735 1127 1822 1178 est
1850 1139 1982 1194 spe-

336 1216 474 1281 cies,
508 1219 565 1269 et
595 1212 879 1268 rationale
910 1212 1060 1282 quod
1093 1212 1443 1281 diﬁ'erentia,
1475 1216 1531 1266 et
1561 1211 1781 1267 risibile
1826 1213 1978 1283 quod

335 1305 660 1377 proprium,
695 1308 751 1358 et
779 1301 1236 1373 grammaticum
1267 1301 1424 1372 quod
1455 1301 1727 1356 accidens
1749 1305 1980 1366 est,non

336 1394 621 1458 manebit,
646 1406 702 1447 et
725 1392 1143 1461 interemptum
1168 1406 1356 1461 genus
1378 1390 1981 1446 cunctaconsumit.Si

332 1499 468 1537 vero
490 1481 787 1536 hominem
811 1496 939 1535 esse
956 1480 1285 1535 constituas
1302 1479 1389 1534 vel
1411 1478 1981 1550 grammaticum,vel

335 1567 734 1632 rationale,vel
750 1567 1219 1637 risibile,animal
1234 1584 1465 1639 quoque
1478 1584 1606 1623 esse
1620 1584 1858 1623 necesse
1870 1575 1978 1624 est.

336 1660 467 1714 Sive
489 1658 645 1712 enim
669 1662 757 1711 est
788 1657 990 1726 homo,
1016 1656 1232 1712 animal
1251 1660 1341 1711 est
1370 1674 1382 1711 :
1409 1655 1528 1712 sive
1550 1656 1981 1725 rationale,sive

337 1746 581 1811 risibile,
611 1746 733 1801 sive
754 1746 1232 1817 grammaticum,
1255 1746 1327 1800 ab
1349 1745 1620 1801 animalis
1649 1745 1981 1802 substantia

342 1853 457 1891 non
489 1835 726 1891 recedit.
759 1834 1002 1890 Sublato
1036 1851 1173 1906 ergo
1205 1851 1415 1906 genere
1445 1840 1502 1890 et
1536 1842 1743 1890 caetera
1773 1851 1985 1890 consu-

342 1929 605 1988 muntur,
639 1925 845 1996 positis
878 1941 1008 1979 vero
1041 1924 1265 1979 caeteris
1288 1924 1556 1994 sequitur
1576 1939 1761 1995 genus
1789 1940 1802 1978 :
1831 1926 1988 1995 prior

341 2019 430 2069 est
447 2014 629 2085 igitur
644 2018 853 2068 natura
875 2013 1128 2084 generis,
1148 2013 1435 2084 posterior
1456 2018 1818 2069 caaterorum.
1847 2013 1988 2068 Jure

343 2102 526 2173 igitur
553 2103 612 2157 in
640 2104 1040 2174 disputatione
1073 2102 1451 2174 praepositum
1511 2110 1597 2157 est
1645 2118 1853 2174 genus,
1887 2102 1987 2156 sed

345 2192 624 2262 quoniam
658 2192 889 2263 generis
924 2207 1135 2248 nomen
1175 2191 1363 2246 multa
1394 2191 1711 2263 signiﬁcat,
1762 2192 1871 2248 hoc
1902 2198 1991 2247 est

344 2281 498 2336 enim
525 2281 679 2351 quod
714 2281 797 2336 ait
824 2298 837 2335 :

947 2430 1041 2485 DE
1081 2429 1384 2486 GENERE.

426 2568 649 2624 Videtur
672 2574 858 2623 autem
886 2583 1057 2638 neque
1085 2584 1257 2636 genus
1286 2583 1456 2639 neque
1482 2569 1683 2640 species
1713 2568 1993 2641 simplici-

348 2663 432 2714 ter
459 2660 597 2714 dici.

424 2749 527 2803 Ubi
560 2748 715 2802 enim
750 2764 864 2802 non
899 2752 989 2802 est
1017 2746 1269 2818 simplex
1294 2746 1493 2814 dictio,
1525 2746 1646 2804 illic
1691 2746 1994 2819 multiplex

351 2835 702 2908 signiﬁcatio
725 2840 847 2901 est;
869 2835 1033 2905 prius
1055 2836 1235 2906 hujus
1262 2837 1515 2891 nominis
1539 2836 1996 2908 significationes

352 2925 632 2980 discernit
654 2941 720 2979 ac
743 2928 997 2994 separat,
1018 2925 1165 2978 utde
1188 2941 1304 2995 qua
1316 2925 1744 2996 signiﬁcatione
1766 2926 1996 2997 generis

349 3018 711 3069 tractaturus
730 3016 818 3067 est
840 3013 950 3067 sub
978 3011 1163 3067 oculis
1183 3018 1384 3084 ponat.
1401 3014 1511 3069 Sed
1536 3030 1670 3068 cum
1685 3031 1876 3086 neque
1897 3031 1993 3086 ge-

352 3121 490 3171 nus,
520 3119 711 3173 neque
728 3102 954 3172 species
974 3119 1163 3174 neque
1185 3103 1646 3171 differentiamec
1669 3104 1993 3176 proprium,

351 3208 458 3247 nec
479 3192 751 3246 accidens
773 3190 1203 3261 signiﬁcatione
1225 3191 1515 3262 simplicia
1528 3193 1665 3260 sint,
1686 3211 1789 3248 cur
1810 3195 1881 3249 de
1903 3193 1995 3248 his

349 3284 584 3336 tantum
609 3278 863 3343 duobus,
886 3294 1117 3348 genere,
1136 3281 1476 3349 inquam,ac
1495 3281 1858 3351 specie,dixit
1880 3299 1994 3337 non

352 3367 705 3438 simpliciter
735 3366 870 3435 dici,
904 3382 1038 3421 cum
1066 3368 1391 3437 proprium,
1427 3369 1774 3437 diﬁ‘erentia,
1823 3375 1999 3441 atque

356 3457 626 3512 accidens
643 3456 771 3527 ipsa
794 3470 1023 3526 quoque
1046 3455 1163 3510 sint
1176 3455 1603 3527 signiﬁcatione
1618 3458 2000 3530 multiplicia?

356 3547 679 3603 Dicendum
712 3550 803 3601 est
832 3543 1112 3616 quoniam
1145 3543 1567 3613 longitudinem
1624 3546 1816 3603 vitans
1869 3552 2003 3603 tan-

355 3642 483 3691 tum
516 3634 770 3707 speciem
817 3632 1142 3688 nominavit
1199 3649 1449 3704 eamque
1505 3634 1722 3690 idcirco
1781 3652 1853 3691 ne
1910 3654 2003 3692 so-

356 3726 481 3781 lum
501 3740 685 3795 genus
709 3738 837 3778 esse
855 3720 1307 3793 signiﬁcationis
1324 3722 1665 3795 multiplicis
1679 3728 2004 3794 putaretur.

359 3816 684 3870 Enumerat
712 3816 907 3866 autem
940 3811 1195 3882 primam
1227 3811 1458 3882 generis
1516 3813 2005 3885 signiﬁcationem

363 3902 475 3958 hoc
506 3901 715 3956 modo:

440 3991 616 4046 Genus
645 3988 794 4044 enim
824 3988 1029 4044 dicitur
1057 3994 1109 4043 et
1148 3990 1462 4060 aliquorum
1514 3992 1907 4062 quodammodo
1956 4011 2011 4050 se

368 4080 689 4135 habentium
719 4080 791 4133 ad
821 4094 997 4133 unum
1019 4078 1243 4149 aliquod
1262 4088 1311 4134 et
1329 4080 1399 4133 ad
1418 4096 1473 4135 se
1491 4084 1725 4136 invicem
1740 4083 2011 4154 collectio,

366 4168 662 4226 secundum
693 4184 859 4238 quam
887 4168 1361 4238 signiﬁcationem
1390 4169 1756 4224 Romanorum
1810 4171 2014 4226 dicitur

364 4275 534 4330 genus
564 4258 635 4311 ab
668 4258 831 4311 unius
854 4258 1062 4311 scilicet
1084 4256 1426 4324 habitudine,
1448 4257 1566 4312 dico
1589 4268 1775 4313 autem
1794 4260 2014 4315 Romuli

366 4353 419 4402 et
444 4345 819 4400 multitudinis
839 4344 1165 4399 habentium
1197 4345 1383 4415 aliquo
1404 4346 1563 4402 modo
1593 4348 1671 4402 ad
1698 4364 1758 4402 se
1782 4349 2016 4404 invicem

368 4452 485 4491 eam
518 4450 643 4507 quae
673 4435 740 4489 ab
774 4434 871 4488 illo
905 4438 985 4487 est
1013 4434 1418 4504 cognationem,
1450 4436 1747 4491 secundum
1786 4437 2016 4494 divisio-

367 4543 497 4581 nem
527 4525 593 4579 ab
620 4524 749 4578 aliis
768 4522 1059 4594 generibus
1088 4522 1313 4579 dictum.

441 4612 808 4685 Una,inquit,
832 4613 1066 4683 generis
1090 4611 1443 4682 significatio
1466 4618 1708 4686 est,qute
1730 4616 1790 4671 in
1816 4617 2014 4672 multi-

370 4705 636 4759 tudinem
650 4702 809 4758 venit
826 4719 858 4755 a
875 4700 1135 4772 quolibet
1156 4718 1274 4756 uno
1298 4702 1649 4774 principium
1674 4706 2014 4775 trahens,ad

372 4795 529 4866 quod
563 4792 786 4848 scilicet
816 4790 899 4845 ita
929 4790 1029 4845 illa
1047 4790 1364 4846 multitudo
1392 4792 1703 4863 conjuncta
1727 4799 1835 4863 est,
1856 4800 1920 4850 ut
1942 4797 2014 4851 ad

373 4900 435 4939 se
462 4882 712 4937 invicem
744 4897 846 4951 per
866 4879 1133 4950 ejusdem
1156 4880 1335 4935 unius
1358 4882 1713 4952 principium
1745 4884 2017 4955 copulata

375 4972 488 5027 sit:
524 4975 589 5026 ut
621 4986 751 5026 cum
785 4968 1184 5024 Romanorum
1216 4986 1401 5040 genus
1433 4971 1667 5040 dicitur,
1699 4972 2015 5031 multitudo

376 5062 773 5115 Romanorum
807 5058 879 5113 ab
902 5073 1019 5113 uno
1051 5057 1294 5113 Romulo
1316 5058 1661 5114 vocabulum
1693 5062 2018 5131 trahens,et

376 5150 491 5221 ipsi
520 5148 788 5217 Romulo,
807 5152 864 5203 et
884 5148 953 5202 ad
970 5146 1291 5203 seinvicem
1308 5148 1473 5216 quasi
1490 5149 1743 5220 quadam
1758 5152 2018 5209 nominis

376 5236 714 5293 haereditate
746 5238 1056 5307 conjuncta
1076 5240 1183 5291 est.
1220 5235 1431 5290 Eadem
1465 5236 1621 5291 enim
1655 5254 1782 5309 quae
1823 5256 1856 5294 a
1905 5239 2014 5296 Ro-

376 5326 536 5381 mulo
566 5327 812 5381 societas
844 5324 1147 5381 descendit
1178 5324 1467 5379 Romanos
1498 5325 1654 5381 inter
1691 5343 1753 5383 se
1812 5345 2015 5385 omnes

376 5433 494 5471 uno
526 5414 755 5485 generis
788 5414 1022 5469 nomine
1049 5412 1303 5468 devincit
1356 5418 1413 5468 et
1471 5413 1711 5485 colligit.
1772 5417 2016 5473 Videtur

376 5510 573 5561 autem
596 5504 853 5560 secuisse
875 5503 1025 5559 hanc
1038 5502 1268 5574 generis
1286 5501 1771 5574 signiﬁcationem
1790 5504 1849 5561 in
1867 5507 2016 5564 duas

374 5600 591 5667 partes,
622 5611 756 5649 cum
779 5592 1170 5666 cepulativam
1192 5591 1667 5661 conjunctionem
1698 5594 2016 5653 admiscuit

2084 500 2427 557 habentium
2461 504 2533 557 ad
2570 521 2750 558 unum
2778 504 3012 577 aliquod
3039 509 3095 560 et
3115 506 3184 560 ad
3207 523 3268 560 se
3290 505 3541 561 invicem
3568 504 3736 561 colle-

2086 590 2221 656 ctio,
2238 596 2522 664 tanquam
2553 593 2765 647 etillud
2786 610 2973 664 genus
2992 595 3223 649 dicatur
3238 596 3307 649 ad
3335 612 3518 649 unum
3536 595 3733 667 aliquo

2087 680 2258 735 modo
2292 697 2353 735 se
2388 681 2621 751 habere,
2644 686 2701 737 et
2731 682 2840 737 hoc
2863 700 3071 738 rursus
3099 700 3285 755 genus
3318 685 3549 739 dicatur
3577 685 3733 754 quod

2087 770 2157 823 ad
2182 785 2243 824 se
2266 768 2511 825 invicem
2536 771 2712 826 unius
2734 772 2962 843 generis
2988 773 3408 842 signiﬁcatione
3435 774 3735 843 conjuncti

2087 859 2225 913 sint.
2252 858 2369 914 Hoc
2392 875 2523 914 vero
2555 861 2796 916 minime
2827 866 2917 916 est
2944 879 2957 917 :
2992 862 3195 916 eadem
3230 862 3384 917 enim
3409 880 3443 918 a
3475 862 3739 933 quolibet

2088 963 2204 1001 uno
2227 953 2542 1019 propagata
2564 949 2833 1018 societas,
2859 954 2917 1005 et
2934 950 3005 1005 ad
3030 949 3196 1004 illum
3219 951 3318 1022 qui
3354 952 3625 1023 princeps
3647 956 3736 1006 est

2087 1036 2338 1106 generis,
2370 1042 2550 1092 totam
2588 1037 3029 1093 multitudinem
3063 1040 3258 1107 refert,
3285 1040 3549 1111 etipsam
3588 1041 3739 1095 inter

2089 1141 2149 1180 se
2164 1125 2602 1181 multitudinem
2617 1144 2731 1182 uno
2744 1128 2972 1199 generis
2987 1129 3210 1183 nomine
3229 1130 3589 1184 connectitet
3605 1146 3739 1185 con-

2087 1214 2253 1270 tinet.
2276 1215 2555 1278 Quocirca
2577 1232 2691 1270 non
2715 1218 3119 1288 estputandus
3138 1218 3484 1273 divisionem
3504 1219 3737 1287 fecisse,

2089 1303 2188 1357 sed
2222 1320 2394 1358 omne
2422 1304 2709 1375 quidquid
2736 1306 2793 1359 in
2816 1305 2924 1360 hac
2945 1307 3174 1379 generis
3193 1306 3621 1379 signiﬁcatione
3644 1308 3738 1361 in-

2086 1391 2468 1463 telligendum
2486 1393 3102 1465 fuit,aperuisse.0rdo
3118 1400 3311 1449 autem
3332 1388 3638 1451 verborum
3658 1396 3739 1451 ita

2089 1496 2217 1535 sese
2249 1479 2425 1535 habet
2455 1481 2555 1549 qui
2587 1487 2677 1536 est
2706 1481 3065 1554 hyperbaton
3090 1482 3737 1555 intelligenduszgenus

2089 1569 2244 1623 enim
2260 1568 2568 1635 dicitur,et
2590 1569 2923 1641 aliquorum
2940 1571 3011 1626 ad
3030 1587 3208 1626 unum
3239 1588 3301 1627 se
3334 1571 3530 1643 aliquo
3567 1574 3739 1628 modo

2090 1656 2430 1713 habentium
2445 1657 2729 1726 collectio,
2761 1663 2818 1714 et
2846 1660 2916 1713 ad
2944 1676 3007 1715 se
3028 1659 3275 1715 invicem
3312 1661 3510 1731 aliquo
3562 1662 3737 1716 modo

2014 1780 2061 1845 B
2092 1747 2456 1817 habentium,
2488 1765 2692 1803 rursus
2724 1748 2987 1804 collectio
3030 1750 3440 1805 subaudienda
3466 1754 3555 1805 est
3583 1767 3596 1804 :
3652 1755 3741 1805 est

2094 1837 2251 1891 enim
2284 1841 2340 1891 et
2364 1853 2606 1905 zeugma
2636 1839 2806 1908 cujus
2837 1838 3291 1909 signiﬁcationis
3308 1839 3520 1908 adjecit
3549 1854 3741 1894 exem-

2096 1925 2281 1997 plum,
2306 1926 2623 1981 secundum
2641 1944 2816 1997 quam
2834 1927 3328 1998 signiﬁcationem
3348 1928 3742 1983 Romanorum

2097 2015 2314 2070 dicitur
2343 2016 2630 2086 genus,ab
2656 2016 2834 2071 unius
2851 2016 3076 2072 scilicet
3095 2017 3611 2072 habitudine.Dioo
3642 2034 3738 2072 au-

2096 2110 2209 2161 tem
2229 2105 2457 2161 Romuli
2470 2107 2932 2163 etmultitudinis
2949 2126 3154 2163 rursus
3168 2109 3515 2164 habitudine
3532 2109 3718 2164 haben
3731 2136 3749 2151 -

2098 2196 2249 2251 tium
2268 2195 2464 2267 aliquo
2482 2199 2653 2252 modo
2669 2198 2739 2252 ad
2768 2197 3014 2252 invicem
3034 2199 3466 2268 cognationem,
3481 2214 3608 2253 eam
3625 2197 3737 2252 sci-

2099 2284 2237 2340 licet
2267 2301 2394 2356 quae
2428 2286 2498 2339 ab
2530 2284 2629 2340 illo
2663 2286 2833 2351 est,id
2858 2294 2946 2341 est
2966 2286 3571 2355 Romulo,secundum
3595 2287 3746 2342 divi—

2100 2373 2326 2429 sionem
2342 2374 2413 2429 ab
2440 2373 2571 2428 aliis
2590 2374 2906 2444 generibus
2921 2375 3397 2445 dictum,sci1icet
3419 2375 3744 2430 multitudi-

2100 2463 2231 2532 nis;
2264 2463 2384 2518 hzec
2413 2464 2566 2517 enim
2598 2463 2918 2519 multitudo
2950 2463 3147 2536 aliquo
3179 2466 3350 2521 modo
3382 2467 3452 2521 ad
3476 2482 3658 2521 unum
3690 2470 3747 2521 et

2104 2554 2173 2608 ad
2207 2571 2265 2610 se
2295 2554 2543 2609 invicem
2566 2554 2789 2609 habens
2816 2556 3223 2626 cognationem
3250 2571 3436 2627 genus
3454 2556 3607 2610 dicta
3634 2562 3742 2623 est,

2104 2648 2169 2698 ut
2198 2644 2269 2699 ab
2300 2643 2429 2699 aliis
2456 2644 2904 2713 discerneretur,
2938 2651 3003 2699 ut
3030 2644 3425 2699 Romanorum
3458 2661 3646 2715 genus
3671 2645 3743 2698 ab

2104 2732 2549 2788 Atheniensium
2567 2749 2779 2803 genere
2798 2737 3271 2805 ,caaterorumque
3284 2737 3749 2804 separaretur,ut

2106 2821 2183 2875 sit
2212 2820 2440 2892 integer
2468 2822 2777 2876 verborum
2800 2822 2939 2877 ordo
2977 2839 2990 2877 :
3023 2838 3209 2891 genus
3227 2822 3383 2876 enim
3415 2821 3630 2877 dicitur
3686 2826 3747 2876 et

2106 2908 2368 2965 collectio
2382 2908 2708 2980 aliquorum
2726 2910 2795 2964 ad
2814 2927 2996 2964 unum
3011 2927 3072 2965 se
3087 2911 3517 2981 quodammodo
3531 2909 3751 2965 haben-

2108 2998 2342 3064 tium,et
2357 2997 2618 3053 collectio
2642 2999 2712 3053 ad
2737 3016 2798 3054 se
2818 2998 3088 3063 invicem,
3122 3001 3447 3055 secundum
3465 3016 3641 3071 quam
3667 2999 3747 3054 si-

2107 3086 2541 3159 gnificationem
2581 3091 2979 3143 Romanorum
3013 3088 3227 3143 dicitur
3256 3105 3441 3160 genus
3472 3089 3542 3143 ab
3576 3089 3752 3144 unius

2108 3176 2333 3231 scilicet
2350 3175 2733 3230 habitudine:
2764 3177 2893 3231 dico
2921 3181 3111 3231 autem
3141 3176 3373 3231 Romuli
3396 3182 3453 3232 et
3483 3176 3751 3231 multitu-

2103 3263 2257 3319 dinis
2276 3265 2598 3319 secundum
2615 3263 2958 3320 divisionem
2973 3265 3044 3319 ab
3057 3265 3513 3336 aliisgeneribus
3527 3266 3747 3321 dictum

2103 3351 2642 3407 scilicethominum
2659 3352 3001 3408 habentium
3020 3353 3217 3425 aliquo
3234 3355 3404 3410 modo
3420 3356 3488 3410 ad
3506 3354 3748 3409 invicem

2103 3457 2231 3496 eam
2256 3457 2380 3510 quae
2403 3445 2491 3496 est
2521 3442 2591 3495 ab
2624 3440 2744 3509 illo,
2778 3441 2835 3495 id
2867 3445 2957 3496 est
3002 3442 3270 3511 Romulo,
3321 3443 3744 3515 cognationem.

2105 3532 2290 3599 Atque
2310 3528 2429 3583 hinc
2443 3529 2912 3597 hactenus;nunc
2931 3532 3001 3586 de
3023 3532 3273 3587 secunda
3304 3533 3534 3603 generis
3563 3532 3750 3604 signi-

2108 3618 2377 3673 ﬁcatione
2406 3618 2717 3673 dicendum
2751 3624 2860 3674 est.

2184 3724 2398 3780 Dicitur
2427 3729 2609 3781 autem
2639 3730 2691 3781 et
2718 3727 2886 3781 aliter
2914 3744 3108 3783 rursus
3137 3745 3308 3798 genus
3331 3729 3475 3785 illud
3494 3730 3637 3801 quod
3691 3737 3768 3785 est

2112 3814 2546 3886 uniuscujusque
2566 3816 2938 3886 generationis
2976 3820 3344 3889 principium,
3377 3820 3459 3874 vel
3487 3820 3555 3875 ab
3580 3835 3639 3875 eo
3671 3822 3771 3892 qui

2111 3906 2411 3976 genuit,vel
2438 3905 2505 3959 ab
2527 3921 2591 3959 eo
2615 3906 2751 3971 loco,
2783 3907 2841 3960 in
2862 3923 2967 3978 quo
2984 3906 3109 3977 quis
3128 3909 3344 3978 genitus
3361 3913 3460 3963 est.
3492 3908 3584 3964 Sic
3613 3911 3764 3963 enim

2116 3993 2355 4049 Orestem
2375 3993 2593 4064 quidem
2615 3994 2853 4049 dicimus
2870 4012 2903 4049 a
2952 3996 3172 4050 Tantalo
3192 4012 3359 4066 genus
3380 3997 3601 4065 habere,
3638 4002 3725 4068 Hy
3739 4026 3760 4039 -

2117 4084 2234 4137 lum
2265 4086 2447 4136 autem
2478 4084 2548 4137 ab
2581 4084 2902 4139 IIercule.Et
2930 4101 3125 4139 rursus
3180 4086 3490 4141 Pindarum
3543 4087 3767 4158 quidem

2118 4172 2429 4226 Thebanum
2459 4188 2571 4227 esse
2599 4189 2815 4241 genere,
2846 4174 3134 4229 Platonem
3164 4190 3288 4231 vero
3332 4174 3723 4231 Atheniensem
3750 4192 3763 4230 :

2116 4262 2317 4316 etenim
2338 4264 2522 4331 patria
2541 4261 2885 4332 principium
2906 4267 2984 4317 est
3005 4264 3439 4335 uniuscujusque
3458 4268 3771 4334 generatio—

2117 4349 2689 4420 nis,quemadmodum
2723 4353 2771 4405 et
2787 4354 2987 4421 pater:
3023 4351 3140 4409 haec
3159 4362 3344 4407 autem
3386 4354 3601 4409 videtur
3659 4370 3771 4409 esse

2120 4440 2534 4510 promptissima
2551 4438 2675 4506 sign
2686 4438 2895 4508 iﬁeatio
2916 4440 3135 4509 generis
3156 4441 3388 4497 Romani
3407 4442 3557 4497 enim
3577 4443 3771 4498 dicun-

2040 4514 2088 4579 D
2122 4532 2214 4583 tur
2243 4530 2340 4599 qui
2370 4544 2440 4583 ex
2467 4544 2665 4597 genere
2696 4529 3025 4584 descendunt
3084 4531 3323 4599 Romuli,
3354 4541 3406 4587 et
3435 4532 3767 4603 Cecropidae,

2124 4620 2220 4689 qui
2249 4634 2321 4673 ex
2335 4633 2529 4687 genere
2556 4617 2889 4672 descendunt
2920 4618 3245 4691 Cecropis,el
3278 4636 3468 4676 eorum
3498 4624 3767 4692 proximi.

2195 4707 2452 4771 Quatuor
2481 4707 2720 4762 omnino
2751 4712 2891 4761 sunt
2912 4708 3218 4780 principia,
3245 4727 3369 4780 quae
3393 4712 3769 4784 unumquod-

2125 4814 2238 4867 que
2270 4794 2667 4868 principaliter
2691 4795 2955 4851 efﬁciunt
2978 4801 3088 4852 :est
3117 4798 3273 4853 enim
3301 4815 3418 4854 una
3438 4815 3770 4870 causa,quae

2125 4884 2382 4940 elfectiva
2402 4883 2801 4951 dicitur,velut
2826 4890 2986 4956 pater
3014 4886 3114 4940 ﬁlii
3145 4904 3158 4953 ;
3183 4892 3272 4942 est
3293 4887 3404 4943 alia
3425 4906 3552 4960 quae
3584 4895 3771 4945 mate-

2126 4972 2473 5040 rialis,velut
2502 4973 2727 5044 lapides
2759 4975 2991 5043 domus;
3011 4976 3183 5030 tertia
3211 4980 3301 5031 est
3350 4976 3556 5047 forma,
3611 4978 3772 5034 velut

2125 5063 2382 5118 hominis
2413 5062 3076 5133 rationabilitas;quarta
3104 5065 3487 5136 quamobrem
3522 5067 3770 5138 geritur,

2124 5152 2285 5207 velut
2314 5168 2521 5223 pugna:
2540 5152 2802 5207 victoria.
2840 5154 2971 5207 Duae
3004 5170 3139 5208 vero
3171 5160 3312 5210 sunt
3334 5172 3459 5225 quae
3484 5172 3587 5227 per
3618 5158 3775 5211 acci-

2126 5242 2271 5296 dens
2302 5240 2766 5312 uniuscujusque
2799 5242 3079 5296 dicuntur
3107 5259 3235 5298 esse
3268 5243 3578 5315 principia,
3604 5245 3773 5300 locus

2125 5330 2349 5385 scilicet
2378 5346 2443 5385 ac
2468 5330 3014 5401 tempus.Quoniam
3031 5332 3186 5386 enim
3202 5348 3373 5386 omne
3404 5334 3555 5403 quod
3583 5334 3775 5389 nasci-

2127 5426 2220 5475 tur
2249 5425 2305 5475 et
2336 5420 2400 5473 ﬁt
2430 5421 2488 5474 in
2517 5419 2641 5475 loco
2673 5436 2737 5476 ac
2771 5428 3027 5491 tempore
3047 5426 3156 5487 est,
3184 5426 3242 5476 et
3297 5422 3581 5493 quidquid
3642 5423 3770 5481 loco

2123 5510 2211 5565 vel
2245 5515 2506 5580 tempore
2536 5515 2738 5564 natum
2764 5510 3059 5565 factumve
3089 5510 3429 5576 fuerit,eum
3462 5511 3655 5567 locum
3680 5514 3773 5569 vel

2124 5599 2182 5655 id
2205 5602 2439 5669 tempus
2459 5598 2897 5657 accidentaliter
2917 5599 3132 5655 dicitur
3150 5598 3364 5655 habere
3385 5600 3768 5672 principium.
