4108 6186
400 354 472 407 9⁵
1671 356 1790 409 AN.
1831 350 2054 407 MANL.
2093 347 2253 403 sev.
2291 340 2531 396 somn
3729 331 3800 385 96

396 480 689 551 proprium
707 480 771 537 de
792 498 905 536 una
924 484 1040 537 sola
1057 482 1253 551 specie,
1282 481 1436 551 cujus
1454 489 1531 537 est
1556 482 1864 551 praprium,
1892 491 2043 549 ρνέε-
2076 474 2132 539 Α
2164 473 2373 525 rantur
2401 463 2803 520 differentibus
2833 479 2847 517 :
2877 477 3011 551 cum
3034 460 3193 515 enim
3225 458 3481 514 dicimus
3512 457 3603 551 hic
3630 458 3794 551 Plato

399 569 637 636 dicatur,
663 575 711 625 et
742 570 806 625 de
834 571 905 625 iis
935 585 1059 641 quae
1083 572 1182 624 sub
1214 587 1328 624 una
1356 571 1529 641 specie
1558 576 1688 626 sunt
1720 569 2049 636 individuis,

396 658 855 729 quemadmodum
884 659 1101 713 risibile
1125 659 1190 713 de
1217 658 1445 714 homine
1478 661 1671 729 solo,et
1701 662 1769 715 de
1796 661 2049 731 particu-

401 747 615 803 laribus
647 747 1002 803 hominibus:
1034 764 1201 815 genus
1235 753 1419 803 autem
1453 766 1561 805 non
1612 750 1684 805 de
1716 767 1827 805 una
1868 750 2047 805 solum

397 839 573 909 specie
593 837 946 907 praedicatur,
978 837 1070 892 sed
1098 836 1163 892 d3
1191 836 1457 908 pluribus
1487 843 1539 894 et
1568 839 1971 910 diﬂerentibus.
2006 838 2047 892 A

399 926 706 997 diﬂerentia
738 941 868 981 vero
891 926 957 979 ab
981 927 1051 980 iis
1071 943 1189 997 quae
1210 930 1574 983 communiter
1593 936 1719 983 sunt
1742 928 2046 983 accidentia

399 1016 581 1086 diﬂert
609 1015 1072 1087 genus,quoniam
1091 1018 1195 1071 etsi
1216 1017 1290 1071 de
1310 1018 1570 1089 pluribus
1591 1021 1637 1073 et
1656 1018 2047 1089 diﬁerentibus

395 1104 572 1171 specie
594 1104 967 1174 praedicentur
987 1106 1387 1176 diﬂerentiae,et
1408 1116 1773 1176 communiter
1794 1109 2048 1163 acciden-

395 1195 496 1260 tia,
523 1209 633 1247 nou
665 1198 848 1249 tamen
880 1195 937 1248 in
980 1210 1040 1249 eo
1071 1194 1211 1265 quod
1239 1195 1370 1266 quid
1399 1198 1473 1250 sit
1500 1196 1907 1266 praedicantur,
1942 1197 2046 1252 sed

393 1284 574 1352 potius
596 1284 651 1336 in
686 1298 745 1337 eo
777 1282 917 1354 quod
953 1283 1115 1353 quale
1144 1292 1240 1352 est,
1272 1292 1323 1339 et
1351 1285 1617 1357 quomodo
1648 1301 1702 1339 se
1729 1285 1908 1340 habet.
1945 1287 2040 1340 ln-

393 1371 801 1442 terragantibus
822 1373 967 1425 enim
988 1372 1265 1442 aliquibus
1283 1373 1413 1444 quid
1428 1378 1505 1428 est
1530 1372 1678 1428 illud
1694 1373 1877 1444 dequo
1894 1389 2042 1444 prw-

394 1461 652 1515 dicantur
681 1460 994 1531 haec,genus
1024 1462 1843 1533 respondebimus,diﬁerentias
1862 1466 2044 1517 autem

392 1559 445 1604 et
469 1550 835 1604 communiter
862 1558 912 1605 et
940 1550 1250 1605 accidentia
1276 1567 1383 1606 non
1414 1551 1889 1622 respondebimus.
1924 1554 2041 1608 Non

390 1641 542 1693 enim
573 1641 632 1693 in
658 1654 717 1692 eo
744 1639 885 1709 quod
914 1638 1043 1709 quid
1073 1646 1155 1695 est
1177 1640 1552 1711 praedicantur
1583 1641 1647 1695 de
1674 1642 2042 1708 subiecto,se(l

391 1730 575 1799 magis
598 1727 655 1781 in
677 1744 735 1783 eo
761 1729 900 1799 quod
917 1730 1665 1800 qualesit.Interrogantibus
1686 1733 1835 1786 enim
1852 1731 2041 1802 qualis

390 1820 465 1871 est
496 1816 672 1881 homo,
700 1818 937 1872 dicimus
976 1819 1291 1886 rationalis,
1325 1824 1373 1875 et
1404 1822 1585 1891 qualis
1608 1826 1660 1875 et
1691 1836 1906 1890 corvus,
1949 1821 2032 1876 di-
2068 1846 2115 1911 Β

389 1908 562 1961 cimus
591 1923 768 1975 niger.
803 1909 897 1962 Est
926 1913 1112 1964 autem
1143 1908 1414 1964 rationale
1442 1910 1776 1980 differentia,
1812 1912 2037 1981 nigrum

390 2014 513 2053 vero
544 1998 811 2052 accidens.
848 1998 1072 2065 Quando
1121 2007 1305 2054 autem
1335 1998 1466 2070 quid
1506 2010 1584 2054 est
1619 2000 1774 2055 homo
1806 2002 2043 2055 interro-

391 2087 835 2154 gamur,animal
856 2088 1246 2158 respondemus
1271 2104 1282 2144 :
1304 2092 1379 2143 est
1395 2096 1579 2144 autem
1598 2104 1769 2159 genus
1803 2090 2044 2145 hominis

388 2176 629 2230 animal.

465 2265 549 2318 Nu
564 2280 631 2319 nc
651 2281 836 2336 genus
856 2282 887 2318 a
911 2263 1129 2320 caeteris
1147 2264 1425 2320 omnibus
1446 2282 1575 2336 quae
1594 2265 1853 2337 quolibet
1868 2269 2041 2322 modo

387 2354 781 2424 praedicantur
802 2370 1076 2425 separare
1102 2354 1405 2409 contendit
1426 2354 1535 2409 hoc
1554 2355 2038 2421 modo.Quoniam

387 2446 543 2500 enim
563 2462 750 2517 genus
772 2446 843 2500 de
867 2445 1130 2517 pluribus
1153 2447 1522 2517 praedicatur,
1543 2448 1740 2502 statim
1756 2447 1953 2502 differt
1969 2447 2040 2502 ab

386 2533 731 2605 hisquidem
749 2536 963 2606 quasde
986 2552 1101 2591 uno
1124 2539 1353 2591 tantum
1377 2536 2042 2608 praedicantur,quasque

387 2641 571 2679 unum
605 2624 913 2695 quodlibet
944 2625 1162 2680 habent
1214 2625 1582 2680 individuum
1642 2643 1705 2681 ac
1738 2626 2040 2698 singulare

386 2713 718 2783 subjectum
755 2730 767 2768 :
802 2714 903 2769 sed
939 2713 1059 2768 htBO
1091 2715 1421 2769 differentia
1448 2714 1680 2786 generis
1703 2715 1775 2771 ab
1799 2715 1891 2771 his
1915 2732 2039 2787 quis

389 2802 463 2857 de
495 2819 611 2857 uno
645 2802 766 2857 solo
799 2802 1194 2874 praedicantur
1222 2803 1554 2859 communis
1586 2808 1675 2858 est
1697 2804 1748 2859 ei
1774 2821 2039 2859 cumcas-

387 2890 548 2957 teris,
577 2891 633 2945 id
665 2896 756 2945 est
785 2890 997 2962 specie,
1029 2891 1382 2958 differentia,
1413 2892 1650 2964 proprio
1683 2898 1858 2964 atque
1890 2892 2039 2948 acci-

390 2978 571 3041 denti,
602 2978 817 3034 idcirco
867 2980 1145 3050 quoniam
1178 2980 1309 3050 ipsa
1356 2997 1589 3052 quoque
1641 2983 1712 3037 de
1771 2982 2038 3053 pluribus

387 3068 1025 3137 praedicanturﬂorum
1044 3068 1224 3142 igitur
1237 3070 1607 3142 singulorum
1628 3069 1988 3126 differentias
2007 3088 2039 3126 a

384 3172 595 3227 genere
624 3150 941 3228 colligit,ut
968 3157 1158 3213 solum
1183 3158 1627 3230 intelligendum
1652 3175 1839 3230 genus
1859 3160 2029 3231 quale

383 3245 461 3299 sit
482 3246 591 3299 sub
615 3245 798 3299 animi
830 3245 1077 3300 deducat
1097 3252 1401 3317 aspectum
1424 3248 1624 3304 dicens
1647 3266 1659 3304 :
1686 3249 1770 3305 Ab
1795 3249 1886 3304 bis
1919 3266 2027 3305 au-

384 3336 501 3387 tem
537 3350 665 3404 quae
699 3334 768 3388 de
801 3331 1070 3402 pluribus
1102 3334 1498 3406 praedicantur
1527 3337 1722 3392 differt
1751 3354 1938 3407 genus
1960 3356 1978 3391 :
2003 3356 2036 3393 a

392 3421 700 3493 speciebus
722 3422 955 3490 quidem
979 3423 1547 3494 primum,quoniam
1573 3425 1797 3494 species
1825 3426 1933 3481 etsi
1964 3427 2036 3481 de

385 3512 657 3584 pluribus
689 3513 1098 3584 praedicantur,
1135 3530 1249 3568 non
1282 3519 1478 3568 tamen
1514 3515 1584 3568 de
1626 3514 2034 3571 differentibus

387 3602 597 3672 specie,
620 3604 720 3658 sed
757 3617 1025 3656 numero.
1056 3602 1290 3672 Species
1319 3601 1475 3656 enim
1510 3602 1619 3657 sub
1652 3618 1715 3657 se
1747 3602 2035 3674 plurimas

394 3692 618 3762 species
648 3692 863 3746 habere
896 3706 1011 3745 non
1045 3690 1501 3761 poterit,alioqui
1531 3708 1718 3762 genus
1753 3709 1867 3746 non
1899 3710 2033 3764 spe-

385 3781 502 3834 cies
521 3778 998 3850 appellaretur.Si
1020 3778 1175 3833 enim
1200 3795 1385 3849 genus
1399 3784 1489 3833 est
1510 3781 1665 3850 quod
1679 3780 1748 3836 de
1766 3779 2035 3851 pluribus

386 3868 579 3938 specie
605 3868 1014 3923 differentibus
1044 3868 1104 3922 in
1136 3884 1202 3923 eo
1225 3869 1377 3937 quod
1397 3869 1539 3939 quid
1565 3870 1641 3924 sit
1660 3871 2032 3941 praedicatur,

385 3973 517 4012 cum
551 3957 773 4027 species
804 3958 873 4011 de
903 3956 1173 4027 pluribus
1205 3957 1575 4029 praedicatur,
1609 3965 1665 4013 et
1697 3959 1755 4013 in
1779 3976 1845 4014 eo
1877 3960 2033 4031 quod

386 4045 526 4116 quid
560 4046 656 4112 sit,
692 4045 828 4100 huic
855 4038 904 4100 si
937 4045 1190 4100 addatur
1220 4050 1285 4100 ut
1314 4047 1384 4101 de
1416 4047 1609 4119 specie
1626 4048 2035 4104 differentibus

389 4134 977 4207 praedicetur,speciei
1005 4137 1191 4190 forma
1222 4136 1436 4191 transit
1466 4136 1525 4190 in
1557 4154 1764 4202 genus,
1790 4137 1843 4192 id
1878 4138 2033 4209 quod

399 4224 664 4295 exemplo
692 4241 925 4295 quoque
954 4224 1203 4296 intelligi
1236 4225 1322 4279 fas
1354 4231 1462 4280 est.
1497 4225 1679 4281 Homo
1710 4227 1867 4282 enim
1900 4244 2033 4283 cum

386 4314 466 4368 sit
497 4315 741 4383 species,
778 4314 1125 4383 praedicatur
1151 4315 1220 4367 de
1249 4318 1504 4379 Socrate,
1552 4313 1783 4369 Platone
1834 4320 1889 4370 et
1926 4333 2033 4370 caa-

383 4402 523 4456 teris
544 4418 671 4473 quae
700 4418 732 4456 a
756 4418 816 4455 se
836 4419 950 4455 non
979 4403 1171 4473 specie
1195 4402 1493 4474 disjuncta
1518 4403 2033 4471 sunt,sicuthomo

386 4497 561 4563 atque
582 4506 771 4562 equus
800 4490 883 4544 vel
910 4490 1036 4554 bos,
1062 4492 1163 4545 sed
1184 4508 1451 4562 numero,
1480 4494 1634 4563 quod
1668 4494 1900 4564 quidem
1930 4495 2037 4549 ha-

384 4562 482 4636 bet
515 4578 941 4635 dubitationem
976 4580 1114 4650 quid
1141 4580 1218 4635 sit
1247 4580 1355 4635 hoc
1370 4562 1523 4652 quod
1552 4562 1796 4638 numero
1821 4584 2035 4639 dicitur
2065 4562 2109 4626 D

385 4669 901 4725 differre.Numero
918 4669 1071 4723 enim
1097 4669 1331 4724 differre
1349 4668 1568 4741 aliquid
1583 4671 1877 4727 videbitur
1891 4689 2032 4743 quo-

387 4760 497 4814 ties
531 4774 815 4813 numerus
846 4775 876 4811 ει
912 4774 1156 4812 numero
1189 4758 1409 4826 differt,
1442 4764 1505 4812 ut
1536 4775 1676 4830 grex
1706 4760 1882 4814 boum
1933 4761 2032 4831 qui

383 4849 631 4903 fortasse
644 4846 903 4901 continet
921 4847 1160 4918 triginta
1180 4848 1354 4903 boves
1368 4848 1564 4903 differt
1579 4865 1821 4903 numero
1837 4850 1906 4903 ab
1924 4848 2035 4905 alio

386 4936 563 4991 boum
597 4951 794 5007 grege,
826 4936 875 4990 si
908 4941 1143 4992 centum
1169 4937 1426 4993 continet
1460 4938 1519 4992 in
1552 4954 1614 4993 se
1647 4938 1823 4993 boves
1850 4955 1862 4994 :
1887 4938 1946 4992 in
1968 4956 2034 4995 eo

383 5025 539 5081 enim
571 5026 725 5096 quod
759 5041 898 5097 grex
928 5030 1037 5095 est,
1072 5043 1187 5082 non
1219 5026 1435 5093 differt,
1474 5043 1659 5098 neque
1692 5027 1749 5081 in
1781 5044 1847 5082 eo
1879 5029 2031 5099 quod

384 5113 583 5181 boves,
617 5130 724 5169 nec
753 5114 865 5169 nisi
899 5131 1145 5169 numero
1178 5114 1416 5185 quidem
1445 5115 1746 5181 differunt,
1770 5117 1924 5187 quod
1950 5115 2034 5171 illi

382 5202 602 5272 plures,
625 5201 711 5256 illi
734 5220 865 5258 vero
888 5207 1029 5257 sunt
1056 5204 1381 5274 pauciores.
1409 5204 1710 5269 Quomodo
1733 5204 1913 5276 igitur
1931 5209 2037 5261 So-

381 5297 571 5345 crates
603 5295 657 5345 et
689 5290 849 5345 Plato
883 5292 1075 5362 specie
1108 5309 1221 5347 non
1254 5293 1554 5360 differunt,
1610 5294 1708 5348 sed
1762 5310 2031 5365 numero,

384 5396 517 5434 cum
550 5384 607 5435 et
638 5380 909 5435 Socrates
942 5398 1096 5435 unus
1127 5380 1224 5449 sit,
1258 5386 1315 5436 et
1351 5381 1518 5437 Plato
1552 5399 1730 5446 unus,
1755 5388 1811 5438 et
1834 5383 2032 5440 unitas

389 5486 635 5525 numero
663 5470 734 5523 ab
766 5469 991 5524 unitate
1022 5487 1137 5524 non
1171 5470 1448 5525 differat?
1472 5470 1570 5526 sed
1602 5470 2033 5543 itaintelligen-

383 5560 525 5614 dum
560 5562 649 5613 est
679 5559 832 5630 quod
857 5557 1078 5613 dictum
1107 5563 1215 5624 est,
1251 5575 1495 5614 numero
1516 5559 1945 5627 differentibus,
1970 5561 2028 5616 id

386 5647 559 5703 estin
581 5648 949 5703 numerando
969 5647 1401 5716 differentibus,
1422 5647 1531 5704 hoc
1551 5652 1641 5704 est
1657 5648 1799 5703 dum
1820 5665 2029 5705 nume-

2158 563 2263 625 est,
2287 557 2381 612 hic
2404 557 2690 621 Socrates,
2716 553 2863 607 duas
2886 550 3133 606 fecimus
3154 551 3429 617 unitates,
3457 565 3521 603 ac
3547 549 3591 604 si
3612 548 3792 621 digito

2155 654 2468 716 tangamus
2492 646 2775 712 dicentes,
2808 642 2901 696 hic
2932 658 3084 695 unus
3114 645 3203 695 est
3221 641 3292 694 de
3312 644 3565 706 Socrate,
3592 656 3797 693 rursus

2156 740 2226 794 de
2249 738 2486 792 Platone
2510 734 2602 789 hic
2617 750 2771 788 unus
2794 735 2903 798 est,
2920 747 3034 785 non
3054 730 3255 784 eadem
3273 728 3537 783 unitasin
3563 728 3797 783 Socrate

2155 830 2461 883 numerata
2490 831 2576 879 est
2606 839 2734 894 quae
2761 820 2820 874 in
2863 819 3140 887 Platone;
3198 817 3377 888 aliqui
3421 821 3619 888 posset
3650 817 3797 887 ﬁeri,

2154 923 2217 972 ut
2250 915 2505 972 secundo
2527 917 2679 968 tacto
2708 908 3126 977 Socrate,Plato
3158 907 3332 962 etiam
3365 907 3799 961 demonstrare-

2153 1019 2267 1071 tur,
2303 1005 2458 1077 quod
2490 1019 2603 1057 non
2633 1002 2734 1055 fit:
2772 999 2885 1054 nisi
2919 998 3072 1053 enim
3108 996 3369 1068 tetigeris
3389 996 3681 1052 Socratem
3706 995 3794 1050 vel

2153 1100 2367 1164 mente,
2401 1093 2489 1148 vel
2521 1091 2725 1162 digito,
2759 1090 3017 1159 itemque
3037 1086 3149 1142 nisi
3171 1086 3434 1157 tetigeris
3468 1086 3794 1156 Platonem,

2154 1202 2269 1241 non
2303 1182 2478 1238 facies
2509 1182 2678 1245 duos,
2712 1180 2850 1234 dum
2884 1180 3289 1232 numerantur.
3325 1175 3469 1246 Ergo
3519 1176 3800 1231 differunt

2152 1292 2279 1347 qua:
2302 1277 2441 1329 sunt
2461 1286 2705 1326 numero
2724 1266 3052 1323 differentia
3072 1284 3090 1320 :
3114 1263 3455 1337 cumigitur
3477 1265 3702 1336 species
3725 1268 3796 1322 de

2151 1381 2396 1421 numero
2418 1360 2825 1417 differentibus
2853 1374 2966 1412 non
2991 1358 3061 1411 de
3085 1357 3277 1427 specie
3303 1356 3667 1427 praedicetur,
3695 1374 3793 1429 ge-

2150 1472 2262 1510 nus
2285 1455 2356 1509 de
2378 1451 2645 1525 pluribus
2667 1454 2723 1504 et
2746 1447 3153 1503 differentibus
3176 1445 3367 1517 specie
3390 1445 3627 1512 dicitur,
3644 1457 3701 1501 ul
3720 1448 3791 1502 de

2147 1546 2315 1609 bove,
2338 1543 2408 1597 de
2433 1556 2577 1611 equo
2602 1543 2657 1594 et
2680 1539 2750 1593 de
2771 1537 2993 1592 caeteris
3016 1553 3147 1607 qua;
3170 1553 3202 1590 a
3232 1551 3290 1590 se
3320 1536 3513 1607 specie
3544 1536 3789 1591 invicem

2146 1633 2445 1698 differunt,
2479 1645 2593 1683 non
2627 1642 2871 1683 numero
2913 1625 3058 1681 solo.
3110 1624 3325 1680 Tribus
3385 1624 3541 1680 enim
3602 1626 3794 1681 modis

2146 1719 2610 1792 unumquodque
2624 1718 2714 1773 vel
2727 1715 2959 1771 differre
2972 1715 3044 1770 ab
3060 1713 3254 1785 aliquo
3268 1713 3499 1781 dicitur,
3517 1716 3601 1769 vel
3622 1715 3797 1789 alicui

2144 1813 2297 1866 idem
2324 1824 2474 1877 esse,
2499 1808 2557 1862 id
2581 1811 2670 1861 est
2689 1821 2922 1877 genere,
2948 1804 3162 1875 specie,
3188 1820 3453 1860 numero.
3506 1805 3793 1869 Quaecun-

2154 1916 2265 1971 que
2297 1898 2477 1970 igitur
2497 1911 2707 1968 genere
2724 1895 2928 1949 eadem
2948 1898 3108 1959 sunt,
3130 1910 3247 1948 non
3279 1909 3519 1949 necesse
3550 1900 3642 1950 est
3670 1914 3793 1953 esse

2150 1989 2354 2044 eadem
2412 1986 2625 2056 specie,
2684 1986 2749 2038 ut
2806 1982 2856 2037 si
2906 1983 3106 2037 eadem
3140 1983 3261 2037 sint
3290 1998 3499 2053 genere
3527 1985 3793 2051 differam

2150 2077 2378 2149 specie;
2413 2075 2463 2130 si
2493 2089 2625 2129 vero
2657 2072 2860 2128 eadem
2891 2075 3034 2127 sunt
3062 2072 3274 2142 specie,
3308 2088 3516 2143 genere
3561 2090 3794 2145 quoque

2148 2166 2349 2221 eadem
2372 2178 2501 2219 esse
2524 2177 2760 2217 necesse
2786 2164 2875 2215 est
2894 2176 2913 2214 :
2938 2164 3004 2214 ut
3032 2176 3164 2214 cum
3196 2159 3372 2216 homo
3401 2165 3577 2232 atque
3606 2177 3793 2233 equus

2148 2258 2301 2313 idem
2321 2259 2463 2311 sunt
2476 2269 2686 2326 genere
2699 2256 2971 2323 (uterque
2988 2250 3146 2307 enim
3161 2251 3377 2307 animal
3394 2256 3793 2324 nuncupatur)

2148 2347 2430 2402 differunt
2459 2342 2675 2415 specie,
2708 2342 2986 2414 quoniam
3021 2339 3134 2396 alia
3155 2344 3243 2395 est
3264 2330 3523 2396 hominis
3546 2342 3791 2415 species,

2147 2436 2261 2492 alia
2287 2434 2439 2505 equi.
2461 2433 2731 2488 Socrates
2764 2446 2898 2485 vero
2930 2434 3105 2500 atque
3136 2428 3297 2484 Plato
3328 2446 3463 2484 cum
3496 2431 3653 2486 idem
3675 2431 3795 2486 sint

2149 2524 2361 2597 specie,
2380 2524 2534 2577 idem
2556 2536 2789 2591 quoque
2810 2523 2950 2574 sunt
2971 2535 3203 2591 genere,
3228 2523 3471 2590 uterque
3492 2520 3648 2575 enim
3680 2522 3790 2576 sub
3886 2559 3891 2563 ρ

2147 2610 2422 2667 animalis
2445 2608 2855 2682 praedicatione
2886 2607 3160 2677 ponitur:
3194 2605 3243 2662 si
3274 2608 3416 2678 quid
3441 2624 3571 2663 vero
3592 2608 3677 2665 vel
3702 2625 3795 2681 ge-

2146 2717 2282 2757 nere
2304 2699 2391 2757 vel
2414 2698 2603 2767 specie
2625 2697 2780 2751 idem
2818 2696 2915 2762 sit,
2941 2712 3055 2751 non
3090 2712 3325 2752 necesse
3354 2701 3445 2751 est
3474 2697 3629 2752 idem
3663 2714 3792 2754 esse

2145 2806 2411 2857 numero,
2444 2792 2508 2843 ut
2536 2787 2802 2842 Socrates
2834 2791 2893 2841 et
2924 2785 3104 2853 Plato,
3138 2802 3273 2841 cum
3304 2791 3360 2841 et
3403 2802 3611 2858 genere
3664 2789 3791 2844 ani-

2143 2881 2316 2937 malis
2346 2886 2403 2935 et
2433 2879 2626 2950 specie
2658 2877 2917 2932 hominis
2945 2878 3100 2933 idem
3129 2878 3267 2946 sint,
3316 2895 3561 2935 numero
3592 2884 3792 2936 tamen

2143 2970 2518 3041 reperiuntur
2532 2982 2661 3021 esse
2679 2965 2984 3037 disjuncti.
3005 2966 3168 3030 Quod
3189 2966 3238 3021 si
3260 2966 3414 3021 idem
3432 2967 3507 3022 sit
3525 2984 3789 3048 numero,

2142 3058 2296 3113 idem
2349 3061 2407 3112 et
2434 3072 2645 3129 genere
2671 3060 2730 3110 et
2759 3055 2953 3126 specie
2982 3072 3111 3111 esse
3141 3072 3378 3111 necesse
3409 3066 3511 3112 est.
3544 3057 3788 3115 Gladius

2142 3147 2297 3203 enim
2320 3151 2492 3218 atque
2514 3145 2674 3201 ensis
2695 3145 2850 3199 idem
2874 3150 3015 3200 sunt
3031 3161 3296 3212 numero,
3316 3145 3463 3200 nihil
3487 3145 3642 3202 enim
3666 3164 3792 3202 om-

2144 3242 2283 3297 nino
2321 3239 2480 3293 aliud
2513 3241 2603 3294 est
2631 3236 2790 3292 ensis
2822 3252 3001 3307 quam
3034 3236 3305 3308 gladius;
3339 3237 3441 3293 sed
3467 3254 3571 3293 nec
3598 3238 3789 3310 specie

2143 3331 2354 3386 diversi
2375 3334 2535 3396 sunt,
2556 3333 2865 3399 utrumque
2881 3326 3031 3382 enim
3047 3326 3279 3399 gladius
3296 3331 3413 3396 est;
3434 3344 3538 3383 nec
3555 3344 3787 3400 genere,

2142 3425 2463 3490 utrumque
2486 3417 2642 3473 enim
2668 3417 3128 3471 instrumeutum
3151 3422 3263 3483 est,
3298 3418 3455 3489 quod
3486 3424 3574 3473 est
3601 3418 3785 3489 gladii

2140 3524 2349 3580 genus.
2370 3507 2658 3571 Quoniam
2691 3506 2871 3578 igitur
2901 3506 3095 3574 homo,
3130 3507 3234 3562 bos
3266 3513 3436 3579 atque
3469 3524 3675 3580 equus,
3712 3510 3785 3565 de

2141 3600 2359 3670 quibus
2391 3596 2607 3651 animal
2632 3597 3002 3667 praedicatur,
3022 3598 3216 3667 specie
3238 3598 3781 3666 differant,numero

2140 3689 2314 3743 etiam
2340 3702 2439 3741 eos
2458 3685 2692 3741 differre
2722 3700 2961 3739 necesse
2981 3690 3068 3739 est
3093 3702 3105 3739 :
3129 3685 3348 3741 idcirco
3376 3687 3479 3742 hoc
3504 3687 3637 3758 plus
3675 3687 3784 3743 ha-

2140 3777 2239 3831 bet
2259 3790 2446 3847 genus
2468 3792 2501 3828 a
2521 3772 2731 3845 specie.
2752 3773 2905 3844 quod
2925 3774 2995 3828 de
3013 3773 3416 3831 differentibus
3439 3777 3631 3847 specie
3649 3794 3790 3847 pras-

2142 3862 2539 3918 dicalur.Nam
2570 3862 2619 3917 si
2652 3861 2941 3933 integram
2974 3863 3205 3934 generis
3231 3864 3643 3920 diffinitionem
3684 3866 3784 3921 de-

2143 3950 2581 4017 mus,dabimus
2604 3951 2711 4006 hoc
2726 3952 2916 4007 modo:
2938 3967 3125 4022 genus
3142 3954 3399 4025 estquod
3424 3954 3495 4008 de
3515 3953 3787 4026 pluribus

2141 4042 2547 4097 differentibus
2574 4040 2908 4112 specie,uon
2941 4041 3066 4097 solo
3094 4048 3419 4109 numero,et
3448 4044 3507 4099 in
3537 4060 3603 4099 eo
3636 4045 3791 4115 quod

2140 4133 2281 4204 quid
2315 4131 2392 4187 sit
2423 4131 2868 4201 praedicatur.“
2898 4148 3030 4187 vero
3063 4132 3147 4187 sic
3165 4133 3390 4204 species
3412 4152 3431 4189 :
3456 4136 3679 4205 species
3704 4140 3797 4191 est

2141 4224 2295 4296 quod
2324 4222 2516 4278 solum
2548 4223 2619 4278 de
2652 4222 2922 4293 pluribus
2948 4240 3191 4279 numero
3214 4225 3620 4280 differentibus
3649 4227 3703 4280 in
3723 4243 3790 4281 eo

2141 4314 2293 4384 quod
2327 4312 2465 4383 quid
2500 4312 2577 4366 sit
2609 4312 3027 4383 prmdicaturA
3054 4314 3288 4384 proprio
3320 4330 3452 4369 vero
3476 4314 3672 4370 differt
3691 4333 3786 4386 ge-

2144 4420 2254 4457 nus
2278 4401 2557 4474 quoniam
2582 4402 2885 4473 proprium
2911 4402 2981 4456 de
3002 4419 3114 4456 una
3138 4401 3263 4457 sola
3295 4404 3485 4473 specie
3509 4406 3679 4475 cujus
3703 4409 3793 4461 est

2143 4490 2442 4562 proprium
2478 4489 2908 4561 praedicatur,et
2936 4490 3004 4545 de
3031 4489 3121 4545 his
3152 4508 3277 4561 quae
3310 4491 3419 4547 sub
3451 4508 3565 4547 una
3598 4493 3791 4564 specie

2141 4589 2277 4634 sunt
2307 4578 2663 4644 individuis;
2698 4580 2995 4649 pr0prium
3029 4579 3182 4635 enim
3210 4596 3441 4652 semper
3457 4583 3795 4653 specieiuui

2144 4668 2349 4723 adesse
2378 4672 2585 4739 potest,
2621 4682 2810 4737 neque
2840 4683 2967 4722 eam
3002 4666 3303 4739 relinquit,
3337 4687 3442 4726 nec
3468 4672 3684 4727 transit
3713 4674 3783 4727 ad

2146 4756 2529 4827 aliam,atque
2556 4756 2773 4810 idcirco
2807 4755 3112 4827 pr0prium
3147 4765 3553 4829 nuncupatum
3587 4767 3695 4827 est,
3728 4766 3795 4817 ut

2147 4846 2369 4902 risibile
2393 4844 2647 4901 hominis
2669 4849 2793 4914 est;
2815 4845 3011 4915 itaque
3033 4855 3085 4900 et
3110 4847 3181 4901 de
3205 4864 3272 4902 ea
3292 4850 3485 4920 specie
3511 4851 3681 4921 cujus
3702 4857 3793 4907 est

2146 4935 2449 5008 prOprium
2484 4933 2919 5005 prtedicatur,et
2950 4936 3020 4989 de
3052 4934 3143 4990 his
3176 4936 3490 4995 individuis
3521 4958 3649 5012 quae
3680 4942 3792 4996 sub

2144 5024 2246 5079 illa
2277 5027 2412 5079 sunt
2446 5024 2733 5094 specie,ut
2762 5023 2985 5080 risibile
3017 5025 3087 5079 de
3119 5025 3356 5083 homine
3390 5029 3691 5097 dicitur,et
3722 5032 3796 5088 de

2142 5116 2395 5182 Socrate,
2429 5117 2486 5167 et
2514 5113 2585 5166 de
2618 5111 2870 5180 Platone,
2899 5118 2956 5168 et
3004 5116 3227 5169 cmteris
3285 5116 3357 5171 de
3390 5118 3502 5173 sub
3533 5118 3791 5174 hominis

2145 5202 2382 5257 nomine
2406 5203 2741 5257 continetur
2766 5218 2779 5258 :
2800 5218 2987 5274 genus
3016 5219 3150 5259 vero
3184 5222 3299 5261 non
3324 5207 3395 5262 de
3420 5225 3536 5263 una
3560 5212 3792 5265 tantum

2144 5292 2447 5363 specie,ut
2478 5292 2703 5346 dictum
2742 5298 2852 5358 est,
2885 5293 2985 5347 sed
3019 5294 3089 5348 de
3122 5292 3415 5366 pluribus.
3450 5298 3655 5354 Differt
3684 5300 3799 5370 igi-

2140 5386 2237 5436 tur
2266 5398 2452 5453 genus
2484 5397 2518 5435 a
2549 5382 2873 5453 pr0prio,eo
2906 5383 3059 5454 quod
3095 5384 3166 5438 de
3190 5384 3456 5456 pluribus
3482 5389 3794 5459 speciebus

2147 5471 2660 5542 praedicetur,cum
2696 5472 2997 5543 proprium
3021 5473 3091 5528 de
3115 5491 3233 5528 una
3256 5479 3487 5531 tantum
3513 5477 3704 5547 specie
3726 5478 3799 5534 de

2141 5577 2255 5631 qua
2287 5560 2543 5630 dicpitur
2574 5559 2921 5632 appellatur,
2952 5566 3008 5616 et
3038 5564 3108 5617 de
3139 5564 3211 5619 iis
3243 5581 3371 5636 qua;
3400 5567 3511 5622 sub
3532 5566 3632 5623 illa
3652 5573 3795 5624 sunt

2143 5648 2491 5720 individuis,
2523 5648 2852 5706 differentia
2882 5654 3052 5722 atque
3105 5652 3425 5713 accidentis
3454 5658 3800 5731 discrepan-
