4108 6186
380 326 445 378 97
1261 324 1335 374 IN
1374 318 1845 374 PORPHYRIUM
1883 316 2573 380 COMMENTARIORUM
2612 330 2744 383 LIB.
2784 331 2885 383 III.

3703 332 3775 389 98

375 477 449 530 tia
472 494 505 530 a
528 493 747 548 genere
768 492 879 531 una
923 473 1289 545 separatione
1326 471 1717 528 concluditur.
1761 470 2013 527 Omnino
2044 473 2098 538 Α
2132 470 2350 530 similia
2372 491 2485 531 non
2515 479 2877 546 convenit,ut
2907 481 3175 537 Socrates
3202 499 3369 537 :nam
3395 501 3529 539 cum
3551 486 3635 541 illi
3659 487 3779 543 sint

375 567 528 621 enim
582 567 725 635 quia
768 566 882 619 haec
924 564 980 619 in
1015 580 1080 619 eo
1112 564 1266 633 quod
1300 562 1437 633 quid
1494 562 1572 616 sit
1606 560 1844 615 minime
1876 576 2019 631 pras-

373 656 670 721 dicantur,
726 671 790 709 eo
840 654 967 722 ipso
1010 656 1392 724 segregantur
1450 668 1481 705 a
1513 666 1722 721 genere
1756 666 1768 703 :
1799 664 1934 703 nam
1960 648 2017 700 in

375 742 598 797 caeteris
640 743 974 814 propinqua
1002 746 1141 796 sunt
1170 741 1389 812 generi,
1411 756 1547 795 nam
1570 743 1627 794 et
1647 739 1718 793 de
1749 737 2019 809 pluribus

380 832 791 903 praedicantur,
832 836 889 885 et
920 832 991 886 de
1014 830 1203 901 specie
1228 828 1655 895 differentibus,
1676 828 1775 883 sed
1810 843 1926 881 non
1960 825 2017 879 in

379 937 443 975 eo
476 921 623 991 quod
645 922 785 991 quid
811 920 909 975 sit.
934 920 995 975 Si
1026 919 1158 990 quis
1190 919 1345 973 enim
1369 918 1687 988 interroget
1716 915 1909 986 qualis
1931 917 2021 970 est

372 1010 568 1073 homo,
595 1010 983 1080 respondetur
1012 1007 1336 1073 rationalis,
1361 1008 1514 1078 quod
1547 1012 1637 1061 est
1668 1004 2014 1060 differentia.

365 1099 422 1153 Si
457 1101 595 1170 quis
628 1098 1157 1171 interrogetqualis
1189 1102 1277 1154 est
1320 1114 1543 1163 corvus,
1578 1096 1792 1150 dicitur
1829 1094 2014 1166 niger,

360 1190 521 1259 quod
552 1195 642 1243 est
674 1189 965 1244 accidens.
991 1188 1049 1243 Si
1074 1193 1269 1242 autem
1295 1186 1619 1257 interroges
1643 1185 1781 1256 quid
1806 1188 1893 1239 est
1917 1185 2016 1238 ho-

359 1294 482 1347 mo,
518 1278 740 1334 animal
775 1278 1244 1349 respondebitur,
1291 1277 1446 1347 quod
1486 1280 1575 1330 est
1613 1290 1819 1346 genus.
1852 1273 2013 1337 Quod

354 1383 497 1422 vero
526 1368 633 1434 ait,
661 1386 775 1424 non
802 1369 861 1422 in
892 1385 959 1423 eo
981 1368 1129 1438 quod
1154 1366 1287 1438 quid
1318 1366 1395 1421 sit
1417 1363 1714 1438 praedicari
1739 1362 2013 1429 dicimus,

353 1458 459 1511 sed
489 1459 686 1529 magis
707 1457 766 1511 in
791 1475 855 1512 eo
880 1458 1034 1528 quod
1057 1456 1226 1527 quale
1248 1454 1345 1525 sit,
1368 1450 2013 1523 hocmagisjquaastioni

354 1548 620 1600 occurrit
645 1544 1362 1617 bujusmodi.Aristoteles
1385 1544 1538 1599 enim
1564 1542 1921 1595 differentias
1953 1540 2010 1593 in

353 1636 696 1691 substantia
731 1640 1173 1706 putatoportere
1196 1631 1518 1705 praedicari,
1544 1632 1696 1702 quod
1723 1634 1916 1683 autem
1952 1628 2007 1683 in

351 1725 696 1780 substantia
720 1726 1092 1796 prmdicatur,
1113 1724 1220 1778 hoc
1253 1739 1371 1777 rem
1400 1722 1469 1775 de
1491 1738 1607 1791 qua
1640 1718 2009 1791 praedicatur,

350 1830 468 1868 non
496 1815 676 1885 quale
700 1816 798 1879 sit,
823 1815 923 1869 sed
949 1813 1087 1885 quid
1122 1813 1198 1867 sit
1220 1811 1514 1878 ostendit;
1551 1809 2010 1903 undenonvide:
2040 1839 2086 1903 Β

347 1908 446 1957 tur
464 1904 879 1959 differentiain
927 1920 993 1959 eo
1029 1903 1179 1971 quod
1234 1900 1405 1973 quale
1445 1900 1522 1955 sit
1553 1897 1876 1970 praedicari,
1908 1897 2008 1952 sed

349 1993 553 2062 potius
593 1992 653 2047 in
675 2010 740 2049 eo
769 1994 924 2064 quod
950 1992 1088 2064 quid
1115 1992 1209 2058 sit,
1240 1992 1336 2046 sed
1365 1989 1608 2045 solvitur
1639 1988 1747 2043 hoc
1795 1988 2006 2042 modo:

348 2082 688 2137 differentia
707 2084 863 2137 enim
890 2083 972 2137 ita
995 2081 1380 2137 substantiam
1405 2080 1809 2133 demonstrare
1840 2077 2007 2143 solet,

352 2175 419 2223 ut
450 2171 608 2226 circa
629 2172 1033 2226 substantiam
1068 2168 1409 2242 qualitatem
1443 2168 1811 2233 determinet,
1841 2167 1895 2220 id
1922 2170 2011 2220 est

358 2258 811 2315 substantialem
828 2260 1171 2332 qualitatem
1188 2276 1287 2331 pro
1298 2258 1628 2325 ferat.Quod
1645 2272 1779 2327 ergo
1794 2256 2005 2310 dictum

351 2353 441 2402 est
462 2350 673 2420 magis,
697 2350 813 2406 tale
835 2357 923 2406 est
947 2356 1226 2422 tanquam
1252 2350 1297 2403 si
1338 2349 1575 2417 diceret,
1614 2347 1846 2401 videtur
1878 2343 2009 2417 qui-

349 2437 490 2490 dem
521 2439 926 2493 substantiam
954 2440 1302 2511 significare,
1322 2443 1495 2508 atque
1517 2436 1575 2491 in
1600 2453 1665 2492 eo
1688 2436 1840 2506 quod
1862 2435 2004 2505 quid

346 2524 425 2579 sit
445 2526 762 2597 praedicari
782 2529 903 2594 ;sed
928 2528 1271 2599 magisillud
1289 2532 1380 2583 est
1395 2522 2005 2596 verius,quiatametsi

344 2614 753 2672 substantiam
796 2623 1104 2685 monstret,
1134 2622 1331 2672 tamen
1368 2616 1425 2671 in
1459 2632 1524 2671 eo
1552 2614 1706 2686 quod
1730 2612 1901 2683 quale
1928 2612 2006 2667 sit

345 2704 723 2773 praedicatur.

438 2794 623 2860 Quare
644 2811 815 2862 genus
831 2794 895 2850 de
906 2795 1162 2867 pluribus
1189 2793 1487 2867 praedicari
1508 2794 1663 2848 diviti
1671 2796 1711 2849 it
1733 2796 1912 2866 ipsum
1935 2792 2001 2847 ab

352 2880 418 2935 iis
444 2898 575 2952 qua
590 2883 661 2937 de
682 2901 789 2939 uno
811 2888 925 2940 solo
946 2886 1377 2950 dicuntur,sicut
1400 2884 1727 2951 individua;
1755 2885 1817 2938 (te
1837 2884 2000 2954 (li/fe-

349 2972 605 3027 rentibus
632 2990 759 3028 vero
779 2976 1204 3045 specie,separat
1224 2974 1479 3029 eumdem
1506 2974 1576 3029 ab
1607 2976 1680 3029 iis
1704 2988 1827 3043 qua?
1856 2976 2002 3027 sicut

341 3061 548 3131 species
568 3062 975 3133 praedicantur,
1010 3065 1091 3119 vel
1118 3067 1259 3119 sicut
1286 3066 1513 3135 propria
1562 3081 1581 3117 :
1630 3064 1691 3118 in
1721 3080 1783 3119 eo
1811 3071 1999 3117 autem

342 3152 488 3221 quod
521 3152 658 3222 quid
686 3155 758 3207 sit
786 3155 1107 3224 praedicari,
1128 3154 1324 3209 dividit
1346 3156 1523 3225 ipsum
1543 3171 1575 3208 a
1597 3152 1925 3225 differentiis
1945 3163 2015 3237 et,

340 3244 717 3297 communi/er
740 3244 1267 3316 accidentibus,qu.'e
1290 3244 1511 3311 singula
1540 3259 1648 3298 non
1674 3245 1736 3298 in
1774 3258 1831 3297 eo
1853 3242 2003 3313 quod

342 3331 471 3400 quid
488 3330 853 3403 praedicatur,
876 3335 970 3388 sed
998 3336 1056 3389 in
1077 3350 1135 3388 eo
1158 3333 1296 3404 quod
1312 3334 1473 3404 quate
1501 3340 1597 3403 est,
1631 3332 1717 3387 vel
1738 3330 1997 3402 quomodo

343 3434 400 3474 se
433 3420 622 3476 habet.

408 3508 550 3563 Tria
572 3509 697 3565 haec
727 3528 857 3566 esse
891 3512 1152 3567 diximus
1175 3530 1303 3584 quae
1335 3511 1824 3584 significationem
1845 3510 1995 3565 hanc

340 3597 576 3653 tertiam
603 3601 835 3669 generis
854 3602 1268 3668 informarent,
1293 3602 1348 3657 id
1372 3606 1461 3658 est
1477 3602 1547 3656 de
1563 3600 1831 3671 pluribus
1851 3617 1995 3671 prae-

335 3685 619 3755 dicari,de
634 3690 831 3759 specie
846 3690 1277 3757 differentibus,
1302 3695 1359 3746 et
1382 3691 1439 3745 in
1463 3707 1529 3745 eo
1551 3690 1703 3761 quod
1731 3689 1871 3760 quid
1896 3688 1993 3755 sit,

336 3791 464 3845 quae
498 3776 751 3848 singulis
776 3785 973 3849 partes
1007 3796 1195 3851 genus
1218 3797 1250 3834 a
1271 3779 1498 3835 caeteris
1521 3796 1648 3850 quae
1671 3778 1994 3849 quomodo-

334 3862 481 3919 libet
524 3866 923 3936 praedicantur
973 3870 1344 3924 distribuunt
1374 3885 1439 3924 ac
1470 3871 1805 3932 secernunt,
1837 3867 1992 3936 quod

335 3952 464 4009 inse
484 3954 742 4011 breviter
767 3956 1050 4029 colligens
1074 3958 1249 4013 dicit:
1279 3958 1330 4012 id
1358 3958 1509 4011 enim
1536 3956 1688 4027 quod
1723 3957 1791 4010 de
1814 3955 1996 4026 pluri-

331 4041 445 4096 bus
470 4044 829 4113 praedicatur
850 4062 1039 4116 genus
1065 4048 1135 4101 ab
1158 4047 1249 4102 bis
1271 4046 1617 4116 dividitquaa
1635 4046 1704 4099 de
1722 4061 1836 4098 uno
1861 4048 1995 4097 tan-

332 4135 458 4185 tum
478 4132 1802 4203 praedicanturindividuo.lndividuumautem
1819 4131 1993 4203 pluri-

330 4218 443 4274 bus
466 4220 694 4276 dicitur
710 4223 903 4277 modis
928 4224 1171 4278 :dicitur
1195 4222 1564 4277 individuum
1582 4222 1736 4292 quod
1756 4220 1991 4276 omnino

331 4308 519 4363 secari
544 4326 661 4365 non
686 4316 899 4382 potest,
927 4318 991 4367 ut
1019 4314 1214 4367 unitas
1237 4311 1323 4366 vel
1364 4327 1527 4366 mens
1550 4331 1564 4379 ;
1591 4310 1805 4364 dicitur
1838 4308 1989 4363 indi-

328 4398 575 4453 viduum
602 4401 759 4471 quod
788 4402 861 4455 ob
908 4401 1263 4457 soliditatem
1311 4400 1490 4456 dividi
1515 4399 1740 4471 nequit,
1766 4402 1829 4452 ut
1852 4399 1991 4453 ada-

330 4500 491 4553 mas;
520 4488 741 4543 dicitur
756 4490 1126 4545 individuum
1144 4492 1315 4560 cujus
1334 4488 1666 4562 praedicatio
1688 4488 1744 4541 in
1765 4486 1987 4558 reliqua

2129 565 2316 615 caeteri
2350 562 2617 620 homines
2650 568 2894 638 similes,
2922 586 3035 624 non
3068 572 3337 626 convenit
3368 576 3692 645 proprietas
3719 582 3774 631 et

2129 651 2468 719 praedicatio
2497 654 2756 710 Socratis
2788 658 2845 712 in
2880 658 3138 726 caeteris;
3169 675 3304 730 ergo
3335 662 3404 715 ab
3444 662 3512 716 iis
3544 680 3674 735 quas
3705 666 3774 719 de

2128 753 2245 793 uno
2276 744 2509 795 tantum
2545 744 2936 814 praedicantur
2966 763 3151 817 genus
3184 749 3395 815 differt,
3430 767 3495 805 eo
3522 754 3675 823 quod
3704 753 3774 808 de

2128 826 2395 895 pluribus
2408 831 3023 900 praediceturﬁestant
3038 836 3219 907 igitur
3236 842 3509 909 quatuor,
3523 842 3770 911 species,

2125 920 2183 969 et
2214 918 2538 988 proprium,
2572 926 2626 975 et
2657 922 3003 994 differentia,
3037 930 3093 980 et
3118 926 3414 991 accidens,
3457 945 3703 998 quorum
3739 950 3770 987 a

2124 1018 2333 1073 genere
2350 1007 2709 1065 differentias
2724 1011 3091 1083 colligamus.
3118 1014 3379 1086 Singulis
3406 1016 3584 1087 igitur
3606 1019 3770 1073 diffe-

2125 1095 2329 1149 rentiis
2353 1097 2424 1150 ab
2450 1097 2541 1152 bis
2570 1100 2743 1154 rebus
2767 1102 3170 1171 segregabitur
3190 1119 3375 1173 genus
3402 1121 3415 1159 :
3440 1122 3506 1159 ea
3538 1106 3770 1175 quidem

2124 1184 2455 1241 differentia
2477 1205 2601 1258 quas
2624 1191 2691 1243 de
2711 1192 2901 1261 specie
2925 1192 3331 1249 differentibus
3351 1196 3653 1265 praedicari
3676 1215 3771 1269 ge-

2125 1290 2233 1327 nus
2260 1274 2496 1344 dicitur,
2531 1290 2836 1349 separatur
2855 1280 3031 1336 abhis
3056 1298 3181 1352 qua:
3207 1283 3361 1337 sicut
3375 1285 3599 1354 species
3622 1303 3768 1357 pras-

2122 1362 2411 1433 dicantur,
2448 1366 2539 1421 vel
2589 1368 2742 1423 sicut
2768 1371 3044 1440 propria;
3080 1371 3302 1442 species
3334 1373 3491 1427 enim
3524 1375 3764 1431 omnino

2121 1454 2191 1508 de
2225 1456 2385 1511 nulla
2416 1456 2531 1511 alia
2561 1460 2752 1529 specie
2786 1460 3031 1528 dicetur,
3069 1464 3367 1534 proprium
3396 1482 3526 1520 vero
3559 1468 3628 1521 de
3652 1484 3769 1523 una

2118 1547 2350 1598 tantum
2384 1546 2577 1617 specie
2601 1549 2970 1617 praedicatur,
2995 1554 3170 1621 atque
3204 1551 3334 1607 ideo
3350 1570 3463 1607 non
3487 1554 3555 1608 de
3573 1556 3766 1626 specie

2119 1633 2543 1691 differentibus.
2581 1637 2719 1692 Item
2748 1655 2934 1709 genus
2962 1657 2993 1693 a
3038 1641 3365 1697 differentia
3396 1646 3452 1696 et
3481 1643 3764 1698 accidenti

2119 1722 2490 1795 differt,quod
2517 1725 2571 1778 in
2593 1743 2658 1781 eo
2682 1728 2832 1796 quod
2854 1729 2993 1798 quid
3020 1728 3091 1783 sit
3113 1731 3485 1801 praedicatur,
3512 1730 3608 1785 illa
3627 1749 3764 1787 vero

2120 1809 2175 1862 in
2192 1826 2258 1865 eo
2278 1814 2428 1883 quod
2446 1814 2613 1883 quale
2632 1814 3512 1887 sitappellanturutdictumest
3537 1837 3550 1875 :
3569 1820 3766 1892 itaque

2116 1912 2302 1967 genus
2327 1901 2559 1971 quidem
2578 1904 2649 1957 ab
2681 1903 2753 1958 iis
2775 1920 2902 1975 quae
2926 1906 2996 1960 de
3022 1923 3135 1960 uno
3155 1908 3552 1978 praedicantur
3572 1910 3766 1966 differt

2118 1986 2175 2041 in
2192 1990 2518 2058 quantitate
2545 1992 3158 2065 prmdicationis,quod
3177 1997 3245 2051 de
3268 1996 3543 2067 pluribus
3566 2000 3765 2070 praedi-

2117 2082 2279 2132 cetur
2303 2096 2317 2148 ;
2342 2096 2373 2133 a
2404 2081 2710 2151 speciebus
2742 2099 2876 2139 vero
2918 2089 2975 2139 et
2997 2085 3229 2155 proprio
3271 2086 3328 2140 in
3363 2088 3760 2158 subjectorum

2118 2171 2348 2235 natura,
2375 2170 2652 2239 quoniam
2678 2187 2863 2242 genus
2881 2174 2951 2227 de
2972 2174 3164 2245 specie
3187 2175 3594 2232 differentibus
3616 2179 3766 2233 dici-

2115 2259 2231 2321 tur,
2263 2258 2564 2328 proprium
2589 2275 2722 2313 vero
2750 2265 2807 2315 et
2846 2262 3068 2332 species
3103 2263 3365 2320 minime.
3400 2268 3542 2320 Item
3576 2283 3762 2337 genus

2114 2342 2171 2396 in
2196 2344 2471 2414 qualitate
2486 2348 2917 2416 praedicationis
2941 2367 2974 2404 a
2995 2351 3323 2407 differentia
3348 2355 3763 2429 accidenteque

2114 2432 2414 2488 dividitur.
2442 2434 2705 2499 Qualitas
2726 2441 2883 2493 enim
2908 2440 3343 2509 praedicationis
3357 2445 3620 2514 quedam
3646 2451 3755 2516 est,

2110 2522 2198 2577 vel
2228 2522 2285 2577 in
2318 2539 2385 2578 eo
2402 2526 2553 2594 quod
2574 2526 2715 2596 quid
2741 2527 2837 2594 sit,
2861 2528 2948 2583 vel
2974 2529 3029 2583 in
3053 2546 3117 2586 eo
3148 2532 3302 2602 quod
3327 2532 3498 2603 quale
3523 2533 3600 2588 sit
3621 2551 3759 2605 pra:-

2112 2610 2314 2666 dicari.

2178 2702 2329 2756 Nihil
2353 2701 2527 2772 igitur
2544 2720 2719 2775 neque
2736 2708 3094 2776 superﬂuum,
3117 2724 3292 2781 neque
3313 2712 3498 2765 minus
3514 2712 3757 2767 continet

2105 2792 2321 2860 generis
2350 2792 2495 2847 dicta
2516 2793 2829 2866 descriptio.

2178 2880 2381 2935 Omnis
2404 2881 2559 2937 enim
2584 2884 2896 2955 descriptio
2918 2886 3008 2941 vel
3033 2886 3305 2943 diffinitio
3330 2889 3500 2944 debet
3521 2890 3569 2945 ei
3596 2892 3745 2961 quod

2106 2967 2395 3024 diffinitur
2415 2972 2632 3043 aequari
2658 2989 2670 3027 :
2698 2973 2744 3027 si
2764 2974 2919 3028 enim
2940 2976 3217 3030 diffinitio
3240 2978 3503 3032 diffinitae
3528 2979 3609 3032 rei
3632 2996 3746 3033 non

2104 3058 2178 3112 sit
2210 3059 2471 3129 aaqualis,
2506 3064 2561 3114 et
2584 3060 2632 3114 si
2658 3060 2896 3131 quidem
2929 3064 3118 3133 major
3151 3065 3247 3133 sit,
3279 3065 3453 3120 etiam
3480 3068 3744 3135 quaedam

2108 3146 2222 3201 alia
2239 3149 2583 3213 continebit,
2608 3155 2661 3204 et
2677 3166 2791 3205 non
2818 3167 3050 3207 necesse
3072 3157 3161 3207 est
3182 3157 3490 3226 utsemper
3511 3156 3749 3211 diffiniti

2106 3237 2496 3291 substantiam
2516 3243 2828 3307 monstret;
2852 3240 2901 3294 si
2928 3240 3117 3296 minor
3133 3242 3231 3306 sit,
3256 3242 3327 3296 ad
3347 3259 3579 3299 omnem
3597 3245 3754 3299 diffi-

2103 3326 2383 3381 nitionem
2407 3326 2748 3383 substantiae
2772 3345 2886 3384 non
2906 3331 3185 3401 pervenit.
3211 3330 3421 3387 Omnia
3443 3334 3600 3387 enim
3622 3351 3751 3405 quae

2102 3415 2323 3484 majora
2344 3416 2565 3469 suntde
2582 3416 2909 3473 minoribus
2929 3420 3342 3489 praedicantur,
3362 3426 3424 3475 ut
3440 3422 3653 3477 animal
3685 3424 3755 3478 de

2101 3503 2367 3573 homine;
2401 3504 2628 3560 minora
2648 3522 2786 3561 vero
2817 3508 2887 3562 de
2915 3509 3239 3578 majoribus
3264 3510 3507 3565 minime
3535 3529 3547 3567 :
3574 3528 3748 3567 nemo

2100 3594 2255 3649 enim
2294 3610 2429 3650 vere
2470 3595 2660 3651 dicere
2710 3602 2921 3667 potest,
2962 3614 3134 3653 omne
3176 3599 3393 3655 animal
3428 3600 3603 3655 homo
3635 3606 3747 3670 est,

2100 3687 2275 3755 atque
2289 3684 2505 3739 idcirco
2520 3685 2566 3738 si
2582 3684 2691 3739 sibi
2710 3687 3038 3756 praedicatio
3052 3690 3440 3743 convertenda
3453 3696 3651 3760 est,ch
3662 3708 3754 3745 ua-

2099 3772 2413 3844 lisoportet
2432 3778 2495 3827 ut
2517 3775 2614 3827 sit.
2642 3774 2705 3828 Id
2728 3779 2924 3829 autem
2951 3776 3073 3830 fieri
3110 3782 3320 3848 potest,
3354 3776 3615 3849 sineque
3642 3796 3748 3833 su-

2099 3860 2385 3932 perfluum
2401 3861 2721 3933 quidquam
2741 3864 2913 3918 habet
2930 3881 3115 3934 neque
3129 3866 3589 3932 diminutum,ut
3606 3867 3664 3921 in
3682 3884 3748 3923 ea

2096 3950 2225 4021 ipsa
2256 3950 2493 4022 generis’
2528 3951 2921 4022 descriptione
2964 3971 2978 4021 ;
3012 3954 3234 4008 dictum
3260 3959 3351 4010 est
3380 3956 3535 4010 enim
3566 3973 3747 4025 genus

2098 4056 2225 4094 esse
2247 4040 2403 4110 quod
2428 4040 2498 4093 de
2516 4039 3202 4111 pluribusdifferentibus
3219 4045 3410 4114 specie
3431 4045 3487 4099 in
3509 4062 3574 4099 eo
3590 4046 3745 4115 quod

2096 4128 2236 4198 quid
2259 4129 2337 4183 sit
2360 4127 2871 4200 praedicatumqua:
2889 4130 3201 4200 descriptio
3220 4150 3351 4187 cum
3382 4151 3594 4199 genere
3608 4151 3746 4188 con-

2097 4219 2239 4273 verti
2270 4222 2555 4289 potest,ut
2584 4220 2633 4273 si
2665 4220 2926 4275 dicamus
2962 4222 3112 4292 quod
3147 4224 3217 4277 de
3249 4222 3515 4292 pluribus
3547 4229 3741 4295 specie

2097 4307 2572 4362 differentibusin
2594 4324 2659 4363 eo
2682 4310 2832 4379 quod
2855 4310 2995 4380 quid
3016 4310 3535 4383 sitprzedicetur,id
3556 4333 3745 4386 genus

2096 4412 2262 4451 esse:
2312 4396 2463 4467 quod
2499 4396 2548 4451 si
2583 4398 2836 4451 converti
2874 4403 3066 4468 potest
3097 4400 3184 4470 (ut
3217 4399 3315 4470 ait)
3344 4418 3448 4458 nec
3470 4404 3603 4474 plus
3637 4423 3742 4461 nec

2098 4485 2295 4539 minus
2325 4484 2585 4539 continet
2615 4486 2847 4552 generis
2881 4487 3031 4542 facta
3054 4488 3390 4560 descriptio.

3528 4604 3739 4615 ——__.

1585 4678 1925 4767 LIBER
1987 4674 2510 4763 TERTIUS.

397 4908 683 4980 Superior
721 4912 1046 4984 disputatio
1089 4916 1160 4971 de
1208 4931 1419 4988 genere
1468 4914 1698 4971 videtur
1729 4911 1971 4967 forsitan
2004 4917 2051 4980 Β
2085 4907 2321 4980 quidem
2356 4905 2607 4961 dubitari
2633 4909 3101 4978 potestzsienim
3131 4910 3253 4967 haec
3277 4911 3385 4967 fuit
3415 4914 3563 4969 ratio
3598 4932 3735 4985 pro-

324 5011 557 5053 omnem
580 4999 755 5055 etiam
785 5003 996 5072 speciei
1012 5004 1452 5076 consumpsisse
1469 5008 1783 5059 tractatum
1808 5016 1972 5054 :nam

322 5098 454 5140 cum
480 5103 679 5157 genus
696 5090 767 5144 ad
793 5089 1017 5162 aliquid
1043 5094 1473 5164 praedicetur,id
1496 5092 1674 5148 estad
1696 5089 1971 5161 speciem,

321 5178 592 5241 cognosci
616 5181 1198 5251 naturagenerisnon
1221 5186 1429 5253 potest,
1452 5182 1501 5236 si
1523 5180 1735 5253 speciei
1751 5195 1876 5251 qua:
1899 5177 1976 5232 sit

321 5260 709 5335 intelligentia
736 5268 1050 5324 nesciatur.
1083 5272 1191 5326 Sed
1229 5270 1508 5343 quoniam
1535 5271 1762 5325 diversa
1794 5272 1883 5323 est
1914 5267 1970 5321 in

321 5352 442 5406 suis
471 5357 700 5411 naturis
731 5373 935 5413 eorum
956 5360 1347 5415 consideratio
1381 5365 1557 5432 atque
1582 5357 1858 5413 discretio
1890 5354 1974 5409 di-

322 5455 483 5498 versa
504 5444 564 5499 in
592 5446 913 5518 permistis,
939 5449 1156 5505 idcirco
1176 5450 1331 5506 sicut
1352 5450 1587 5521 singula
1609 5450 1667 5504 in
1693 5445 1971 5519 prommio

322 5536 668 5603 proposuit,i
681 5542 736 5592 ta
750 5536 1009 5594 dividere
1022 5544 1231 5595 cuncta
1249 5540 1717 5613 prosequitur,ac
1731 5538 1975 5610 primum

322 5626 450 5689 post
466 5624 705 5695 generis
726 5626 1196 5699 disputationem
1220 5630 1291 5686 de
1313 5630 1506 5703 specie
1525 5632 1757 5695 tractat,
1774 5629 1844 5683 de
1856 5644 1973 5699 qua

2084 4995 2336 5068 ponendi
2350 5011 2536 5065 genus
2551 4996 2791 5067 reliquis
2806 5000 3258 5070 omnibus,quod
3271 5006 3407 5057 natu
3418 5019 3485 5057 ras
3504 5021 3621 5059 suae
3637 5022 3741 5061 ma-

2083 5085 2391 5157 gnitudine
2416 5088 2623 5139 caetera
2644 5086 2991 5159 contineret,
3017 5105 3132 5143 non
3164 5106 3399 5160 aequum
3423 5098 3549 5148 erat
3571 5094 3736 5149 diffe-

2084 5174 2284 5230 rentiae
2308 5171 2563 5244 speciem
2580 5172 2638 5227 in
2663 5175 2868 5230 ordine
2892 5180 3180 5233 tractatus
3198 5183 3736 5252 anteponere,quod

2082 5260 2407 5318 differentia
2429 5262 2682 5332 speciem
2707 5264 3196 5335 contineret,cum
3222 5270 3546 5336 praesertim
3567 5271 3739 5324 diffe-

2082 5354 2279 5410 rentias
2294 5352 2452 5422 ipsas
2467 5352 2691 5422 species
2708 5352 3057 5411 informant:
3079 5357 3241 5428 prius
3262 5363 3456 5414 autem
3480 5360 3734 5431 estquod

2082 5446 2358 5500 informat
2381 5458 2554 5511 quam
2575 5442 2630 5497 id
2650 5445 2803 5515 quod
2828 5446 2959 5516 ejus
2982 5445 3393 5503 informatione
3415 5449 3731 5519 perﬁcitur.

2081 5531 2370 5589 Posterior
2390 5529 2571 5601 igitur
2594 5532 2816 5601 species
2843 5539 2930 5588 est
2951 5535 3322 5590 differentia:
3362 5538 3522 5605 prius
3557 5535 3735 5605 igitur

2080 5625 2149 5679 de
2164 5618 2487 5677 differentia
2501 5622 2870 5677 tractandum
2885 5622 2993 5677 fuit
3009 5623 3245 5689 ;etenim
3266 5622 3542 5693 prooemio
3557 5622 3731 5675 etiam
