4108 6186
285 307 371 363 101
1163 308 1239 359 IN
1278 301 1748 359 poapnvmnu
1786 289 2468 360 COYI‘MENTA’RIORUM
2508 305 2642 358 un.
2686 307 2781 358 ιιι.

3581 302 3685 355 1-02

273 433 558 502 assignato
589 443 787 496 genere
813 428 1060 499 ponitur,
1089 432 1138 483 et
1169 429 1234 483 de
1263 445 1370 499 qua
1399 445 1568 497 genus
1596 430 1656 482 in
1686 443 1745 482 eo
1775 427 1916 498 quod
1947 429 1998 494 Α
2026 422 2507 498 specialissi'mum,
2533 430 2649 482 alia
2671 436 2936 498 suntquae
2953 436 3006 482 et
3025 443 3223 498 genera
3255 432 3305 481 et
3333 429 3534 496 species
3553 437 3685 482 sunt

278 538 338 592 qu
349 523 402 574 id
423 522 496 574 sit
514 521 873 589 pradicatur.
897 519 1142 586 Amplius
1169 525 1349 572 autem
1373 517 1452 571 sic
1469 534 1705 588 quoque:
1723 516 1924 586 species

278 620 348 665 est
375 624 502 679 qua:
529 608 599 662 de
629 607 882 677 pluribus
902 617 954 662 et
974 608 1348 678 differentibus
1375 623 1603 661 numero
1622 607 1681 660 in
1700 623 1760 660 eo
1783 605 1921 676 quod

273 701 398 771 quid
430 700 502 752 sit
531 696 894 767 prardicatar;
917 697 1008 752 sed
1026 701 1141 750 haec
1163 697 1378 766 quidem
1402 697 1701 765 assignatio
1721 698 1922 766 specia-

275 789 487 841 lissima
515 798 610 851 est,
644 790 697 839 et
721 786 837 856 ejus
869 800 994 857 qua:
1023 787 1197 839 solum
1230 785 1430 854 species
1463 789 1564 851 est,
1590 803 1703 837 non
1751 786 1920 838 etiam

277 893 473 947 genus;
493 874 615 930 aliae
639 890 764 930 vero
785 880 837 929 et
859 892 969 928 non
988 874 1522 945 specialissimarum
1541 890 1656 928 esse
1673 876 1919 940 possunt.

341 963 812 1033 Tribusspeciem
835 962 1920 1031 difﬁnitionibusinformavit,quarum

271 1056 506 1125 quidem
525 1055 650 1107 dus:
665 1053 822 1107 omni
842 1053 1054 1124 speciei
1075 1055 1779 1122 conveniunt,omnesque
1795 1067 1922 1122 quis

265 1143 529 1216 quolibet
552 1144 724 1197 modo
765 1143 992 1213 species
1021 1142 1396 1213 appellantur
1419 1158 1526 1196 sua
1547 1141 1923 1195 conclusione

264 1233 680 1287 determinant.
703 1231 898 1285 Tertia
913 1248 1044 1286 vero
1067 1248 1181 1285 non
1199 1230 1308 1286 ita:
1328 1248 1459 1285 cum
1485 1230 1638 1284 enim
1655 1231 1781 1284 dua:
1806 1230 1924 1283 sint

262 1322 593 1392 specierum
619 1321 839 1387 fornae,
857 1336 973 1373 una
993 1319 1231 1389 quidem
1262 1335 1394 1373 cum
1428 1319 1650 1389 species
1670 1319 1924 1388 alicujus

264 1409 581 1479 aliquando
616 1409 795 1464 etiam
831 1408 1071 1463 alterius
1103 1424 1288 1479 genus
1319 1424 1448 1462 esse
1482 1413 1709 1478 potest;
1743 1407 1926 1461 altera

262 1517 390 1556 cum
423 1504 662 1555 tantum
697 1502 922 1570 species
962 1505 1071 1563 est,
1105 1515 1293 1569 neque
1325 1499 1384 1553 in
1419 1500 1664 1553 formam
1695 1498 1924 1568 generis

263 1590 490 1645 transit.
521 1589 751 1644 Priores
774 1589 1029 1652 dumdlla
1051 1588 1274 1644 scilicet
1295 1590 1354 1643 in
1379 1606 1493 1659 qua
1517 1590 1736 1642 dictum
1764 1589 1921 1642 estid

262 1696 385 1734 esse
416 1681 679 1750 speciem
715 1679 868 1750 quod
900 1679 1008 1732 sub
1040 1694 1250 1749 genere
1274 1680 1533 1748 punitur,
1561 1684 1616 1731 et
1638 1695 1842 1732 rursus
1865 1678 1921 1730 in

2025 520 2232 581 eadem,
2269 517 2337 571 ad
2367 518 2524 571 aliud
2557 523 2738 571 tamen
2769 524 2821 571 et
2855 518 2924 572 ad
2954 517 3108 570 aliud
3139 521 3376 587 sumpta.
3399 519 3684 571 Sitaulem

2028 609 2388 677 manifestum
2411 610 2465 661 in
2490 625 2598 662 uno
2620 606 2981 676 [ITtEIiiCtlmelt
2993 612 3042 660 to
3056 606 3192 676 quod
3205 608 3680 661 dicitursubstan-

2029 696 2106 750 lia
2141 713 2152 750 :
2185 702 2264 751 est
2294 695 2515 767 quidem
2548 705 2598 750 et
2629 699 2751 766 ipsa
2785 712 2976 766 genus,
2997 699 3094 749 sul)
3127 697 3228 750 hac
3257 707 3438 751 autem
3469 705 3547 751 est
3573 712 3690 752 cor-

2025 801 2146 855 pus,
2171 794 2226 840 et
2244 787 2343 839 sub
2367 801 2595 856 corpore
2615 787 2922 838 animalum
2943 801 3160 855 corpus,
3183 787 3281 840 sub
3301 801 3404 856 quo
3425 785 3648 839 animal
3665 801 3686 846 ;

2027 875 2127 928 sub
2148 875 2388 929 animali
2417 890 2561 940 vero,
2585 873 2860 928 rationale
2877 873 3217 939 animal,sub
3234 890 3359 944 quo,
3376 881 3561 939 homo;
3583 875 3683 928 sub

2030 965 2250 1018 homine
2269 965 2670 1030 vero,Socrates
2694 968 2746 1017 et
2773 964 2952 1028 Plato,
2976 971 3028 1018 et
3045 966 3142 1033 qui
3158 971 3288 1017 sunt
3307 967 3686 1036 particulares

2029 1055 2291 1109 homines.
2326 1054 2427 1107 Sed
2458 1053 2651 1106 horum
2682 1053 3004 1106 substantia
3051 1053 3266 1123 quidem
3315 1054 3684 1120 generalissi-

2029 1160 2178 1196 mum
2205 1149 2283 1197 est
2313 1150 2366 1196 et
2395 1158 2567 1210 genus
2596 1143 2815 1204 solum;
2862 1141 3022 1195 homo
3055 1157 3176 1195 vero
3217 1142 3679 1212 specialissimum

2028 1239 2080 1288 et
2111 1236 2288 1288 solum
2318 1234 2521 1304 species
2542 1250 2561 1295 ,·
2591 1249 2784 1303 corpus
2814 1248 2943 1287 vero
2969 1234 3171 1302 species
3202 1233 3417 1303 quidem
3447 1238 3525 1287 est
3549 1234 3682 1287 sub-

2028 1327 2275 1389 stantiae,
2291 1339 2461 1390 genus
2481 1338 2606 1377 vero
2630 1321 2872 1390 corporis
2896 1320 3163 1382 animali;
3181 1322 3269 1376 sed
3292 1327 3346 1377 et
3367 1326 3683 1378 animalum

2028 1429 2249 1484 corpus,
2271 1415 2472 1482 species
2494 1411 2711 1480 quidem
2734 1415 2812 1464 est
2833 1413 3100 1480 corporis,
3125 1427 3292 1479 genus
3316 1427 3440 1466 vero
3457 1414 3683 1466 anima-

2031 1502 2118 1555 lis.
2137 1503 2341 1556 Rursus
2357 1502 2576 1556 animal
2591 1501 2795 1570 species
2816 1499 3034 1568 quidem
3056 1509 3132 1554 est
3156 1502 3402 1570 cerporis
3421 1503 3681 1565 animati,

2029 1607 2198 1660 genus
2232 1605 2352 1644 vero
2384 1589 2648 1645 animalis
2679 1588 2977 1643 rationalis
2996 1604 3016 1649 ,·
3061 1589 3150 1642 sed
3189 1588 3428 1642 rational
3472 1591 3683 1644 animal

2029 1683 2233 1749 species
2264 1681 2482 1751 quidem
2526 1683 2599 1733 est
2649 1679 2932 1744 animalis,
2965 1694 3136 1747 genus
3179 1683 3362 1732 autem
3400 1678 3678 1745 hominis;

262 1786 375 1840 qua
409 1769 643 1823 dictum
676 1774 763 1822 est
784 1768 839 1821 id
865 1783 994 1822 esse
1020 1770 1272 1836 speciem
1307 1768 1376 1821 de
1410 1783 1526 1838 qua
1549 1782 1735 1836 genus
1766 1768 1821 1820 in
1857 1775 2000 1853 801B
2031 1769 2186 1823 homo
2212 1786 2336 1823 vero
2366 1767 2568 1840 species
2597 1775 2677 1822 est
2707 1770 3001 1821 rationalis
3031 1769 3316 1832 animalis,
3349 1784 3460 1821 non
3497 1778 3682 1822 autem

260 1859 413 1928 quod
446 1858 594 1929 quid
631 1857 705 1911 sit
737 1856 1101 1928 praedicetur,
1128 1856 1287 1909 omni
1311 1857 1518 1924 speciei
1545 1855 1918 1909 conveniunt.

260 1948 315 2000 Id
339 1948 503 2002 enim
529 1951 761 2000 tantum
779 1944 1787 2016 bmdifﬁnitionesmonstrant,qnod
1811 1945 1920 1998 sub

259 2051 471 2108 genere
496 2035 739 2108 ponitur
759 2053 771 2090 :
795 2052 929 2090 nam
946 2040 1078 2089 etea
1097 2051 1222 2106 qua:
1247 2033 1408 2100 dicit,
1436 2034 1489 2087 id
1515 2049 1643 2088 esse
1666 2033 1920 2104 speciem

261 2126 415 2196 quod
445 2125 556 2178 sub
575 2140 788 2194 genere
810 2122 1070 2195 ponitur,
1094 2139 1221 2177 eam
1242 2123 1354 2174 vim
1373 2120 1922 2192 signiﬁcatspecici,

263 2231 383 2284 qua
404 2214 735 2268 referturad
754 2229 860 2283 gen
873 2229 970 2278 us;
994 2217 1263 2282 etcaquze
1279 2211 1439 2277 dicit,
1455 2211 1508 2264 id
1528 2226 1654 2264 esse
1669 2209 1920 2279 speciem

263 2306 338 2359 de
365 2321 477 2375 qua
501 2321 691 2375 genus
739 2305 792 2357 in
827 2319 894 2358 eo
927 2303 1083 2374 quod
1119 2302 1257 2372 quid
1288 2301 1364 2354 sit
1395 2299 1763 2370 praedicatur,
1795 2314 1920 2353 eam

263 2411 470 2448 rursus
493 2393 794 2463 signiﬁcat
813 2391 1025 2463 speciei
1045 2392 1296 2444 formam
1316 2405 1489 2459 quam
1519 2389 1727 2442 retinet
1743 2403 1810 2441 ex
1828 2404 1922 2457 ge—

264 2483 423 2538 neris
453 2481 892 2553 przedicatione.
931 2481 1087 2534 Idem
1139 2483 1228 2533 est
1276 2485 1472 2532 autem
1525 2482 1581 2532 et
1626 2477 1762 2548 poni
1813 2480 1922 2532 sub

257 2587 496 2642 genere,
522 2572 669 2625 etde
691 2587 758 2625 eo
783 2567 1086 2640 praedicari
1110 2569 1478 2639 genus,sicut
1502 2566 1654 2622 idem
1679 2571 1769 2621 est
1785 2583 1921 2636 sup-

260 2661 397 2732 poni
421 2660 707 2731 generi,et
729 2660 776 2713 ei
799 2675 986 2729 genus
1006 2656 1284 2728 praeponi.
1306 2657 1468 2721 Quod
1486 2655 1535 2710 si
1557 2671 1764 2710 omnes
1786 2672 1921 2727 spe-

261 2752 377 2804 cies
401 2749 768 2805 collocantur
792 2747 902 2802 sub
936 2745 1555 2818 genere,mauil‘estum
1579 2750 1919 2798 estomnem

267 2840 518 2910 speciem
544 2839 654 2893 hoc
677 2838 902 2893 ambitu
922 2834 1334 2906 descriptionis
1354 2833 1600 2888 includi.
1621 2834 1728 2887 Sed
1751 2833 1924 2888 tertia

266 2928 538 2983 difﬁnitio
554 2927 628 2982 de
649 2943 715 2981 ea
729 2931 960 2981 tantum
976 2925 1168 2995 specie
1187 2922 1602 2993 loquitur,quaa
1619 2937 1922 2992 nunquam

266 3032 444 3088 genus
475 3023 591 3081 est,
613 3020 671 3071 et
689 3033 818 3088 quea
843 3014 1032 3069 solum
1059 3016 1282 3084 species
1315 3016 1500 3066 restat
1534 3028 1545 3064 :
1580 3011 1702 3066 hinc
1725 3015 1919 3066 autem

265 3107 486 3178 species
519 3111 610 3161 est
639 3121 708 3160 ea
738 3120 864 3176 qua)
898 3105 966 3159 de
999 3101 1402 3157 dilferentibus
1447 3100 1636 3171 specie
1680 3100 1923 3176 minime

271 3145 291 3162 υ
335 3145 486 3162 ww
519 3145 610 3161 ω.
639 3145 708 3160 νυ.
739 3145 864 3176 ,μω
899 3145 966 3159 ..ν
1000 3145 1402 3157 η....ν.ν....ν-.,
1447 3145 1636 3171 ..μνη

271 3145 791 3267 ρζωάἰοδιυτΝαῐη
815 3191 863 3246 si
886 3190 942 3246 id
967 3190 1338 3258 babetgenus
1357 3145 1993 3259 plusaspecie,quod

269 3285 334 3339 de
361 3283 780 3338 differentibus
811 3279 1005 3351 specie
1039 3278 1408 3351 praedicatur,
1439 3278 1488 3332 si
1523 3293 1640 3348 qua
1697 3277 1924 3346 species

268 3374 494 3444 quidem
533 3372 886 3443 praedicetur
917 3370 987 3423 de
1021 3369 1325 3437 subjectis,
1360 3367 1461 3422 sed
1497 3383 1608 3419 non
1636 3366 1707 3420 de
1737 3366 1927 3436 specie

267 3461 699 3526 differentibus,
724 3476 792 3514 ea
811 3457 1006 3513 solum
1031 3457 1139 3511 erit
1162 3456 1388 3527 species
1410 3454 1731 3526 superioris
1753 3470 1927 3525 gene-

267 3553 366 3617 ris,
390 3551 802 3620 subjectorum
826 3564 959 3603 vero
988 3563 1103 3602 non
1128 3545 1238 3600 erit
1259 3560 1469 3614 genus.
1503 3543 1690 3614 Igitur
1723 3543 1928 3613 praedi-

273 3641 411 3694 catio
442 3655 513 3693 ea
545 3655 724 3709 quam
760 3636 988 3708 species
1021 3634 1196 3690 habet
1225 3635 1295 3688 ad
1320 3633 1610 3702 subjecta,
1637 3633 1683 3686 si
1705 3631 1838 3686 talis
1858 3632 1933 3688 sit

277 3734 336 3782 ut
354 3729 426 3784 de
447 3726 863 3782 differentibus
894 3723 1082 3794 specie
1103 3739 1214 3778 non
1238 3721 1604 3793 praedicetur,
1621 3719 1934 3789 distinguit

273 3833 392 3873 eam
423 3819 502 3872 ab
536 3815 634 3872 his
665 3815 974 3885 speciebus
1006 3829 1134 3883 quae
1166 3827 1378 3881 genera
1409 3826 1540 3866 esse
1574 3814 1842 3880 possunt,
1878 3817 1935 3864 et

273 3909 560 3962 monstrat
581 3919 710 3960 eam
728 3903 924 3959 solum
945 3901 1207 3972 speciem
1229 3916 1379 3966 esse,
1405 3915 1508 3954 nec
1532 3897 1762 3970 generis
1788 3914 1933 3967 pra-

269 3995 618 4050 dicationem
638 3991 966 4048 tenere.llla
990 3989 1169 4061 igitur
1186 3988 1357 4044 tertia
1380 3986 1693 4056 descriptio
1725 3985 1936 4056 speciei

272 4101 390 4156 qua:
411 4084 604 4154 magis
619 4081 844 4153 species
867 4096 931 4134 ac
950 4077 1372 4153 specialissima
1395 4075 1936 4146 dicitur,difﬁnitur

272 4172 372 4230 hoc
405 4173 587 4227 modo
622 4188 635 4225 :
669 4168 905 4241 Species
951 4173 1039 4222 est
1087 4166 1238 4235 quod
1273 4167 1341 4220 de
1374 4165 1646 4235 pluribus
1691 4180 1937 4219 numero

269 4259 676 4316 differentibus
699 4258 753 4312 in
770 4257 1004 4328 ecquod
1021 4255 1160 4327 quid
1179 4255 1255 4310 sit
1273 4254 1718 4323 praedicatur,ut
1743 4254 1936 4309 homo:

284 4350 639 4421 pradicatur
667 4346 823 4402 enim
850 4347 921 4400 de
944 4345 1217 4400 Cicerone
1240 4359 1306 4398 ac
1331 4343 1714 4398 Demosthene
1749 4347 1805 4395 ct
1831 4359 1940 4396 can-

282 4439 408 4493 teris
432 4437 532 4508 qui
561 4452 672 4491 asc
695 4435 1025 4506 (utdictum
1049 4434 1288 4504 est)non
1325 4431 1544 4502 specie,
1572 4431 1673 4485 sed
1700 4447 1941 4508 numero

2030 1861 2200 1913 etiam
2212 1874 2380 1927 genus
2401 1858 2828 1928 partimilarium
2851 1857 3258 1922 hominum,sed
3272 1857 3680 1928 solumspecies.

2032 1949 2104 2001 Ac
2129 1963 2287 2001 omne
2315 1947 2454 2017 quod
2480 1953 2562 1999 est
2593 1955 2720 2000 ante
2740 1946 3050 2012 individua,
3074 1949 3430 2018 proximeque
3453 1947 3518 2001 de
3548 1946 3684 2017 ipsis

2031 2035 2387 2107 priedicatur,
2419 2035 2626 2106 species
2656 2038 2766 2090 erit
2797 2037 2993 2102 solum,
3027 2051 3134 2089 non
3165 2035 3332 2090 etiam
3371 2051 3556 2106 genus.

2107 2126 2484 2180 Prmdiximus
2519 2127 2588 2179 ab
2630 2124 2938 2179 Aristotele
2986 2125 3184 2179 decem
3230 2126 3687 2196 przedicamenta

2032 2229 2160 2269 esse
2187 2214 2866 2287 dispositu,quzeidcirco
2895 2215 3342 2284 praedicamenta
3374 2216 3683 2284 vocaverit,

2034 2303 2309 2374 quoniam
2336 2304 2406 2358 de
2429 2303 2938 2359 cmterisomnihus
2957 2303 3342 2373 praedicantur
3361 2320 3373 2358 :
3395 2303 3685 2374 quidquid

2031 2409 2167 2446 vero
2197 2393 2266 2445 de
2299 2392 2412 2446 alio
2441 2392 2809 2462 praedicatur,
2843 2392 2887 2446 si
2924 2409 3038 2445 non
3073 2391 3323 2462 potuerit
3352 2392 3686 2462 praedicatio

2033 2481 2311 2547 converti,
2347 2481 2533 2550 major
2562 2486 2651 2535 est
2682 2497 2772 2535 res
2809 2479 2909 2534 illa
2937 2497 3063 2551 qum
3099 2480 3451 2549 praedicatur
3495 2480 3566 2532 ab
3618 2496 3685 2534 ea
3744 2491 3746 2493 '

2033 2570 2102 2622 de
2117 2586 2232 2624 nua
2247 2569 2825 2640 praeilicaturJtaque
2841 2569 2957 2622 haec
2974 2569 3687 2639 przedicamentamaxima

2034 2675 2226 2713 rerum
2261 2659 2548 2726 omnium,
2583 2659 2858 2729 quoniam
2885 2660 2955 2712 de
2977 2658 3252 2712 omnibus
3272 2659 3687 2728 praedicantur,

2032 2752 2266 2802 ostensa
2289 2752 2445 2802 sunt.
2473 2747 2533 2801 In
2561 2765 2674 2802 uno
2701 2763 2936 2818 quoque
2959 2747 3138 2817 igitur
3170 2747 3376 2801 horum
3406 2747 3682 2818 praedica-

2033 2843 2362 2892 mentorum
2382 2838 2644 2907 quaedam
2671 2835 3108 2907 generalissima
3131 2842 3271 2890 sunt
3293 2840 3687 2906 genere,etest

2029 2926 2204 2997 longa
2225 2927 2406 2981 series
2429 2926 2779 2995 specierum,
2797 2930 2975 2993 atque
2991 2942 3021 2976 ει
3039 2924 3290 2977 [ηεικὶωο
3308 2926 3591 2978 decursus
3611 2925 3679 2978 ad

2032 3015 2297 3070 minima.
2319 3016 2383 3068 Et
2409 3014 2505 3068 illa
2536 3014 2772 3084 quidem
2805 3030 2929 3083 qua:
2954 3014 3022 3066 de
3046 3013 3268 3066 caeteris
3293 3013 3684 3083 praedicantur

2031 3110 2095 3159 ut
2116 3120 2346 3174 genera,
2370 3120 2552 3172 neque
2575 3102 2711 3156 ullis
2735 3101 2864 3156 aliis
2893 3106 3309 3172 supponuntur
3343 3106 3404 3154 ut
3434 3103 3678 3172 species,

2031 3191 2476 3264 generalissima
2497 3207 2709 3260 genera
2733 3195 3168 3260 nuncupantur,
3194 3190 3573 3260 idcirco,quia
3591 3189 3683 3244 his

2036 3282 2257 3337 nullum
2291 3281 2448 3335 aliud
2482 3280 2900 3350 superponitur
2931 3295 3132 3348 genus.
3164 3280 3370 3333 Infima
3395 3295 3526 3333 vero
3557 3295 3684 3350 quae

2034 3371 2104 3423 de
2135 3368 2313 3422 nullis
2345 3367 2649 3436 speciebus
2680 3365 2979 3432 dicuntur,
3003 3365 3436 3436 specialissima:
3461 3367 3686 3438 species

2036 3455 2650 3528 appellantur,idcirco
2665 3454 2943 3525 quoniam
2959 3455 3247 3525 integrum
3273 3457 3362 3526 cuj
3377 3455 3684 3510 uslibetrei

2034 3545 2383 3600 vocabulum
2411 3544 2509 3598 illa
2533 3543 2889 3613 suscipiunt,
2909 3560 3032 3612 quzs
3055 3561 3200 3615 pura
3230 3544 3610 3613 immistaque
3629 3545 3688 3598 in

2036 3651 2102 3690 ea
2134 3636 2202 3688 de
2236 3651 2352 3704 qua
2384 3633 2669 3704 quaeritur
2695 3633 3050 3704 proprietate
3074 3639 3205 3686 sunt
3233 3632 3551 3687 constituta
3589 3649 3602 3686 :
3633 3638 3692 3688 at

2038 3723 2314 3794 quoniam
2350 3722 2574 3792 species
2595 3721 2649 3774 id
2676 3721 2830 3791 quod
2855 3721 3078 3791 species
3099 3727 3276 3776 estex
3297 3739 3361 3776 eo
3385 3721 3556 3776 habet
3581 3738 3690 3776 no-

2041 3829 2194 3878 men,
2221 3812 2360 3882 quia
2384 3809 2737 3880 supponitur
2767 3811 2986 3882 generi,
3011 3811 3137 3881 ipsa
3161 3811 3270 3865 erit
3292 3811 3539 3882 simplex
3559 3827 3688 3882 spe-

2041 3903 2182 3966 cies,
2206 3900 2253 3956 si
2279 3901 2357 3954 ita
2379 3899 2575 3971 generi
2608 3905 2996 3969 supponatur,
3021 3905 3084 3953 ut
3108 3899 3283 3954 nullis
3303 3900 3433 3954 aliis
3464 3901 3690 3972 specie-

2042 3992 2154 4045 bus
2201 3993 2578 4060 praeponatur
2609 3993 2673 4042 ut
2703 4004 2911 4056 genus.
2945 3989 3179 4058 Species
3228 3989 3383 4044 enim
3431 4007 3557 4060 quae
3608 3990 3691 4044 sic

2045 4079 2246 4151 generi
2279 4078 2632 4149 supponitur
2657 4077 2779 4142 alii,
2815 4083 2879 4130 ut
2909 4077 3003 4131 alii
3039 4084 3432 4149 praeponatur,
3460 4096 3572 4134 non
3606 4083 3696 4133 est

2048 4168 2291 4240 simplex
2314 4166 2663 4238 species,sed
2683 4167 2856 4220 habet
2879 4168 3194 4236 quamdam
3216 4168 3445 4238 generis
3469 4169 3538 4221 ad
3551 4166 3697 4220 mix-

2047 4258 2264 4311 tionem
2291 4272 2304 4310 :
2332 4256 2432 4310 illa
2454 4271 2584 4310 vero
2608 4253 2830 4324 species
2848 4271 2975 4324 quae
3000 4255 3080 4308 ita
3101 4257 3449 4326 supponitur
3471 4255 3696 4326 generi,

2050 4349 2114 4398 ut
2144 4344 2387 4398 minime
2419 4343 2725 4412 speciebus
2770 4341 2900 4396 aliis
2950 4350 3341 4414 praeponatur,
3372 4343 3472 4398 illa
3503 4343 3692 4398 solum

2051 4433 2413 4504 simplexque
2439 4433 2662 4502 species
2685 4440 2767 4484 est
2791 4438 2965 4501 atque
2989 4431 3202 4487 idcirco
3223 4439 3278 4487 et
3297 4435 3548 4487 maxime
3571 4450 3702 4504 spe-

282 4497 630 4600 discrepant.
648 4497 726 4580 Ea
751 4525 938 4580 tribus
957 4497 1624 4596 igitur'difﬁnitionibus
1644 4522 1791 4576 duas
1811 4497 2011 4592 qui-"0
2044 4497 2298 4588 cies-esl,
2320 4497 2389 4575 et
2420 4497 2848 4590 specialissima
2872 4497 3271 4592 nuncupatur.
3300 4523 3457 4577 Inter
3487 4497 3700 4592 genera

285 4617 405 4670 dem
438 4622 497 4671 et
524 4613 988 4686 specialissimas
1009 4617 1192 4666 etnon
1217 4609 1675 4682 specialissimas
1709 4611 1934 4680 species

283 4705 517 4774 claudit,
542 4704 666 4758 hac
690 4719 822 4759 vero
845 4701 1018 4758 tertia
1049 4700 1237 4755 solum
1272 4698 1545 4753 ultimam
1580 4698 1854 4768 speciem:
1874 4704 1936 4752 ut

282 4801 470 4849 autem
508 4793 773 4865 apertius
798 4792 852 4844 id
879 4790 1248 4860 liqueat,rem
1275 4775 1651 4859 paulo'altius
1685 4785 1932 4854 orditur,

283 4900 522 4956 eamque
554 4881 836 4952 congruis
869 4878 1126 4934 illustrat
1155 4869 1435 4946 exemplis
1469 4892 1482 4929 :

349 4974 587 5026 Planum
647 4977 835 5025 antem
885 4969 991 5024 erit
1035 4967 1185 5037 quod
1244 4965 1449 5019 dicitur
1502 4963 1602 5018 hoc
1657 4964 1832 5020 modo.
1875 4965 1937 5020 In

285 5075 602 5131 unoquoque
620 5058 1049 5130 praedicamenlo
1065 5060 1195 5108 sunt
1216 5053 1468 5124 quintam
1485 5052 1819 5123 generalissi
1825 5071 1935 5120 ma,

287 5155 335 5204 et
362 5167 554 5204 rursus
600 5149 718 5203 alia
767 5145 1189 5218 specialissima,
1221 5152 1272 5198 et
1316 5144 1467 5196 inter
1521 5143 1936 5209 generalissima

288 5245 334 5293 et
375 5239 778 5310 specialissima
833 5240 964 5290 sunt
1018 5235 1135 5290 alia
1183 5248 1302 5304 quae
1342 5240 1394 5286 et
1423 5246 1628 5300 genera
1657 5240 1707 5286 et
1732 5233 1938 5302 species

290 5331 472 5384 eadem
529 5330 815 5384 dicuntur.
848 5328 937 5380 Est
968 5328 1154 5380 autem
1183 5321 1669 5392 generalissimum
1718 5322 1936 5392 quidem

291 5435 445 5488 supra
514 5419 660 5492 quod
713 5433 832 5471 non
889 5420 964 5470 est
1022 5413 1178 5468 aliud
1253 5410 1476 5481 aliquod
1551 5412 1940 5481 superueniens

292 5524 475 5579 genus.
511 5506 986 5580 Specialissimum
1035 5506 1216 5557 autem
1245 5504 1368 5572 post
1399 5498 1548 5570 quod
1578 5516 1690 5554 non
1717 5507 1795 5556 est
1822 5500 1938 5555 alia

294 5598 471 5668 aliqua
501 5598 742 5668 inferior
754 5593 979 5665 species.
1006 5593 1154 5648 Inter
1169 5587 1652 5662 generatissimum
1684 5598 1869 5646 autem
1887 5599 1939 5646 et

2044 4614 2226 4683 igitur
2259 4627 2384 4681 quae
2417 4614 2559 4664 sunt
2590 4609 3058 4681 generalissima,
3081 4616 3136 4665 et
3159 4611 3382 4682 species
3416 4628 3540 4682 quae
3561 4618 3699 4666 sunt

2045 4699 2507 4772 specialissimze,
2533 4699 2588 4752 in
2616 4699 2808 4753 medio
2841 4703 2980 4753 sunt
3013 4700 3274 4770 quaedam
3294 4717 3420 4771 qum
3443 4700 3702 4770 superio-

2047 4791 2211 4846 ribus
2240 4788 2473 4858 quidem
2499 4787 2722 4842 collataa
2742 4793 2882 4842 sunt
2904 4790 3150 4859 species,
3175 4789 3696 4844 inferioribusvero

2048 4878 2416 4953 generalium
2431 4894 2496 4932 su
2507 4876 2768 4931 balterna
2782 4893 2992 4948 genera
3007 4895 3038 4931 n
3051 4881 3603 4949 uncupantur,quod
3622 4881 3702 4934 ita

2049 4973 2188 5024 sunt
2217 4983 2448 5039 genera,
2471 4970 2534 5020 ut
2557 4967 2802 5020 alterum
2838 4965 2948 5019 sub
2981 4967 3160 5022 altero
3192 4967 3697 5033 collocetur.Quod

2048 5057 2230 5126 igitur
2255 5055 2445 5110 solum
2479 5071 2663 5124 genus
2696 5060 2805 5120 est,
2837 5054 2890 5108 id
2925 5055 3143 5110 dicitur
3185 5057 3699 5128 generalissimum

2048 5161 2233 5215 genus
2259 5163 2273 5212 ;
2307 5160 2437 5214 quae
2458 5159 2590 5198 vero
2607 5143 2684 5196 ita
2699 5149 2839 5197 sunt
2859 5151 3292 5215 generautesse
3315 5146 3537 5217 species
3562 5164 3699 5213 pos-

2050 5231 2278 5298 sint,vel
2302 5231 2383 5284 ita
2405 5230 2629 5300 species
2645 5235 2707 5283 ut
2729 5229 2850 5284 sint
2869 5247 3083 5301 genera
3102 5233 3700 5303 nonnunquam,sub-

2049 5319 2272 5374 alterna
2304 5335 2512 5390 genera
2533 5317 2619 5372 vel
2643 5319 2866 5388 species
2890 5319 3447 5389 appellantur.0uod
3464 5338 3596 5375 vero
3621 5323 3700 5374 ita

2048 5413 2138 5464 est
2159 5409 2407 5479 species,
2432 5413 2496 5462 ut
2515 5407 2613 5464 alii
2643 5425 2830 5479 genus
2861 5425 2992 5465 esse
3025 5427 3137 5465 non
3169 5411 3374 5482 possit,
3399 5408 3698 5479 specialis-

2049 5498 2200 5553 sima
2214 5497 2437 5570 species
2451 5497 2792 5554 dicitur.His
2806 5515 2941 5571 ergo
2955 5501 3202 5569 cognitis
3217 5516 3519 5555 sumamus
3536 5499 3701 5550 unius

2047 5587 2490 5659 prmdicamenti
2520 5588 2874 5659 exemplum.
2899 5590 3050 5645 utab
3065 5606 3132 5645 eo
3151 5591 3209 5644 in
3227 5589 3448 5644 caeteris
3472 5601 3699 5658 quoque
