4126 6180
534 369 641 426 107
1816 348 1935 423 ΑΝ.
1976 365 2157 421 ΜΛΝ]

2270 356 2397 418 ιΒν.
2436 363 2677 419 BOBTII
3841 366 3944 424 108

535 511 685 565 esse,
717 498 777 553 et
804 511 1015 551 rursus
1041 509 1221 566 supra
1278 493 1433 563 quod
1475 508 1590 548 non
1634 490 1745 547 erit
1775 490 1935 547 aliud
1996 506 2181 563 genus
2211 492 2264 559 Α
2295 504 2543 544 numero
2561 487 2966 546 differentibus
2982 490 3333 563 praedicatur
3357 507 3370 546 :
3394 490 3543 546 nihil
3564 491 3719 548 enim
3742 494 3941 553 minus

536 588 978 659 supraveniens.
998 584 1056 639 Si
1079 581 1490 638 enimhaberet
1520 581 1680 636 aliud
1713 598 1895 652 genus
1912 595 2185 652 superve~
2291 576 2525 648 phoenix
2556 578 2627 633 de
2665 578 2935 651 pluribus
2968 581 3401 652 praedicaretur,
3425 580 3476 636 si
3508 581 3704 653 plures
3735 590 3932 642 essent

534 677 711 732 niens
741 674 986 729 minime
1033 672 1230 742 ipsum
1287 670 1799 742 generalissimum
1855 672 2176 725 vocaretur.

538 764 976 837 Specialissima
1013 780 1146 820 vero
1173 762 1397 834 Species
1442 761 1549 817 hoc
1584 762 1753 816 modo
1803 761 2178 827 describitur,

535 856 690 927 quod
713 869 846 908 cum
881 851 957 908 sit
975 851 1203 923 species
1227 868 1339 907 non
1375 855 1463 906 est
1492 867 1702 922 genus,
1739 850 1963 906 scilicet
1992 866 2060 905 ex
2082 867 2181 920 op-

528 940 1036 1015 posito,quoniam
1068 940 1337 1011 opposita
1358 956 1427 995 ex
1458 940 1741 1011 oppositis
1765 940 2181 995 describuntur

528 1032 848 1097 interdum,
894 1046 1030 1085 nam
1078 1030 1359 1101 quoniam
1406 1029 1740 1101 praepositio
1790 1029 2059 1101 opposita
2091 1033 2181 1083 est

527 1119 935 1192 suppositioni:
969 1134 1155 1188 genus
1186 1124 1381 1174 autem
1402 1118 1781 1191 praeponitur,
1803 1116 2025 1190 species
2043 1134 2176 1173 vero

528 1221 901 1295 supponitur.
936 1221 990 1276 Si
1025 1220 1239 1276 idcirco
1270 1220 1380 1275 erit
1411 1221 1667 1292 primum
1697 1236 1903 1290 genus,
1928 1218 2065 1290 quia
2098 1219 2179 1274 ita

524 1309 1280 1383 superponiturutminime
1306 1312 1672 1381 supponatur
1711 1308 1924 1364 idcirco
1947 1308 2058 1363 erit
2091 1306 2176 1361 ul-

529 1402 677 1458 tima
706 1402 956 1474 species,
985 1400 1125 1473 quia
1155 1401 1236 1456 ita
1265 1400 1639 1472 supponitur,
1673 1403 1735 1454 ut
1768 1398 2027 1471 praeponi
2059 1414 2176 1453 non

534 1490 719 1563 possit
751 1506 766 1545 :
798 1490 981 1563 igitur
1000 1495 1152 1546 recte
1175 1490 1577 1561 oppositorum
1609 1505 1680 1545 ex
1708 1488 1995 1560 oppositis
2026 1488 2179 1543 facta

532 1578 927 1635 estdiffinitio.
952 1579 1054 1635 Est
1070 1579 1185 1636 alia
1208 1596 1411 1635 rursus
1432 1578 1749 1650 descriptio
1773 1576 2175 1649 speciei,quod

526 1685 661 1724 cum
690 1670 771 1725 sit
798 1669 1045 1742 species,
1097 1686 1402 1742 nunquam
1433 1668 1715 1724 dividitur
1743 1666 1805 1722 in
1835 1667 2082 1739 species,
2117 1665 2175 1722 id

2289 684 2467 738 quam
2493 685 2649 722 nunc
2666 670 2901 739 quando
2925 687 3081 725 unus
3100 686 3228 727 esse
3251 670 3609 743 perhibetur.
3632 674 3775 728 Item
3795 676 3933 732 solis

2287 756 2513 828 species
2538 758 2607 811 de
2629 757 2736 811 hoc
2757 774 2871 812 uno
2886 757 3009 814 sole
3025 776 3199 829 quem
3218 759 3508 825 novimus,
3528 776 3684 815 nunc
3700 761 3934 821 dicitur:

2288 849 2345 899 at
2360 847 2407 900 si
2423 846 2479 900 in
2498 847 2689 901 animo
2710 846 2907 918 plures
2923 846 3075 903 soles
3098 847 3224 902 etin
3248 849 3599 921 cogitatione
3616 850 3931 925 fingantur,

2289 934 2675 990 nihilominus
2708 936 2777 991 de
2811 935 3077 1006 pluribus
3107 936 3332 992 solibus
3366 937 3685 993 individuis
3720 956 3929 997 nomen

2287 1024 2430 1079 solis
2462 1042 2641 1095 quam
2674 1026 2867 1097 dehoc
2898 1042 3014 1081 uno
3037 1026 3472 1098 praadicabitur.
3508 1026 3729 1084 Idcirco
3761 1030 3937 1101 igitur

2286 1114 2509 1185 species
2528 1114 2597 1169 de
2613 1114 2887 1186 pluribus
2903 1131 3141 1170 numero
3155 1115 3557 1171 differentibus
3570 1117 3790 1174 dicitur
3807 1137 3938 1191 prae-

2286 1203 2492 1273 dicari,
2525 1219 2660 1257 cum
2694 1204 2812 1259 sint
2843 1202 3051 1275 aliqua
3082 1220 3211 1275 quae
3245 1205 3315 1259 de
3334 1203 3585 1276 singulis
3614 1205 3932 1267 individuis

2284 1291 2673 1364 appellentur.
2708 1291 2817 1347 Illa
2846 1309 2978 1348 vero
3012 1310 3139 1364 quae
3172 1294 3512 1349 subalterna
3539 1300 3822 1351 vocantur
3851 1298 3933 1355 ita

2285 1382 2526 1436 difﬁniri
2560 1387 2784 1452 queunt
2817 1397 2829 1435 :
2863 1381 3277 1436 Subalternum
3303 1397 3491 1454 genus
3512 1387 3597 1438 est
3618 1385 3771 1455 quod
3804 1402 3934 1443 esse

2284 1485 2468 1542 genus
2488 1474 2543 1524 et
2574 1470 2798 1542 species
2825 1470 3038 1542 poterit
3077 1470 3148 1525 ad
3182 1485 3315 1525 eum
3352 1471 3593 1526 modum
3625 1474 3725 1544 qui
3749 1478 3838 1531 est
3866 1477 3929 1532 in

2285 1560 2526 1616 familiis
2542 1578 2671 1633 quae
2694 1565 3004 1634 procreant
3019 1565 3075 1616 et
3089 1566 3489 1633 procreantur,
3510 1566 3573 1618 ut
3589 1564 3763 1620 etiam
3787 1567 3932 1621 sub-

2276 1651 2502 1721 jectum
2537 1656 2827 1708 monstrat
2856 1650 3210 1722 exemplum,
3245 1656 3310 1708 ut
3339 1654 3763 1726 Agamemnon,
3784 1654 3934 1712 Atri-

528 1762 619 1815 est
638 1740 977 1831 genusesse
995 1776 1110 1815 non
1134 1740 1347 1831 potest.
1371 1759 1431 1815 Si
1463 1758 1621 1814 enim
1645 1772 1817 1813 omne
1844 1771 2032 1828 genus
2052 1771 2180 1827 spe-
2282 1741 2407 1809 άθεν
2436 1746 2493 1796 et
2517 1741 2841 1831 Pelopides,
2874 1749 2926 1797 θῑ
2956 1740 3316 1831 Τβηῖθλίάθε»
3350 1748 3407 1798 εἴ
3438 1741 3717 1799 Ultimum
3747 1744 3928 1802 -Ῐονίε-

526 1829 747 1904 ciarum
779 1865 967 1922 genus
992 1853 1102 1920 est,
1134 1829 1182 1904 si
1214 1848 1355 1921 quid
1379 1863 1498 1904 non
1528 1846 1812 1904 dividitur
1843 1845 1902 1901 in
1926 1844 2173 1916 species,
2204 1876 2251 1941 Β
2284 1830 2670 1941 Αίτθιξειθοίω
2689 1829 2909 1931 Pelopi?
2935 1829 3094 1885 ﬁlius
3119 1834 3400 1941 tamen?
3425 1833 3690 1941 ejus‘dem
3706 1835 3928 1906 specii-38

536 1963 866 2020 genusesse
879 1964 994 2004 non
1012 1952 1218 2020 potest.
1236 1948 1561 2004 Estrursus
1574 1946 1686 2001 alia
1700 1945 1997 2012 diffinitio,
2014 1945 2169 2015 quod

537 2038 608 2092 de
629 2036 1567 2109 pluribusdifferentibusnumero
1591 2035 1650 2090 in
1665 2051 1730 2091 eo
1762 2035 1916 2105 quod
1938 2034 2079 2105 quid
2097 2033 2175 2088 sit

526 2126 900 2197 praedicatur,
936 2128 1007 2182 de
1037 2142 1154 2197 qua
1186 2124 1534 2181 diffinitione
1584 2140 1737 2194 saepe
1768 2128 1859 2178 est
1896 2122 2172 2195 superius

530 2216 1031 2272 demonstratum:
1066 2232 1219 2270 nunc
1249 2215 1395 2270 illud
1427 2213 1845 2270 attendendum
1875 2216 1967 2267 est
1994 2210 2172 2281 (sicut

527 2304 703 2377 paulo
732 2321 905 2375 supra
934 2306 1155 2361 dictum
1193 2306 1302 2375 est)
1338 2304 1550 2371 speciei
1582 2318 1764 2358 unum
1798 2301 2169 2357 individuum

525 2399 719 2466 potest
749 2394 1082 2467 subjectum
1115 2408 1264 2463 esse,
1294 2401 1355 2449 ut
1385 2393 1635 2466 phmnici
1667 2397 1899 2447 atomus
1930 2408 2061 2459 sua,
2103 2394 2170 2446 ut

521 2483 855 2556 solicorpus
873 2485 977 2540 hoc
995 2483 1277 2554 lucidum,
1297 2482 1595 2539 utmundo
1618 2481 1705 2537 vel
1727 2481 1901 2549 lunae,
1919 2496 2168 2552 quorum

522 2573 750 2643 species
763 2573 1016 2646 singulis
1029 2573 1154 2629 suis
1173 2572 1492 2628 individuis
1505 2569 2166 2643 superponunturzquod

521 2661 571 2717 si
586 2660 669 2717 ita
686 2668 774 2719 est
789 2668 855 2718 ut
875 2664 1100 2734 species
1114 2663 1185 2718 de
1215 2678 1331 2718 uno
1350 2661 1613 2733 quolibet
1633 2660 1936 2715 individuo
1950 2660 2162 2731 praedi-

520 2754 704 2821 cetur,
728 2755 790 2807 ut
810 2752 882 2807 de
906 2751 1507 2823 phoenice,quomodo
1538 2750 1809 2805 convenit
1830 2750 2020 2804 dicere
2042 2765 2169 2820 spe-

520 2840 669 2895 ciem
700 2856 830 2896 esse
862 2857 987 2911 quae
1019 2841 1090 2896 de
1114 2839 1384 2911 pluribus
1408 2855 1654 2894 numero
1673 2838 2081 2894 differentibus
2104 2838 2162 2893 in

516 2944 584 2984 eo
596 2929 749 3001 quod
766 2929 908 3001 quid
923 2929 1001 2984 sit
1014 2928 1397 3001 praedicetur?
1417 2945 1483 2983 su
1495 2927 1999 2998 ntenimquaedam
2038 2943 2162 2996 quis

513 3018 584 3074 de
597 3034 836 3075 numero
852 3018 1258 3075 differentibus
1272 3018 1514 3073 minime
1527 3018 1825 3085 dicuntur,
1848 3020 1914 3072 ut
1929 3016 2164 3087 phoenix

511 3107 622 3175 sol,
654 3109 817 3177 luna,
855 3109 957 3163 sed
977 3108 1048 3162 de
1063 3108 1155 3163 his
1174 3108 1277 3162 illa
1298 3106 1446 3164 ratio
1472 3111 1562 3163 est
1577 3108 1648 3163 de
1660 3123 1777 3179 qua
1793 3108 1969 3162 etiam
1993 3121 2162 3177 supe-

510 3194 637 3251 rius
650 3211 835 3265 pauca
848 3195 1239 3265 reddidimus,
1262 3212 1389 3267 quae
1408 3196 1718 3268 paululum
1736 3195 1992 3268 implexa
2004 3210 2159 3250 com-

2282 1920 2451 1991 quasi
2485 1919 2942 1991 Agamemnonis
2983 1936 3168 1992 genus
3202 1924 3309 1975 est.
3346 1922 3490 1977 Item
3534 1924 3927 1993 Agamemnon

2286 2008 2590 2081 Pelopides
2622 2015 2678 2065 et
2706 2010 3067 2075 Tantalides,
3101 2025 3234 2065 cum
3270 2009 3478 2082 Pelops
3507 2011 3578 2066 ad
3612 2013 3926 2069 Tantalum

2281 2103 2675 2170 comparatur,
2700 2098 3099 2170 Tantalusque
3129 2100 3201 2154 ad
3232 2099 3433 2155 Jovem
3476 2101 3645 2172 quasi
3678 2102 3922 2174 species,

2280 2189 2537 2260 itemque
2566 2189 2845 2244 Tantalus
2876 2190 2946 2243 ad
2980 2188 3271 2260 Pelopem,
3327 2189 3537 2262 Pelops
3583 2191 3655 2246 ad
3686 2194 3925 2249 Atreum

2279 2279 2446 2349 quasi
2466 2295 2680 2350 genera
2696 2294 2824 2333 esse
2845 2278 3173 2344 videantur,
3201 2295 3336 2333 cum
3356 2279 3587 2348 Jupiter
3610 2280 3687 2335 sit
3707 2280 3920 2337 horum

2279 2366 2435 2422 velut
2453 2366 2958 2439 generalissimum
2974 2383 3180 2439 genus.
3208 2368 3319 2423 Sed
3342 2367 3401 2422 in
3426 2368 3664 2425 familiis
3688 2370 3922 2440 quidem

2278 2455 2622 2528 plerumque
2654 2458 3018 2513 reducuntur
3040 2458 3111 2513 ad
3148 2473 3331 2512 unum
3356 2457 3733 2529 principium,
3756 2460 3917 2516 verbi

2276 2546 2484 2616 gratia,
2519 2547 2589 2601 ad
2620 2546 2845 2601 Jovem.

2345 2655 2409 2707 In
2439 2655 2734 2723 generibus
2750 2660 2938 2710 autem
2955 2663 3006 2709 et
3028 2654 3309 2722 speciebus
3326 2670 3433 2710 non
3449 2656 3528 2710 sic
3548 2670 3604 2711 se
3627 2655 3921 2713 habet.Ne-

2274 2758 2377 2813 que
2406 2743 2555 2797 enim
2584 2760 2759 2798 unum
2786 2760 3075 2800 commune
3105 2760 3276 2813 genus
3300 2745 3549 2799 omnium
3578 2756 3659 2801 est
3688 2762 3802 2812 ens,
3824 2762 3924 2802 nec

2273 2833 2459 2887 omnia
2474 2832 2709 2903 ejusdem
2726 2834 2947 2904 generis
2958 2837 3090 2887 sunt
3102 2832 3397 2888 secundum
3414 2850 3587 2888 unum
3603 2850 3916 2905 supremum

2271 2935 2462 2989 genus,
2494 2920 2946 2991 quemadmodum
2964 2921 3099 2976 dicit
3120 2921 3458 2991 Aristoteles,
3475 2922 3567 2977 sed
3594 2923 3708 2977 sint
3722 2925 3922 2995 posita,

2272 3024 2430 3079 quem
2440 3013 2737 3065 admodum
2750 3011 2961 3065 dictum
2972 3012 3127 3065 estin
3140 3011 3606 3082 praedicamenlis,
3622 3012 3805 3078 prima
3819 3013 3919 3068 de-

2269 3114 2380 3154 cem
2397 3115 2617 3170 genera,
2637 3102 2802 3172 quasi
2815 3099 2996 3155 decem
3021 3100 3216 3171 prima
3243 3099 3541 3171 principia.
3568 3102 3635 3156 Ei
3654 3102 3703 3155 si
3722 3104 3919 3158 omnia

2273 3191 2397 3260 quis
2426 3188 2575 3244 entia
2598 3188 3284 3261 vocet,wquivoce,inquit,
3303 3191 3767 3261 nuncupabitnon
3782 3194 3919 3246 uni-

510 3283 855 3340 modissime
877 3283 1099 3339 nodum
1121 3285 1458 3355 quaestionis
1473 3285 1753 3340 absolvet.
1772 3286 1982 3340 Omnia
1994 3284 2155 3341 enim
2184 3257 2228 3325 α
2266 3293 2389 3334 voce
2405 3296 2424 3334 :
2436 3279 2485 3332 si
2501 3280 2651 3334 enim
2670 3295 2763 3334 ens
2786 3294 2959 3333 unum
2978 3286 3111 3333 esset
3129 3294 3422 3333 commune
3453 3281 3701 3334 omnium
3716 3296 3917 3350 genus,

511 3388 639 3444 quas
670 3372 781 3427 sub
812 3371 1260 3444 specialissimis
1281 3372 1897 3447 speciebus}sunt,sive
1925 3374 2158 3429 infinita

512 3462 652 3529 sint,
682 3461 803 3517 sive
833 3461 999 3517 finito
1030 3477 1277 3517 numero
1296 3462 1638 3528 constituta,
1660 3460 1779 3516 sive
1803 3462 1873 3516 ad
1902 3461 2158 3534 singula-

510 3550 742 3607 ritatem
789 3551 1175 3621 deducantur,
1209 3551 1348 3606 dum
1373 3554 1465 3606 est
1516 3550 1753 3621 aliquod
1785 3550 2152 3607 individuum

508 3665 742 3721 semper
762 3649 987 3722 species
1007 3648 1289 3718 manebit,
1314 3666 1505 3720 neque
1529 3647 1965 3704 individuorum
1987 3649 2156 3704 dimi-

506 3738 750 3793 nutione
770 3738 819 3793 si
843 3737 1151 3810 quodlibet
1175 3754 1357 3793 unum
1394 3742 1651 3805 maneat,
1680 3738 1905 3810 species
1927 3754 2153 3795 consu-

502 3826 1330 3899 mitur,quoniam,utdictum
1346 3830 1657 3893 est,tamen
1675 3828 1723 3881 si
1738 3826 1909 3899 plura
1924 3827 2151 3883 sintin-

501 3915 743 3970 dividua
762 3915 1182 3971 substantiales
1204 3914 1562 3972 differentias
1586 3933 1699 3972 non
1734 3916 2052 3972 habebunt:
2090 3917 2148 3972 id

501 4020 638 4076 ergo
668 4003 727 4059 in
760 4020 973 4076 genere
1003 4005 1118 4060 dici
1155 4022 1273 4061 non
1301 4006 1759 4075 convenit,quod
1791 4005 1885 4061 his
1918 4013 2146 4078 praeest,

501 4109 633 4165 qum
670 4093 1042 4150 substantiali
1075 4112 1110 4150 a
1140 4111 1202 4150 se
1246 4094 1573 4151 differentia
1620 4094 1957 4167 disgregata
1986 4104 2145 4167 sunt,

500 4197 711 4262 praeest
742 4192 899 4248 enim
932 4192 1240 4265 speciebus
1258 4209 1387 4265 quas
1417 4192 1664 4249 diversis
1696 4194 2043 4249 differentiis
2066 4194 2149 4249 in-

497 4280 846 4337 formantur.
873 4281 929 4335 Si
960 4282 1142 4354 igitur
1170 4299 1288 4337 una
1308 4298 1508 4337 eorum
1540 4283 1799 4353 perierit,
1824 4287 1880 4338 et
1910 4284 1981 4338 ad
2010 4283 2144 4339 uni-

497 4373 677 4425 tatem
693 4369 903 4441 speciei
920 4373 1155 4427 redacta
1166 4372 1357 4440 fuerit,
1377 4372 1523 4427 ratio
1576 4372 1807 4444 generis
1818 4388 2145 4443 genusesse

493 4474 608 4514 non
624 4460 856 4531 poterit,
877 4461 1018 4531 quia
1034 4461 1105 4515 de
1130 4460 1546 4517 defferentibus
1560 4461 1753 4533 specie
1771 4463 2142 4533 praedicatur,

494 4564 609 4603 non
634 4549 717 4604 ita
738 4549 797 4603 in
820 4548 1151 4621 speciebus.
1174 4550 1318 4606 Nam
1342 4549 1391 4603 si
1413 4551 1681 4605 omnium
1702 4551 2141 4607 individuorum

2265 3366 2493 3423 univoce
2524 3369 2713 3423 omnia
2734 3368 2884 3423 entia
2913 3367 3251 3423 dicerentur:
3292 3384 3415 3422 cum
3438 3384 3564 3424 vero
3592 3370 3703 3424 sint
3727 3369 3917 3427 decem

2261 3458 2463 3528 prima,
2498 3462 2869 3513 communeest
2900 3475 2994 3513 ens
3009 3457 3310 3513 secundum
3349 3475 3549 3514 nomen
3578 3460 3779 3527 solum,
3803 3476 3921 3516 non

2264 3548 2428 3602 etiam
2446 3547 2741 3602 secundum
2764 3549 3054 3617 rationem,
3080 3564 3205 3619 quae
3221 3547 3517 3604 secundum
3538 3550 3679 3605 entis
3709 3565 3913 3605 nomen

2261 3640 2360 3692 est.

2332 3746 2617 3810 Quoniam
2652 3762 2786 3802 cum
2818 3747 2890 3802 de
2922 3744 3278 3802 subalternis
3308 3747 3623 3818 generibus
3662 3748 3911 3817 diceret,

2260 3835 2490 3891 familias
2513 3837 2824 3907 cujusdam
2867 3836 3063 3907 posuit
3110 3836 3466 3907 exemplum,
3494 3853 3620 3907 quae
3647 3838 3719 3892 ab
3752 3844 3913 3911 Aga-

2260 3942 2571 3981 memnone
2593 3925 2853 3998 pervenit
2866 3926 2937 3981 ad
2954 3926 3361 3996 Jovem,quem
3380 3942 3481 3997 pro
3501 3926 3761 3982 numinis
3778 3928 3918 3997 qui-

2257 4016 2390 4071 dem
2422 4016 2761 4081 reverentia,
2788 4015 3062 4070 ultimum
3084 4016 3298 4086 posuit.
3325 4017 3620 4081 Quantum
3649 4016 3809 4071 enim
3832 4018 3911 4072 ad

2257 4109 2476 4159 veteres
2520 4104 2845 4176 theologos,
2897 4105 3144 4159 refertur
3180 4104 3405 4175 Jupiter
3436 4105 3505 4158 ad
3557 4109 3910 4174 Saturnum,

2254 4195 2543 4248 Saturnus
2576 4194 2646 4247 ad
2680 4192 2924 4263 Caelum,
2952 4192 3141 4248 leus
3161 4209 3295 4247 vero
3320 4193 3392 4247 ad
3416 4194 3911 4265 antiquissimum

2253 4281 2577 4353 Ophionem
2602 4282 3040 4351 ducitur,cujus
3094 4280 3380 4353 Ophionis
3415 4281 3642 4337 nullum
3678 4284 3912 4353 princi-

2252 4372 2407 4441 pium
2420 4376 2527 4427 est.
2540 4371 2617 4429 Ne
2632 4371 2806 4443 igitur
2820 4372 2972 4442 quod
2991 4370 3047 4425 in
3066 4372 3178 4425 fam
3192 4370 3303 4425 iliis
3314 4370 3486 4435 est,id
3501 4370 3559 4427 in
3576 4372 3747 4428 rebus
3762 4390 3920 4445 quo-

2253 4475 2507 4529 queesse
2528 4460 2819 4527 credatur,
2846 4463 3016 4514 utres
3038 4475 3241 4514 omnes
3264 4457 3487 4528 possint
3501 4459 3571 4513 ad
3598 4476 3783 4514 unum
3803 4463 3907 4517 sui

2253 4549 2507 4604 nominis
2522 4549 2711 4604 redire
2726 4547 3327 4620 principium,idcirco
3342 4547 3696 4604 determinat
3711 4548 3824 4605 hoc
3844 4551 3913 4607 in

493 4641 703 4694 natura
718 4639 1180 4708 consumptasit,
1202 4642 1260 4693 et
1281 4638 1351 4693 ad
1383 4639 1558 4694 unius
1573 4640 2141 4711 singularitatemin-
2177 4634 2212 4692 ll
2246 4640 2563 4709 generibus
2594 4655 2659 4694 ac
2681 4640 2986 4710 speciebus
3006 4654 3133 4694 esse
3156 4655 3266 4693 non
3294 4654 3489 4710 posse;
3514 4653 3703 4708 neque
3739 4638 3912 4694 enim

492 4726 714 4781 dividui
736 4726 1054 4797 suppositas
1086 4727 1299 4798 speciei
1323 4728 1655 4797 praedicatio
1677 4730 1918 4797 venerit,
1951 4735 2040 4784 est
2059 4735 2142 4786 ta—

494 4829 627 4869 men
650 4815 876 4885 species
895 4831 961 4870 ac
981 4821 1301 4887 permanet.
1328 4816 1493 4873 Talia
1523 4817 1681 4872 enim
1714 4822 1855 4873 sunt
1881 4818 1980 4873 illa
2013 4836 2138 4889 quas

488 4906 734 4972 pereunt
763 4918 830 4958 ac
861 4904 1098 4971 desunt,
1128 4902 1300 4975 quale
1329 4909 1415 4959 est
1443 4904 1500 4959 id
1536 4905 1693 4975 quod
1725 4905 2054 4975 permansit
2078 4910 2137 4963 et

485 4989 766 5059 subjacet.
797 4991 959 5055 Quod
1002 5008 1135 5048 vero
1183 4992 1438 5048 dicimus
1470 4993 1542 5047 de
1592 4992 1861 5064 pluribus
1894 5010 2137 5051 numero

485 5077 892 5136 differentibus
941 5082 1202 5153 speciem
1237 5082 1563 5152 praedicari,
1616 5082 1850 5137 duobus
1896 5083 1950 5138 id
1984 5089 2137 5141 recte

485 5174 802 5225 excusatur
836 5171 1026 5227 modis
1060 5186 1074 5226 :
1108 5187 1225 5225 uno
1257 5170 1518 5241 quidem,
1540 5170 1681 5241 quia
1718 5172 1898 5228 multo
1930 5174 2135 5244 plures

484 5259 999 5329 suntspeciesquae
1024 5261 1095 5315 de
1114 5259 1446 5315 numerosis
1469 5258 1787 5315 individuis
1812 5263 2133 5333 praedican-

481 5350 786 5417 tur,quam
804 5347 893 5402 hac
909 5348 1127 5418 quibus
1145 5364 1325 5403 unum
1348 5352 1576 5403 tantum
1596 5349 1963 5407 individuum
1982 5352 2137 5408 vidc-

480 5445 579 5494 tur
603 5456 730 5496 esse
751 5440 1124 5511 suppositum
1153 5458 1165 5496 :
1195 5441 1408 5497 deinde
1433 5440 1537 5496 hoc
1562 5444 1755 5507 modo,
1783 5445 1921 5516 quia
1948 5447 2134 5502 multa

479 5530 803 5585 secundum
817 5532 1156 5601 potestatem
1173 5530 1613 5595 dicuntur,cum
1626 5536 1760 5587 actu
1776 5550 1891 5589 non
1906 5550 2021 5589 sem
2033 5552 2134 5605 per

476 5620 561 5675 ita
588 5619 729 5687 sint,
762 5623 828 5675 ut
859 5618 1107 5677 risibilis
1140 5618 1319 5675 homo
1352 5619 1589 5691 dicitur,
1621 5621 1854 5678 etiamsi
1889 5623 2132 5681 minime

476 5707 683 5780 rideat,
717 5709 1000 5782 quoniam
1027 5709 1215 5767 ridere
1236 5714 1444 5782 potest.
1478 5716 1565 5770 Ita
1592 5713 1769 5772 etiam
1802 5714 2028 5788 species
2061 5716 2131 5772 de

2250 4730 2403 4783 sicut
2426 4727 2655 4783 familiae
2712 4727 3044 4798 cujuslibet,
3079 4728 3160 4782 ita
3186 4727 3361 4783 etiam
3393 4727 3659 4783 omnium
3693 4744 3904 4783 rerum

2249 4833 2433 4872 unum
2455 4834 2583 4873 esse
2606 4817 2959 4889 principium
2984 4821 3192 4889 potest.
3217 4816 3458 4872 Fuerint
3480 4816 3634 4871 enim
3660 4816 3761 4887 qui
3786 4816 3908 4873 hac

2247 4906 2523 4976 Opinione
2552 4910 2911 4973 tenerentur,
2969 4910 3032 4961 ut
3072 4920 3263 4960 rerum
3298 4904 3561 4960 omnium
3595 4921 3721 4976 qua:
3756 4911 3910 4961 sunt

2249 5014 2430 5052 unum
2466 5001 2739 5069 putarent
2770 5013 2898 5054 esse
2928 5013 3117 5069 genus
3149 4996 3308 5068 quod
3356 5013 3460 5052 ens
3492 5002 3905 5069 nuncupatur,

2245 5091 2495 5141 tractum
2520 5088 2591 5142 ab
2617 5103 2681 5143 eo
2704 5087 2862 5159 quod
2880 5086 3134 5142 dicimus
3157 5094 3263 5142 est:
3285 5087 3485 5141 omnia
3505 5085 3663 5141 enim
3683 5090 3823 5140 sunt
3844 5095 3906 5143 et

2246 5177 2315 5231 de
2332 5176 2604 5232 omnibus
2624 5193 2753 5233 esse
2770 5176 3349 5248 prmdicaturJtaque
3368 5174 3704 5230 substantia
3716 5180 3907 5242 est,et

2244 5264 2494 5337 qualitas
2516 5270 2623 5332 est,
2648 5265 2787 5322 item
2819 5265 3116 5336 quantitas
3147 5269 3256 5331 est,
3299 5268 3622 5336 casteraque
3656 5280 3785 5319 esse
3814 5265 3907 5319 dio
4018 5274 4019 5311 ι

2244 5362 2477 5411 cuntur:
2508 5371 2610 5410 nec
2633 5356 2703 5410 de
2727 5355 2819 5411 his
2842 5354 3061 5425 aliquid
3089 5358 3460 5419 tractaretur,
3486 5355 3594 5409 nisi
3618 5353 3743 5409 haec
3767 5371 3905 5425 quae

2243 5446 2693 5517 praedicamenta
2715 5445 3013 5511 dicuntur,
3060 5460 3190 5499 esse
3240 5448 3551 5498 constaret.
3588 5446 3723 5508 Quae
3759 5460 3903 5498 cum
4014 5428 4015 5481 l

2241 5538 2319 5593 ita
2347 5535 2487 5599 sint,
2514 5535 2791 5590 ultimum
2816 5536 3079 5590 omnium
3104 5550 3291 5605 genus
3315 5550 3420 5589 ens
3442 5534 3763 5605 posuerint,
3788 5534 3906 5588 sci-

2243 5624 2376 5681 licet
2407 5625 2559 5696 quod
2595 5626 2667 5680 de
2706 5624 2982 5681 omnibus
3017 5622 3449 5696 praedicaretur.
3500 5623 3585 5677 Ab
3634 5639 3701 5678 eo
3732 5623 3901 5679 enim

2242 5714 2395 5787 quod
2428 5712 2680 5771 dicimus
2706 5718 2796 5771 est
2852 5713 3226 5786 participium
3259 5711 3645 5780 inflectentes,
3688 5714 3897 5769 Graeco
