4108 6186
338 276 447 335 125

1255 282 1333 341 IN
1369 283 1853 355 POBPHYBIUM,
1870 282 2558 349 communicenm
2593 290 2725 344 LIB.
2758 290 2856 343 ιν.

3636 281 3753 351 426

335 418 467 473 quae
499 412 640 460 sunt
670 406 992 478 specierum
1020 408 1434 475 constitutive,
1456 407 1740 481 speciflcae
1764 423 1990 464 nuncu-
2016 414 2072 479 Α
2105 409 2260 479 quod
2296 410 2380 477 fit,
2408 411 2585 468 habet
2614 411 2840 484 aliquid
2872 411 3028 471 unde
3061 409 3214 469 effici
3238 407 3428 481 possit
3443 410 3620 478 atque
3640 407 3749 463 for-

336 496 598 563 pantur:
623 512 801 566 quare
818 512 943 567 quas
964 512 1236 568 generum
1253 498 1530 567 divisives,
1548 502 1604 555 et
1622 515 1751 569 quae
1775 497 1989 570 specie-

339 598 469 636 rum
500 576 889 639 constitutivaz
911 592 1069 655 sunt,
1087 590 1221 659 jure
1242 590 1528 660 specificm
1554 592 1991 659 nuncupantur.

344 676 467 726 Has
500 672 687 744 igitur
707 674 762 727 in
789 674 1073 731 divisione
1091 678 1317 747 generis
1340 682 1397 733 et
1418 677 1475 732 in
1500 677 1852 732 diffinitione
1874 691 1999 747 spe-

348 761 571 815 cierum
604 760 789 832 accipi
824 768 1109 834 oportere,
1146 766 1525 821 manifestum
1557 770 1684 821 est:
1720 762 1997 836 quoniam

351 852 507 905 enim
533 850 793 906 divisivze
825 856 986 922 sunt,
1020 870 1122 924 per
1151 871 1249 910 eas
1281 855 1461 909 dividi
1504 858 1732 927 oportet
1771 868 1996 925 genus:

351 940 626 1011 quoniam
640 942 834 995 autem
848 944 1367 1015 constitutivaa,per
1380 961 1477 1000 eas
1494 944 1718 1016 species
1733 940 1999 1008 diffiniri,

348 1032 553 1101 quibus
568 1029 713 1087 enim
730 1034 1191 1105 unumquodque
1204 1034 1827 1102 constituitur,hisdem
1838 1031 2001 1088 etiam

342 1120 658 1176 diffinitur.
676 1122 1070 1179 Constituitur
1083 1128 1274 1179 autem
1287 1125 1511 1197 species
1525 1141 1626 1197 per
1641 1123 2003 1180 differentias

340 1210 582 1281 generis
600 1211 900 1281 divisivas,
921 1229 1048 1284 quea
1062 1218 1203 1269 sunt
1219 1213 1523 1286 specificaz.
1547 1213 1687 1269 Jure
1714 1213 1896 1285 igitur
1916 1212 2003 1269 hae

342 1299 641 1370 specificaa
669 1300 822 1372 solae,
856 1305 913 1356 et
944 1302 1000 1356 in
1026 1302 1256 1374 generis
1279 1301 1586 1372 divisione,
1611 1307 1667 1358 et
1700 1303 1756 1357 in
1792 1301 2009 1374 specie-

344 1406 479 1443 rum
511 1390 869 1446 diffinitione
903 1397 1223 1461 ponuntur,
1257 1396 1315 1448 et
1344 1393 1413 1447 de
1443 1391 1736 1464 specificis
1767 1392 2005 1463 quidem

346 1478 475 1533 haec
502 1479 655 1535 ratio
680 1486 790 1536 est.
825 1480 906 1535 De
937 1480 1029 1536 his
1061 1487 1255 1537 autem
1290 1499 1416 1553 quae
1440 1481 1525 1537 vel
1549 1480 1916 1553 separabilia,
1940 1497 2009 1537 ve

347 1566 777 1639 inseparabilia
798 1569 1099 1624 continent
1119 1571 1466 1639 accidentia,
1491 1571 1635 1626 nihil
1653 1570 1710 1625 in
1729 1586 2005 1643 generum

352 1656 672 1724 divisione,
732 1657 818 1713 vel
875 1658 933 1714 in
993 1659 1346 1715 diffinitione
1404 1661 1731 1731 specierum
1797 1659 2013 1732 poterit

2103 498 2271 552 mari.
2291 500 2427 561 Quae
2444 500 2873 572 propositiones
2897 499 3067 554 talem
3090 500 3311 553 faciunt
3327 496 3709 567 quaestionem
3726 511 3739 549 :

2102 585 2320 640 dictum
2343 588 2828 645 estdifferentiam
2845 604 2975 644 esse
2989 587 3044 641 id
3061 604 3177 659 qua
3192 587 3324 659 plus
3338 586 3512 642 habet
3525 584 3749 657 species

2103 690 2136 729 a
2167 690 2397 746 genere.
2433 677 2581 743 Quid
2613 677 2838 748 igitur?
2868 677 3259 732 dicendumne
3288 682 3393 745 est,
3423 690 3607 746 genus
3651 690 3748 729 cas

2104 765 2483 835 differentias,
2504 784 2650 838 quas
2673 768 2845 823 habet
2866 767 3090 839 species
3115 783 3229 822 non
3250 765 3494 821 habere:
3520 770 3576 821 et
3600 764 3754 820 unde

2108 854 2344 911 habebit
2365 856 2589 926 species
2615 856 2975 912 diﬂ‘erentias
3003 873 3148 927 quas
3168 871 3355 927 genus
3388 870 3503 910 non
3535 852 3760 910 habet?

2108 953 2221 1007 nisi
2244 953 2399 1010 enim
2423 955 2501 1009 sit
2522 955 2678 1011 unde
2694 955 2951 1024 veniant,
2970 954 3306 1010 differentiis
3326 954 3384 1008 in
3403 953 3659 1024 speciem
3672 968 3762 1008 ve-

2108 1044 2233 1099 nire
2258 1061 2370 1099 non
2392 1049 2641 1115 possunt
2661 1062 2673 1102 :
2697 1046 2851 1116 quod
2871 1045 2921 1100 si
2937 1061 3124 1117 genus
3137 1044 3245 1101 has
3262 1043 3623 1101 differentias
3640 1060 3756 1100 non

2108 1133 2308 1200 habet,
2329 1135 2553 1205 species
2576 1140 2773 1191 autem
2797 1133 2999 1203 habet,
3020 1133 3293 1191 videntur
3310 1131 3761 1190 exnihilodiffe—

2110 1226 2308 1279 rentiaa
2333 1224 2390 1279 in
2414 1226 2667 1297 speciem
2692 1224 3057 1294 convenisse,
3076 1229 3134 1279 et
3153 1225 3369 1279 factum
3388 1239 3518 1280 esse
3533 1220 3759 1293 aliquid

2110 1330 2181 1369 ex
2201 1313 2403 1379 nihilo,
2429 1316 2587 1385 quod
2610 1314 2752 1371 fiieri
2774 1332 2890 1370 non
2910 1330 3080 1386 posse
3093 1314 3368 1384 superius
3384 1314 3541 1369 dicta
3557 1327 3765 1384 propo-

2114 1402 2248 1458 sitio
2283 1403 2654 1459 monstravit:
2690 1405 2842 1475 quod
2873 1404 2920 1458 si
2954 1402 3315 1459 differentias
3342 1419 3547 1458 omnes
3575 1416 3763 1473 genus

2115 1493 2741 1560 continet,differentite
2756 1497 2945 1548 autem
2961 1492 3018 1547 in
3032 1490 3323 1548 contraria
3337 1490 3763 1557 dissolvuntur,

2117 1582 2216 1636 fiet
2230 1585 2293 1635 ut
2306 1581 2821 1637 rationabilitatem
2835 1589 3008 1651 atque
3020 1578 3766 1649 irrationabilitatemmor-

2118 1671 2405 1726 talitatem
2436 1675 2613 1741 atque
2637 1670 3141 1726 immortalitatem
3178 1669 3357 1727 simul
3387 1668 3603 1725 habeat
3636 1668 3765 1725 ani-

352 1746 603 1840 assufni.
638 1747 854 1802 ίάοίτοο
877 1748 1155 1819 (ἰυοῦίθῐη
1178 1765 1304 1821 quae
1329 1749 1651 1807 diViSibiles
1670 1752 2085 1840 sunlﬁUbS'B
2112 1759 2248 1827 mal,
2265 1760 2418 1830 quod
2433 1766 2741 1831 estgenus,
2756 1759 3067 1816 eteruntin
3082 1760 3285 1815 eodem
3302 1758 3765 1827 binacontraria,

349 1833 604 1890 tantiam
621 1836 854 1908 generis
881 1836 1180 1893 dividunt:
1207 1842 1265 1893 et
1289 1855 1415 1909 quae
1438 1840 1825 1895 constitutiva:
1848 1832 2025 1909 sunt,I

349 1926 754 1981 substantiam
770 1927 985 1999 speciei
1000 1928 1369 1983 constituunt
1383 1946 1399 1983 :
1412 1945 1540 2000 quae
1554 1945 1687 1985 vero
1703 1931 2008 1986 suntinse-

351 2015 649 2086 parabilia
665 2016 1245 2087 accidentia,nullius
1267 2018 1481 2091 speciei
1505 2019 1895 2075 substantiam
1918 2020 2010 2075 in-

351 2104 776 2173 formant;unde
789 2106 852 2161 fit
866 2111 926 2162 ut
941 2106 1321 2163 multominus
1334 2108 1683 2181 separabilia
1696 2109 2013 2166 accidentia

359 2195 432 2251 ad
475 2194 825 2252 divisionem
858 2213 1140 2269 generum
1166 2198 1255 2254 vel
1276 2198 1603 2271 specierum
1629 2199 2013 2256 diffinitiones

366 2286 905 2343 accommodentur.
922 2287 1169 2346 Omnino
1184 2290 1341 2345 enim
1354 2288 1678 2346 dissimiles
1692 2294 1834 2346 sunt
1848 2290 2017 2346 subs-

362 2374 712 2431 tantialibus
726 2377 1092 2435 differentiis.
1107 2380 1311 2436 Namin
1326 2379 1679 2453 separabilia
1690 2379 2017 2436 accidentia

362 2464 475 2520 hoc
493 2465 745 2521 fortasse
761 2465 1442 2526 habentcommunecum
1466 2470 1778 2542 specificis,
1795 2469 1905 2526 hoc
1925 2473 2017 2525 est

360 2571 503 2609 cum
520 2554 1016 2612 substantialibus
1034 2556 1401 2629 differentiis,
1426 2560 1578 2631 quod
1596 2576 1759 2631 mque
1784 2559 2015 2630 subjec-

363 2648 498 2698 tum
520 2660 634 2698 non
654 2642 1019 2715 relinquunt,
1046 2646 1197 2701 sicut
1219 2664 1322 2703 nec
1345 2648 1627 2721 speciflcze
1655 2648 2015 2703 differentia.

358 2732 731 2805 Separabilia
755 2737 948 2788 autem
974 2736 1319 2805 accidentia,
1348 2754 1416 2793 ne
1440 2737 1548 2793 hoc
1571 2739 1825 2810 quidem:
1850 2754 2016 2810 sepa-

354 2824 476 2877 rari
493 2822 652 2877 enim
669 2828 1040 2894 possuntnon
1056 2828 1283 2881 tantum
1300 2832 1587 2898 potestate
1608 2830 1665 2883 et
1690 2827 1902 2883 mentis
1925 2845 2017 2883 ra-

359 2913 498 2968 tioci
511 2914 768 2980 natione,
783 2915 880 2969 sed
897 2920 1061 2970 actus
1076 2916 1248 2971 etiam
1266 2918 1597 2988 praesentia,
1612 2922 1669 2973 et
1682 2918 1919 2975 omnino
1932 2934 2021 2974 ve-

361 3003 573 3057 niendi
607 3001 695 3058 vel
728 3003 1066 3060 discedendi
1094 3006 1471 3063 varietatibus
1502 3012 1937 3080 permutantur.

2118 1851 2276 1922 quod
2298 1850 2422 1904 fieri
2447 1867 2563 1905 non
2595 1854 2809 1921 potest.
2844 1850 3044 1921 Neque
3073 1849 3229 1905 enim
3260 1850 3317 1905 in
3349 1864 3590 1921 corpore
3619 1847 3768 1905 solet

2119 1955 2247 1995 esse
2270 1938 2385 1994 alia
2406 1956 2544 2010 pars
2565 1937 2716 2008 alba,
2742 1937 2855 1994 alia
2878 1938 3065 2010 nigra,
3088 1939 3169 1993 ita
3190 1937 3312 1994 fieri
3334 1938 3394 1993 in
3426 1953 3634 2009 genere
3664 1952 3765 2009 po-

2120 2032 2262 2084 test:
2298 2044 2485 2099 genus
2516 2027 2673 2083 enim
2707 2043 2809 2099 per
2834 2044 2898 2084 se
2938 2027 3377 2084 consideratam
3418 2029 3611 2098 partes
3650 2041 3765 2081 non

2119 2117 2315 2185 habet,
2341 2117 2452 2173 nisi
2479 2117 2553 2172 ad
2575 2118 2801 2189 species
2827 2116 3111 2174 referatur
3135 2132 3149 2173 :
3173 2115 3462 2188 quidquid
3476 2115 3659 2187 igitur
3674 2114 3775 2171 ba-

2119 2207 2235 2273 bet,
2272 2224 2390 2262 non
2418 2207 2706 2278 partibus,
2731 2205 2836 2262 sed
2859 2210 2981 2262 tota
3003 2206 3096 2262 sui
3127 2205 3536 2277 magnitudine
3565 2204 3775 2261 retine-

2122 2296 2225 2353 bit.
2251 2296 2367 2354 Nec
2384 2295 2529 2352 illud
2548 2296 2792 2352 dubium
2820 2300 2909 2352 est
2926 2294 3068 2368 quin
3082 2295 3140 2351 in
3157 2296 3424 2367 partibus
3439 2294 3564 2352 suis
3578 2310 3765 2367 genus

2121 2386 2337 2442 habeat
2365 2385 2828 2454 contrarietates,
2862 2389 2927 2440 ut
2957 2384 3176 2441 animal
3207 2385 3269 2440 in
3307 2384 3550 2441 homine
3589 2382 3768 2439 habet

2123 2483 2664 2552 rationabilitatem,
2680 2483 2738 2539 in
2754 2483 2899 2539 bove
2911 2499 3044 2539 vero
3062 2483 3446 2539 contrarium.
3471 2482 3583 2539 Sed
3608 2496 3768 2538 nunc

2123 2590 2239 2629 non
2264 2573 2335 2630 de
2356 2573 2663 2644 speciebus
2686 2572 3004 2645 quaerimus
3026 2573 3097 2628 de
3118 2572 3335 2643 quibus
3361 2576 3589 2628 constat
3610 2571 3769 2643 quod

2122 2663 2349 2719 dictum
2373 2668 2484 2730 est,
2507 2663 2609 2719 sed
2633 2680 2704 2718 an
2728 2664 2923 2735 ipsum
2948 2679 3051 2734 per
3074 2679 3137 2718 se
3157 2679 3341 2733 genus
3362 2678 3462 2718 eas
3498 2660 3775 2717 differen-

2122 2753 2259 2821 tias,
2285 2770 2430 2825 quas
2454 2752 2671 2809 habent
2691 2753 2936 2824 species,
2961 2751 3178 2807 habere
3201 2751 3411 2823 possit,
3434 2750 3781 2822 atqueintra

2125 2861 2243 2900 sum
2266 2841 2574 2898 subtantiaa
2597 2842 2885 2897 ambitum
2912 2841 3235 2896 continere:
3254 2840 3405 2896 hanc
3424 2840 3775 2912 igiturquas-

2126 2933 2375 2989 stionem
2398 2930 2501 2986 tali
2524 2929 2748 2986 ratione
2767 2929 3177 2985 dissolvimus:
3201 2928 3400 2984 Potest
3415 2926 3772 2999 quidlibetid

2126 3021 2281 3093 quod
2307 3024 2397 3076 est
2418 3036 2533 3076 non
2555 3035 2707 3089 esse,
2730 3022 2832 3074 sed
2856 3018 2972 3074 alio
2990 3018 3161 3074 modo
3184 3034 3332 3086 esse,
3357 3016 3472 3072 alio
3502 3032 3634 3072 vero
3658 3032 3776 3072 non

436 3112 588 3180 Quas
600 3113 768 3166 etiam
787 3111 1220 3170 determinantes
1231 3114 1449 3172 dicunt:
1470 3117 1790 3187 Diﬂerenlia
1810 3120 1888 3172 est
1908 3132 2015 3188 qua
2045 3134 2088 3201 ρ
2126 3126 2277 3177 esse,
2301 3114 2367 3165 ut
2386 3110 2653 3165 Socrates
2676 3124 2810 3164 cum
2835 3111 2974 3179 stat,
2997 3111 3054 3162 et
3073 3107 3239 3162 sedet
3261 3111 3318 3161 et
3338 3107 3664 3201 nonsedet,
3688 3123 3777 3201 se-

356 3200 623 3255 abundat
649 3200 851 3272 species
881 3219 914 3257 α
933 3219 1145 3273 genere.
1173 3205 1337 3260 Homo
1357 3207 1509 3261 enim
1537 3206 1606 3262 ab
1629 3206 1867 3262 animali
1882 3204 2016 3277 plus

362 3291 535 3346 habet
564 3293 844 3347 rationale
867 3301 918 3347 et
944 3294 1177 3349 mortale
1201 3310 1214 3347 :
1245 3294 1462 3350 animal
1493 3297 1643 3351 enim
1667 3296 1849 3367 ipsum
1872 3294 2024 3350 nihil

366 3381 571 3436 horum
590 3389 686 3447 est,
702 3398 833 3437 nam
850 3382 995 3437 unde
1006 3383 1267 3439 haberent
1287 3384 1495 3455 species
1516 3384 1861 3457 differentias
1881 3386 1908 3441 ?
1930 3401 2029 3441 nec

370 3469 529 3524 enim
542 3484 727 3525 omnes
748 3471 1023 3543 oppositas
1046 3471 1223 3542 habet,
1247 3490 1481 3545 namque
1504 3474 1647 3531 idem
1667 3474 1846 3531 simul
1868 3476 2029 3530 habe-

380 3561 460 3614 bit
490 3558 794 3629 oppositas,
844 3560 937 3614 sed
984 3562 1438 3632 quemadmodum
1473 3568 1731 3635 probant,
1769 3567 2030 3636 potestate

373 3648 602 3720 quidem
634 3648 797 3704 habet
826 3665 1009 3705 omnes
1030 3650 1381 3722 differentias
1398 3653 1494 3707 sub
1516 3670 1593 3723 se,
1616 3659 1742 3709 acta
1757 3669 1881 3709 vero
1903 3654 2031 3708 nul-

378 3740 524 3795 lam.
564 3739 626 3792 Et
646 3740 729 3795 sic
750 3756 851 3794 nec
867 3756 938 3795 ex
957 3741 1041 3795 his
1059 3758 1179 3813 quae
1196 3757 1303 3797 non
1325 3749 1478 3810 sunt,
1500 3741 1731 3816 aliquid
1750 3744 1833 3814 ﬁt,
1854 3760 1952 3799 nec
1972 3743 2034 3798 in

377 3830 603 3884 eodems
630 3830 774 3883 imul
804 3829 1057 3901 opposita
1086 3839 1271 3888 erant.

450 3935 772 4007 Speciﬁcas
784 3934 1139 3994 differentias
1152 3937 1500 3994 diffinitione
1511 3938 1823 4006 concludit,
1839 3938 2038 3995 dicens

386 4024 817 4082 substantiales
838 4024 1197 4082 differentias
1216 4043 1246 4081 a
1269 4027 1625 4098 quibusdam
1654 4028 1758 4082 tali
1786 4028 2041 4100 descrip-

382 4115 571 4171 tionis
602 4115 827 4171 ratione
858 4115 1122 4170 diffiniri.
1156 4114 1492 4172 Differentia
1513 4116 1789 4188 specifica
1810 4121 1902 4173 est
1922 4133 2041 4189 qua

2130 3201 2227 3256 det
2242 3198 2483 3271 quidem
2506 3200 2810 3268 potestate,
2834 3199 2964 3251 actu
2990 3211 3123 3251 vero
3138 3211 3255 3250 non
3270 3194 3603 3251 sedet.Cum
3618 3195 3776 3251 enim

2131 3292 2267 3355 stat,
2299 3286 2679 3344 manifestum
2700 3288 2791 3340 est
2814 3301 2948 3340 eum
2974 3301 3087 3341 non
3111 3300 3281 3356 agere
3302 3283 3652 3354 sessionem,
3674 3284 3778 3340 sed

2132 3376 2327 3451 potius
2352 3374 2549 3433 standi
2574 3371 3072 3429 immobilitatem.
3098 3374 3207 3429 Sed
3238 3390 3447 3431 rursus
3477 3389 3612 3429 cum
3644 3376 3784 3440 stat,

2134 3468 2318 3533 sedet,
2344 3481 2458 3521 non
2483 3463 2623 3535 quia
2636 3463 2763 3533 jam
2799 3463 2987 3531 sedet,
3019 3465 3121 3519 sed
3150 3462 3289 3533 quia
3320 3465 3523 3519 sedere
3554 3467 3784 3535 potest:

2133 3567 2216 3623 ita
2246 3570 2379 3622 actu
2411 3563 2649 3635 quidem
2683 3580 2797 3618 non
2823 3562 3004 3632 sedet,
3038 3565 3327 3633 potestate
3347 3578 3483 3618 vero
3507 3563 3691 3617 sedet.
3720 3562 3786 3617 Et

2136 3672 2308 3714 ovum
2328 3653 2668 3719 animalest,
2689 3657 2748 3707 et
2770 3668 2887 3708 non
2906 3658 2995 3707 est
3018 3651 3265 3708 animal:
3294 3668 3410 3707 non
3431 3651 3779 3721 estquidem

2137 3743 2356 3803 animal
2379 3747 2533 3811 actu,
2550 3740 2744 3797 adhuc
2771 3758 3027 3813 namque
3044 3758 3219 3796 ovum
3242 3746 3463 3810 est,nec
3479 3741 3540 3796 in
3563 3741 3763 3797 anima

2141 3838 2213 3893 lis
2227 3831 2999 3907 processitvivifioationem,
3013 3831 3116 3887 sed
3132 3831 3287 3887 idem
3300 3836 3391 3887 est
3410 3835 3641 3887 tantum
3666 3829 3792 3886 ani-

2141 3923 2260 3980 mal
2276 3926 2558 3994 potestate
2574 3938 2587 3976 :
2604 3920 2745 3993 quia
2757 3924 2947 3992 potest
2958 3920 3110 3977 efﬁci
3128 3919 3370 3989 animal,
3383 3936 3517 3976 cum
3533 3920 3784 3976 formam

2141 4030 2207 4072 ac
2232 4013 2486 4086 speciem
2507 4010 2919 4067 vivificationis
2943 4010 3255 4082 acceperit.
3287 4012 3374 4066 Ita
3395 4011 3579 4082 igitur
3600 4024 3789 4082 genus

2142 4105 2319 4160 habet
2338 4103 2444 4159 has
2470 4101 2834 4159 differentias
2855 4105 2913 4155 et
2934 4117 3047 4156 non
3072 4100 3268 4167 habet,
3294 4116 3408 4155 non
3443 4100 3621 4156 habet
3654 4098 3793 4171 qui-

387 4206 657 4260 abundat
671 4204 893 4275 species
908 4205 1257 4277 agenere,fit
1279 4205 1435 4260 enim
1460 4222 1644 4278 genus
1667 4188 2044 4278 animal,spe-
2144 4194 2278 4250 dem
2299 4196 2455 4258 “tu:
2475 4191 2574 4247 58d
2599 4190 2776 4247 habet
2797 4193 3101 4261 Ροῗθειθηίθο
3128 4188 3188 4245 Si
3210 4188 3366 4245 enim
3392 4189 3587 4261 ipsum
3607 4204 3710 4260 Per
3731 4201 3794 4242 3°

386 4294 507 4350 cies
523 4294 736 4350 homo;
761 4294 1312 4365 habetigiturhomo
1338 4295 1699 4351 differentias
1721 4296 1780 4351 in
1804 4313 1886 4361 se,
1912 4313 2039 4367 qua
2146 4281 3161 4348 animalconsideretur,differentias
3180 4298 3293 4337 non
3314 4279 3573 4337 habet.Si
3592 4284 3789 4337 autem

390 4384 594 4455 ipsum
626 4383 1001 4439 constituunt,
1033 4383 1312 4441 rationale
1339 4390 1519 4457 atque
1548 4385 1823 4441 mortale:
1847 4385 2042 4441 omnis
2146 4374 2221 4431 ad
2238 4373 2461 4445 species
2486 4370 3035 4437 reducatur,habere
3056 4371 3379 4443 potest,sed
3401 4370 3795 4439 distributim,

392 4474 554 4528 enim
572 4473 801 4545 species
817 4474 1225 4529 constitutivas
1241 4474 1439 4529 formae
1457 4491 1576 4530 sua;
1599 4474 1957 4530 differentias
1980 4475 2040 4530 in
2073 4498 2118 4562 Β
2150 4477 2324 4543 atque
2338 4471 2541 4562 utejus
2554 4469 2860 4562 speciebus
2874 4469 3188 4562 separatim
3202 4469 3347 4524 nihil
3364 4469 3551 4562 possit
3564 4468 3794 4562 evenire

400 4580 460 4619 se
476 4562 1196 4634 retinet,necprmtcrillas
1211 4579 1341 4619 esse
1356 4566 2043 4636 potest,quarumcongre
2074 4559 2103 4562 ⁷
2151 4560 2535 4617 contrarium.
2558 4559 2646 4614 Ita
2670 4560 2864 4631 ipsum
2888 4575 3075 4631 genus
3099 4559 3145 4615 si
3170 4574 3273 4631 per
3302 4575 3363 4614 se
3389 4559 3796 4615 consideretur

395 4653 634 4724 gatione
660 4651 913 4721 perfecta
933 4655 1041 4707 est.
1065 4652 1124 4707 Si
1146 4652 1326 4725 igitur
1346 4652 1565 4707 animal
1589 4652 1826 4725 quidem
1849 4652 2041 4709 solum
2151 4650 2498 4707 differentiis
2530 4656 2720 4706 caret:
2755 4651 2911 4721 quod
2944 4651 2993 4706 si
3025 4651 3099 4705 ad
3132 4650 3354 4722 species
3382 4651 3667 4705 referatur
3699 4666 3801 4720 per

396 4757 588 4813 genus
620 4745 731 4805 est,
760 4739 934 4795 homo
964 4757 1098 4797 vero
1117 4746 1205 4797 est
1228 4739 1446 4797 animal
1470 4740 1755 4797 rationale
1778 4742 2040 4811 mortale,
2152 4740 2502 4798 distributas
2534 4739 2780 4812 species,
2812 4740 2972 4796 velut
3000 4741 3059 4796 in
3085 4740 3350 4812 partibus
3369 4740 3494 4796 suis
3516 4739 3807 4796 contraria

396 4829 533 4903 plus
566 4829 745 4885 habet
773 4829 946 4885 homo
976 4830 1048 4885 ab
1079 4829 1318 4886 animali
1353 4828 1409 4885 id
1443 4830 1591 4901 quod
1635 4829 1917 4887 rationale
1955 4836 2045 4887 est
2149 4830 2451 4898 retinebit,
2476 4833 2653 4902 atque
2673 4829 2756 4885 ita
2774 4845 2879 4885 nec
2902 4847 2970 4885 ex
2992 4828 3176 4885 nihilo
3210 4833 3494 4885 venerunt
3527 4830 3806 4886 differen-

398 4926 577 4992 atque
594 4919 866 4975 mortale.
891 4922 1014 4986 Quo
1034 4919 1212 4992 igitur
1232 4919 1491 4978 abundat
1512 4921 1734 4995 species
1759 4939 1793 4978 a
1813 4938 2043 4994 genere,
2150 4923 2244 4978 tiae
2267 4938 2414 4994 quas
2437 4936 2625 4993 genus
2648 4920 2862 4976 retinet
2879 4923 3184 4991 potestate,
3202 4936 3305 4976 nec
3322 4925 3564 4992 utraque
3581 4924 3806 4978 contra-

400 5011 455 5065 id
474 5014 565 5064 est
583 5026 703 5082 quo
724 5014 1187 5081 superatgenus,
1205 5014 1263 5065 et
1280 5027 1394 5082 quo
1413 5010 1545 5082 plus
1563 5010 1739 5068 habet
1759 5028 1792 5066 a
1812 5027 2044 5083 genere,
2153 5010 2241 5068 ria
2261 5010 2318 5065 in
2346 5011 2548 5067 eodem
2571 5013 2726 5077 sunt,
2757 5024 2888 5064 cum
2912 5010 3237 5065 contrarias
3259 5009 3616 5067 differentias
3640 5011 3700 5066 in
3733 5027 3800 5067 eo

400 5099 511 5155 hoc
548 5104 642 5156 est
672 5098 947 5169 specifica
974 5099 1337 5155 differentia?
1364 5101 1471 5155 Sed
1525 5100 1659 5156 huic
1708 5099 2046 5156 diffinitioni
2156 5102 2312 5175 quod
2335 5101 2551 5156 dicitur
2571 5116 2776 5173 genus,
2800 5102 2929 5155 actu
2956 5116 3071 5157 non
3093 5098 3803 5173 habeat:impossibilitas

398 5190 675 5261 quaedam
703 5188 947 5260 quastio
976 5188 1207 5244 videtur
1236 5204 1560 5257 occurrere,
1598 5190 1816 5245 habens
1832 5189 2051 5262 princi-

401 5280 566 5351 pium
600 5295 673 5334 ex
701 5278 936 5334 duabus
965 5278 1465 5351 propositionibus
1498 5295 1601 5351 per
1622 5296 1684 5335 se
1709 5279 1898 5335 notis:
1933 5296 2053 5336 una

401 5370 669 5443 quidem,
701 5369 983 5440 quoniam
1016 5368 1130 5424 duo
1163 5368 1453 5425 contraria
1483 5370 1541 5424 in
1563 5370 1766 5425 eodem
1789 5385 1913 5426 esse
1935 5386 2052 5425 non

404 5464 693 5531 possunt:
721 5457 839 5514 alia
860 5475 1014 5530 vero,
1038 5458 1312 5530 quoniam
1335 5475 1403 5514 ex
1424 5457 1605 5514 nihilo
1630 5458 1775 5513 nihil
1800 5458 1883 5513 fit.
1907 5458 2052 5514 Nam

407 5565 598 5623 neque
618 5549 913 5605 contraria
929 5547 1053 5620 pati
1069 5564 1196 5605 sese
1215 5552 1485 5621 possunt,
1504 5548 1639 5604 utin
1658 5548 1862 5604 eodem
1876 5548 2055 5604 simul

406 5639 553 5708 sint,
610 5654 718 5695 nec
775 5636 998 5711 aliquid
1054 5654 1123 5695 ex
1179 5636 1361 5707 nihilo
1422 5636 1597 5694 fieri:
1666 5653 1841 5695 omne
1899 5637 2057 5695 enim

2155 5190 2312 5247 enim
2330 5191 2459 5261 ejus
2476 5188 2894 5261 propositionis
2914 5205 3043 5260 quae
3061 5189 3200 5245 dicit
3216 5190 3509 5246 contraria
3525 5190 3583 5246 in
3599 5190 3803 5246 eodem

2157 5295 2285 5335 esse
2307 5296 2422 5335 non
2447 5279 2704 5351 posse,in
2729 5294 2793 5335 eo
2817 5279 3088 5335 consistit
3105 5279 3257 5349 quod
3285 5281 3577 5337 contraria
3594 5286 3727 5337 actu
3746 5280 3805 5336 in

2161 5370 2364 5425 eodem
2387 5384 2516 5425 esse
2538 5386 2654 5425 non
2681 5369 3099 5440 possunt.Nam
3120 5374 3495 5441 potestate,et
3526 5388 3639 5427 non
3672 5372 3807 5425 actu

2164 5461 2279 5514 duo
2301 5457 2595 5514 contraria
2619 5458 2680 5513 in
2703 5459 2908 5514 eodem
2930 5475 3059 5515 esse
3083 5458 3229 5514 nihil
3248 5459 3655 5532 impedit.Qum
3672 5472 3807 5533 vero

2166 5565 2274 5605 nos
2292 5548 2587 5604 contraria
2607 5548 2886 5619 diximus,
2905 5547 3266 5621 Porphyrius
3287 5548 3558 5620 opposita
3580 5561 3812 5602 nuncu-

2168 5638 2342 5712 pavit.
2372 5638 2475 5695 Est
2503 5638 2655 5696 enim
2686 5654 2877 5711 genus
2904 5636 3182 5697 contrarii
3205 5637 3542 5710 Oppositum
3569 5650 3584 5691 :
3608 5634 3813 5695 omnia
