4108 6186
391 289 492 346 127

1667 282 1789 337 ΔΝ.
1828 278 2051 335 ΜΔΝΙι.
2091 274 2250 331 BEV.
2290 272 2532 328 ΒΟΕΤΙΙ

3696 269 3800 326 128

394 415 548 471 enim
571 415 885 483 contraria,
909 414 960 471 si
984 411 1367 484 sibimetipsis
1391 409 2039 476 considerentur,oppo-
2067 402 2122 468 Α
2153 399 2669 471 perficitur.Atque
2699 414 2766 454 ea
2792 395 3030 469 quidem
3063 412 3190 467 qua:
3214 410 3490 465 corporea
3514 397 3801 463 sunt,ma—

400 502 516 557 sita
546 508 708 559 sunt.

472 593 760 663 Deﬁniunt
787 594 968 646 autem
998 598 1048 644 et
1077 593 1175 644 hoc
1232 587 1420 643 modo:
1455 586 1774 656 Diﬂerentia
1802 587 1882 638 est
1914 595 2038 652 qua

399 681 462 737 de
482 683 736 752 pluribus
765 685 813 736 et
844 677 1222 750 diﬂerentibus
1251 677 1427 749 specie
1458 679 1514 730 in
1546 692 1605 732 eo
1627 675 1764 747 quod
1787 673 1949 744 quale
1969 669 2040 724 sit

390 768 1040 842 pr'zdicalurzrationale
1060 769 1208 822 enim
1228 770 1276 822 et
1300 767 1548 821 mortale
1567 764 1634 820 de
1659 765 1879 819 homine
1899 774 2040 832 pra:-

399 861 643 916 dicatum
673 862 730 914 in
756 875 814 914 eo
845 858 983 930 quod
1012 859 1172 928 quale
1200 862 1279 913 est
1301 858 1457 911 homo
1478 856 1704 923 dicitur,
1728 853 1818 908 sed
1842 868 1953 906 non
1981 851 2040 902 in

399 965 459 1006 eo
481 949 625 1020 quod
651 947 782 1019 quid
809 950 915 1002 est:
939 946 1201 1018 quidnam
1225 948 1374 1001 enim
1403 950 1479 1000 est
1510 945 1666 1000 homo
1684 941 2041 1010 interrogatis

398 1038 576 1107 nobis,
599 1039 924 1093 conveniens
952 1042 1032 1092 est
1060 1037 1258 1101 dicere,
1292 1035 1511 1090 animal
1537 1050 1549 1090 :
1577 1034 1738 1105 quale
1758 1038 1942 1087 autem
1963 1045 2044 1085 re-

400 1126 614 1200 quisiti,
659 1127 929 1183 rationale
975 1131 1028 1181 et
1075 1127 1303 1192 morale,
1344 1125 1726 1180 convenienter
1776 1120 2040 1192 assigna-

401 1218 602 1285 bimus,

467 1308 611 1362 Tres
624 1310 765 1362 sunt
787 1305 1274 1375 interrogationes
1297 1304 1369 1358 ad
1393 1321 1539 1374 quas
1561 1319 1768 1374 genus,
1791 1299 2040 1372 species,

397 1395 744 1463 differentia,
771 1396 1095 1466 proprium,
1119 1400 1291 1465 atque
1325 1393 1598 1448 accidens
1630 1391 2040 1462 respondetur,

399 1485 489 1541 hae
511 1492 704 1541 autem
730 1488 888 1539 sunt:
908 1486 1048 1556 quid
1071 1486 1169 1552 sit,
1209 1482 1382 1557 quale
1404 1482 1502 1551 sit,
1536 1482 1830 1552 quomodo
1857 1496 1918 1535 se
1941 1479 2044 1534 ha-

399 1574 496 1629 bet
511 1573 670 1628 .Nam
687 1575 734 1628 si
757 1573 890 1644 quis
913 1573 1229 1645 interroget
1247 1573 1386 1644 quid
1409 1576 1498 1627 est
1515 1571 2048 1639 Socrates,respon—

399 1664 536 1717 dere
558 1678 659 1732 per
674 1679 858 1732 genus
880 1679 947 1718 ac
973 1662 1226 1733 speciem
1256 1661 1526 1716 convenit
1548 1663 1652 1714 aut
1673 1657 1914 1727 animal,
1947 1660 2048 1711 aut

402 1752 598 1807 homo.
622 1751 682 1806 Si
708 1752 841 1824 quis
864 1753 1154 1823 quomodo
1181 1768 1240 1806 se
1261 1750 1473 1805 habeat
1499 1749 1764 1804 Socrates
1798 1747 2046 1801 interro-

401 1847 515 1910 get,
533 1840 667 1910 jure
689 1839 962 1895 accidens
986 1840 1399 1911 respondetur,
1433 1837 1490 1892 id
1513 1841 1602 1892 est
1625 1840 1729 1890 aut
1760 1834 1922 1889 sedet
1949 1837 2050 1887 aut

401 1928 561 1998 legit,
585 1932 642 1983 et
657 1932 884 1984 caetera.
907 1928 966 1983 Si
999 1928 1134 1998 quis
1165 1943 1298 1982 vero
1329 1925 1526 1998 qualis
1558 1925 1635 1980 sit
1664 1927 1926 1979 Socrates
1957 1921 2052 1975 in-

403 2021 679 2088 terroget,
736 2021 836 2072 aut
863 2017 1211 2084 differentia,
1247 2021 1349 2072 aut
1379 2014 1704 2087 proprium,
1751 2016 1850 2067 aut
1907 2010 2054 2066 acci-

406 2107 552 2162 dens
569 2107 1040 2177 respondebitur,
1065 2108 1119 2162 id
1136 2106 1324 2162 estvel
1339 2103 1660 2170 rationalis,
1684 2102 1770 2158 vel
1787 2101 2050 2168 risibilis,

405 2195 494 2251 vel
517 2194 734 2252 calvus.
759 2197 865 2251 Sed
892 2197 949 2251 in
975 2195 1209 2267 proprio
1231 2195 1466 2265 quidem
1491 2193 1591 2249 illa
1611 2197 1701 2248 est
1721 2193 2051 2248 observatio

408 2286 566 2357 quod
587 2285 732 2341 illud
759 2286 1060 2358 proprium
1086 2285 1197 2340 dici
1224 2288 1433 2356 potest,
1450 2284 1604 2353 quod
1628 2284 1700 2338 de
1723 2298 1840 2338 una
1861 2281 2052 2352 specie

410 2374 788 2446 praedicatur:
808 2375 1079 2430 accidens
1098 2390 1233 2429 vero
1257 2372 1371 2428 tale
1396 2377 1485 2428 est
1514 2372 1667 2442 quod
1703 2370 2051 2441 qualitatem

412 2465 685 2535 designat
707 2481 834 2535 qua:
857 2481 970 2520 non
986 2463 1379 2521 substantiam
1395 2459 2054 2533 significat.Differentia

407 2569 543 2608 vero
565 2553 701 2608 talis
721 2557 828 2622 est,
853 2571 980 2620 quae
999 2553 1363 2608 subtantiam
1396 2552 1776 2618 demonstret,
1811 2549 2057 2604 interro—

410 2642 566 2713 ganti
599 2643 781 2714 igitur
810 2643 1003 2713 qualis
1029 2658 1395 2714 unaquaque
1426 2658 1519 2696 res
1549 2640 1646 2708 sit,
1681 2639 1731 2694 si
1779 2642 2054 2694 volumus

413 2732 652 2788 reddere
665 2733 1008 2788 substantiae
1022 2731 1366 2802 qualitatem
1383 2729 1767 2786 differentiam
1785 2728 2060 2800 praedica-

416 2824 709 2888 mus.Qua
732 2821 1058 2877 differentia
1077 2838 1382 2892 nunquam
1399 2821 1469 2875 de
1491 2837 1607 2874 una
1623 2823 1846 2874 tantum
1863 2817 2058 2890 specie

416 2911 789 2982 praedicatur,
807 2914 871 2965 ut
893 2910 1136 2967 mortale
1153 2911 1239 2965 vel
1255 2908 1664 2977 rationale,sed
1681 2910 1749 2963 de
1763 2907 2056 2980 pluribus.

417 2999 578 3064 Quod
603 3001 785 3071 igitur
802 3001 872 3056 de
894 2999 1167 3073 pluribus
1192 3000 1497 3071 speciebus
1521 2999 1671 3054 inter
1691 3015 1753 3054 se
1784 2998 2058 3053 differen-

417 3093 574 3148 tibus
591 3092 937 3163 prasdicatur
956 3093 1028 3147 ad
1047 3109 1173 3148 eam
1195 3091 1861 3164 interrogationem,quas
1885 3087 2057 3159 quale

417 3183 496 3238 sit
516 3183 573 3236 id
592 3145 666 3236 de
689 3197 804 3250 quo
827 3183 1112 3250 qureritur
1133 3145 1476 3252 interrogdl,
1504 3145 1572 3237 ea
1593 3145 1682 3236 est
1705 3145 2054 3248 differentia,
2087 3145 2130 3213 ο

416 3269 771 3340 cujustalem
789 3270 985 3338 posuit
1001 3269 1782 3325 diffinitioneszifferentia
1799 3274 1887 3324 est
1904 3269 2060 3340 quod

420 3359 492 3415 de
538 3357 809 3430 pluribus
839 3357 1034 3429 specie
1060 3358 1473 3413 differentibus
1505 3359 1563 3412 in
1596 3373 1662 3412 eo
1693 3359 1850 3428 quod
1892 3357 2063 3428 quale

352 3470 356 3474 ’
420 3447 562 3521 quid
586 3448 660 3504 sit
692 3448 1065 3520 prcdicatur;
1100 3448 1272 3518 cujus
1304 3447 1671 3503 diffinitionis
1701 3463 1938 3502 causam
1971 3463 2063 3501 ra-

422 3540 764 3610 tionemque
794 3541 1156 3610 pertractans
1189 3539 1271 3592 ait
1301 3553 1316 3592 :

495 3629 674 3684 Rebus
703 3629 855 3683 enim
879 3643 948 3684 ea:
967 3627 1206 3682 materia
1217 3632 1272 3680 et
1288 3638 1463 3696 [arma
1482 3627 1873 3696 constantibus,
1893 3626 1975 3681 vel
1995 3626 2066 3680 ad

421 3717 848 3774 similitudinem
864 3716 1313 3788 proportionemq
1323 3734 1388 3770 ue
1401 3718 1656 3773 materia:
1670 3720 1721 3771 et
1734 3719 1932 3788 formae
1946 3732 2069 3772 con-

421 3807 763 3863 stitutionem
776 3805 1129 3873 habentibus,
1144 3806 1603 3878 quemadmodum
1615 3809 1795 3861 statua
1813 3823 1882 3861 ea:
1898 3810 2072 3860 male-

423 3898 512 3951 ria
543 3895 764 3966 quidem
791 3899 869 3950 est
899 3912 1067 3961 aerea,
1096 3899 1278 3966 forma
1296 3900 1477 3951 autem
1496 3895 1710 3965 ﬁgura:
1735 3897 1818 3950 sic
1836 3903 1889 3950 et
1909 3896 2067 3951 homo

422 3987 727 4042 communis
746 3988 796 4041 et
811 3987 1090 4056 specialis,
1114 4002 1183 4041 ea:
1201 3987 1439 4040 materia
1456 3986 1674 4057 quidem
1694 3988 2072 4058 proportiona-

427 4076 558 4134 liter
585 4076 846 4135 consistit
875 4093 1112 4148 genere:
1145 4093 1215 4132 ea:
1238 4077 1426 4149 forma
1447 4082 1631 4134 autem
1647 4077 2071 4148 differentiam-

431 4177 544 4225 tum
567 4181 754 4226 autem
781 4171 880 4226 hoc
910 4170 1124 4225 animal
1156 4169 1437 4225 rationale
1466 4169 1719 4240 mortale,
1771 4170 1926 4224 homo
1973 4175 2068 4236 est,

430 4260 885 4332 quemadmodum
911 4263 1117 4316 statua.

501 4349 654 4406 Dixit
684 4350 956 4420 superius
982 4349 1343 4407 differentias
1372 4365 1502 4406 esse
1523 4365 1650 4420 quas
1685 4350 1744 4405 in
1793 4349 2073 4421 qualitate

430 4442 645 4514 speciei
685 4441 1142 4512 praedicerentur
1161 4458 1174 4497 :
1201 4457 1354 4496 nunc
1375 4445 1562 4496 autem
1579 4456 1785 4497 causas
1807 4440 2072 4512 exsequi-

2151 489 2430 544 nifestum
2457 492 2546 543 est
2565 505 2631 543 ex
2652 487 2894 543 materia
2909 486 3209 556 formaque
3225 503 3290 540 su
3303 485 3641 539 bsisterezea
3658 500 3793 539 vero

2150 595 2276 648 qua
2308 581 2447 632 sunt
2476 577 2886 648 incorporalia,
2921 577 2990 630 ad
3033 573 3482 630 similitudinem
3540 573 3792 627 materia:

2150 673 2323 738 atque
2347 667 2542 721 forma:
2567 665 2786 720 habent
2815 665 3216 736 superpositas
3249 663 3472 734 priores
3503 662 3792 733 antiquio-

2150 771 2356 826 resque
2371 760 2981 824 naturas,superquas
2997 753 3335 808 differentias
3353 751 3652 808 venientes
3678 752 3798 807 effi-

2148 844 2748 915 ciuntaliquid,quod
2774 845 2977 899 eodem
3011 844 3183 899 modo
3217 845 3370 898 sicut
3403 860 3637 913 corpus,
3673 846 3797 897 tan-

2149 951 2326 1006 quam
2350 953 2418 991 ex
2435 935 2683 990 materia
2703 950 2769 990 ac
2798 935 2983 1005 figura
3006 934 3334 989 consistere
3355 933 3712 1002 videatur,ut
3734 932 3794 987 in

2151 1040 2359 1096 genere
2379 1041 2444 1079 ac
2458 1021 3461 1094 specie,additisgeneridifferentiis
3475 1023 3677 1078 effecta
3688 1025 3796 1077 est.

2151 1113 2225 1169 Ut
2253 1113 2434 1185 igitur
2456 1117 2545 1169 est
2575 1113 2631 1166 in
2663 1111 2905 1168 Achillis
2935 1115 3150 1178 statua,
3171 1128 3247 1166 ass
3278 1111 3516 1181 quidem
3549 1110 3796 1167 materia

2152 1203 2456 1274 est,f‘orma
2476 1218 2611 1257 vero
2643 1200 2889 1255 Achillis
2913 1199 3188 1272 qualitas,
3208 1204 3264 1255 et
3290 1200 3556 1270 quaedam
3589 1200 3801 1270 figura,

2151 1310 2216 1350 ex
2245 1289 2726 1363 quibusefficitur
2742 1289 2986 1344 Achillis
3003 1292 3218 1354 statua,
3238 1305 3364 1359 quae
3384 1288 3649 1358 subjecta
3665 1304 3793 1344 sen-

2152 1383 2317 1439 sibus
2349 1380 2579 1452 capitur
2611 1396 2624 1434 :
2654 1379 2742 1434 Ita
2771 1378 2945 1434 etiam
2979 1377 3038 1432 in
3073 1377 3266 1449 specie
3298 1394 3424 1448 quae
3470 1381 3560 1433 est
3597 1377 3796 1447 homo,

2153 1471 2400 1526 materia
2421 1468 2657 1540 quidem
2686 1467 2816 1537 ejus
2838 1483 3024 1538 genus
3047 1470 3135 1521 est
3155 1467 3310 1536 quod
3333 1471 3422 1521 est
3443 1465 3678 1533 animal,
3703 1466 3800 1521 cui

2156 1558 2576 1633 superveniens
2600 1556 2859 1628 qualitas
2873 1554 3801 1623 rationalis,animalrationale,id

2157 1655 2246 1706 est
2267 1667 2329 1721 sp
2344 1648 2523 1704 eciem
2550 1645 2901 1718 facit.Igitur
2921 1644 3134 1716 speciei
3160 1645 3403 1700 materia
3427 1645 3690 1715 quaedam
3714 1648 3806 1700 est

2079 1776 2126 1840 Β
2158 1756 2366 1813 genus:
2399 1739 2585 1794 forma
2605 1737 2935 1808 vero,quasi
2960 1735 3261 1806 qualitatis
3284 1734 3802 1801 differentia.Quod

2158 1835 2248 1886 est
2272 1830 2448 1900 igitur
2478 1829 2536 1882 in
2571 1831 2762 1883 statua
2783 1826 2996 1894 ais,boc
3021 1829 3109 1880 est
3131 1825 3188 1879 in
3211 1825 3404 1896 specie
3431 1823 3801 1896 genuszquod

2156 1918 2218 1974 in
2247 1921 2442 1973 statua
2465 1916 2655 1986 ﬁgura
2676 1912 3134 1982 conformans,id
3159 1912 3216 1966 in
3237 1912 3429 1984 specie
3451 1911 3803 1967 differentia.

2160 2007 2322 2073 Quod
2359 2006 2416 2060 in
2440 2008 2632 2060 statua
2662 2007 2750 2060 est
2767 2004 2896 2075 ipsa
2911 2006 3261 2072 statua,quas
3284 2018 3352 2056 ex
3370 2018 3480 2056 mre
3497 2002 3800 2073 figuraque

2161 2097 2582 2161 conformatur,
2615 2093 2672 2148 id
2707 2093 2764 2148 in
2798 2091 2990 2163 specie
3021 2095 3108 2147 est
3138 2091 3267 2163 ipsa
3292 2091 3534 2162 species,
3567 2107 3693 2161 quae
3733 2105 3803 2144 ex

2162 2200 2370 2256 genere
2397 2182 2844 2253 differentiaque
2875 2180 3446 2252 conjungiturﬂuod
3480 2180 3528 2235 si
3561 2179 3808 2235 materia

2163 2275 2430 2344 quietiam
2463 2272 2674 2344 speciei
2707 2287 2889 2342 genus
2910 2269 3214 2338 est,forma
3236 2273 3430 2325 autem
3453 2268 3806 2327 differentia:

2163 2364 2357 2418 omnis
2381 2378 2513 2418 vero
2531 2363 2714 2416 forma
2736 2359 2988 2431 qualitas
3007 2360 3252 2431 est,jure
3267 2358 3460 2414 omnis
3474 2357 3808 2413 differentia

2163 2453 2418 2524 qualitas
2430 2451 2923 2524 appellatur.Quze
2939 2466 3069 2505 cum
3092 2449 3173 2504 ita
3196 2449 3471 2518 sint,jure
3493 2449 3552 2504 in
3570 2464 3636 2504 eo
3654 2448 3812 2520 quod

2165 2543 2337 2612 quale
2369 2543 2448 2598 sit
2476 2540 2977 2612 interrogantibus
3009 2540 3415 2611 respondetur.

2238 2651 2567 2706 Describunt
2623 2658 2810 2704 autem
2865 2646 3182 2714 huiusmodi
3233 2646 3596 2718 differentias,
3637 2644 3818 2701 ethoc

2164 2740 2320 2796 modo
2347 2756 2359 2794 :
2387 2741 2708 2811 Diﬂerentia
2737 2745 2817 2794 est
2845 2737 2986 2810 quod
3015 2747 3096 2792 est
3125 2741 3318 2808 aptum
3347 2740 3539 2792 natum
3568 2735 3819 2791 dividere

2164 2845 2230 2884 ea
2251 2845 2370 2899 qua
2399 2829 2498 2882 sub
2526 2828 2714 2882 eodem
2740 2842 2938 2897 genere
2954 2829 3082 2880 sunt
3104 2843 3123 2879 :
3152 2825 3428 2880 rationale
3473 2825 3626 2879 enim
3647 2827 3696 2878 et
3728 2824 3817 2879 ir-

2167 2917 2462 2985 rationale,
2493 2917 2768 2972 hominem
2796 2924 2852 2971 et
2881 2932 3086 2986 equum
3117 2930 3242 2986 quae
3269 2915 3372 2970 sub
3405 2913 3590 2969 eodem
3626 2929 3826 2984 genere

2167 3013 2296 3062 sunt
2325 3007 2568 3062 animali
2594 3005 2870 3061 dividunt.

2242 3097 2372 3151 Haac
2393 3097 2630 3167 quidem
2663 3094 2935 3150 diffinitio
2959 3110 3090 3149 cum
3111 3093 3188 3150 sit
3207 3093 3426 3149 usitata
3447 3096 3503 3148 et
3526 3096 3659 3148 ante
3686 3109 3823 3148 ocu-

2169 3186 2256 3241 los
2276 3186 2576 3256 exposita:
2612 3201 2737 3239 eam
2759 3189 2959 3239 tamen
2983 3183 3230 3254 exempli
3257 3185 3499 3254 insuper
3516 3182 3645 3237 luce
3669 3197 3827 3236 rese-

2171 3275 2342 3331 ravit.
2377 3275 2593 3330 Omnes
2622 3273 2780 3329 enim
2819 3272 3159 3329 differentia;
3209 3272 3427 3328 idcirco
3477 3270 3820 3326 differentiae

2171 3363 2757 3435 nuncupantur,quia
2783 3363 3006 3435 species
3029 3380 3062 3417 a
3079 3379 3140 3417 se
3158 3361 3390 3418 differre
3416 3361 3820 3430 faciunt,quas

2173 3469 2356 3507 unum
2376 3469 2562 3523 genus
2579 3452 2848 3518 includit,
2872 3456 2937 3506 ut
2958 3451 3133 3506 homo
3158 3454 3333 3522 atque
3355 3467 3544 3521 equus
3566 3449 3821 3521 propriis

2173 3541 2512 3611 discrepant
2542 3540 3054 3595 differentiisznam
3089 3540 3244 3595 sicut
3272 3539 3447 3596 homo
3466 3537 3686 3595 animal
3711 3541 3822 3606 est,

2173 3631 2254 3686 ita
2283 3631 2462 3686 etiam
2491 3647 2700 3699 equus,
2728 3646 2864 3701 ergo
2897 3630 3218 3684 secundum
3253 3645 3438 3701 genus
3464 3628 3626 3684 nullo
3649 3627 3828 3684 modo

2176 3720 2419 3775 distant.
2435 3719 2568 3783 Quae
2586 3718 2766 3787 igitur
2782 3719 3106 3774 secundum
3131 3735 3314 3789 genus
3337 3718 3497 3774 nullo
3517 3718 3688 3773 modo
3711 3716 3834 3772 dis-

2177 3811 2438 3880 crepant,
2454 3824 2522 3863 ea
2538 3807 2881 3864 differentiis
2904 3807 3646 3864 distribuuntur.Additum
3668 3806 3830 3862 enim

2178 3897 2462 3956 rationale
2493 3898 2732 3969 quidem
2765 3897 3013 3964 homini,
3076 3896 3414 3953 irrationale
3472 3912 3606 3952 vero
3656 3911 3836 3966 equo,

2178 4005 2368 4060 equus
2395 3991 2568 4058 atque
2600 3988 2774 4043 homo
2806 4004 2935 4058 qua:
2967 3987 3077 4042 sub
3113 3988 3318 4042 eodem
3344 3988 3579 4042 fuerant
3599 4001 3837 4057 genere.

2180 4077 2625 4133 distribuuntur
2653 4081 2710 4132 et
2739 4077 3096 4148 discrepant,
3121 4075 3337 4132 additis
3385 4075 3611 4132 scilicet
3656 4075 3833 4130 diffe-

2182 4166 2408 4223 rentiis.

2252 4256 2549 4325 Assignant
2576 4256 2753 4311 etiam
2785 4255 2882 4311 hoc
2911 4254 3434 4326 modozdiﬂerentia
3462 4260 3561 4322 est,
3594 4269 3704 4325 qua
3720 4252 3839 4322 dif-

2181 4348 2374 4416 ferunt
2400 4361 2433 4399 a
2461 4361 2517 4400 se
2535 4344 2783 4416 singula,
2812 4360 3056 4418 namque
3083 4353 3134 4400 et
3163 4344 3318 4400 homo
3347 4360 3519 4415 equus
3533 4342 3841 4399 secundum

2183 4451 2355 4504 genus
2375 4451 2484 4491 non
2501 4435 2785 4506 differunt.
2815 4436 3019 4490 Sumus
3040 4434 3190 4490 enim
3209 4433 3489 4490 animalia
3509 4449 3608 4489 nos
3629 4441 3680 4489 et
3695 4432 3848 4488 irra-

430 4537 657 4604 tur,cur
677 4530 890 4604 speciei
910 4530 1161 4602 qualitas
1179 4531 1506 4586 differentia
1522 4531 1619 4586 sit:
1636 4531 1852 4588 Omnes
1869 4532 2076 4602 inquit,
2110 4527 2155 4590 D
2187 4525 2502 4596 tionabilia,
2521 4525 2610 4580 sed
2621 4525 2879 4580 additum
2893 4525 3169 4580 rationale
3189 4523 3469 4595 disjunxit
3489 4539 3588 4578 nos
3607 4524 3673 4578 ab
3695 4523 3840 4578 illis:

432 4640 525 4678 res
545 4622 635 4679 vel
657 4638 726 4678 ex
743 4622 987 4678 materia
1013 4622 1310 4692 formaque
1333 4620 1683 4689 consistunt,
1706 4621 1793 4676 vel
1817 4622 1888 4677 ad
1913 4621 2075 4676 simi-

431 4712 742 4768 litudinem
755 4711 1016 4767 materiae
1031 4714 1204 4781 atque
1217 4710 1415 4765 formae
1430 4710 1819 4766 substantiam
1832 4711 2082 4766 sortiun-

434 4805 549 4857 tur.
574 4803 654 4858 Ex
675 4801 921 4858 materia
943 4801 1178 4872 quidem
1205 4800 1506 4870 formaque
1528 4799 1860 4855 subsistunt
1882 4801 2078 4856 omnia

436 4907 798 4963 quaecunque
813 4895 951 4947 sunt
969 4891 1312 4962 corporalia.
1335 4890 1459 4946 Nisi
1474 4890 1628 4945 enim
1649 4890 1726 4944 sit
1745 4891 2077 4962 subjectum

435 5000 647 5054 corpus
685 4983 840 5053 quod
874 4981 1155 5052 suscipiat
1187 4981 1458 5046 formam,
1487 4980 1632 5035 nihil
1665 4979 1906 5037 omnino
1949 4997 2078 5037 esse

435 5076 644 5144 potest.
665 5073 726 5128 Si
755 5071 910 5128 enim
943 5071 1168 5142 lapides
1201 5085 1316 5124 non
1349 5069 1601 5124 fuissent
1630 5069 1955 5136 tanti,mori
1988 5087 2083 5142 pa-

436 5163 729 5235 rietesque
754 5179 870 5218 non
891 5160 1174 5218 essent.Si
1197 5159 1422 5230 lignum
1447 5177 1561 5214 non
1587 5161 1815 5227 fuisset,
1839 5161 2079 5217 omnino

435 5269 542 5308 nec
582 5267 787 5308 mensa
818 5251 1075 5323 quidem,
1117 5265 1236 5322 quae
1262 5265 1330 5304 ex
1358 5248 1501 5320 ligni
1533 5251 1777 5306 materia
1807 5255 1917 5317 est,
1951 5265 2080 5306 esse

439 5339 1253 5415 potuisset.lgitursupposita
1265 5338 1508 5394 materia
1521 5356 1586 5394 ac
1600 5342 1945 5411 praajacente
1957 5357 2086 5397 cum

438 5433 630 5506 ipsam
662 5433 852 5504 ﬁgura
879 5430 1377 5503 supervenerit,fit
1408 5429 1680 5500 quaelibet
1710 5429 1810 5486 illa
1841 5446 1933 5486 res
1963 5447 2084 5488 cor-

440 5540 614 5595 porea
643 5539 712 5579 ex
741 5522 985 5578 materia
1015 5521 1316 5590 formaque
1351 5519 1717 5576 subsistens:
1752 5524 1814 5574 ut
1847 5520 2084 5577 Achillis

441 5619 639 5676 statua
667 5631 736 5674 ex
766 5613 895 5672 saris
923 5611 1188 5683 materia,
1218 5613 1275 5665 et
1303 5625 1371 5666 ex
1404 5607 1594 5680 ipsius
1617 5608 1859 5668 Achillis
1895 5610 2087 5684 ﬁgura

2183 4616 2490 4671 rationales
2517 4631 2727 4686 quoque
2753 4630 2947 4670 sumus
2976 4617 3029 4668 et
3058 4629 3156 4669 nos
3178 4617 3227 4668 et
3256 4613 3360 4684 dii,
3381 4613 3473 4669 sed
3493 4613 3725 4668 mortale
3742 4627 3848 4683 ap-

2181 4707 2423 4777 positum
2443 4705 2716 4775 disjunxit
2743 4720 2840 4760 nos
2865 4703 2931 4758 ab
2965 4702 3100 4758 illis.

2256 4812 2480 4868 Vitiosa
2499 4813 2720 4868 ratione
2741 4815 2797 4867 et
2824 4828 2934 4867 non
2960 4828 3108 4867 sana
3134 4811 3289 4881 quod
3309 4810 3432 4866 vult
3458 4799 3706 4881 explicat
3730 4809 3845 4866 dif-

2189 4901 2372 4957 flnilio
2409 4900 2892 4972 quorumdam.ld
2915 4899 3073 4955 enim
3103 4899 3247 4954 dicit
3271 4915 3397 4956 esse
3420 4897 3842 4968 differentiam,

2189 5007 2306 5061 qua
2338 5007 2708 5062 unaquaeque
2739 5007 2831 5046 res
2865 4990 2936 5045 ab
2966 4988 3082 5044 alia
3106 4989 3303 5056 distat,
3337 4989 3395 5043 in
3448 5005 3565 5060 qua
3611 4988 3840 5042 diffini-

2188 5080 2346 5134 tione
2377 5079 2522 5134 nihil
2552 5080 2797 5135 interest
2828 5080 2982 5149 quod
3012 5077 3093 5133 ita
3123 5077 3368 5141 dixit,an
3401 5078 3477 5130 ita
3499 5077 3842 5132 concludat:

2189 5168 2526 5224 Differentia
2557 5173 2646 5224 est
2675 5168 2731 5222 id
2767 5169 2920 5239 quod
2954 5181 3040 5222 est
3070 5167 3198 5238 ipsa
3238 5166 3586 5235 differentia;
3619 5167 3841 5222 etenim

2189 5255 2529 5313 differentiae
2564 5257 2800 5313 nomine
2831 5256 2890 5311 in
2923 5256 3187 5326 ejusdem
3213 5255 3550 5311 differenlize
3576 5272 3720 5312 usus
3751 5258 3846 5310 est

2191 5345 2545 5402 diffinitione
2576 5344 3143 5401 dicenszDifferentia
3173 5348 3261 5399 est
3282 5361 3397 5414 qua
3420 5343 3697 5399 differunt
3721 5361 3754 5398 a
3778 5358 3843 5398 se

2193 5435 2621 5508 singula.Quod
2647 5436 2696 5491 si
2717 5436 2911 5492 adhuc
2932 5433 3262 5490 differentia
3280 5433 3677 5501 nescitur,nisi
3693 5433 3849 5488 diffi-

2193 5524 2414 5580 nitione
2445 5525 2747 5592 clarescat,
2779 5525 3011 5581 differre
3031 5539 3265 5596 quoque
3287 5522 3423 5594 quid
3447 5522 3523 5578 sit
3543 5522 3842 5594 quomodo

2193 5629 2511 5688 possumus
2541 5613 2868 5688 agnosere?
2895 5614 2978 5671 ita
3007 5611 3156 5670 nihil
3214 5610 3470 5687 amplius
3509 5610 3707 5669 attulit
3764 5610 3842 5668 ad
