4126 6180
343 297 449 355 129

1243 298 1321 355 IN
1357 296 1836 353 PORPEYRIUM
1872 294 2559 355 COMMENTARIOBUM
2598 303 2731 358 LIB.
2775 306 2868 358 IV.

3657 311 3759 367 130

339 423 733 498 agnitionem,
759 423 1210 495 quidilferentize
1230 421 1542 478 nominein
1564 421 1829 492 ejusdem
1855 435 1999 474 usus
2029 423 2082 490 Α
2111 421 2251 490 quid
2286 422 2654 480 difﬁnitionis
2707 445 2841 499 pars
2883 429 3074 498 fuerit,
3125 432 3254 503 ejus
3281 433 3391 490 erit
3451 451 3587 506 pars
3639 453 3762 506 quis

353 519 446 570 est
492 513 867 569 diffinitione.
915 518 1011 567 Est
1031 518 1224 568 autem
1271 513 1604 567 communis
1637 516 1692 567 et
1714 527 1861 582 vaga
1901 525 2006 564 nec

343 603 660 658 includens
703 603 1124 657 substantiales
1174 602 1663 671 differentias,sed
1714 599 2008 672 quaslibet

349 693 530 748 etiam
547 691 940 746 accidentales
972 691 1079 745 hoc
1097 695 1268 746 modo
1285 709 1297 746 :
1317 690 1652 745 Differentia
1664 695 1752 744 est
1771 705 1885 760 qua
1900 704 2007 742 ase

355 779 904 851 differuntsingula;
920 797 1050 850 quae
1063 779 1214 835 enim
1232 796 1442 850 genere
1458 779 1834 843 sunteadem,
1850 776 2009 831 diffe-

357 869 548 925 rentia
576 869 945 940 discrepant:
977 874 1041 923 ut
1074 885 1203 923 cum
1232 869 1403 923 homo
1433 875 1605 939 atque
1632 883 1818 938 equus
1850 866 2004 920 idem

352 960 476 1015 sint
503 959 556 1012 in
582 957 855 1012 animalis
878 973 1110 1028 genere,
1135 959 1415 1028 quoniam
1449 963 1697 1028 utraque
1712 959 1846 1010 sunt
1878 954 2005 1009 ani-

347 1048 558 1114 malia,
585 1047 861 1101 differunt
892 1051 1087 1101 tamen
1124 1047 1448 1101 differentia
1472 1046 1737 1101 rationali
1760 1050 1847 1099 :et
1874 1060 2004 1098 cum

344 1138 624 1207 diiatque
656 1136 926 1191 homines
951 1137 1060 1190 sub
1077 1136 1470 1190 rationalitste
1487 1135 1814 1206 sintpositi,
1848 1134 2008 1188 diffe-

340 1232 488 1281 runt
514 1230 712 1279 tamen
749 1225 1123 1280 mortalitate.
1153 1225 1510 1280 Rationabile
1543 1225 1719 1294 igitur
1752 1222 2006 1278 hominis

346 1317 417 1371 ad
442 1331 666 1385 equum
693 1315 1023 1369 differentia
1042 1321 1150 1382 est,
1173 1315 1419 1369 mortale
1440 1315 1696 1369 hominis
1712 1314 1778 1368 ad
1803 1314 2004 1383 Deum,

342 1410 526 1475 atque
558 1405 668 1458 hoc
700 1403 939 1475 quidem
992 1404 1163 1458 modo
1195 1402 1618 1458 substantiales
1668 1402 2003 1456 differentiae

341 1494 725 1565 colliguntur.
758 1494 920 1559 Quod
945 1493 992 1546 si
1017 1495 1285 1548 Socrates
1300 1493 1519 1558 sedeat,
1545 1493 1706 1546 Plato
1727 1507 1863 1546 vero
1889 1507 2006 1544 am-

343 1584 534 1653 bulet,
564 1584 676 1637 erit
699 1582 1027 1638 differentia
1042 1583 1223 1638 sessio
1243 1581 1331 1636 vel
1354 1581 1697 1647 ambulatio,
1722 1597 1846 1651 qua:
1871 1580 2004 1634 sub-

342 1672 648 1728 stantialis
663 1688 776 1728 non
792 1677 903 1726 est.
923 1671 1364 1742 Namqueistam
1382 1687 1614 1742 quoque
1629 1669 2005 1725 differentiam

341 1762 627 1817 difﬁnitio
649 1761 882 1816 videtur
909 1762 1209 1816 includere
1231 1777 1363 1815 cum
1385 1761 1545 1828 dicit,
1569 1760 1894 1814 differentia
1915 1764 2003 1814 est

2121 511 2585 585 uniuscujusque
2617 516 2694 570 rei
2728 519 2870 588 quid
2896 535 3024 575 esse
3046 521 3122 576 sit
3147 523 3428 592 designet.
3473 524 3758 582 Diffinitio

2117 605 2206 654 est
2238 601 2476 671 quidem
2511 621 2635 674 quae
2669 607 2808 676 quid
2845 625 2960 664 una
2982 627 3228 682 quaeque
3257 629 3348 668 res
3381 614 3476 681 sit,
3511 616 3766 671 ostendit

2117 705 2184 743 ac
2208 690 2447 760 profert,
2482 693 3037 768 demonstraturque
3061 701 3211 768 quod
3239 703 3555 774 unicuique
3587 705 3668 759 rei
3687 705 3766 760 sit

2117 793 2244 833 esse
2274 795 2377 849 per
2398 780 2767 839 diffinitionis
2795 787 3270 856 assignationem.
3304 791 3419 846 lllm
3441 809 3576 848 vero
3603 794 3765 850 diffe-

2117 867 2316 920 rentiae
2332 885 2457 938 qua
2479 887 2592 924 non
2608 872 2678 925 ad
2695 874 3085 930 substantiam
3102 880 3560 946 conducunt,sed
3577 884 3762 953 quod-

2117 956 2249 1009 dam
2280 959 2641 1016 extrinsecus
2659 963 2927 1018 accidens
2946 966 3214 1038 afferunt,
3239 969 3520 1039 specificze
3545 987 3658 1025 non
3680 972 3763 1026 di-

2117 1050 2349 1115 cuntur,
2368 1045 2500 1102 licet
2513 1049 2623 1104 sub
2636 1052 2836 1106 eodem
2853 1069 3062 1123 genere
3078 1057 3294 1125 positas
3309 1059 3533 1130 species
3548 1061 3768 1116 faciant

2117 1134 2443 1205 discrepare
2469 1153 2482 1190 :
2509 1146 2567 1190 ut
2591 1138 2640 1193 si
2659 1139 2790 1209 quis
2815 1139 3072 1196 hominis
3087 1148 3260 1214 atque
3281 1146 3415 1217 equi
3436 1147 3582 1203 hanc
3600 1148 3764 1204 diffe-

2117 1224 2365 1279 rentiam
2391 1225 2545 1281 dicat
2566 1233 2766 1298 aptum
2793 1247 2920 1285 esse
2943 1233 3012 1285 ad
3039 1233 3434 1304 navigandum
3459 1236 3634 1292 homo
3659 1255 3763 1293 au-

2118 1316 2235 1367 tem
2269 1319 2441 1385 aptus
2475 1321 2561 1370 est
2579 1319 2649 1371 ad
2676 1320 3098 1392 navigandum,
3121 1339 3308 1393 equus
3328 1340 3460 1380 vero
3487 1327 3760 1383 minime:

2115 1406 2172 1457 et
2208 1420 2340 1458 cum
2367 1405 2644 1477 sitequus
2669 1414 2843 1479 atque
2865 1410 3040 1465 homo
3064 1413 3175 1467 sub
3200 1414 3399 1468 eodem
3420 1431 3628 1486 genere
3643 1416 3765 1472 ani-

2115 1491 2306 1559 malis,
2323 1494 2521 1549 addita
2535 1496 2882 1567 differentia,
2900 1504 3100 1570 aptum
3119 1517 3246 1556 esse
3261 1503 3330 1557 ad
3349 1503 3736 1572 navigandum
3749 1545 3763 1572 ,

2113 1596 2331 1652 equum
2356 1583 2622 1640 distinxit
2641 1588 2710 1640 ab
2731 1587 2986 1643 homine.
3012 1591 3118 1645 Sed
3143 1597 3346 1663 aptum
3371 1610 3497 1649 esse
3515 1596 3585 1649 ad
3612 1596 3767 1650 navi-

2117 1671 2376 1739 gandum
2420 1690 2532 1727 non
2566 1679 2655 1729 est
2687 1675 3047 1749 bujusmodi,
3100 1682 3255 1750 quod
3291 1682 3478 1752 possit
3508 1682 3766 1740 hominis

2115 1759 2365 1816 formare
2399 1763 2788 1819 substantiam
2823 1766 2975 1821 sicut
3005 1769 3309 1838 rationale,
3345 1788 3474 1843 quae
3504 1777 3593 1828 est
3622 1773 3766 1828 sub-

344 1868 465 1922 qua
494 1851 780 1905 differunt
810 1867 840 1904 a
872 1866 934 1904 se
966 1849 1241 1920 singula;
1286 1850 1814 1921 quomodocunque
1845 1847 2000 1902 enim
2033 1830 2080 1894 Β
2109 1851 2402 1906 stantialis
2437 1853 2712 1922 qualitas,
2738 1856 2836 1910 sed
2866 1860 3095 1912 tantum
3121 1830 3436 1929 quamdam
3471 1863 3763 1933 quodam-

348 1941 624 1995 Socrates
649 1938 932 1993 aPlatone
956 1938 1272 1993 distiterit?
1303 1937 1462 1992 nullo
1486 1943 1678 1992 autem
1696 1937 1806 1992 alio
1831 1937 2004 1991 modo

339 2030 570 2084 distare
599 2027 796 2083 abillo
823 2028 934 2082 nisi
967 2027 1374 2082 accidentibus
1389 2032 1594 2098 potest.
1621 2028 1677 2082 Id
1715 2026 1825 2081 erit
1850 2026 2005 2081 diffe-

348 2120 544 2174 rentia
567 2119 892 2173 secundum
917 2117 1239 2187 superioris
1268 2116 1582 2171 terminum
1609 2115 2004 2183 diffinitionis,

357 2224 531 2278 quam
557 2224 676 2261 rem
703 2205 927 2262 scillcet
948 2205 1408 2261 videruntetiam
1431 2205 1489 2259 hi
1513 2204 1613 2275 qui
1635 2203 2006 2260 diffinitionis

351 2297 536 2364 hujus
564 2312 777 2368 vagum
803 2310 1297 2365 communemque
1321 2294 1495 2349 finem
1512 2294 2005 2365 reprehendentes

360 2391 530 2440 certae
563 2384 960 2440 conclusionis
991 2383 1307 2439 terminum
1343 2385 1735 2454 subjecerunt.

423 2494 666 2547 Interius
690 2495 873 2546 autem
919 2495 1328 2562 perscrutantes
1373 2491 1748 2562 differentiam
1795 2489 2004 2560 dicunt,

336 2599 451 2636 non
484 2581 769 2652 quodlibet
800 2579 1046 2635 dividens
1079 2597 1142 2636 ea
1171 2595 1296 2652 quae
1324 2580 1420 2634 sub
1446 2579 1630 2635 eodem
1654 2595 1848 2651 genere
1879 2581 2006 2633 sunt

337 2688 457 2728 esse
480 2672 889 2743 differentiam,
907 2671 1001 2726 sed
1022 2671 1161 2742 quod
1182 2670 1251 2724 ad
1267 2687 1379 2726 esse
1400 2669 1681 2736 conducit,
1701 2678 1752 2724 et
1773 2668 1912 2740 quod
1927 2671 2007 2722 est

337 2779 469 2833 pars
501 2762 647 2830 ejus,
679 2767 732 2814 et
752 2759 893 2832 quod
917 2764 994 2816 est
1011 2775 1126 2814 esse
1147 2761 1250 2815 rei.
1275 2758 1460 2830 Neque
1477 2761 1624 2814 enim
1649 2758 1788 2831 quod
1811 2760 2008 2829 aptum

341 2858 550 2906 natum
579 2858 657 2905 est
687 2851 971 2919 navigare,
1003 2851 1109 2904 erit
1140 2849 1377 2904 hominis
1406 2848 1738 2921 differentia,
1772 2849 1871 2903 etsi
1889 2863 2010 2918 pro-

337 2943 537 3012 prium
568 2939 643 2994 sit
673 2937 931 2994 hominis.
957 2939 1199 2993 Dicimus
1228 2938 1376 2993 enim
1402 2939 1735 2992 animalium
1756 2937 1873 2992 haec
1892 2936 2010 3007 qui-

342 3031 468 3084 dem
499 3038 628 3100 apta
662 3043 775 3083 esse
803 3030 874 3083 ad
903 3027 1304 3097 navigandum,
1329 3029 1428 3083 illa
1447 3044 1570 3082 vero
1592 3026 1846 3093 minime,
1869 3025 2009 3080 divi-

344 3120 536 3173 dentes
567 3119 849 3173 hominem
875 3119 942 3172 ab
969 3117 1139 3172 aliis:
1180 3119 1273 3172 sed
1296 3126 1486 3188 aptum
1517 3133 1632 3172 esse
1654 3116 1724 3171 ad
1744 3118 2008 3187 navigan-

342 3209 502 3272 dum,
533 3224 645 3262 non
675 3208 780 3263 erit
816 3207 1206 3275 completivum
1238 3208 1583 3277 substantiae,
1605 3223 1704 3261 nec
1719 3209 1840 3278 ejus
1856 3223 2007 3276 pars,

347 3299 444 3352 sed
477 3297 724 3369 aptitudo
755 3295 1009 3367 quaedam
1038 3297 1232 3351 solum.
1264 3295 1471 3351 Idcirco
1494 3295 1625 3367 quia
1642 3311 1750 3349 non
1780 3303 1855 3348 est
1877 3295 2005 3348 talis

348 3387 694 3460 differentia,
725 3389 912 3458 quales
941 3395 1066 3442 sunt
1097 3387 1429 3458 diﬂerentiee
1459 3400 1583 3458 qum
1613 3387 1883 3456 Speciﬁcw
1915 3384 2004 3439 di-

349 3486 573 3547 cuntur,
606 3485 768 3532 erunt
798 3493 924 3547 ergo
953 3476 1224 3548 speci/ica?
1264 3474 1618 3548 differentiae,
1670 3490 2005 3545 quacunque

347 3567 586 3620 alteram
614 3565 833 3635 faciunt
853 3567 1108 3636 speciem,
1131 3569 1182 3621 et
1203 3581 1537 3636 quaecunque
1559 3566 1616 3619 in
1638 3579 1697 3619 eo
1717 3563 1854 3634 quod
1877 3562 2007 3634 quid

349 3661 432 3710 est
468 3670 583 3709 esse
612 3658 696 3710 rei
723 3654 1094 3726 accipiuntur.
1127 3654 1200 3709 Ac
1219 3655 1290 3709 de
1304 3653 1636 3725 differentiis
1660 3653 1876 3724 quidem
1899 3654 2008 3707 ista

345 3744 662 3815 sufﬁciant.

417 3851 645 3904 Sensus
663 3849 1077 3922 propositionis
1098 3849 1438 3920 hujusmodi
1461 3854 1550 3905 est
1573 3867 1585 3904 :
1607 3847 1891 3913 Quoniam
1908 3865 2004 3903 su-

347 3939 553 4009 perius
577 3940 1154 3994 dixitdeterminasse
1169 3940 1453 4010 quosdam
1475 3938 1860 3994 differentiam
1881 3953 2008 3994 esse

353 4045 476 4098 qua
506 4045 540 4082 a
573 4045 634 4082 se
665 4028 897 4100 singula
927 4028 1343 4100 discreparent,
1378 4027 1458 4082 ait
1487 4029 1634 4082 alios
1665 4027 2007 4098 diligentius

358 4119 430 4172 de
466 4117 793 4172 differentia
826 4124 1279 4188 perscrutantes,
1321 4133 1435 4172 non
1483 4116 1664 4171 fuisse
1697 4117 2008 4171 arbitratos

353 4211 509 4260 recte
531 4223 662 4261 esse
683 4207 954 4278 superius
977 4207 1332 4277 propositam
1359 4205 1790 4261 diffinitionem.
1813 4205 2008 4276 Neque

356 4295 514 4348 enim
543 4294 743 4349 omnia
775 4311 1134 4365 quaecunque
1167 4295 1276 4349 sub
1321 4294 1518 4348 eodem
1563 4293 1750 4363 posita
1799 4309 2008 4365 genere

356 4383 594 4438 differre
614 4384 1189 4438 faciuntdifferentiaa
1206 4384 1274 4438 de
1293 4383 1510 4454 quibus
1529 4399 1683 4436 nunc
1701 4387 2006 4451 tractatur,

354 4472 411 4526 id
447 4480 534 4527 est
568 4473 854 4544 speciflca:
879 4473 1168 4528 nominari
1193 4478 1435 4544 queunt.
1467 4472 1665 4526 Plures
1685 4473 1840 4526 enim
1870 4477 2008 4527 sunt

2112 1939 2285 1993 modo
2309 1940 2693 2010 aptitudinem
2711 1949 3020 2013 monstrat,
3036 1950 3092 2002 et
3106 1948 3176 2001 ad
3193 1948 3524 2005 faciendum
3540 1952 3760 2023 aliquid

2115 2027 2201 2082 vel
2239 2045 2352 2082 non
2389 2030 2722 2086 faciendum
2770 2035 3295 2106 opportunitatem,
3345 2039 3558 2096 idcirco
3590 2042 3770 2113 igitur

2112 2117 2383 2186 specifica
2415 2119 2736 2176 differentia
2760 2140 2872 2178 non
2889 2123 3119 2179 dicitur.
3138 2125 3261 2190 Quo
3277 2129 3340 2182 fit
3357 2133 3421 2182 ut
3436 2146 3548 2184 non
3567 2132 3762 2188 omnis

2112 2204 2439 2263 differentia
2471 2225 2597 2280 quae
2635 2211 2745 2266 sub
2777 2212 2978 2267 eodem
3023 2230 3231 2284 genere
3261 2217 3479 2288 positas
3530 2220 3757 2290 species

2113 2295 2433 2363 distribuit,
2464 2301 2736 2370 specifica
2765 2318 2891 2356 esse
2914 2304 3126 2373 possit,
3149 2305 3248 2359 sed
3276 2322 3342 2360 ea
3367 2311 3595 2362 tantum
3629 2327 3756 2380 quae

2113 2385 2182 2438 ad
2219 2385 2606 2443 substantiam
2640 2389 2852 2460 speciei
2879 2393 3129 2461 proﬁcit,
3157 2398 3213 2448 et
3235 2411 3357 2465 quae
3391 2396 3449 2450 in
3474 2401 3636 2468 parte
3652 2399 3762 2453 dif-

2113 2472 2398 2529 finitionis
2421 2475 2724 2548 accipitur.
2747 2478 3254 2554 Concluditigitur
3274 2500 3370 2538 eas
3385 2501 3511 2540 esse
3531 2487 3758 2558 specifi-

2113 2579 2212 2618 cas
2229 2563 2583 2620 differentias
2600 2583 2722 2637 qua:
2748 2567 2959 2623 alteras
2993 2587 3025 2624 a
3059 2587 3120 2626 se
3156 2573 3377 2644 species
3410 2574 3639 2630 differre
3675 2576 3762 2631 fa-

2115 2652 2276 2707 ciunt
2291 2670 2393 2724 per
2412 2654 2723 2712 distantias
2745 2658 3197 2715 substantiales:
3225 2679 3360 2716 nam
3379 2663 3429 2719 si
3444 2663 3760 2736 unicuique

2115 2741 2172 2795 id
2205 2745 2294 2796 est
2314 2757 2462 2810 esse,
2487 2745 2879 2816 quodcunque
2902 2748 3372 2805 substantialiter
3395 2751 3571 2819 fuere,
3599 2769 3759 2822 qua-

2115 2847 2346 2902 cunque
2375 2831 2711 2887 differentia:
2743 2835 3206 2893 substantialiter
3253 2839 3493 2894 diversae
3517 2846 3674 2902 sunt,
3705 2846 3763 2896 et

2113 2918 2245 2974 illas
2278 2921 2501 2990 species
2533 2921 2974 2991 quibusadsunt
2995 2926 3152 2980 omni
3173 2927 3504 2982 substantia
3535 2929 3762 2984 faciunt

2115 3007 2257 3062 alias
2283 3025 2347 3063 ac
2366 3009 2784 3079 discrepantes,
2807 3016 2980 3082 atque
3004 3013 3088 3067 hae
3123 3015 3178 3068 in
3206 3015 3576 3071 diffinitionis
3599 3022 3760 3088 parte

2117 3102 2454 3164 sumuntur,
2488 3115 2620 3153 nam
2647 3099 2694 3153 si
2719 3100 2995 3156 difﬁnitio
3019 3102 3412 3158 substantiam
3449 3110 3762 3174 monstrat,

2039 3187 2082 3254 C
2121 3190 2176 3240 et
2205 3186 2628 3242 substantiales
2658 3187 2997 3245 differentiae
3027 3191 3251 3262 species
3275 3192 3558 3263 efficiunt,
3583 3195 3756 3250 subs-

2117 3274 2389 3330 tantiales
2419 3275 2758 3332 differentias
2791 3284 2980 3348 partes
3011 3283 3151 3335 sunt
3180 3280 3624 3340 diffinitionum.

2700 3394 2792 3449 DE
2842 3395 3169 3452 PROPRIO.

2187 3492 2485 3561 Proprium
2512 3507 2637 3547 vero
2666 3493 3082 3564 quadrifariam
3124 3495 3422 3551 dividunt:
3454 3513 3592 3552 nam
3621 3502 3673 3553 et
3702 3497 3761 3553 id

2115 3580 2256 3651 quod
2266 3581 2370 3636 soli
2384 3579 2564 3634 alicui
2583 3583 2781 3652 speciei
2791 3583 3009 3652 accidit,
3025 3592 3079 3638 et
3096 3586 3145 3638 si
3155 3600 3264 3639 non
3281 3586 3455 3650 omni,
3468 3586 3758 3658 proprium

2117 3678 2240 3724 est:
2269 3678 2325 3723 ut
2347 3668 2560 3723 homini
2587 3686 2706 3724 esse
2734 3671 3009 3726 medicum
3042 3674 3121 3727 vel
3149 3679 3506 3742 geometram.
3541 3676 3602 3728 Et
3622 3675 3764 3746 quod

2117 3759 2268 3811 omni
2287 3757 2511 3824 accidit,
2538 3767 2589 3812 et
2607 3759 2656 3812 si
2675 3775 2780 3813 non
2801 3758 2932 3827 soli,
2949 3761 3407 3832 quemadmodum
3423 3761 3634 3817 homini
3650 3777 3765 3818 esse

2119 3847 2378 3918 bipedem.
2413 3849 2477 3901 Et
2507 3848 2645 3919 quod
2673 3849 2776 3904 soli
2799 3855 2848 3904 et
2874 3853 3024 3905 omni
3042 3855 3091 3905 et
3121 3851 3442 3922 aliquando,
3470 3860 3529 3908 ut
3552 3853 3767 3908 homini

2117 3939 2180 3992 in
2212 3942 2486 3992 senectute
2506 3953 2807 3992 canescere.
2834 3940 2897 3992 Et
2915 3939 3055 4009 quod
3080 3939 3191 3994 soli
3219 3951 3268 3994 et
3291 3940 3443 3996 omni
3463 3945 3512 3996 et
3529 3957 3761 4012 semper,

2116 4026 2567 4096 quemadmodum
2583 4026 2799 4081 homini
2812 4042 2925 4081 esse
2938 4028 3150 4082 risibile
3174 4044 3186 4081 :
3208 4045 3337 4082 nam
3353 4031 3453 4082 etsi
3465 4045 3572 4084 non
3588 4029 3766 4084 rideat

2116 4131 2350 4186 semper,
2375 4123 2556 4170 tamen
2570 4114 2806 4169 risibilis
2818 4115 3042 4186 dicitur,
3056 4132 3163 4170 non
3179 4117 3319 4187 quod
3330 4133 3549 4185 semper
3559 4117 3766 4184 rideat,

2115 4205 2206 4259 sed
2239 4205 2375 4276 quod
2404 4221 2620 4274 semper
2638 4209 2800 4272 aptus
2821 4207 2984 4259 natus
3009 4204 3082 4259 sit
3109 4205 3179 4259 ad
3209 4205 3521 4271 ridendum,
3544 4207 3646 4261 hoc
3663 4223 3765 4261 au-

2119 4301 2224 4348 tem
2254 4293 2306 4348 ei
2333 4311 2543 4366 semper
2572 4294 2828 4348 naturale
2856 4298 2958 4362 est,
2991 4297 3050 4348 ut
3071 4301 3122 4349 et
3153 4309 3284 4365 equo
3315 4295 3612 4351 hinnibile.
3647 4297 3770 4350 Ηίεε

2116 4391 2303 4438 autem
2318 4384 2675 4439 nominantur
2689 4398 2811 4436 vere
2822 4383 3045 4453 propria
3055 4386 3335 4455 ,quoniam
3347 4400 3442 4438 con
3451 4393 3737 4440 vertuntur
3747 4402 3766 4438 :

2115 4472 2380 4543 quidquid
2401 4473 2549 4526 enim
2569 4475 2645 4525 est
2667 4487 2836 4540 equus
2861 4471 3142 4526 hznnibile
3161 4476 3258 4542 est,
3281 4480 3330 4527 et
3350 4473 3617 4546 quidquid
3640 4473 3765 4528 hin-

358 4577 489 4630 quee
517 4561 604 4616 ita
635 4561 906 4616 dividunt
930 4562 1153 4633 species
1178 4561 1287 4616 sub
1311 4578 1427 4616 uno
1450 4576 1660 4632 genere
1684 4561 1923 4631 positas,
1950 4565 2013 4616 ut
2041 4553 2090 4620 D
2120 4561 2313 4627 nibile,
2347 4577 2537 4632 equus.

359 4655 560 4704 tamen
577 4667 713 4705 eoru
727 4668 782 4704 m
801 4651 1193 4706 substantiam
1212 4651 1454 4705 minime
1467 4651 1824 4706 conformant
1844 4668 1855 4705 :
1878 4651 2015 4721 quia

356 4756 474 4793 non
497 4739 772 4794 videntur
793 4756 922 4794 esse
941 4739 1276 4794 differentiis
1296 4740 1600 4810 specificaa,
1625 4738 1737 4794 nisi
1762 4739 1872 4794 illa:
1894 4745 2018 4795 tan-

357 4836 479 4882 tum
515 4845 646 4899 qua
681 4829 751 4882 ad
786 4828 842 4882 id
876 4829 1026 4896 quod
1060 4834 1150 4883 est
1180 4845 1308 4883 esse
1353 4828 1684 4899 proficiunt,
1719 4829 1775 4881 id
1808 4834 1896 4883 est
1925 4829 2011 4884 his

346 4935 480 4988 qua
504 4920 564 4971 in
591 4918 1050 4972 diffinitionibus
1075 4918 1326 4987 alicujus
1351 4923 1542 4988 partes
1565 4921 1900 4988 ponuntur:
1926 4917 2011 4972 has

347 5011 555 5061 autem
581 5011 744 5071 sunt,
771 5012 833 5060 ut
855 5007 1139 5061 rationale
1159 5005 1598 5061 hominis.Nam
1615 5005 2010 5061 substantiam

347 5093 618 5148 hominis
651 5096 998 5158 conformat,
1031 5099 1087 5148 et
1120 5094 1189 5147 ad
1218 5109 1346 5149 esse
1391 5093 1649 5148 hominis
1682 5094 1930 5160 proficit.
1957 5099 2013 5150 et

352 5182 734 5238 diffinitionis
765 5184 895 5253 ejus
919 5199 1051 5254 pars
1080 5186 1205 5237 est:
1241 5199 1378 5254 ergo
1411 5181 1522 5237 nisi
1553 5183 1622 5236 ad
1658 5183 1715 5236 id
1749 5183 1902 5252 quod
1927 5189 2012 5238 est

347 5289 478 5326 esse
511 5272 812 5338 conducit,
838 5277 894 5326 et
915 5273 1042 5342 ejus
1065 5272 1218 5342 quod
1245 5278 1333 5326 est
1350 5287 1478 5326 esse
1501 5271 1579 5325 rei
1607 5287 1742 5341 pars
1765 5273 1862 5335 sit,
1884 5289 2010 5343 spe-

348 5362 521 5415 cifica
552 5360 1056 5416 differentianullo
1082 5361 1254 5416 modo
1271 5360 1841 5432 poteritnuncupari.
1859 5361 2008 5426 Quid

346 5457 433 5505 est
464 5456 665 5504 autem
689 5467 817 5505 esse
840 5451 921 5504 rei
951 5449 1094 5504 nihil
1119 5450 1276 5505 aliud
1308 5450 1419 5505 nisi
1442 5449 1739 5504 diffinitio.
1780 5449 2009 5506 Unicui-

347 5557 458 5610 que
491 5539 655 5594 enim
688 5539 767 5594 rei
799 5539 1170 5609 interrogatis
1201 5539 1342 5611 quid
1379 5544 1489 5605 est,
1522 5538 1570 5592 si
1595 5538 1896 5610 quisquod
1922 5545 2011 5595 est

349 5644 477 5685 esse
512 5633 842 5686 monstrare
858 5627 1130 5700 voluerit,
1155 5628 1568 5685 difﬁnitionem
1601 5627 1764 5685 dicit.
1792 5629 1940 5702 Ergo
1959 5631 2008 5688 si

2195 4649 2474 4720 Superius
2489 4649 2712 4704 dictum
2731 4653 2820 4704 est
2833 4650 3031 4705 omnia
3045 4650 3280 4721 propria
3292 4667 3359 4705 ex
3374 4649 3767 4706 accidentium

2123 4755 2334 4810 genere
2361 4739 2728 4794 descendere.
2756 4738 3049 4809 Quidquid
3069 4738 3224 4793 enim
3249 4739 3319 4792 de
3341 4737 3538 4810 aliquo
3560 4739 3773 4810 prsidi-

2123 4833 2286 4881 catur
2306 4831 2406 4882 aut
2427 4825 2819 4882 substantiam
2846 4826 3142 4894 informat,
3157 4831 3260 4880 aut
3277 4827 3605 4882 secundum
3629 4828 3774 4884 acci-

2122 4919 2265 4973 dens
2280 4919 2453 4973 inest.
2479 4916 2630 4971 Nihil
2649 4933 2782 4971 vero
2804 4916 3058 4986 estquod
3074 4916 3390 4986 cujuslibet
3404 4917 3484 4972 rei
3502 4917 3774 4972 substan-

2121 5007 2263 5062 tiam
2299 5010 2581 5062 monstret
2613 5005 2725 5060 nisi
2768 5021 2977 5076 genus,
3028 5021 3278 5076 specxes,
3331 5011 3389 5061 et
3421 5005 3770 5064 differentia.

2120 5097 2317 5153 Genus
2341 5095 2579 5167 quidem
2614 5099 2670 5150 et
2701 5094 3050 5161 differentia,
3084 5095 3293 5166 speciei
3330 5111 3342 5151 :
3379 5096 3602 5167 species
3633 5112 3768 5151 vero

2121 5186 2582 5240 individuorum.
2616 5183 2906 5254 Quidquid
2935 5199 3072 5254 ergo
3098 5184 3390 5255 reliquum
3414 5189 3503 5240 est
3533 5184 3589 5239 in
3623 5185 3768 5241 acci-

2121 5275 2384 5330 dentium
2404 5289 2646 5328 numero
2663 5274 2916 5345 ponitur.
2935 5273 3044 5326 Sed
3062 5273 3338 5344 quoniam
3356 5275 3483 5344 ipsa
3496 5273 3764 5328 acciden-

2121 5366 2200 5422 tia
2225 5365 2440 5420 habent
2463 5363 2613 5417 inter
2635 5379 2694 5418 se
2709 5362 2966 5433 aliquam
2990 5362 3401 5429 differentiam,
3427 5363 3640 5418 idcirco
3655 5360 3768 5416 alia

2120 5455 2354 5526 quidem
2375 5452 2629 5524 propria,
2650 5451 2764 5506 alia
2787 5452 2975 5522 priore
2993 5456 3167 5522 atque
3181 5451 3508 5522 antiquiore
3531 5449 3768 5504 nomine

2120 5543 2444 5600 accidentia
2476 5544 2913 5612 nuncupantur,
2946 5545 3002 5595 et
3050 5540 3120 5595 de
3161 5539 3563 5595 accidentibus
3595 5533 3767 5605 paulo

2118 5637 2269 5708 post.
2287 5632 2452 5688 Nunc
2467 5632 2538 5686 de
2553 5629 2808 5703 propriis
2822 5645 2948 5700 qua
2965 5627 3390 5702 quadrifariam
3406 5625 3765 5688 dividuntur,
