4126 6180
377 329 474 387 131

1658 306 1779 385 ΑΝ.
1819 328 2044 387 MANL.
2082 328 2240 385 sev.
2277 333 2513 389 BOETII

3682 347 3786 405 132

376 474 494 515 non
523 461 810 530 tanquam
833 474 1017 531 genus
1049 455 1613 547 aliquodpproprium
1661 456 1719 512 in
1766 458 2018 547 quatuor
2046 455 2102 523 Α
2132 460 2189 512 et
2218 459 2349 528 soli,
2369 464 2425 516 et
2455 477 2688 537 semper
2717 467 2902 537 adest,
2937 474 3000 526 ut
3026 488 3154 530 esse
3178 472 3619 547 risibile.Atque
3650 475 3778 534 ideo

375 549 598 620 species
616 547 794 603 dividi
822 546 1118 616 secarique
1151 545 1359 617 possit,
1392 546 1490 600 sed
1516 545 1624 601 hoc
1648 547 1799 617 quod
1825 546 1903 600 ait
1934 545 2025 600 di-

378 634 1045 705 vidunt,itaintelligend
1058 649 1152 687 um
1168 638 1256 687 est
1269 637 1551 704 tanquam
1568 634 1617 688 si
1636 634 1856 689 diceret
1870 650 2024 689 nun-

379 729 620 798 cupant,
647 725 705 779 id
727 728 816 779 est
847 724 1149 796 proprium
1169 723 1592 794 quadrifariam
1615 723 1839 790 dicunt,
1856 724 2025 793 cujus

377 813 1170 887 quadrifariaaappellationis
1204 812 1665 885 signiﬁcationes
1697 818 2023 881 enumerat,

379 910 443 961 ut
472 922 597 978 quae
629 904 704 959 sit
740 904 1097 959 conveniens
1125 908 1180 958 et
1211 920 1468 974 congrua
1510 902 1869 974 nuncupatio
1892 920 2025 975 pro-

377 992 637 1067 prietatis
655 994 943 1048 ostendat.
974 992 1126 1047 Dicit
1153 1008 1289 1065 ergo
1316 993 1469 1064 quod
1503 993 1805 1065 proprium
1833 994 2022 1065 primo

375 1081 756 1155 est,aecidens
770 1083 925 1154 quod
942 1082 1023 1137 ita
1039 1083 1135 1138 uni
1150 1083 1361 1155 speciei
1379 1083 1448 1137 ad
1459 1088 1638 1150 est,ut
1651 1088 1847 1138 tamen
1866 1082 2025 1139 nullo

375 1173 551 1228 modo
570 1176 905 1244 coaequatur
921 1172 995 1242 ei,
1015 1173 1114 1227 sed
1134 1171 1287 1227 infra
1302 1172 1591 1228 subsistat
1606 1190 1672 1229 ac
1688 1176 1940 1241 maneat,
1961 1176 2027 1227 ut

373 1262 631 1318 hominis
646 1261 857 1318 dicitur
872 1262 1165 1335 proprium
1193 1263 1406 1318 medica
1419 1280 1469 1317 m
1487 1263 1857 1330 esse,idcirco
1873 1262 2025 1333 quod

374 1351 524 1407 nulli
540 1352 878 1408 animalium
896 1352 1086 1407 inesse
1100 1352 1435 1423 potest.Nec
1449 1351 1593 1406 illud
1610 1351 1967 1407 attendendu
1980 1368 2028 1406 ω

374 1457 446 1496 an
480 1441 588 1496 hoc
621 1442 691 1496 de
726 1440 882 1496 omni
915 1440 1152 1496 homine
1175 1440 1481 1513 praedicari
1504 1441 1712 1512 possit,
1747 1441 1848 1496 sed
1880 1439 2024 1495 illud

372 1536 604 1587 tantum
629 1532 782 1604 quod
807 1532 877 1587 de
904 1529 1065 1587 nullo
1080 1530 1192 1588 alio
1208 1531 1319 1587 nisi
1337 1532 1407 1587 de
1431 1531 1792 1588 hominedici
1814 1535 2021 1603 potest,

373 1629 662 1686 medicum
685 1645 834 1686 esse.
867 1630 937 1684 Et
981 1629 1103 1685 haec
1135 1630 1369 1702 quidem
1420 1630 1773 1702 signiﬁcatio
1806 1629 2025 1702 proprii

374 1718 594 1775 dicitur
611 1735 739 1775 esse
760 1717 1134 1788 soli,etiamsi
1153 1736 1270 1775 non
1287 1719 1593 1775 omni.Soli
1613 1719 1768 1775 enim
1785 1720 2021 1791 speciei,

2130 552 2337 606 caetera
2367 552 2606 622 quidem
2638 558 2896 615 converti
2932 578 3047 617 non
3088 568 3356 634 possunt.
3392 565 3589 636 Neque
3620 566 3777 623 enim

2130 649 2468 711 coaequatur
2496 645 2646 713 quod
2681 645 2810 713 soli,
2846 649 2945 703 sed
2982 667 3093 706 non
3128 653 3286 707 omni
3320 654 3535 726 speciei
3588 656 3775 712 adest.

2130 727 2360 798 Species
2393 732 2630 803 quidem
2663 735 2733 792 de
2766 737 2889 808 ipso
2919 738 3033 794 dici
3079 747 3284 812 potest,
3316 742 3513 815 ipsum
3544 762 3676 802 vero
3710 746 3780 803 de

2131 819 2325 890 specie
2358 821 2619 881 minime.
2653 825 2762 889 Qui
2793 826 2950 883 enim
2996 830 3258 887 medicus
3289 837 3398 902 est,
3433 838 3626 906 potest
3666 836 3778 892 dici

2129 909 2323 966 homo.
2351 913 2528 968 [lomo
2546 931 2680 971 vero
2697 918 2926 988 quiest,
2942 920 3206 977 medicus
3225 923 3400 978 etiam
3415 940 3531 980 non
3547 925 3779 983 dicitur.

2130 1003 2385 1056 Rursum
2418 1005 2571 1073 quod
2605 1005 2684 1060 ita
2712 1011 2801 1061 est
2841 1006 2937 1061 alii
2982 1010 3308 1083 proprium,
3341 1017 3406 1067 ut
3435 1015 3594 1069 omni
3633 1016 3784 1071 adsit

2129 1089 2359 1145 etiamsi
2392 1108 2505 1147 non
2529 1092 2658 1164 soli,
2689 1094 2881 1167 ipsum
2905 1098 3141 1169 quidem
3163 1100 3231 1156 de
3254 1101 3445 1172 specie
3476 1103 3781 1174 praedicari

2131 1183 2343 1250 potest,
2376 1182 2599 1252 species
2632 1201 2762 1240 vero
2795 1186 2866 1241 de
2898 1203 2963 1243 eo
2998 1188 3259 1244 minime.
3287 1190 3431 1246 Nam
3455 1191 3621 1264 bipes
3647 1209 3785 1263 prae-

2131 1268 2312 1324 dicari
2348 1270 2417 1326 de
2446 1270 2684 1329 homine
2707 1280 2917 1347 potest,
2941 1276 3114 1333 homo
3137 1294 3271 1335 vero
3292 1280 3363 1335 de
3384 1280 3593 1353 bipede
3622 1282 3781 1340 nullo

2130 1359 2323 1414 modo.
2359 1360 2584 1417 Rursus
2618 1366 2770 1434 quod
2801 1366 2883 1421 ita
2912 1367 3100 1438 adest,
3133 1372 3196 1424 ut
3225 1369 3408 1437 omni,
3432 1373 3491 1425 et
3523 1370 3653 1441 soli,
3678 1373 3777 1429 sed

2131 1448 2446 1521 aliquando
2477 1452 2649 1520 adsit,
2685 1454 2961 1525 quoniam
2986 1458 3056 1513 de
3080 1463 3338 1531 tempore
3364 1459 3539 1517 habet
3559 1461 3777 1534 aliquid

2129 1539 2512 1609 diminutum,
2544 1558 2648 1598 nec
2679 1543 3028 1617 simpliciter
3058 1549 3243 1620 adest,
3278 1550 3625 1622 reciprocari
3658 1570 3773 1608 non

2128 1622 2360 1701 poterit.
2398 1631 2718 1689 Possumus
2741 1635 2896 1691 enim
2930 1637 3139 1707 dicere,
3167 1641 3361 1696 omnis
3382 1641 3482 1713 qui
3512 1643 3785 1714 pubescit

2129 1719 2304 1775 homo
2338 1726 2443 1788 est,
2481 1738 2596 1778 non
2628 1728 2820 1781 tamen
2848 1726 3130 1798 dicimus,
3154 1730 3344 1785 omnis
3368 1730 3468 1803 qui
3497 1736 3586 1787 est
3606 1731 3782 1787 homo

372 1807 604 1865 etiamsi
638 1825 754 1864 non
790 1808 949 1863 omni
983 1813 1340 1880 coaequatur,
1375 1812 1439 1863 ut
1470 1808 1694 1864 homini
1730 1808 2022 1864 medicum
2054 1833 2102 1899 Β
2133 1809 2427 1882 pubescit:
2452 1814 2810 1883 potestenim
2831 1816 3539 1889 minimeadjuventutem
3562 1820 3783 1889 venire,

374 1914 523 1967 esse,
543 1898 650 1953 soli
675 1897 913 1969 quidem
937 1896 1088 1953 inest
1104 1897 1349 1964 homini,
1372 1898 1468 1952 sed
1497 1914 1611 1953 non
1631 1896 1904 1952 omnibus
1926 1895 2026 1952 ho-

378 1987 638 2043 minibus
656 1988 726 2042 ad
744 1986 1049 2042 scientiam
1066 1986 1429 2043 adest.Aliud
1448 1987 1749 2059 proprium
1766 1993 1852 2042 est
1866 1987 2022 2059 quod

377 2078 517 2133 huic
542 2076 866 2133 econtrario
898 2076 1113 2131 dicitur
1140 2077 1297 2132 omni
1338 2080 1512 2131 etiam
1546 2093 1660 2131 non
1714 2074 1841 2145 soli,
1869 2075 2024 2147 quod

378 2165 726 2239 hujusmodi
752 2170 860 2233 est,
881 2169 1189 2221 utomnem
1206 2165 1441 2239 quidem
1458 2165 1709 2237 speciem
1731 2166 2027 2221 contineat

383 2271 629 2328 eamque
649 2255 1037 2311 transcendat.
1058 2255 1417 2326 thuoniam
1435 2254 1667 2328 quidem
1697 2254 1841 2310 nihil
1860 2259 2029 2309 estex

382 2345 667 2416 subjectis
681 2344 897 2417 speciei
910 2344 1063 2416 quod
1080 2343 1175 2399 illo
1191 2345 1419 2416 proprio
1437 2361 1550 2399 non
1566 2344 2027 2399 utaturdicimus

382 2434 851 2501 omni.Quouiam
869 2450 1004 2490 vero
1024 2434 1381 2489 transcendit
1401 2434 1457 2488 in
1474 2433 1898 2501 alias,dicimus
1913 2449 2027 2489 non

381 2525 514 2593 soli,
536 2525 645 2581 hoc
667 2524 1007 2595 hujusmodi
1031 2529 1118 2579 est
1141 2522 1312 2595 quale
1333 2522 1559 2579 homini
1578 2539 1707 2578 esse
1737 2522 2029 2595 bipedem.

377 2615 685 2689 Proprium
717 2613 873 2669 enim
914 2616 1002 2668 est
1042 2612 1298 2669 hominis
1339 2627 1467 2667 esse
1507 2612 1798 2683 bipedem.
1825 2611 2029 2669 Omnis

374 2705 529 2761 enim
553 2704 724 2759 homo
748 2702 912 2773 bipes
934 2705 1024 2757 est
1044 2701 1273 2757 etiamsi
1296 2718 1408 2756 non
1432 2700 1614 2765 solus,
1639 2718 1769 2756 aves
1789 2702 1945 2757 enim
1965 2706 2023 2757 et

374 2792 615 2865 bipedes
646 2795 805 2847 sunt.
842 2790 1097 2845 Gemina:
1121 2788 1298 2859 igitur
1320 2789 1782 2861 significationes
1807 2790 2029 2863 proprii

374 2898 502 2953 quis
518 2881 790 2953 superius
805 2878 971 2933 dictae
986 2878 1358 2934 sunthabent
1372 2877 1596 2950 aliquid
1614 2879 2031 2952 minus;prima

374 2970 612 3043 quidem
636 2969 791 3042 quod
812 2985 927 3024 non
951 2967 1133 3039 omni,
1154 2967 1414 3024 secunda
1427 2985 1557 3024 vero
1577 2969 1732 3040 quod
1755 2987 1867 3025 non
1894 2969 2031 3038 soli,

374 3087 520 3143 quas
544 3068 938 3140 sijungimus,
956 3066 1204 3123 facimus
1225 3066 1383 3122 omni
1408 3070 1464 3123 et
1487 3066 1617 3123 soli.
1636 3068 1747 3123 Sed
1774 3068 2029 3140 dempsi-

369 3175 505 3215 mus
536 3157 759 3229 aliquid
793 3156 1118 3211 secundum
1150 3161 1409 3228 tempus,
1432 3155 1481 3211 si
1502 3156 1554 3211 ei
1585 3157 1900 3227 adjiciatur
1921 3157 2022 3213 ali-

367 3247 628 3319 quando,
648 3249 712 3300 ut
728 3243 806 3299 sit
821 3243 944 3298 haec
961 3244 1132 3298 tertia
1154 3244 1372 3315 pr0prii
1392 3246 1772 3315 nuncupatio,
1789 3246 1947 3301 omni
1966 3252 2021 3302 et

368 3334 501 3403 soli,
527 3334 627 3389 sed
647 3332 984 3404 aliquando,
999 3336 1065 3387 ut
1083 3333 1247 3387 estin
1267 3337 1565 3387 senectute
1584 3349 1916 3403 canescere,
1935 3335 2023 3391 vel

366 3424 429 3481 in
446 3425 761 3495 juventute
787 3420 1104 3492 pubescere
1131 3435 1145 3476 :
1170 3420 1329 3475 omni
1351 3421 1506 3475 enim
1529 3420 1753 3476 homini
1778 3423 1939 3477 adest
1964 3424 2022 3478 in

367 3515 672 3585 juventute
687 3509 1158 3583 pubescere,etin
1175 3514 1470 3565 senectute
1486 3526 1791 3566 canescere
1804 3516 1859 3566 et
1890 3511 1995 3566 snli
2008 3553 2020 3566 .

373 3602 694 3659 Pubescere
714 3600 872 3656 enim
904 3599 1087 3655 solius
1119 3602 1207 3654 est
1233 3598 1509 3666 hominis,
1544 3600 1645 3655 sed
1680 3600 2017 3672 aliquando,

373 3706 562 3764 neque
581 3690 737 3747 enim
757 3689 817 3745 in
842 3688 1304 3760 omnitempore,
1329 3688 1429 3744 sed
1457 3688 1513 3743 in
1537 3687 1661 3745 sola
1680 3693 1912 3746 tantum
1930 3693 2024 3762 ju-

367 3784 627 3837 ventute.
653 3779 785 3833 Haec
816 3777 998 3847 igitur
1026 3776 1433 3832 determinatio
1466 3779 1684 3850 proprii
1708 3779 1765 3834 in
1800 3795 1865 3835 eo
1898 3780 2021 3851 qui-

369 3871 503 3926 dem
536 3869 690 3939 quod
716 3866 896 3933 omni,
917 3874 969 3921 et
992 3866 1104 3921 soli
1126 3866 1300 3932 inest,
1321 3867 1590 3923 absoluta
1612 3873 1720 3935 est,
1745 3870 1842 3925 sed
1871 3887 1937 3925 ex
1954 3887 2018 3926 eo

373 3957 571 4012 minus
617 3952 837 4025 aliquid
871 3952 1183 4020 contrahit,
1217 3969 1350 4008 cum
1393 3953 1643 4011 dicimus
1676 3955 2017 4028 aliquando,

371 4053 524 4124 quod
558 4052 608 4108 si
638 4051 996 4118 auferamus,
1022 4051 1084 4105 ﬁt
1108 4050 1323 4123 proprii
1345 4051 1571 4123 integra
1601 4054 1922 4125 etsimplex
1946 4054 2021 4111 si-

372 4140 672 4215 gniﬁcatio
706 4140 815 4195 hoc
846 4140 1058 4196 modo:
1092 4140 1395 4212 pr0prium
1436 4146 1525 4195 est
1563 4144 1711 4212 quod
1747 4145 1930 4212 omni,
1962 4151 2019 4200 et

371 4231 503 4299 soli,
535 4236 592 4287 et
621 4245 854 4302 semper
885 4230 1070 4299 adest,
1105 4232 1171 4285 ut
1193 4229 1415 4284 homini
1438 4230 1680 4299 risibile,
1711 4249 1861 4304 equo
1894 4234 2020 4288 hin-

370 4320 569 4376 nibile.
595 4319 799 4374 Omnis
822 4318 976 4373 enim
1003 4317 1201 4384 homo,
1221 4324 1276 4373 et
1289 4318 1447 4374 solus
1471 4320 1646 4377 homo
1666 4322 1906 4379 risibilis
1930 4330 2018 4380 est

369 4414 425 4465 et
452 4425 702 4479 semper,
737 4406 1011 4462 similiter
1040 4412 1098 4461 et
1124 4423 1312 4478 equus
1334 4407 1632 4465 hinnibile.
1651 4412 1849 4483 Neque
1873 4413 2014 4470 illud

365 4516 472 4555 nos
494 4498 613 4553 ulla
646 4496 1012 4552 dubitatione
1057 4497 1357 4567 perturbet
1396 4500 1549 4570 quod
1583 4517 1813 4570 semper
1839 4502 2013 4559 homo

363 4604 480 4644 non
513 4586 735 4642 rideat:
770 4601 887 4639 non
919 4585 1075 4639 enim
1108 4584 1295 4640 ridere
1318 4587 1618 4658 proprium
1652 4592 2008 4659 csthomini,
2046 4576 2097 4639 Π

371 4677 472 4732 sed
506 4674 750 4743 risibile,
785 4673 936 4745 quod
971 4689 1086 4727 nou
1110 4673 1167 4726 in
1197 4678 1351 4743 actu,
1372 4676 1471 4730 sed
1505 4676 1562 4731 in
1589 4685 1871 4749 potestate
1892 4698 2025 4736 con-

367 4765 566 4831 sistit;
600 4780 736 4836 ergo
769 4763 1002 4818 etiamsi
1034 4779 1147 4817 non
1181 4762 1391 4833 rideat,
1437 4766 1576 4837 quia
1606 4767 1793 4824 ridere
1821 4774 2015 4826 tamen

366 4853 573 4927 possit,
606 4853 716 4907 soli
740 4856 798 4907 et
831 4850 993 4907 omni
1026 4850 1250 4907 homini
1284 4868 1515 4923 semper
1544 4856 1749 4913 adesse
1780 4859 2017 4929 dicitur,

366 4958 423 5009 et
455 4951 872 5008 convenienter
894 4950 1192 5023 proprium
1214 4960 1608 5025 nuncupatur.
1641 4960 1786 5012 Nam
1817 4961 1864 5014 si
1886 4963 2014 5016 actu

362 5045 711 5113 separetura
725 5040 916 5112 specie
930 5041 1386 5112 potestatenulla
1400 5044 1621 5100 ratione
1634 5046 1958 5121 disjungitu
1970 5069 2015 5107 r.

361 5130 1283 5203 Quatuorigitursigniﬁcatioues
1308 5133 1525 5205 proprii
1548 5134 1711 5190 dixit.
1737 5137 1881 5195 Nam
1905 5142 2016 5211 pri-

359 5220 695 5291 maquidem
728 5225 817 5275 est
847 5220 1082 5291 quando
1099 5219 1367 5277 accidens
1397 5222 1479 5277 ita
1501 5224 1777 5295 subjectae
1800 5231 2011 5300 speciei

362 5309 549 5377 adest,
584 5313 649 5363 ut
682 5308 785 5363 soli
820 5309 873 5364 ei
906 5308 1081 5378 adsit,
1115 5310 1477 5366 etiamsinon
1500 5315 1678 5385 omni,
1710 5316 2007 5378 uthomini

360 5397 673 5454 medicina.
707 5395 977 5453 Secunda
1001 5413 1134 5452 vero
1158 5413 1289 5453 cum
1310 5399 1417 5455 soli
1433 5400 1670 5471 quidem
1692 5423 1806 5463 non
1821 5410 2005 5483 adest,

359 5486 520 5542 omni
553 5502 687 5541 vero
718 5503 949 5558 semper
970 5487 1333 5557 adjungitur,
1358 5490 1663 5548 uthomini
1695 5511 1822 5552 esse
1852 5499 2009 5571 bipe-

355 5577 511 5632 dem.
546 5575 741 5631 Tertia
772 5591 902 5631 vero
930 5592 1065 5632 curn
1094 5577 1251 5632 omni
1283 5581 1340 5634 et
1370 5578 1499 5647 soli,
1532 5581 1633 5636 sed
1666 5583 2002 5661 aliquando,

354 5668 419 5721 ut
434 5663 660 5721 homini
675 5662 733 5719 in
749 5663 1055 5736 juventute
1073 5663 1415 5733 pubescere.
1436 5669 1651 5737 Quarta
1669 5689 1803 5736 cum
1817 5679 1999 5753 omni,

2134 1905 2307 1969 atque
2322 1898 2450 1954 ideo
2472 1916 2575 1956 nec
2594 1902 3057 1977 pubescere(nisi
3075 1906 3224 1963 forte
3243 1924 3355 1964 non
3372 1909 3451 1965 sit
3467 1911 3783 1982 pubescere

2135 1987 2390 2044 hominis
2422 1990 2769 2060 proprium),
2802 1994 2903 2049 sed
2935 1994 2994 2049 in
3019 1996 3325 2067 juventute
3354 2000 3671 2070 pubescere
3696 2016 3785 2055 so-

2134 2076 2458 2135 lummodo.
2479 2081 2594 2135 Aut
2614 2082 2790 2137 etiam
2814 2099 2949 2138 cum
2974 2088 3235 2142 nondum
3265 2096 3350 2144 est
3377 2088 3779 2160 injuventute,

2136 2170 2238 2222 aut
2267 2166 2443 2223 etiam
2475 2170 2771 2240 praeteriit,
2810 2179 3003 2229 tamen
3034 2176 3175 2232 sitei
3196 2178 3497 2248 proprium
3522 2195 3636 2235 non
3664 2177 3781 2235 tale

2137 2256 2310 2328 quale
2341 2261 2479 2313 tunc
2505 2260 2625 2314 ﬁeri
2659 2265 2870 2332 potest,
2894 2281 3024 2320 cum
3059 2270 3638 2340 praaterjuventutem
3669 2275 3779 2338 est,

2138 2351 2237 2405 sed
2272 2350 2445 2421 quale
2466 2368 2598 2407 cum
2618 2353 2995 2426 injuveutute
3012 2358 3302 2429 consistit,
3321 2364 3499 2431 atque
3519 2360 3648 2416 ideo
3671 2359 3779 2417 hoc

2139 2440 2295 2510 quod
2323 2457 2439 2495 non
2464 2440 2521 2495 in
2545 2458 2716 2497 omne
2741 2448 2974 2516 tempus
2992 2449 3271 2516 tenditur,
3297 2448 3527 2504 etiamsi
3562 2449 3674 2505 tale
3697 2452 3787 2505 est

2138 2529 2294 2600 quod
2326 2529 2487 2584 omni
2518 2532 2727 2602 speciei
2747 2534 2919 2602 adsit,
2955 2538 3109 2606 quod
3134 2540 3326 2592 tamen
3350 2537 3409 2593 in
3436 2542 3665 2610 tempus
3688 2538 3788 2594 ali-

2138 2620 2286 2689 quod
2302 2620 2859 2696 ditl‘eratur,integru
2872 2643 2923 2680 m
2941 2629 3114 2699 atque
3127 2627 3462 2684 absolutum
3478 2629 3780 2703 proprium

2139 2725 2266 2764 esse
2300 2726 2415 2765 non
2448 2711 2680 2766 dicitur.
2714 2713 2996 2776 Quartum
3016 2722 3105 2771 est
3124 2717 3273 2788 quod
3308 2718 3388 2773 ita
3419 2720 3608 2785 adest,
3642 2725 3705 2775 ut
3726 2725 3787 2777 et

2140 2797 2322 2853 solam
2339 2802 2820 2871 teneatspeciem,
2838 2809 2895 2859 et
2909 2809 2973 2860 ut
2994 2806 3154 2861 omni
3187 2807 3359 2876 adsit,
3374 2813 3432 2863 et
3449 2808 3782 2865 absolutum

2140 2887 2216 2942 sit
2234 2905 2266 2942 a
2284 2889 2563 2960 temporis
2578 2892 2928 2961 conditione,
2951 2900 3015 2949 ut
3036 2895 3257 2951 risibile
3276 2899 3427 2968 quod
3448 2917 3479 2953 a
3495 2898 3786 2970 superiori

2140 2978 2465 3048 plurimum
2504 2980 2703 3051 distat,
2737 2999 2868 3037 nam
2895 2986 3046 3053 quod
3078 2985 3300 3041 risibile
3322 2992 3432 3055 est,
3463 3004 3695 3061 semper
3717 2989 3789 3044 ri-

2137 3068 2272 3122 dere
2286 3069 2730 3139 potest.Rursus
2744 3071 2844 3143 qui
2859 3074 3433 3145 potestinjuventute
3447 3079 3785 3152 pubescere,

2137 3173 2270 3211 cum
2299 3156 2729 3230 ipsajuventus
2764 3178 2876 3217 non
2910 3163 2987 3217 sit
3027 3179 3280 3236 semper,
3335 3183 3449 3221 non
3505 3168 3556 3222 ei
3593 3170 3784 3237 adest,

2133 3260 2363 3316 semper
2384 3252 2446 3301 ut
2468 3247 2525 3301 in
2541 3248 2852 3317 juventute
2869 3251 3151 3322 pubescat
3175 3270 3188 3308 :
3209 3253 3331 3309 haec
3352 3259 3547 3312 autem
3571 3264 3781 3329 quarta

2131 3336 2348 3406 proprii
2390 3337 2740 3409 signiﬁcatio
2772 3356 2952 3409 quam
2993 3340 3155 3397 nulla
3187 3344 3470 3415 temporis
3500 3346 3775 3405 diffinitio

2128 3424 2499 3497 constringit,
2524 3427 2794 3482 absoluta
2812 3434 2919 3500 est,
2939 3436 3114 3502 atque
3139 3432 3267 3487 ideo
3294 3433 3466 3491 etiam
3486 3437 3770 3492 converti-

2128 3516 2243 3579 tur,
2276 3518 2332 3568 et
2354 3515 2425 3569 de
2447 3530 2509 3569 se
2540 3515 2783 3571 invicem
2804 3520 3105 3590 proprium
3133 3525 3307 3594 atque
3330 3524 3553 3596 species
3578 3528 3780 3597 praedi-

2127 3605 2374 3657 cantur:
2408 3602 2583 3659 homo
2616 3605 2770 3660 enim
2804 3609 2993 3663 omnis
3023 3609 3266 3667 risibilis
3297 3618 3407 3685 est,
3431 3620 3486 3670 et
3514 3632 3685 3672 omne
3712 3617 3784 3672 ri-

2128 3688 2297 3746 sibile
2327 3691 2528 3748 homo.

2692 3801 2785 3859 DE
2820 3803 3215 3863 ACCIDENTI.

2195 3905 2453 3962 Accidens
2482 3911 2560 3963 est
2580 3910 2727 3980 quod
2741 3910 2892 3966 adest
2913 3917 2968 3967 et
2988 3914 3158 3984 abest,
3180 3926 3387 3987 praeter
3407 3922 3639 3991 subjecti
3657 3940 3776 3979 cor-

2124 3997 2449 4065 ruptionem.
2484 3998 2765 4053 Dividitur
2785 4010 2977 4057 autem
3000 4002 3058 4058 in
3078 4003 3200 4073 duo,
3223 4006 3283 4061 in
3305 4011 3620 4079 separabile
3643 4016 3693 4067 et
3718 4014 3775 4069 in

2125 4085 2518 4156 inseparabile.
2542 4087 2857 4157 Separabile
2876 4094 3026 4146 enim
3041 4094 3293 4151 accidens
3313 4101 3366 4152 el
3387 4099 3634 4156 dormire
3655 4120 3671 4155 :
3691 4105 3784 4158 ni-

2122 4190 2285 4242 grum
2311 4190 2432 4230 vero
2460 4191 2595 4245 esse,
2631 4178 3079 4249 inseparabiliter
3108 4199 3267 4241 corvo
3294 4195 3344 4242 et
3365 4190 3610 4261 Αἰιὴἰομί
3638 4192 3786 4248 acci-

2123 4262 2241 4318 dit:
2279 4266 2450 4334 potest
2472 4274 2654 4321 autem
2677 4268 2940 4339 intelligi,
2962 4280 3015 4326 et
3034 4288 3223 4330 corvus
3242 4276 3422 4345 albus,
3453 4283 3505 4334 et
3526 4280 3784 4354 zElhiops

2123 4357 2306 4408 nitens
2325 4354 2569 4410 candore
2579 4364 2788 4427 praeter
2803 4360 3037 4426 subiecti
3052 4367 3472 4436 corruptionem.
3494 4369 3788 4442 Difﬁnitur

2124 4450 2312 4498 autem
2341 4446 2422 4499 sic
2450 4461 2663 4517 quoque
2692 4464 2711 4501 .·
2735 4449 2989 4506 accidens
3021 4456 3098 4507 est
3128 4456 3268 4525 quod
3299 4459 3573 4529 contingit
3602 4460 3784 4518 eidem

2116 4533 2305 4605 inesse
2332 4534 2416 4588 vel
2446 4550 2553 4589 non
2587 4538 2781 4607 inesse,
2809 4544 2860 4594 et
2891 4541 3031 4611 quod
3060 4559 3231 4615 neque
3266 4562 3437 4617 genus
3466 4553 3566 4616 est,
3604 4567 3784 4621 neque

2120 4624 2340 4690 species,
2364 4640 2542 4694 neque
2562 4625 2902 4698 diﬂerentia,
2926 4646 3098 4702 neque
3117 4637 3428 4706 proprium,
3452 4654 3663 4710 semper
3684 4657 3784 4695 au-

2131 4719 2241 4765 tem
2258 4721 2336 4766 est
2355 4714 2411 4767 in
2433 4713 2667 4780 subjecto
2695 4716 3009 4774 subsistens.
3033 4724 3305 4779 Omnibus
3336 4727 3512 4796 igitur
3530 4727 3790 4784 determi-

2128 4799 2278 4889 natis
2308 4816 2434 4871 qua:
2461 4805 2736 4873 proposita
2764 4812 2892 4861 sunt
2920 4823 2933 4861 :
2967 4808 3086 4866 dico
3127 4817 3312 4868 autem
3342 4832 3558 4887 genere,
3587 4818 3785 4889 specie,

2128 4888 2461 4961 sli/ferentia,
2490 4892 2738 4963 proprio,
2771 4899 2824 4951 et
2853 4898 3154 4970 accidente,
3197 4902 3490 4961 dicendum
3534 4888 3792 4978 estquae.

2123 4979 2237 5033 sint
2269 4978 2403 5049 ipsis
2429 4984 2767 5049 communia,
2797 4988 2847 5040 et
2877 5003 3001 5057 qum
3026 4993 3282 5061 propria.

2196 5068 2504 5136 Quoniam,
2538 5075 2604 5125 ut
2633 5073 2904 5143 superius
2929 5076 3152 5134 dictum
3186 5087 3295 5149 est,
3329 5084 3527 5140 omnia
3550 5102 3678 5158 quae
3708 5088 3786 5145 de

2122 5154 2320 5226 aliquo
2342 5157 2624 5227 praedicau
2636 5165 2749 5228 tur,
2768 5163 2853 5218 vel
2870 5166 3341 5227 substantialiter
3356 5172 3440 5229 vel
3455 5154 3787 5233 accidenta-

2121 5244 2256 5301 liter
2272 5244 2569 5315 dicuntur,
2594 5265 2851 5322 cumque
2874 5271 2939 5310 ea
2954 5272 3081 5326 quae
3096 5258 3567 5321 substantialiter
3578 5267 3786 5336 praedi-

2119 5338 2351 5403 cantur,
2376 5336 2505 5405 ejus
2527 5337 2597 5393 de
2620 5355 2735 5411 quo
2758 5340 3037 5399 dicuntur
3059 5347 3453 5407 substantiam
3479 5353 3781 5411 difﬁnitio-

2118 5426 3012 5515 nemquecontineant,etsinteo
3027 5437 3777 5515 antiquioraatquemajora

2114 5511 2270 5582 quod
2286 5526 2354 5566 ex
2368 5513 2859 5606 substantialibus
2877 5524 3205 5591 priedicatis
3218 5529 3500 5587 efﬁcitur:
3518 5511 3791 5606 cumque]

2115 5615 2183 5656 ea
2204 5616 2328 5672 qua:
2349 5604 2823 5664 substantialiter
2848 5610 3125 5671 dicuntur
3140 5624 3409 5689 pereunt,
3426 5636 3664 5679 necesse
3680 5604 3773 5682 est

2117 5693 2182 5747 ut
2210 5688 2391 5749 simul
2426 5691 2600 5753 etiam
2626 5711 2696 5754 ea
2722 5688 3157 5778 interimuntur,
3190 5688 3444 5778 quorum
3476 5713 3778 5778 naturam.
